4222 6320
723 370 862 427 1107

721 491 821 547 καὶ
860 488 1182 561 ἀγύμναστα
1221 484 1366 557 ἔχειν
1410 481 1481 539 τὰ

721 586 824 657 τῆς
898 584 1077 657 ψυχῆς
1153 580 1480 654 αἰσθητήρια

720 677 823 749 τῆς
836 677 972 751 πρὸς
988 674 1120 729 Θεὸν
1134 672 1438 745 γυμνασίας
1459 686 1475 703 ⁸

722 766 870 825 οὕτω
940 766 1035 821 καὶ
1083 765 1184 837 τὴν
1229 763 1411 835 ἀρχὴν
1450 764 1481 817 ὁ

724 861 828 934 μὶν
870 857 1004 923 Θεὸς
1044 856 1266 919 δυνατὸς
1302 850 1372 927 ῆν
1405 854 1481 909 δι-

720 950 871 1006 δόναι
919 949 981 1003 τὸ
1018 947 1222 1002 τέλειον
1262 944 1343 1017 τῷ
1382 945 1480 1001 ev.

722 1038 955 1112 θρώπῳ,
1000 1034 1207 1101 ἐκεῖνος
1250 1034 1309 1090 δὲ
1355 1034 1482 1112 ἄρτι

720 1129 985 1201 γεγονὼς,
1013 1128 1270 1191 ἀδύνατος
1292 1121 1362 1205 ἧν
1387 1126 1483 1179 λα-

722 1222 839 1277 ϐεῖν
883 1221 1033 1287 αὐτὸ,
1077 1220 1112 1292 ῆ
1164 1220 1260 1277 καὶ
1300 1217 1482 1273 λαϐὼν

722 1314 992 1386 χωρῆσαι,
1027 1313 1063 1386 ῆ
1092 1313 1186 1366 καὶ
1225 1312 1482 1385 χωρήσας

724 1406 1036 1474 κατασχεῖν.
1066 1403 1177 1457 Καὶ
1204 1400 1295 1456 διά
1327 1400 1484 1456 τοῦτο

728 1491 1119 1568 συνενηπίαζεν
1172 1494 1303 1557 Υίὸς
1386 1493 1481 1547 τοῦ

723 1588 882 1653 Θεοῦ,
916 1588 1118 1652 τέλειος
1146 1585 1243 1653 ὢν,
1276 1584 1355 1657 τῷ
1386 1586 1481 1640 ἀν-

724 1679 963 1753 θρώπῳ,
1019 1680 1080 1734 οῦ
1137 1679 1205 1734 δι’
1269 1678 1481 1747 ἑαυτὸν,

725 1773 861 1829 ἀλλά
901 1772 987 1827 διὰ
1026 1772 1087 1827 τδ
1135 1770 1228 1827 τοῦ
1270 1769 1484 1843 dryope.

1499 363 1556 419 Β.
1597 360 1853 417 ωεΜιι
1890 354 2200 416 ΕΡΙΒΟΟΡΙ
2233 350 2716 413 LUGDUNENSIS
2752 349 2843 405 ET
2878 344 3235 406 MARTYBIS

3842 338 3980 399 N08

1545 490 1628 540 est
1651 496 1777 539 esca
1805 478 1989 551 vitaz);
2022 477 2097 537 illi
2120 486 2299 536 autem
2328 484 2377 541 Α
2397 475 2496 548 τὴν
2511 473 2685 528 εἰσαεὶ
2698 468 3157 543 παραμονήν.1ἰαὶ

2328 475 2496 548 Ατὴν
2511 468 3157 543 είσαεὶπαραμονήν.1ἰαὶ
3226 474 3533 534 assumant,
3584 464 3692 521 Deo
3742 462 3981 536 gratuito

1545 589 1651 632 non
1677 582 1927 645 poterant
1953 570 2205 642 accipere
2233 568 2298 625 il-

1545 664 1636 722 lud
1652 704 1670 733 ,
1720 663 1975 736 quoniam
2024 660 2297 724 inﬁrmum

1545 757 1725 815 adhuc
1785 765 1844 812 et
1914 754 2299 812 inexercitabi—

1544 852 1649 911 lem
1712 864 1931 907 sensum
1987 846 2123 921 (37)
2169 861 2298 918 erga

1547 948 1711 1004 Deum
1737 945 2168 1003 conVersationis
2196 944 2297 1000 ba-

1546 1035 1747 1092 bebant
1791 1059 1804 1094 :
1857 1035 1937 1091 sic
2007 1042 2063 1091 et
2141 1032 2299 1090 initio

1546 1131 1689 1189 Deus
1716 1132 1929 1200 quidem
1962 1139 2154 1203 potens
2188 1129 2301 1187 fuit

1547 1222 1677 1279 dare
1708 1222 2093 1293 perfectionem
2127 1219 2298 1280 homi-

1545 1317 1635 1383 ni;
1655 1314 1745 1370 ille
1767 1323 1946 1373 autem
1968 1329 2112 1370 nunc
2130 1325 2299 1382 nuper

1549 1409 1725 1467 factus
1767 1425 1873 1466 non
1917 1418 2131 1479 poterat
2166 1407 2298 1463 illud

1546 1501 1835 1572 accipere,
1887 1500 1971 1557 vel
2026 1499 2297 1571 accipiens

1547 1610 1758 1666 capere,
1790 1595 1871 1651 vel
1908 1597 2128 1665 capiens
2164 1608 2295 1650 con-

1550 1687 1745 1743 linere.
1789 1686 1855 1742 Et
1902 1697 2127 1758 propter
2194 1687 2297 1741 hoc

1547 1779 1955 1835 coinfanliatum
1979 1789 2063 1833 est
2090 1773 2295 1832 homini

2401 565 2543 622 οὕτω
2617 562 2892 636 πρωτεύει
2954 561 3050 634 μὲν
3097 559 3157 613 ἐν

2403 660 2568 714 πᾶσιν
2585 661 2614 713 ὁ
2641 657 2794 723 Θεὸς,
2819 659 2848 711 ό
2876 655 2971 711 καὶ
3000 654 3159 725 μόνος

2400 751 2693 823 ἀγέννητος
2714 788 2731 816 ,
2790 747 2886 802 καὶ
2942 743 3161 817 πρῶτος

2401 844 2639 909 πάντων,
2665 840 2760 896 καὶ
2779 836 2871 893 τοῦ
2892 832 3161 900 εἶναιτοῖς

2401 939 2536 993 πᾶσι
2606 934 2917 1007 παραίτιος·
2979 929 3048 985 τὰ
3101 928 3159 982 δὲ

2401 1027 2565 1086 λοιπά
2589 1027 2767 1087 πάντα
2808 1026 2867 1078 ὲν
2914 1020 3159 1094 ὑποταγῇ

2404 1121 2551 1193 μένει
2588 1117 2680 1172 τοῦ
2716 1115 2871 1172 Θεοῦ.
2929 1113 3165 1166 ’Υποταο

2401 1211 2474 1283 γὴ
2530 1209 2589 1264 δὲ
2638 1207 2797 1273 Θεοῦ,
2854 1203 3157 1275 ἀφθαρσία·

2402 1302 2496 1357 καὶ
2519 1298 2809 1374 παραμονὴ
2826 1295 3160 1368 ἀφθαρσίας,

2401 1394 2528 1461 δόξα
2551 1393 2863 1466 ἀγέννητος.
2894 1388 2994 1444 Διά
3026 1387 3161 1441 ταύ-

2402 1503 2567 1557 της...
2616 1485 2717 1556 τῆς
2778 1481 3016 1549 τάξεως,
3068 1481 3163 1536 καὶ

2402 1578 2511 1633 τῶν
2581 1574 2835 1634 τοιούτων
2899 1574 3120 1648 ῥυθμῶν
3145 1615 3161 1641 ,

2403 1668 2498 1725 καὶ
2520 1668 2616 1740 τῆς
2642 1666 2895 1739 τοιαύτης
2917 1666 3160 1737 ἀγωγῆς,

2402 1761 2431 1814 ό
2470 1759 2727 1833 γεννητὸς
2771 1758 2866 1813 καὶ
2921 1756 3165 1811 πεπλασ-

726 1884 830 1921 που
865 1868 1058 1938 νήπιον
1103 1864 1246 1921 οὕτω
1281 1864 1487 1936 Χωρού-
1547 1871 1659 1942 (38)
1704 1870 1937 1927 Verbum
1994 1868 2113 1934 Dei,
2172 1880 2296 1922 cum
2328 1858 2371 1914 Β

1547 1871 1659 1942 (38)
1704 1870 1937 1927 Verbum
1994 1868 2113 1934 Dei,
2172 1880 2296 1922 cum
2328 1858 2371 1914 Β
2402 1853 2561 1953 μόνος
2603 1851 2885 1953 ἄνθρωπος
2921 1851 3039 1905 κατ’
3083 1850 3161 1953 ei:

726 1976 909 2033 μενος,
926 1960 1003 2023 ὡς
1021 1958 1306 2030 ἄνθρωπος
1324 1956 1485 2011 αὐτὸν

1545 1974 1690 2018 esset
1715 1963 2009 2033 perfectus,
2037 1975 2145 2016 non
2172 1972 2303 2031 pro-

2410 1943 2542 1999 κόνα
2601 1943 2695 1997 καὶ
2757 1940 3014 2013 ὁμοίωσιν
3073 1941 3165 1997 τοῦ

725 2054 921 2122 χωρεῖν
958 2049 1207 2122 ἠδύνατο.
1250 2049 1324 2103 Οὐ
1356 2050 1483 2120 περὶ
1551 2064 1671 2127 pter
1708 2069 1790 2120 se,
1834 2054 1930 2110 sed
1956 2061 2175 2125 propter
2208 2050 2307 2103 ho-

1551 2064 1671 2127 pter
1708 2069 1790 2120 se,
1834 2054 1930 2110 sed
1956 2061 2175 2125 propter
2208 2050 2307 2103 ho—
2410 2037 2703 2108 ἀγεννήτου
2750 2036 2977 2127 γίνεται
3003 2033 3162 2089 Θεοῦ·

725 2141 816 2195 τὸν
845 2140 977 2195 Θεὸν
1012 2140 1110 2213 μὲν
1134 2140 1195 2193 τὸ
1224 2140 1482 2195 ἀδύνατον

726 2233 821 2288 καὶ
845 2231 1041 2297 ἐνδεὲς,
1077 2230 1211 2287 ἀλλά
1242 2232 1371 2303 περὶ
1392 2231 1485 2286 τὸν

726 2323 921 2379 νεωστὶ
978 2322 1236 2393 γεγονότα
1277 2320 1487 2393 ἀνθρω-

725 2434 828 2475 πον
851 2455 869 2483 ,
926 2415 1010 2469 δτι
1064 2414 1141 2488 μὴ
1194 2412 1486 2485 ἁγέννητος

723 2510 815 2588 ῆν.

1553 2146 1715 2202 minis
1767 2146 2050 2202 infantiam
2095 2144 2175 2200 sic
2213 2156 2306 2197 ca-

1556 2254 1661 2311 pax
1688 2238 1799 2310 ('59)
1833 2237 2073 2304 eliectus,
2116 2249 2307 2306 quem-

1556 2332 1847 2386 admodum
1926 2330 2089 2384 homo
2155 2326 2305 2381 illum

1559 2434 1755 2491 capere
1782 2419 1975 2490 potuit.
2002 2417 2121 2473 Non
2145 2416 2309 2487 igitur

1558 2527 1689 2583 erga
1750 2512 1916 2568 Deum
1977 2507 2308 2579 impossibile

726 2618 786 2664 et
838 2606 1124 2677 indigens,
1182 2607 1277 2661 sed
1338 2607 1482 2661 circa
1516 2620 1639 2659 eum
1690 2604 1783 2674 qui
1837 2616 1979 2658 nunc
2019 2615 2190 2671 nuper
2223 2598 2306 2655 fa-

726 2710 851 2757 ctus
875 2715 962 2756 εει
1012 2699 1213 2763 homo;
1253 2698 1507 2769 quoniam
1537 2711 1641 2753 non
1667 2694 1897 2751 infectus
1914 2703 2030 2749 erat
2063 2691 2196 2763 (40).

797 2803 851 2861 5.
865 2801 1002 2873 Περὶ
1017 2799 1108 2865 τὸν
1123 2799 1255 2855 Θεὸν
1276 2798 1386 2869 (41)
1402 2796 1485 2851 δύ-

726 2911 891 2966 ναμις
905 2891 1063 2967 ὁμοῦ,
1081 2892 1174 2945 καὶ
1191 2890 1373 2961 σοφία,
1391 2890 1487 2945 καὶ

726 2986 1015 3057 ἀγαθότης,
1032 2984 1325 3037 δείκνυται*
1339 2980 1489 3035 δύναρ

731 3096 826 3157 μις
844 3078 943 3149 μὲν
955 3065 1049 3130 καὶ
1060 3074 1331 3145 ἀγαθότης
1341 3075 1400 3128 ἐν
1409 3072 1488 3147 τῷ

726 3170 799 3227 τὰ
826 3169 1051 3243 μηδέπω
1072 3167 1203 3222 ὂντα
1224 3165 1486 3230 ἑκουσίως

728 3264 933 3329 κτίζειν
957 3279 1019 3317 τε
1043 3262 1137 3316 καὶ
1163 3263 1335 3314 ποιεῖν
1351 3275 1367 3291 ⁸
1400 3275 1487 3317 ao-

730 3360 830 3430 φία
865 3358 942 3424 δὲ,
990 3359 1050 3411 ὲν
1217 3352 1485 3432 εῦριιθμα,

729 3452 825 3504 καὶ
851 3447 1084 3523 ἐμμελῆ,
1118 3446 1213 3501 καὶ
1249 3447 1487 3514 ἐγκατα-

731 3542 1003 3598 σκεΰαστα
1020 3581 1035 3607 ,
1084 3538 1343 3610 γεγονότα
1389 3552 1487 3589 πε-

730 3631 1034 3704 ποιηκέναι.
1061 3631 1252 3685 Ἀτινα
1277 3626 1364 3681 διὰ
1385 3625 1485 3698 τὴν

734 3722 1170 3798 ὕπερόάλλουσαν
1182 3718 1343 3773 αὑτοῦ
1358 3718 1485 3787 ἀγα-

732 3816 934 3893 θάτητα
978 3812 1203 3883 αῦξησιν
1248 3808 1485 3882 προσλα-

730 3908 895 3963 ϐόντα
917 3947 933 3973 ,
1000 3906 1094 3966 καὶ
1156 3905 1248 3959 ἐπὶ
1303 3902 1487 3959 πλεῖον

729 3998 1080 4069 ἐπιμένοντα,
1097 3995 1393 4068 ἀγεννήτου
1408 3992 1487 4047 δό-

732 4090 830 4157 ξαν
880 4088 1180 4152 ἀποίσεται,
1206 4084 1301 4140 τοῦ
1352 4084 1484 4139 Θεοῦ

731 4180 981 4254 ἀφθόνως
1029 4177 1383 4258 χαριζομένου
1428 4178 1489 4231 τὸ

731 4272 916 4327 καλὸν.
956 4270 1115 4329 Κατά
1153 4270 1249 4342 μὲν
1288 4269 1351 4323 τὸ
1393 4286 1489 4339 γε-

733 4368 1047 4441 γεννῆσθαι,
1074 4367 1233 4434 αὐτὰ,
1279 4366 1380 4420 οὐκ
1420 4367 1485 4420 ἀ-

734 4462 1005 4531 γὲννηταν
1027 4458 1169 4514 κατά
1203 4458 1260 4512 δὲ
1291 4458 1353 4512 τὸ
1384 4475 1489 4512 πα-

737 4553 992 4630 ραμένειν
1052 4550 1190 4605 αὺτά
1261 4555 1489 4633 μακροῖς

736 4647 917 4713 αιῶσι,
940 4632 1165 4719 δύναμιν
1199 4647 1489 4719 ἀγεννήτου

737 4736 1105 4817 προσλήψεται
1124 4781 1139 4805 ,
1200 4736 1291 4791 τοῦ
1358 4739 1491 4794 Θεοῦ

813 4922 859 4955 ⁸⁸
890 4920 1018 4992 Sap.
1042 4936 1117 4986 vr,
1146 4922 1235 4989 l9,
1267 4922 1353 4978 ΞΟ.

1622 2795 1676 2851 5.
1724 2794 1861 2865 Erga
1912 2794 2079 2849 Deum
2124 2800 2307 2846 autem

1555 2887 1727 2941 virtus
1750 2885 1929 2952 simul,
1944 2894 1999 2939 et
2019 2883 2305 2953 sapientia,

1554 2990 1611 3033 et
1664 2977 1875 3032 bonitas
1934 2975 2242 3031 ostenditur
2289 2992 2306 3030 ι

1555 3072 1728 3127 virtus
1749 3072 1968 3141 quidem
1992 3077 2047 3125 et
2070 3069 2303 3137 bonitas,

1552 3164 1609 3219 in
1632 3176 1701 3217 eo
1722 3161 1866 3231 quod
1899 3175 1986 3226 ea,
2024 3173 2144 3229 qua:
2172 3172 2307 3213 non-

1554 3252 1683 3309 dum
1743 3260 1901 3307 erant
1919 3290 1934 3317 ,
1998 3250 2304 3306 voluntairie

1551 3343 1899 3400 ‘constituerit
1954 3350 2011 3398 et
2069 3340 2263 3398 fecerit
2287 3358 2304 3409 ;

1554 3435 1817 3506 sapientia
1881 3448 2046 3500 vero,
2120 3433 2174 3489 in
2240 3448 2307 3488 eo

1552 3530 1695 3598 quod
1736 3537 1858 3599 apta
1906 3536 1961 3585 et
2002 3542 2308 3583 consonan-

1553 3622 1628 3681 tia
1655 3622 1789 3693 (42),
1825 3635 1944 3692 quae
1990 3628 2135 3685 sunt,
2167 3618 2307 3675 fece-

1552 3714 1645 3770 rit.
1672 3712 1931 3780 Quadam
1978 3721 2157 3767 autem
2188 3727 2307 3782 pro~

1551 3816 1675 3878 pter
1719 3806 2040 3861 immensam
2069 3803 2187 3875 ejus
2212 3803 2307 3860 be-

1555 3898 1874 3969 nignitatem
1958 3904 2305 3966 augmentum

1552 3990 1892 4061 accipientis,
1916 3998 1971 4045 et
1997 3989 2052 4043 in
2080 3986 2305 4042 multum

1554 4084 1813 4153 temporis
1870 4079 2271 4153 perseverantia
2292 4118 2307 4143 ,

1556 4174 1738 4233 infecti
1772 4174 1999 4247 gloriam
2042 4171 2303 4239 referunt,

1557 4270 1668 4325 Deo
1691 4269 1811 4325 sine
1840 4268 2042 4328 invidia
2073 4267 2307 4320 donante

1557 4360 1673 4433 (4⁵5)
1694 4360 1835 4430 quod
1863 4360 2061 4415 bonum
2082 4368 2185 4413 est.
2210 4356 2309 4412 Se-

1560 4452 1792 4512 cundum
1850 4452 1995 4507 enim
2046 4451 2099 4505 id
2164 4448 2307 4519 quod

1560 4539 1702 4596 facta
1745 4551 1890 4606 sunt,
1917 4556 2022 4596 non
2061 4550 2187 4597 sunt
2226 4541 2310 4593 ln-
2345 4572 2389 4628 Β

1564 4633 1706 4689 l‘ecta
1733 4647 1751 4687 :
1777 4637 2074 4690 secundum
2104 4634 2159 4688 id
2187 4647 2314 4687 vero

836 5014 927 5074 37)
957 5014 1201 5069 Sensum.
1231 5015 1435 5069 Animae
1464 5012 1610 5073 addit
1642 5023 1823 5070 textus
1857 5015 2099 5074 Graecus.

837 5017 927 5153 5‘];
957 5017 1435 5097 Sensum.'Anim¢e
1464 5017 1610 5073 addit
1642 5023 1823 5070 textus
1857 5017 2099 5074 Graecus.
2487 5017 2598 5084 (42)
2646 5017 2660 5063 l

837 5084 905 5139 '58
953 5081 1370 5153 Comfanttatum
1396 5094 1471 5139 est
1510 5084 1733 5143 homini.
1762 5085 1819 5140 ld
1848 5097 1953 5151 est,
1976 5086 2155 5154 infans
2191 5100 2312 5139 cum
2416 5082 2660 5154 Graecus.

2489 5153 2604 5221 (45)
2635 5150 2894 5205 Donanle.
2924 5151 3000 5207 Ita
3043 5160 3191 5207 recte
3237 5150 3387 5206 solus
3418 5150 3653 5206 Clarom.
3679 5151 3786 5207 Alii
3833 5167 3983 5221 mam,

744 5154 950 5212 homine
977 5156 1178 5221 factum
1204 5163 1301 5208 est.

814 5224 929 5293 (39)
966 5223 1168 5293 Qapax.
1206 5222 1311 5278 Pro
1341 5223 1838 5292 comprehensibilis.

815 5290 931 5362 (40)
955 5290 1078 5350 Non
1112 5295 1333 5363 infraue
1374 5290 1511 5363 erat.
1555 5293 1648 5347 Sic
1688 5304 1843 5349 vetus
1890 5292 2124 5349 Feuard.
2162 5294 2312 5361 cod.,

745 5363 1007 5426 Clarom.,
1031 5362 1183 5418 Voss.
1205 5373 1256 5418 et
1284 5364 1449 5419 Grab.
1488 5362 1697 5432 Reliqui
1728 5378 2032 5433 perperam,
2067 5382 2168 5424 non
2197 5382 2313 5433 per-

747 5435 913 5503 fectus
940 5442 1076 5488 erat.
1105 5435 1308 5488 Sensus
1336 5449 1464 5489 vero
1511 5442 1617 5499 est,
1659 5434 1930 5489 hominem
1969 5435 2138 5490 solum
2172 5435 2313 5488 indi-

748 5513 955 5585 gumnet
976 5504 1349 5585 _impotentem
1388 5518 1541 5585 e_sse._
1552 5513 1740 5585 utpote
1770 5503 1875 5585 qui
1908 5518 2028 5558 cum
2063 5519 2092 5557 a
2121 5520 2309 5585 senon

750 5572 844 5635 sn,
875 5573 989 5637 ﬂeri
1018 5584 1073 5628 et
1100 5574 1324 5644 produci
1378 5574 1447 5628 ab
1494 5573 1601 5629 alio
1657 5572 1923 5641 debuerit,
1957 5590 2054 5629 nec
2085 5576 2310 5644 proinde
2415 5572 2595 5642 νήτου.

750 5644 974 5709 infectus
1001 5644 1091 5698 sit.
2077 5711 2080 5712 ν
2225 5710 2236 5712 _
2492 5639 2603 5712 (46)
2637 5638 2754 5712 Τοίί
2804 5641 2998 5712 ductu_._
3028 5640 3107 5693 Ita
3152 5639 3309 5712 juxta
3339 5638 3886 5712 GraecumuFeuard.
3931 5642 3943 5695 i

2971 5680 2983 5695 .
3029 5653 3107 5693 ιιει
3155 5653 3309 5697 ιιιιιο
3357 5653 3603 5695 ϋῐκωω
3648 5653 3886 5696 reuard.
3931 5653 3981 5697 tn

2492 5657 2603 5712 μυ)
2638 5657 2754 5694 um
2804 5657 2983 5695 auctu.
3029 5657 3107 5693 ita
3152 5657 3309 5710 )thta
3357 5657 3603 5695 uraecum
3648 5657 3886 5696 renara.
3931 5657 3980 5697 in

2424 5725 2620 5780 marg,
2658 5710 2917 5775 Clarom.,
2960 5708 3111 5765 Voss.
3142 5720 3198 5764 et
3224 5710 3389 5766 Grab.
3436 5709 3492 5765 in
3546 5709 3769 5779 reliquis
3825 5712 3980 5769 unica

750 5644 974 5709 infectus
1001 5644 1091 5698 sit.

823 5713 934 5781 (4!)
963 5715 1101 5781 Περὶ
1128 5713 1235 5767 τὸν
1265 5714 1431 5767 Θεόν.
1474 5712 1597 5767 Haec
1630 5714 1823 5769 iterum
1864 5728 1931 5767 ex
1964 5711 2171 5767 duobus
2210 5710 2319 5765 Pa-

752 5782 1056 5835 ralleloram
1104 5784 1421 5837 Damasceni
1460 5782 1590 5837 locis
1618 5783 1885 5848 descripta
1928 5782 2073 5839 dedit
2112 5782 2315 5838 Halioi-

756 5853 877 5911 aius
904 5853 961 5911 in
998 5850 1118 5911 Vita
1143 5852 1359 5923 lremri,
1389 5869 1511 5926 pag.
1543 5851 1647 5913 498
1672 5862 1726 5911 et
1748 5852 1870 5909 502.

2410 2128 2501 2185 τοῦ
2533 2130 2629 2200 μὲν
2660 2127 2869 2199 Πατρὸς
2898 2126 3171 2182 εὐδοκοῦν-

2407 2237 2500 2285 τος
2551 2218 2646 2273 καὶ
2696 2216 3027 2285 κελεύοντος,
3075 2216 3166 2271 τοῦ

2409 2312 2468 2366 δὲ
2515 2310 2645 2365 Υἱοῦ
2698 2310 3033 2382 πράσσοντος
3075 2311 3169 2365 καὶ

2410 2402 2474 2474 δη
2482 2400 2864 2474 μιονργοῦντος
2881 2442 2897 2467 ,
2961 2401 3053 2455 τοῦ
3114 2401 3169 2455 δὲ

2412 2493 2728 2563 Πνεύματος
2761 2493 3047 2563 τρέφοντος
3076 2492 3170 2547 καὶ

2410 2583 2680 2651 αὔξοντος,
2716 2583 2810 2637 τοῦ
2854 2583 2911 2636 δὲ
2957 2584 3167 2656 ἀνθρώ-

2414 2693 2514 2728 που
2541 2675 2722 2747 ἡρέμα
2747 2677 3167 2747 προκόπτοντος,

2411 2766 2507 2820 καὶ
2546 2767 2681 2839 πρὸς
2713 2768 2916 2823 τέλειον
2946 2770 3170 2840 ἀνερχο-

2415 2863 2576 2942 μένου
2604 2881 2616 2894 ·
2667 2864 2910 2919 τουτέστι
2944 2866 3171 2939 πλησίον

2410 2950 2502 3006 τοῦ
2537 2955 2830 3026 ἀγεννήτου
2861 2958 3166 3027 γινομένου.

2412 3043 2627 3109 Τέλειος
2653 3046 2761 3119 γὰρ
2788 3049 2817 3100 ό
2842 3048 3134 3120 ἀγέννητὸς
3152 3066 3165 3080 ·

2410 3127 2563 3199 οὗτος
2592 3135 2647 3189 δέ
2694 3140 2809 3191 ἐστι
2850 3137 3001 3203 Θεός.
3023 3139 3169 3193 Ἔδει

2333 3216 2380 3278 C
2409 3230 2465 3284 δὲ
2504 3230 2596 3283 τὸν
2641 3230 2923 3301 ἄνθρωπον
2954 3234 3170 3307 πρῶτον

2410 3321 2662 3391 γενέσθαι
2681 3364 2696 3388 ,
2744 3324 2839 3377 καὶ
2880 3327 3170 3397 γενόμενον

2411 3414 2663 3485 αὐξῆσαι,
2714 3415 2809 3468 καὶ
2860 3416 3169 3494 αὐξήσαντα

2410 3505 2766 3578 ἀνδρωθῆναι,
2820 3507 2916 3560 καὶ
2962 3509 3167 3582 ἀνδρω-

2412 3595 2569 3649 θέντα
2632 3596 3023 3669 πληθυνθῆναι,
3075 3602 3169 3654 καὶ

2416 3686 2783 3759 πληθυνθέντα
2844 3690 3118 3762 ἐνισχῦσαι
3148 3732 3163 3758 ,

2411 3778 2506 3831 καὶ
2531 3779 2885 3849 ἐνισχύσαψτα
2911 3780 3167 3853 δοξασθῆο

2411 3886 2518 3934 ναι,
2552 3870 2645 3923 καὶ
2681 3870 3003 3938 δοξασθέντα
3039 3872 3168 3926 ἰδεῖν

2411 3962 2499 4015 τὸν
2514 3962 2702 4016 ἑαυτοῦ
2724 3964 3016 4036 Δεσπότην.
3036 3964 3183 4030 Θεὸςι

2410 4058 2517 4129 γὰρ
2563 4060 2591 4112 ό
2649 4057 2853 4130 μέλλων
2904 4060 3161 4133 ὁρᾶσθαι·

2409 4148 2596 4221 ὅρασις
2623 4147 2678 4200 δὲ
2708 4148 2839 4201 Θεοῦ
2884 4156 3168 4221 περιποιηι.

2409 4237 2532 4310 τικὴ
2544 4238 2847 4309 ἀφθαρσίας
2865 4256 2878 4270 ·
2894 4240 3167 4312 ἀφθαρσία

2410 4330 2467 4386 δὲ
2482 4330 2646 4397 ἐγγὺς
2669 4325 2806 4384 εἶναι
2835 4333 2986 4383 ποιεῖ
3006 4329 3160 4383 Θεοῦ.

3230 558 3461 614 donante
3488 558 3568 615 eis
3593 557 3980 629 sempiternam

3228 655 3739 724 perseveratiouem.
3787 650 3855 707 Et
3898 650 3983 707 sic

3228 744 3687 816 principalitatem
3761 740 3981 814 quidem

3229 836 3448 896 habebit
3469 838 3525 894 in
3541 837 3798 895 omnibus
3817 834 3983 902 Dens,

3230 931 3483 1004 quoniam
3531 938 3583 986 et
3631 929 3780 985 solus
3818 924 3983 1000 ω

3231 1022 3504 1090 infectus,
3556 1030 3614 1078 et
3670 1020 3824 1092 prior
3866 1033 3987 1074 om-

3230 1115 3400 1181 nium,
3417 1123 3472 1171 et
3486 1112 3760 1176 omnibus,
3775 1118 3838 1165 ut
3852 1111 3987 1175 sint.

3232 1208 3351 1281 ipse
3394 1215 3478 1265 est
3516 1220 3684 1263 causa
3716 1222 3739 1267 :_
3776 1201 3986 1272 reliqua

3234 1315 3364 1357 vero
3382 1298 3559 1356 omnia
3578 1297 3633 1352 in
3651 1293 3989 1364 subiectione

3232 1399 3456 1447 manent
3522 1388 3639 1445 Dei.
3712 1386 3988 1456 Subiectio

3234 1493 3414 1539 autem
3448 1479 3574 1549 Dei,
3602 1474 3987 1546 incorruptela:

3234 1569 3637 1649 perseverantia
3662 1578 3786 1627 est:
3816 1572 3992 1622 ineor-

3234 1667 3445 1740 ruptela
3496 1675 3675 1720 autem
3700 1662 3833 1735 (ιι),
3869 1660 3989 1729 αΙοο

3234 1762 3315 1817 ria
3346 1757 3526 1816 infecti
3557 1754 3693 1828 (45).
3716 1754 3819 1808 Per
3847 1752 3993 1808 hanc

3238 1853 3402 1923 igitur
3454 1846 3855 1906 ordinationem
3872 1885 3887 1910 ,
3933 1854 3992 1899 et

3238 1941 3545 2009 huiusmodi
3654 1935 3992 1994 convenien-

3239 2039 3392 2099 tiam,
3423 2043 3478 2092 et
3524 2032 3619 2090 tali
3660 2033 3823 2087 ductu
3851 2026 3995 2099 (ιθ),

3236 2128 3411 2185 lactus
3431 2134 3485 2181 et
3511 2124 3809 2196 plasmatus
3829 2120 3993 2181 homo

3238 2219 3539 2279 secundum
3590 2213 3887 2284 imaginem
3936 2221 3994 2266 et

3238 2312 3649 2371 similitudinem
3706 2304 3996 2364 constitui-

3241 2419 3327 2463 tur
3376 2402 3560 2461 inl'ecti
3613 2400 3707 2456 Dei
3753 2416 3768 2453 :
3831 2394 3995 2453 Patre

3238 2497 3453 2568 quidem
3482 2497 3622 2550 bene
3649 2490 3922 2548 sentiente
3939 2495 3994 2543 et

3234 2592 3456 2662 iubente
3476 2586 3590 2659 (Π)
3614 2604 3627 2653 ;
3671 2583 3813 2642 Filio
3861 2593 3994 2641 vero

3240 2682 3653 2748 ministrante_et
3682 2674 3991 2742 formante;

3239 2774 3447 2845 Spiritu
3477 2786 3609 2827 vero
3638 2767 3914 2823 nutriente
3937 2771 3992 2820 et

3239 2873 3469 2934 augente
3494 2879 3509 2929 ;
3582 2858 3802 2917 homine
3864 2869 3995 2910 vero

3238 2953 3497 3028 paulatim
3552 2949 3873 3021 proliciente
3938 2952 3993 3004 et

3239 3044 3588 3118 perveniente
3666 3041 3733 3094 ad
3816 3036 3991 3109 perfe-

3238 3150 3415 3200 ctum.
3465 3134 3518 3189 id
3562 3140 3645 3188 est
3686 3128 3989 3201 proximum

3239 3230 3437 3289 infecto
3503 3223 3640 3280 ﬁeri.
3710 3218 3992 3278 Perfectus

3236 3324 3379 3379 enim
3431 3326 3515 3376 est
3560 3312 3799 3371 infectus
3842 3330 3859 3367 :
3902 3311 3990 3367 hic

3236 3422 3418 3468 autem
3475 3417 3559 3466 est
3612 3406 3774 3462 Deus.
3826 3402 3992 3474 Opor-

3237 3514 3417 3562 tuerat
3467 3516 3646 3558 autem
3713 3498 3987 3554 hominem

3236 3598 3412 3669 primo
3434 3594 3572 3661 ﬁeri,
3593 3598 3648 3647 et
3671 3590 3874 3644 factum
3898 3602 3989 3641 an-

3235 3688 3373 3759 geri,
3404 3694 3460 3741 et
3484 3691 3703 3739 auctum
3730 3679 3987 3735 corrobo-

3239 3779 3392 3844 rari,
3460 3784 3517 3833 et
3577 3774 3986 3830 corroboratnm

3238 3865 3607 3939 multiplicari,
3640 3874 3697 3921 et
3723 3861 3985 3931 multipli-

3238 3969 3422 4017 catum
3445 3955 3847 4021 convalescere,
3867 3968 3985 4010 con-

3240 4052 3596 4108 valescentem
3628 4062 3759 4101 vero
3785 4044 3985 4117 gloriﬁ-

3237 4128 3375 4213 cari,
3423 4152 3478 4200 et
3522 4141 3883 4211 gloriﬁcatum
3913 4140 3985 4195 νι-

3238 4239 3367 4294 dere
3444 4248 3600 4291 ouum
3678 4231 3983 4291 Dominum.

3236 4327 3380 4383 Deus
3406 4325 3545 4381 enim
3582 4333 3667 4379 est
3709 4322 3802 4390 qui
3830 4322 3986 4377 habet

2411 4422 2579 4475 videri
2610 4438 2623 4474 :
2660 4419 2793 4474 visio
2840 4428 3019 4473 autem
3065 4419 3157 4473 Dei
3205 4416 3390 4473 elﬁcax
3439 4426 3521 4472 est
3558 4412 3982 4482 incorrupteia:

2419 4531 2439 4565 ‹
2472 4510 2829 4581 incorruptela
2864 4526 2993 4566 vero
3029 4510 3333 4580 proximum
3358 4508 3487 4563 facit
3515 4521 3637 4563 esse
3658 4506 3770 4562 Deo
3796 4506 3899 4561 ⁸⁸.»

2492 4628 2545 4682 ιι.
2576 4625 2977 4681 lrrationabiles
3013 4625 3179 4694 igitur
3221 4624 3368 4681 omni
3396 4624 3577 4689 modo,
3610 4624 3705 4693 qui
3742 4638 3850 4679 non
3892 4638 3982 4679 ειο

1563 4725 1706 4793 quod
1751 4733 2103 4795 perseverant
2141 4722 2314 4793 longis
2422 4728 2665 4791 spectant
2716 4728 2928 4786 tempus
2980 4717 3295 4788 augmenti,
3330 4726 3383 4771 et
3430 4730 3543 4770 sua:
3581 4724 3790 4769 naturae
3843 4714 3984 4770 inﬁr-

738 4806 1289 4901 προῖκαηδωρουμὲνου
1311 4831 1495 4897 αὐτοῖς
1564 4817 1827 4880 tonibus,
1850 4818 2103 4871 virtutem
2133 4814 2317 4869 infecti

2424 4814 2660 4869 mitatem
2692 4808 2974 4863 ascribunt
2995 4807 3127 4862 Deo.
3164 4806 3345 4878 Neque
3377 4806 3571 4871 Deum,
3593 4821 3773 4876 neque
3792 4818 3984 4862 semet-

2487 5011 2598 5084 (42)
2646 5010 2712 5065 Et
2764 5014 3130 5070 consonantia.
3189 5010 3255 5072 Et
3306 5026 3560 5065 concinna
3607 5011 3757 5068 addit
3812 5020 3985 5065 textus

2419 5222 2713 5285 donantes;
2752 5222 2931 5288 editt.,
2964 5222 3205 5281 donanti.

2493 5291 2605 5362 (44)
2645 5288 3023 5362 Incorruptelaz
3052 5292 3439 5361 perseverantia
3469 5300 3544 5362 est
3577 5306 3596 5345 :
3628 5291 3982 5361 incorruptele

2420 5359 2617 5420 autent.
2664 5359 3101 5416 Gmca’sonant
3146 5379 3161 5416 :
3207 5361 3557 5431 incorruptela
3584 5370 3662 5415 est
3702 5377 3723 5416 :
3758 5359 3985 5431 perseue-

2420 5432 2593 5499 ramia
2622 5441 2795 5499 autem
2825 5432 3214 5499 incorruptam.

2489 5497 2599 5571 (45)
2626 5498 2809 5555 Gloria
2826 5497 3192 5572 infecit'ﬂiuc
3214 5499 3267 5554 in
3289 5498 3480 5557 Graeco
3506 5499 3619 5570 lege
3639 5517 3653 5554 :
3670 5500 3799 5566 δόξα
3828 5502 3985 5570 ἀγεν-

2425 5795 2525 5834 vox
2559 5781 2680 5832 talis
2708 5789 2902 5837 exstat.

2498 5850 2609 5924 (47)
2641 5848 2709 5906 Et
2745 5850 2978 5923 iubente.
3019 5850 3217 5908 Desunt
3244 5852 3297 5909 in
3332 5850 3480 5909 Eras.
3521 5858 3577 5907 et
3608 5847 3751 5907 Gali.
