4222 6320
210 566 362 636 ipsos
425 562 695 624 scientes,
757 553 1092 612 insatiabiles
1145 558 1200 607 et
1272 543 1503 617 ingrati,
1550 537 1867 595 nolentes;

210 629 394 730 primo
422 670 543 712 esse
597 654 704 709 hoc
734 648 875 720 quod
912 655 967 701 et
1012 642 1140 699 facti
1183 648 1329 704 sunt,
1380 629 1627 691 homines
1668 644 1793 698 pas-

212 750 435 804 sionum
468 757 734 815 capaces;
763 740 860 795 sed
891 733 1370 807 supergredientes
1407 727 1575 794 legem
1605 721 1795 775 huma-

214 838 276 895 ni
318 812 552 909 generis,
585 833 655 890 et'
677 842 965 901 antequam
994 826 1131 881 ﬁant
1157 822 1428 884 homines,
1452 816 1567 884 iam
1606 812 1797 867 volunt

213 902 433 987 similes
460 939 587 983 esse
623 922 821 979 iactori
870 919 1007 985 Deo,
1035 925 1092 974 et
1139 913 1342 970 nullam
1377 922 1503 965 esse
1544 902 1797 965 differen-

216 1022 357 1078 tiam
388 1017 575 1077 infecti
617 1017 731 1082 Dei,
768 1022 824 1070 et
867 1025 1011 1067 nunc
1052 1007 1179 1063 facti
1239 1001 1496 1065 hominis,
1537 996 1627 1068 qui
1676 995 1797 1067 plus

215 1112 573 1171 irrationales
604 1118 736 1164 sunt
782 1120 945 1177 quam
982 1108 1130 1157 muta
1176 1092 1451 1154 animalia.
1487 1092 1613 1148 Haec
1651 1090 1797 1147 enim

218 1216 335 1259 non
363 1202 634 1272 imputant
669 1198 798 1261 Deo,
828 1193 1082 1266 quoniam
1119 1204 1226 1245 non
1258 1186 1506 1243 homines
1534 1181 1664 1238 facit
1685 1177 1797 1253 με)

215 1280 319 1359 ea;
369 1290 464 1347 sed
509 1284 931 1355 unumquodque
978 1294 1046 1337 eo
1086 1277 1230 1350 quod
1259 1274 1464 1329 factum
1519 1278 1626 1335 est,
1664 1278 1800 1337 quo-

216 1358 371 1441 niam
404 1383 603 1439 factum
634 1386 718 1436 est
761 1375 898 1447 (49),
933 1372 1138 1446 gratias
1188 1367 1319 1440 agit.
1360 1363 1470 1429 Nos
1499 1362 1645 1419 enim
1699 1358 1801 1421 im-

214 1481 483 1545 putamus
515 1471 590 1534 ei,
618 1466 872 1537 quoniam
928 1477 1035 1518 non
1086 1460 1154 1516 ab
1200 1458 1354 1513 initio
1412 1453 1487 1511 dii
1528 1449 1659 1506 facti
1717 1462 1807 1504 su-

218 1544 372 1634 bus,
430 1564 524 1620 sed
576 1562 754 1632 primo
815 1557 1035 1627 quidem
1077 1550 1365 1617 homines,
1418 1555 1548 1603 tunc
1586 1544 1803 1599 demum

216 1656 302 1713 dii
334 1630 631 1726 :‘quamvis
679 1651 824 1709 Deus
863 1645 1162 1702 secundum
1194 1636 1598 1709 simplicitatem
1648 1630 1806 1689 boni-

219 1749 356 1807 tatis
396 1722 512 1803 sua:
561 1744 665 1800 hoc
716 1740 943 1803 fecerit,
987 1750 1056 1791 ne
1105 1732 1230 1803 quis
1280 1745 1405 1787 eum
1447 1734 1601 1799 putet
1664 1722 1808 1782 invi-

217 1841 464 1904 diosum,
521 1844 615 1892 aut
666 1836 1114 1903 impr-acalantem.
1194 1823 1329 1895 Ego,
1378 1821 1578 1891 inquit,
1645 1818 1802 1874 dixi:

1892 528 2010 598 ejus
2044 536 2129 583 est
2175 522 2401 581 obedire
2448 518 2579 582 Deo,
2620 516 2800 572 sciens
2846 511 3102 582 quoniam
3147 506 3344 562 bonum
3380 516 3465 560 est

1898 595 2020 674 cum
2060 616 2212 671 omni
2246 612 2358 685 (55)
2388 607 2687 665 intentione
2708 604 2998 673 diligenter
3017 599 3307 655 custodiat.
3335 595 3469 652 Pro.

1898 718 2021 780 pter
2050 707 2151 767 hoc
2194 705 2357 762 etiam
2396 699 2637 770 duplices
2655 696 2846 751 habuit
2869 708 3081 757 sensus,
3109 700 3471 758 utrorumque

1900 800 2229 872 agnitionem
2254 794 2540 857 habentes,
2570 797 2632 845 ut
2669 786 2986 845 electionem
3028 784 3313 838 meliorum
3344 792 3469 834 cum

1901 869 2185 961 disciplina
2218 886 2405 943 iaciat.
2443 880 2792 952 Disciplinam
2826 889 3007 933 autem
3048 875 3174 930 boni
3214 869 3476 943 quemad-

1903 984 2121 1041 modum
2150 980 2357 1035 bahere
2392 967 2690 1049 potuisset,
2738 971 2993 1041 ignorans
3040 968 3186 1040 quod
3222 973 3306 1021 est
3344 977 3476 1018 con-

1907 1073 2167 1133 trarium?
2191 1068 2435 1131 Firmior
2463 1075 2549 1125 est
2577 1064 2725 1121 enim
2759 1072 2815 1119 et
2844 1061 3147 1117 indubitata
3185 1055 3477 1126 subiacen-

1905 1166 2039 1222 tium
2070 1160 2453 1235 apprehensio,
2484 1169 2648 1228 quam
2678 1167 2741 1210 ea
2786 1166 2911 1223 qua:
2948 1158 3035 1207 est
3065 1163 3133 1204 ex
3164 1144 3479 1216 suspicione

1907 1257 2021 1333 (54)
2048 1255 2381 1325 conjectura.
2433 1246 2900 1317 Quemadmodum
2954 1243 3100 1298 enim
3149 1238 3331 1308 lingua
3380 1248 3481 1306 per

1906 1328 2124 1422 gustum
2167 1342 2368 1416 accipit
2404 1341 2835 1412 experimentum
2867 1334 3043 1392 dulcis
3084 1341 3140 1389 et
3180 1328 3380 1395 amari,
3426 1333 3484 1382 et

1907 1416 2097 1497 oculus
2127 1450 2224 1509 per
2250 1435 2517 1490 visionem
2566 1429 2834 1488 discernit
2864 1427 3008 1499 quod
3039 1434 3124 1481 est
3158 1423 3372 1493 nigrum
3412 1416 3485 1473 ah

1909 1531 2055 1597 albo,
2107 1536 2164 1584 et
2210 1526 2364 1583 auris
2416 1538 2514 1595 per
2558 1522 2802 1579 auditum
2854 1514 3186 1575 differentias
3225 1523 3483 1570 sonorum

1909 1622 2042 1690 scit;
2065 1620 2146 1675 sic
2168 1627 2223 1676 et
2244 1631 2399 1673 mens
2421 1620 2525 1688 per
2544 1621 2900 1682 utrorumque
2923 1605 3357 1678 experimentum
3374 1600 3486 1656 dis-

1912 1714 2166 1788 ciplinam
2205 1709 2339 1767 boni
2396 1706 2695 1777 accipiens,
2735 1702 2947 1758 ﬁrmior
3000 1698 3070 1755 ad
3116 1692 3485 1752 conservatio-

1913 1783 2038 1863 nem
2066 1805 2184 1875 ejus
2211 1800 2466 1865 eilicitur,
2491 1795 2753 1856 ohediens
2773 1792 3060 1865 Ξεθῡθο
3094 1787 3209 1861 (55)
3240 1799 3257 1840 :
3291 1783 3488 1875 inobe-

222 1873 439 1898 usuausu
521 1873 615 1892 elu-
669 1873 738 1889 Ilu
782 1873 1114 1888 ιιι-..ιη-η--.-η
1194 1873 1237 1880 ..
1281 1873 1329 1889 -,
1380 1873 1578 1891 ___1,,,,
1656 1873 1664 1874 κ
2097 1873 2108 1875 ν

222 1933 309 1988 dii
357 1880 515 1994 estis,
551 1937 609 1985 et
637 1873 972 1980 illiirExcelsi
1010 1930 1199 1974 omnes
1232 1873 1295 1968 ἃ.
1336 1932 1355 1967 ι
1388 1910 1555 1967 Nobis
1614 1917 1799 1963 autem
1827 1900 1872 1956 B
1899 1896 2160 1953 dientiam
2180 1892 2397 1963 quidem
2415 1887 2649 1961 primum
2666 1898 2930 1953 respuens
2950 1895 3051 1951 per
3081 1873 3486 1949 paenitentiam,

2057 1987 2069 1994 -
2493 1988 2504 1994 -
2618 1976 2630 1994 I
2761 1984 2831 1994 -A.
2860 1992 2869 1994 4
2909 1972 3097 1994 1-2-)-
3131 1985 3193 1994 η..
3245 1977 3486 1994 -..κληρ-

216 2029 555 2095 poteStatem
601 2013 903 2073 divinitatis
938 2007 1182 2081 baiulare
1208 2020 1315 2062 non
1358 1998 1752 2061 sustinentibus
1782 2016 1797 2052 :

221 2089 399 2166 ἦνθε
479 2114 695 2171 autem,
772 2101 980 2173 inquit,
1060 2099 1202 2155 sicut
1280 2093 1527 2150 homines
1596 2089 1798 2145 morie—

216 2200 359 2258 mini
388 2200 461 2266 ";
504 2219 523 2253 ι
564 2207 795 2266 utraque
847 2191 1110 2257 referens,
1156 2196 1212 2245 et
1240 2186 1374 2242 illud
1403 2184 1548 2257 quod
1594 2192 1680 2240 est
1706 2185 1802 2241 he-

217 2294 447 2364 nignum
481 2306 591 2347 sua:
623 2286 955 2351 donationis,
1002 2291 1060 2338 et
1103 2279 1477 2339 inﬁrmitatem
1531 2286 1799 2340 nostram,

217 2396 285 2447 et
345 2386 490 2457 quod
539 2395 783 2441 essemus
854 2386 1054 2434 nostra:
1122 2372 1429 2445 potestatis.
1492 2366 1799 2425 Secundum

218 2478 374 2539 enim
407 2474 796 2546 benignitatem
830 2483 980 2527 suam
1018 2468 1156 2527 bene
1201 2464 1352 2522 dedit
1390 2461 1615 2524 bonum,
1641 2468 1696 2515 et
1728 2457 1802 2513 si-

223 2571 387 2627 miles
416 2567 519 2626 sibi
546 2581 662 2623 sua:
698 2561 983 2635 potestatis
1011 2558 1263 2616 homines
1300 2553 1469 2613 fecit:
1502 2550 1801 2607 secundum

224 2670 415 2719 autem
449 2658 847 2731 providentiam
883 2654 1046 2712 scivit
1080 2648 1359 2707 hominum
1400 2643 1801 2708 inﬁrmitatem,

222 2760 287 2812 et
311 2766 432 2824 qua
457 2758 685 2806 ventura
722 2755 907 2801 essent
930 2760 997 2800 ex
1037 2756 1130 2809 ea;
1164 2736 1459 2796 secundum
1495 2743 1676 2789 autem
1719 2732 1802 2787 di-

222 2837 519 2908 lectionem
563 2849 618 2895 et
667 2838 923 2893 virtutem
972 2834 1153 2888 vincet
1206 2826 1317 2900 (50)
1371 2824 1526 2881 facta:
1593 2832 1801 2878 naturae

227 2932 612 2993 substantiam.
678 2928 1005 2999 Oportuerat
1080 2931 1259 2978 autem
1310 2919 1487 2989 primo
1546 2924 1799 2969 naturam

229 3040 518 3101 apparere,
557 3029 676 3095 post
705 3018 900 3075 deinde
925 3015 1069 3072 vinci
1095 3022 1151 3069 et
1180 3009 1396 3067 absorhi
1427 3007 1540 3079 (51)
1568 3005 1803 3061 mortale

230 3096 321 3175 ab
336 3115 767 3178 immortalitate,
790 3119 847 3165 et
870 3104 1222 3176 corruptihiie
1264 3105 1335 3158 ab
1373 3096 1800 3169 incorruptibili-

230 3217 368 3276 tate,
389 3217 446 3264 et
468 3206 582 3262 ﬁeri
613 3206 888 3259 hominem
920 3200 1216 3255 secundum
1250 3192 1539 3264 imaginem
1563 3198 1617 3245 et
1643 3188 1799 3246 simi-

229 3300 518 3361 litudinem
552 3298 670 3364 Dei,
707 3295 985 3367 agnitione
1011 3297 1231 3360 accepta
1258 3287 1388 3345 honi
1428 3293 1483 3343 et
1518 3282 1667 3339 mali.

724 3448 955 3508 CAPUT
994 3443 1209 3501 XXXIX
1254 3443 1319 3498 ¹⁶.

235 3594 446 3650 Bonum
488 3609 521 3646 α
545 3588 684 3644 malo
720 3580 1050 3639 discernendi
1074 3577 1381 3650 facultatem
1411 3575 1623 3650 flamini
1655 3573 1817 3650 Indi:

311 3641 686 3722 iﬁ'eﬁé,"ui
735 3672 831 3710 sua
882 3641 1153 3706 voluntate
1190 3655 1240 3701 et
1272 3647 1543 3722 electione,
1575 3642 1722 3722 nulla
1743 3641 1818 3722 ,υἱ

310 3710 551 3793 iiiis];
570 3710 675 3781 'Dei
710 3724 963 3777 mandata
996 3727 1237 3790 peragat,
1266 3732 1369 3786 quo
1393 3718 1456 3769 ab
1478 3710 1821 3793 caper/icio-

308 3814 419 3869 tur,
452 3791 699 3866 malaque
729 3793 1006 3848 rebellibus
1030 3798 1220 3861 parata
1258 3803 1293 3841 a
1320 3801 1376 3841 se
1417 3791 1643 3839 avertat.

313 3943 366 3998 i.
393 3940 738 4010 Agnitionem
772 3946 952 3992 autem
982 3933 1199 4003 accepit
1227 3931 1390 3987 homo
1422 3927 1547 3983 boni
1573 3933 1630 3981 et
1664 3922 1815 3979 mali.

240 4034 452 4093 Bonum
488 4040 573 4087 est
627 4039 806 4085 autem
844 4026 1067 4082 obedire
1121 4025 1250 4091 Deo,
1295 4030 1351 4077 et
1382 4020 1611 4076 credere
1644 4017 1717 4082 ei,
1764 4025 1821 4072 et

242 4125 517 4189 custodire
548 4122 671 4192 ejus
716 4128 1078 4191 praeceptum;
1111 4126 1165 4172 et
1214 4115 1317 4169 hoc
1346 4121 1428 4168 est
1478 4112 1590 4166 vita
1636 4109 1817 4165 homi-

244 4218 374 4275 nis:
408 4212 864 4287 quemadmodum
895 4224 1000 4263 non
1048 4206 1273 4261 obedire
1315 4203 1445 4269 Deo,
1478 4199 1709 4267 malum;
1763 4205 1821 4252 et

243 4308 351 4367 hoc
403 4315 488 4363 est
538 4319 686 4360 mors
728 4300 862 4369 ejus.
912 4296 1409 4367 Magnanimitatem
1463 4292 1627 4362 igitur
1681 4302 1820 4361 pra:-

247 4407 429 4457 stante
462 4400 595 4466 Deo,
633 4394 887 4467 cognovit
930 4393 1093 4447 homo
1131 4398 1187 4444 et
1228 4388 1431 4443 bonum
1477 4381 1817 4447 obedientiaa,

245 4501 304 4550 et
348 4489 548 4547 malum
612 4483 991 4542 inobedieutize
1044 4501 1057 4538 :
1105 4479 1181 4535 uti
1221 4477 1413 4533 oculus
1465 4474 1579 4545 (52)
1628 4475 1823 4529 mentis

244 4590 604 4649 utrorumque
619 4575 893 4645 accipiens
907 4571 1356 4641 experimentum,
1376 4564 1694 4621 electionem
1712 4576 1823 4617 me-

245 4672 447 4730 liorum
473 4683 598 4725 cum
633 4665 842 4736 judicio
877 4662 1062 4726 faciat,
1098 4668 1155 4714 et
1182 4671 1462 4729 nunquam
1491 4656 1693 4728 segnis,
1722 4668 1822 4708 ne-

250 4779 359 4836 que
390 4762 666 4833 negligens
699 4755 954 4829 praecepti
992 4753 1086 4808 tiat
1111 4750 1231 4817 Dei;
1276 4759 1332 4807 et
1356 4750 1408 4804 id
1450 4749 1596 4819 quod
1645 4745 1824 4801 aufert

250 4854 323 4911 ab
359 4867 426 4907 eo
452 4852 641 4912 vitam,
666 4847 719 4901 id
745 4853 849 4909 est,
900 4856 1008 4898 non
1036 4840 1261 4898 obedire
1294 4837 1426 4904 Deo,
1450 4836 1823 4907 experimento

252 4945 467 5002 discens
496 4941 755 5013 quoniam
786 4936 984 4991 malum
1017 4943 1121 5002 est,
1167 4946 1343 5004 neque
1391 4940 1562 4988 tentet
1603 4929 1821 5000 quidem

253 5037 388 5095 illud
438 5047 705 5104 unquam;
767 5030 910 5101 quod
971 5037 1153 5082 autem
1202 5020 1672 5080 conservatorium
1704 5019 1827 5073 vita

328 5131 375 5163 ³⁵
403 5128 541 5185 Psal.
576 5142 765 5193 um,
795 5126 850 5180 6.
930 5124 973 5157 “
1005 5121 1137 5177 Ibid.
1166 5120 1221 5174 7.
1297 5118 1344 5150 “
1375 5116 1507 5186 Cap.
1542 5113 1775 5169 LXXVI.

350 5221 444 5365 es;
472 5219 650 5276 Facit.
682 5220 795 5283 AL,
829 5218 973 5286 fecit.

353 5292 422 5347 49
460 5364 463 5365 ν
510 5291 771 5365 Quoniam
822 5290 973 5359 facta:

353 5279 444 5359 49)
510 5279 791 5357 Quoniam'
822 5279 1024 5359 factum
1079 5294 1175 5343 est.
1234 5284 1290 5341 ln
1357 5281 1539 5343 Eras.,
1588 5279 1727 5337 Gali.
1773 5286 1824 5333 et

258 5360 491 5427 Febar‘d.
524 5363 677 5443 deest
714 5360 937 5484 (actum.

333 5432 447 5484 (50)
486 5429 688 5484 Vincet.
739 5442 791 5482 ta
813 5429 937 5483 Feu:

333 5432 447 5507 (50)
471 5429 688 5507 ﬂium.
714 5419 791 5507 ita
813 5428 1049 5483 Feuard.
1073 5427 1125 5482 in
1154 5441 1358 5507 marg:
1376 5423 1635 5507 Clarum"
1666 5419 1827 5507 Vqss.

260 5516 317 5561 et
338 5490 525 5561 ‘Gr'ab.
557 5499 771 5569 Caeteri,
793 5514 1097 5569 perperam,
1120 5490 1300 5569 vinci:
1319 5492 1553 5569 Conjicit
1574 5507 1703 5547 vero
1725 5490 1830 5546 La-

263 5577 412 5636 tinus
469 5570 716 5627 Latinius
762 5561 1044 5640 legendum
1082 5561 1275 5632 eicit;
1329 5561 1445 5620 sed
1482 5561 1719 5630 frustra,
1770 5570 1830 5618 ut

260 5645 436 5715 liquet
459 5637 1067 5715 exgperiodo‘sequcnti.

358 5712 448 5769 51)
480 5708 720 5767 Absorbi.
770 5708 874 5763 Pro
910 5709 1200 5762 absorberi.

358 5772 447 5846 τῆ)
485 5780 835 5839 Oculus.Sic
867 5778 1096 5833 Feuard.
1148 5779 1201 5832 in
1251 5791 1449 5846 marg.,
1500 5772 1738 5846 Clarom.
1782 5780 1838 5846 et

266 5841 441 5912 Vo‘ssf
481 5856 534 5907 In
574 5851 832 5908 Arundcl.
881 5859 937 5903 ct
966 5848 1128 5904 Merc.
1175 5848 1210 5902 2
1246 5841 1460 5911 vitiose,
1506 5842 1731 5899 oculum.
1782 5841 1836 5896 In

266 5925 419 5987 oditt.
472 5925 641 5980 oculo.

1906 1987 2161 2060 quoniam
2180 1997 2424 2039 amarum
2455 1976 2725 2036 etmalum
2754 1984 2874 2043 est;
2902 1972 3101 2028 deinde
3128 1985 3197 2025 ex
3242 1977 3489 2035 compre-

1907 2058 2169 2137 hensione
2211 2074 2463 2140 discens,
2519 2067 2684 2140 quale
2712 2068 2789 2122 sit
2827 2064 2973 2135 quod
3015 2058 3355 2118 contrarium
3404 2061 3491 2109 est

1905 2172 2048 2228 bono
2074 2177 2131 2225 et
2155 2163 2447 2228 dulcedini,
2479 2174 2548 2216 ne
2579 2166 2750 2213 tentet
2775 2155 2997 2226 quidem
3040 2162 3280 2220 unquam
3306 2144 3493 2211 inohev

1907 2263 2166 2319 dientiam
2201 2267 2422 2331 gustare
2460 2252 2583 2310 Dei.
2612 2250 2671 2307 Si
2696 2258 2877 2304 autem
2916 2255 3271 2310 utrorumque
3299 2250 3491 2294 eorum

1908 2328 2271 2426 cognitionem
2300 2390 2317 2415 ,
2366 2356 2423 2404 et
2459 2344 2703 2416 duplices
2747 2353 2941 2396 sensus
2985 2330 3314 2405 cognitionis
3366 2328 3489 2399 quis

1907 2445 2168 2516 defugiat,
2192 2443 2422 2498 latenter
2433 2439 2781 2508 semetipsum
2797 2429 3001 2490 occidit
3019 2427 3317 2483 hominem.

1976 2514 2537 2609 {Quemadmodum
2574 2530 2743 2601 igitur
2776 2527 2883 2586 erit
2925 2523 3088 2583 Deus.
3130 2519 3222 2590 qui
3256 2514 3494 2573 nonduin

1907 2635 2084 2689 factus
2107 2639 2192 2687 est
2223 2628 2427 2686 homo?
2464 2627 2736 2697 quomodo
2772 2628 2958 2675 autem
2996 2613 3300 2687 perfectus,
3323 2624 3499 2679 nuper

1906 2723 2166 2782 eﬁ'ectus?
2187 2714 2457 2793 quomodo
2512 2728 2693 2773 autem
2750 2708 3099 2774 immortalis,
3143 2704 3239 2776 qui
3286 2704 3341 2757 in
3401 2718 3497 2755 na-

1922 2828 2045 2873 tura
2098 2816 2314 2873 mortali
2366 2829 2473 2868 non
2532 2808 2771 2866 obedivit
2804 2802 3036 2859 factori?
3092 2798 3317 2868 Oportet
3348 2794 3499 2849 enim

1910 2924 1963 2969 te
2010 2910 2186 2983 primo
2218 2906 2436 2978 quidem
2471 2903 2721 2960 ordinem
2741 2895 2977 2953 hominis
3015 2890 3313 2955 custodire,
3365 2893 3499 2942 tunc

1908 2980 2104 3058 deinde
2150 2995 2464 3069 participari
2515 2990 2629 3067 (56)
2678 2990 2862 3061 gloria:
2886 2984 3004 3043 Dei.
3058 2982 3177 3038 Non
3220 2980 3365 3035 enim
3442 2986 3499 3033 tu

1906 3093 2077 3149 Deum
2140 3088 2322 3154 facis,
2385 3085 2479 3141 sed
2535 3083 2673 3138 Deus
2722 3091 2775 3135 te
2840 3077 2990 3134 facit.
3039 3074 3098 3130 Si
3142 3087 3273 3143 ergo
3331 3082 3498 3139 opera

1905 3186 2010 3241 Dei
2039 3199 2123 3250 es,
2150 3193 2369 3236 manum
2406 3175 2634 3232 artiﬁcis
2665 3172 2741 3227 tui
2766 3176 3045 3238 exspecta,
3061 3173 3363 3236 opportune
3382 3174 3505 3216 om-

1839 3292 1882 3352 ε
1916 3276 2005 3331 nia
2049 3273 2341 3329 facientem
2376 3286 2394 3337 ;
2444 3274 2749 3337 opportune
2797 3268 3003 3323 autem,
3034 3262 3305 3328 quantum
3332 3253 3401 3309 ad
3448 3261 3502 3307 te

1923 3368 2141 3431 attinet,
2191 3363 2284 3434 qui
2335 3358 2583 3417 eﬁiceris.
2637 3355 2842 3411 Praesta
2892 3359 3073 3407 autem
3106 3349 3159 3405 ei
3202 3362 3299 3404 cur
3349 3354 3501 3401 tuum

1924 3458 2090 3516 molle
2122 3465 2177 3513 et
2214 3450 2520 3516 tractabile,
2568 3454 2623 3503 et
2654 3444 2868 3502 custodi
2917 3442 3169 3513 ﬁguram,
3201 3451 3308 3509 qua
3339 3445 3392 3493 te
3433 3436 3497 3491 ﬁ-

1924 3550 2143 3625 guravit
2166 3545 2386 3612 artifex,
2420 3540 2632 3598 habens
2658 3540 2711 3594 in
2747 3534 3029 3605 temetipso
3076 3531 3381 3594 humorem,
3433 3542 3504 3585 ne

1924 3620 2209 3698 induratus
2246 3636 2466 3692 amittas
2510 3631 2739 3701 vestigia
2792 3626 3085 3698 digitorum
3128 3622 3267 3693 ejus.
3302 3620 3503 3675 Custo-

1923 3733 2077 3790 diens
2112 3740 2292 3785 autem
2321 3720 2869 3797 compaginationem,
2921 3713 3182 3771 ascendes
3229 3711 3297 3767 ad
3325 3708 3507 3781 perfe-

1924 3834 2070 3881 ctum
2122 3839 2138 3877 :
2191 3820 2259 3876 ab
2322 3815 2557 3873 artiﬁcio
2601 3812 2749 3868 enim
2808 3807 2900 3863 Dei
2952 3804 3304 3861 absconditur
3347 3800 3503 3875 (57),

1924 3916 2067 3988 quod
2100 3922 2189 3970 est
2214 3914 2270 3967 in
2304 3918 2377 3972 te,
2406 3908 2605 3963 lutum.
2630 3898 2944 3959 Fabricavit
2984 3895 3100 3970 (58)
3141 3893 3505 3952 substantiam

1925 4010 1981 4065 in
2015 4017 2066 4063 te
2092 4018 2284 4062 manus
2313 4002 2429 4072 ejus
2458 4014 2473 4054 :
2512 3997 2670 4052 liniet
2696 4005 2747 4049 te
2774 3993 2844 4047 ab
2878 3990 3026 4046 intus
3054 3997 3111 4059 et
3146 4003 3180 4044 a
3208 3988 3347 4043 foris
3372 3998 3507 4043 auro

1924 4114 2063 4175 puro
2090 4107 2146 4154 et
2199 4103 2446 4167 argento,
2488 4101 2543 4147 et
2586 4090 2642 4143 in
2685 4095 2898 4141 tantum
2950 4080 3174 4138 ornabit
3228 4090 3300 4144 te,
3350 4085 3414 4132 ut
3450 4084 3509 4132 et

1927 4172 2044 4264 ipse
2072 4190 2189 4245 Dex
2215 4186 2565 4257 concupiscat
2616 4179 2853 4252 speciem
2906 4186 3074 4233 tuam.
3124 4172 3183 4229 Si
3216 4186 3347 4227 vero
3389 4180 3507 4225 sta-

1928 4262 2026 4341 tim
2046 4282 2350 4339 obduratus
2378 4288 2599 4346 respuas
2621 4281 2793 4327 artem
2818 4269 2955 4340 ejus.
2982 4276 3039 4327 et
3071 4266 3317 4335 ingratus
3336 4262 3509 4318 exsis-

1930 4383 2016 4429 tas
2064 4371 2119 4427 in
2158 4382 2306 4434 eum,
2334 4366 2590 4437 quoniam
2624 4363 2787 4417 homo
2814 4360 3085 4420 factuses;
3123 4356 3367 4425 ingratus
3396 4351 3508 4406 Deo

1929 4466 2106 4521 factus
2153 4462 2289 4529 (59),
2345 4458 2509 4515 simul
2553 4464 2610 4511 et
2646 4463 2821 4512 artem
2874 4450 3015 4523 eius,
3056 4458 3113 4504 et
3153 4449 3319 4503 vitam
3366 4444 3508 4499 ami-

1929 4557 2071 4613 sisti.
2099 4553 2303 4610 Facere
2331 4551 2476 4607 enim
2505 4547 2783 4621 proprium
2836 4550 2923 4599 est
2966 4538 3319 4609 benignitatis
3365 4535 3504 4591 Dei:

1927 4644 2046 4698 ﬁeri
2076 4653 2256 4698 autem
2293 4639 2571 4711 proprium
2613 4643 2697 4693 est
2740 4631 2979 4688 hominis
3021 4637 3252 4685 natura.
3296 4627 3353 4682 Si
3404 4627 3507 4698 igi-

1849 4704 1900 4765 θ
1927 4745 2018 4793 tur
2068 4704 2360 4791 tradideris
2388 4704 2439 4788 ei
2490 4728 2636 4800 quod
2679 4733 2764 4782 est
2800 4735 2972 4788 tuum,
3005 4722 3059 4779 id
3101 4731 3186 4781 est
3242 4720 3405 4777 ﬁdem
3451 4720 3507 4777 in

1927 4846 2049 4888 cum
2082 4838 2139 4886 et
2187 4824 2599 4895 subiectionem,
2646 4819 2878 4890 recipies
2907 4814 3023 4886 ejus
3070 4824 3267 4881 artem,
3295 4822 3352 4867 ct
3396 4812 3508 4867 eris

1929 4921 2231 4999 perfectum
2280 4930 2415 4988 opus
2445 4914 2563 4969 Dei.

2004 5017 2060 5073 5.
2093 5014 2152 5072 Si
2184 5021 2364 5069 autem
2398 5024 2505 5067 non
2545 5001 2843 5065 credideris
2885 5002 2960 5068 ei,
2992 5010 3047 5058 et
3083 4998 3287 5071 fugeris
3313 5007 3507 5051 manus

2008 5205 2122 5277 (55)
2156 5200 2485 5277 Cumomni.
2530 5192 2858 5277 Particulam
2894 5199 2951 5245 ut
2982 5186 3337 5277 h‘isuvocibus
3376 5198 3509 5256 pras-

1936 5257 2119 5332 «xiiii
2140 5257 2313 5329 delevi
2356 5268 2685 5325 auctoritate
2710 5263 2946 5320 Clarom.
2976 5269 3032 5314 et
3065 5257 3222 5332 Voss.

2008 5324 2486 5428 (ἑξίέάὴπὼω.
2524 5334 2759 5394 Feuard.
2806 5333 2859 5390 in
2901 5346 3077 5400 marg.
3105 5337 3160 5383 et
3192 5324 3368 5394 Vest,
3415 5342 3508 5382 su-

1932 5428 2212 5487 spatione.

2028 5484 2119 5542 55)
2154 5484 2283 5539 Deo.
2316 5482 2474 5538 Deest
2505 5480 2557 5535 in
2587 5478 2746 5533 Voss.

2038 5542 2128 5621 56')
2160 5550 2507 5621 Participari.
2544 5548 2735 5621 EditL,
2785 5542 3121 5621 participare.

2034 5608 2124 5683 iiii
2153 5608 2527 5680 Absconditur.
2558 5619 2654 5675 Sic
2695 5608 2884 5672 omnes
2911 5608 3130 5678 mss.;at
3175 5608 3505 5673 editt.,abs-

1942 5702 2215 5755 condetur.

2018 5746 2486 5838 (viivsvffabricauit.
2522 5760 2613 5838 _lt_a
2637 5757 2851 5838 planam
2884 5795 2899 5821 ,
2933 5751 3098 5807 Merc.
3138 5750 3193 5816 2,
3226 5764 3289 5804 ac
3333 5746 3504 5804 Grai).

1950 5826 2141 5894 melius
2176 5851 2335 5905 quam
2369 5833 2480 5905 alii,
2512 5826 2813 5905 {abi-icabif.

2020 5885 2384 5980 ibéiliigratas
2408 5885 2722 5971 Dreo'factus.
2744 5896 2868 5953 llaec
2889 5908 2996 5950 non
3014 5890 3257 5963 agnoscit
3271 5885 3507 5945 Claram.
