4222 6320
739 360 875 421 ΗΠ

1508 363 1569 420 S.
1607 362 1865 422 ΙΒΕΝᾸΕΙ
1902 360 2208 421 EPISCOPI
2245 356 2726 417 LUGDUNENSIS
2760 360 2849 416 ET
2887 356 3243 417 MARTYBIS

3849 355 3986 413 “ﬂ

732 482 879 549 ejus,
911 482 1013 534 erit
1051 492 1218 534 causa
1258 477 1687 547 imperfectionis
1714 479 1768 533 in
1810 487 1883 543 te,
1912 479 2004 549 qui
2038 494 2144 535 non
2170 479 2299 534 obe-
2330 476 2380 534 Δ
2408 486 2468 530 ut
2496 476 2600 548 ipsi
2623 478 2731 532 sibi
2762 490 2924 532 causa
2969 475 3125 539 ﬂant,
3157 474 3301 544 quod
3348 472 3714 529 destituuntur
3746 486 3779 527 ι
3823 472 3987 526 lumi-

734 572 886 631 disti.
919 571 1015 626 sed
1058 583 1163 625 non
1190 570 1243 624 in
1273 570 1386 635 illo,
1418 568 1514 639 qui
1556 569 1796 624 vocavit.
1824 568 1918 627 ille
1950 569 2091 624 enim
2138 569 2311 635 misit,

731 663 827 734 qui
862 671 1116 719 vocarent
1159 662 1227 717 ad
1266 662 1512 733 nuptias;
1556 662 1650 731 qui
1696 670 1881 718 autem
1931 677 2039 718 non
2092 661 2314 719 obedie-

734 764 865 810 runt
900 754 974 821 ei,
1001 755 1321 825 semetipsos
1351 754 1708 826 privaverunt
1752 768 1782 809 a
1816 754 1961 826 regia
1989 768 2163 812 caena.
2193 753 2313 810 Non

732 843 897 917 igitur
928 860 1019 901 ars
1048 844 1231 901 deficit
1254 844 1385 911 Dei;
1420 856 1614 915 potes
1641 854 1725 901 est
1765 845 1910 909 enim
1948 845 2013 901 de
2046 846 2313 915 lapidibus

732 937 1000 993 suscitare
1030 936 1172 993 filios
1203 936 1468 1003 Abrahae;
1486 938 1581 993 sed
1597 936 1691 993 ille
1712 938 1812 1009 qui
1836 952 1942 994 non
1960 937 2313 1010 consequitur

730 1042 871 1093 eam,
902 1028 1121 1085 sibimet
1142 1044 1255 1085 suae
1284 1029 1711 1098 imperfectionis
1730 1038 1814 1087 est
1843 1045 2034 1087 causa.

729 1118 843 1194 (60)
862 1118 1002 1176 Οὔτε
1016 1122 1076 1176 τὸ
1086 1123 1201 1192 φῶς
1217 1121 1493 1189 ἐξασθενεῖ

726 1210 816 1267 διὰ
851 1215 978 1277 τοὺς
1010 1214 1221 1279 ἑαυτοῖς
1248 1215 1491 1286 τυφλώτ-

725 1320 939 1368 τονταςο
957 1306 1071 1359 ἀλλ’
1088 1307 1295 1362 ἐκείνου
1312 1308 1491 1379 μένον-

726 1409 816 1457 τος
845 1396 1027 1449 ὁποῖον
1075 1394 1171 1449 καὶ
1217 1398 1384 1466 ἐστὶν,
1439 1402 1488 1455 oi

1560 1120 1673 1180 Nec
1718 1125 1859 1179 enim
1910 1124 2087 1181 lumen
2134 1124 2313 1181 deficit

1562 1226 1784 1287 propter
1828 1230 1920 1273 eos
1975 1217 2068 1287 qui
2118 1228 2314 1273 semct-

1561 1309 1709 1380 ipsos
1735 1320 2139 1366 excaecaverunt
2171 1329 2184 1365 :
2216 1315 2313 1368 sed

1560 1401 1653 1457 illo
1708 1414 2094 1472 perseverante
2156 1405 2313 1474 quale

2419 577 2511 629 ne,
2534 574 2590 619 et
2624 563 2936 618 inhabitant
2961 562 3238 626 tenebras,
3270 569 3325 618 et
3351 576 3455 616 non
3490 562 3667 617 lumen
3698 574 3860 617 causa
3899 569 3987 617 est

2418 659 2498 714 eis
2528 655 2839 726 hujusmodi
2867 654 3318 721 conversationis,
3362 652 3810 724 quemadmodum
3841 667 3986 721 pra-

2417 750 2655 807 diximus
2707 766 2723 805 :
2773 747 2853 804 sic
2903 756 3167 803 aeternum
3212 746 3308 802 Dei
3357 744 3448 816 qui
3505 743 3720 814 fugiunt
3775 744 3983 813 iumen,

2417 841 2559 913 quod
2588 840 2829 898 continet
2876 840 2933 895 in
2968 854 3027 896 se
3071 837 3250 895 omnia
3302 836 3466 902 bona,
3518 837 3616 906 ipsi
3661 836 3765 893 sibi
3817 851 3985 897 causa

2416 944 2565 1002 sunt,
2598 943 2658 989 ut
2687 943 2917 990 aeternas
2947 930 3251 988 inbabitent
3284 929 3556 994 tenebras,
3591 930 3833 985 destituti
3867 944 3989 985 omo

2416 1026 2580 1081 nibus
2604 1025 2782 1092 bonis,
2830 1021 3180 1093 sibimetipsis
3229 1034 3394 1077 causa
3426 1018 3735 1088 huiusmodi
3767 1019 3986 1075 habita.

2418 1116 2578 1173 tionis
2613 1114 2759 1172 facti.

3002 1225 3229 1283 CAPUT
3264 1223 3381 1281 XL.

2419 1322 2595 1379 Unum
2637 1332 2687 1379 et
2747 1321 2984 1376 eumdem
3058 1318 3219 1389 Deum
3270 1316 3483 1371 Patrem
3536 1332 3712 1389 paruas
3749 1316 3992 1389 inﬂigere

2619 1394 2871 1464 reprobis,
2914 1407 2975 1445 ac
3029 1388 3203 1442 electis
3250 1389 3467 1457 praemia
3498 1388 3741 1441 tribuere.

724 1486 1095 1555 τυφλωθὲντες
1163 1490 1315 1561 παρὰ
1391 1492 1490 1565 τήν

724 1577 907 1633 αἰτίαν
937 1578 1033 1650 τὴν
1070 1580 1278 1635 ἑαυτῶν
1306 1584 1363 1641 ὲν
1394 1586 1489 1639 ἀο-

726 1670 893 1743 ρασίᾳ
924 1669 1278 1727 καθίστανται
1298 1714 1312 1739 ,
1351 1678 1488 1748 μήτε

723 1759 816 1815 τοῦ
865 1763 1039 1831 φωτὸς
1094 1763 1208 1834 μετ’
1243 1765 1488 1838 ἀνάγκης

722 1850 1187 1922 ὼυλαγωγοῦντός
1216 1873 1356 1919 τινα,
1385 1857 1489 1927 μή·

722 1958 782 1999 τε
820 1942 911 1996 τοῦ
963 1944 1095 1997 Θεοῦ
1143 1944 1483 2016 βιαζομένου,

723 2035 771 2093 εί
811 2035 884 2106 μὴ
914 2034 1055 2089 θέλοι
1083 2055 1163 2101 τις
1194 2041 1485 2109 κατασχεῖν

721 2124 886 2183 αὐτοῦ
918 2125 1015 2198 τὴν
1042 2126 1254 2199 τέχνην.
1290 2128 1370 2182 Τὰ
1393 2126 1486 2184 οὖν

722 2216 1033 2271 ἀποστάντα
1075 2217 1166 2271 τοῦ
1219 2221 1484 2292 πατρικοῦ
1558 2229 1883 2285 abstiterunt
1911 2247 1941 2285 a
1977 2243 2202 2301 paterno
2230 2236 2311 2288 lu-

724 2309 834 2381 (62)
901 2311 1093 2379 φωτὸς,
1151 2313 1246 2367 καὶ
1308 2331 1485 2386 παρα-
1559 2322 1722 2387 mine,
1752 2331 1804 2377 et
1831 2327 2155 2394 transgressi
2187 2336 2310 2381 sunt

721 2404 890 2460 ϐάντα
925 2405 1015 2458 τὸν
1057 2404 1255 2477 θεσμὸν
1298 2408 1393 2479 τῆς
1426 2410 1483 2461 ὲ-
1554 2410 1727 2482 legem
1815 2414 2124 2482 libertatis;
2213 2434 2311 2487 per

720 2491 1023 2565 λευθερίας,
1057 2495 1206 2566 παρὰ
1246 2496 1344 2567 τὴν
1382 2497 1480 2550 01'3-
1551 2517 1703 2558 suam
1728 2505 2308 2577 nbstiterunlculpam,

719 2585 826 2639 τῶν
895 2586 1208 2658 ἀπέστησαν
1270 2590 1475 2655 αἰτίαν,
1552 2594 1707 2649 liberi
1738 2596 1949 2651 arbitrii
1984 2607 2040 2654 et
2074 2615 2185 2654 suae
2212 2616 2304 2673 po-

720 2680 979 2753 ἐλεύθερα
1025 2681 1119 2735 καὶ
1157 2683 1479 2751 αὐτεξούσια
1552 2688 1766 2743 testatis
1805 2686 1957 2748 facti.

716 2770 816 2843 τὴν
839 2772 1060 2844 γνώμην
1087 2775 1364 2841 γεγονότα.

786 2864 842 2919 4.
880 2865 1017 2920 Deus
1064 2875 1242 2920 autem
1279 2870 1459 2923 omnia
1497 2871 1815 2941 praesciens,
1858 2874 2106 2945 utrisque
2151 2885 2304 2945 aptas

718 2954 1051 3026 praeparavit
1101 2953 1469 3014 habitationes
1520 2976 1534 3013 :
1586 2960 1668 3017 eis
1718 2964 1933 3029 quidem
1984 2967 2080 3035 qui
2127 2968 2304 3039 inqui-

719 3054 847 3132 runt
881 3044 1061 3100 lumen
1114 3046 1662 3119 incorruptibilitatis,
1715 3064 1771 3109 ct
1802 3058 1868 3110 ad
1897 3057 1948 3112 id
1986 3072 2298 3132 recurrunt,

716 3130 959 3201 benigne
1007 3133 1221 3191 donans
1288 3136 1389 3194 hoc
1440 3142 1580 3211 quod
1633 3148 2025 3216 concupiscunt
2077 3130 2294 3223 lumen;

718 3224 843 3282 aliis
897 3243 1028 3284 vero
1081 3230 1135 3284 id
1190 3236 1683 3303 contemnentibus,
1728 3250 1782 3294 et
1818 3246 2182 3299 avertentibus
2236 3263 2296 3303 se

1560 1502 1615 1549 et
1640 1504 1741 1559 est,
1762 1497 2014 1551 excaecati
2038 1510 2134 1566 per
2156 1513 2310 1552 suam

1559 1585 1770 1655 culpam
1818 1588 1873 1642 in
1912 1589 2141 1658 caligine
2178 1604 2308 1645 con-

1558 1677 1881 1737 Stituuntur.
1910 1680 2095 1751 Neque
2134 1683 2310 1738 lumen

1557 2046 1648 2117 qui
1703 2047 1833 2101 nolit
1876 2048 1986 2122 (61)
2029 2051 2310 2105 continere

1557 2135 1674 2204 ejus
1729 2148 1927 2195 artem.
1986 2141 2086 2209 Qui
2147 2145 2311 2213 igitur

720 3317 787 3373 ah
820 3333 905 3381 eo,
939 3328 992 3373 et
1034 3319 1089 3375 id
1146 3320 1501 3395 fugientibus,
1542 3337 1597 3382 et
1635 3330 1789 3397 quasi
1840 3334 2159 3404 semetipsos
2203 3351 2298 3391 ex-
2346 3360 2347 3363 η

718 3410 1073 3477 caecanlibus,
1105 3425 1470 3487 congruentes
1499 3419 1690 3474 lumini
1719 3423 2132 3483 adversantibus
2157 3445 2296 3498 pras-

715 3501 937 3570 paravit
975 3502 1228 3560 tenebras
1268 3525 1281 3560 :
1319 3518 1375 3562 et
1414 3510 1499 3564 his
1542 3512 1631 3579 qui
1667 3513 1877 3583 fugiunt
1922 3516 1969 3571 ei
2021 3533 2140 3574 esse
2168 3522 2295 3577 sub-

714 3592 871 3665 jecti,
899 3598 1311 3653 convenientem
1341 3601 1581 3656 subdidit
1604 3618 1818 3672 ptenam
1850 3606 1981 3679 (65).
2018 3610 2294 3683 Subjectio

717 3698 899 3743 autem
932 3688 1029 3743 Dei
1056 3693 1321 3760 requietio
1348 3701 1431 3748 est
1467 3703 1707 3762 aeterna,
1756 3708 1817 3751 ut
1847 3700 1898 3753 hi
1946 3705 2037 3771 qui
2086 3704 2297 3775 fugth

716 3778 927 3846 lumen,
974 3782 1193 3853 dignum
1222 3784 1361 3854 fugae
1393 3800 1504 3841 sum
1557 3787 1794 3844 habeant
1831 3790 2046 3859 locum,
2100 3806 2156 3852 et
2202 3800 2294 3868 qui

717 3872 936 3943 fugiunt
963 3884 1222 3929 aeternam
1272 3878 1540 3946 requiem,
1577 3894 1962 3952 congruentem
2017 3886 2154 3957 fugae
2185 3906 2296 3948 suae

718 3963 957 4021 habeant
1025 3967 1437 4025 habitationem.
1503 3973 1635 4027 Cum
1697 3986 1882 4032 autem
1938 3982 2077 4049 apud
2124 3982 2294 4040 Deum

716 4060 899 4149 pmnia
956 4060 1068 4115 sint
1126 4062 1291 4131 bona,
1344 4066 1437 4135 qui
1494 4080 1561 4121 ex
1615 4084 1710 4123 sua
1758 4074 2030 4128 sententia
2086 4075 2298 4149 fugiunt

716 4142 914 4238 Deum,
944 4149 1297 4238 semetipsos
1343 4154 1411 4207 ab
1463 4156 1718 4212 omnibus
1782 4157 2037 4218 fraudant
2090 4142 2293 4238 bonis;

716 4233 956 4293 fraudati
988 4247 1184 4295 autem.
1214 4241 1464 4298 omnibus
1495 4260 1621 4317 erga
1672 4248 1838 4304 Deum
1875 4252 2053 4320 bonis,
2104 4233 2295 4315 conse;

716 4338 949 4395 quenter
992 4330 1045 4384 in
1078 4329 1173 4386 Dei
1196 4331 1404 4399 justum
1425 4334 1691 4404 judicium
1720 4341 1981 4400 incident.
2017 4346 2118 4414 Qui
2150 4352 2294 4407 enim

716 4419 933 4491 fugiunt
958 4425 1224 4494 requiem,
1250 4426 1399 4495 jusle
1430 4430 1481 4482 in
1510 4443 1669 4499 paena
1715 4440 2183 4501 conversabuntur
2205 4461 2220 4511 ;
2245 4454 2301 4501 et

2487 1488 2539 1541 1.
2569 1480 2665 1550 Εἷς
2696 1484 2791 1538 καὶ
2817 1484 2977 1546 αὐτὸς
3006 1482 3034 1534 ὁ
3056 1482 3169 1534 Πα-

2416 1577 2537 1650 τὴρ,
2564 1578 2592 1629 ὁ
2632 1577 2741 1637 τοῖς
2776 1573 2875 1644 μὲν
2918 1569 3171 1647 γλιχομέ-

2416 1685 2525 1732 νοις
2555 1666 2716 1722 αὑτοῦ
2744 1664 2841 1737 τῆς
2866 1664 3167 1728 κοινωνίας,

1557 1783 1680 1821 cum
1744 1786 1941 1838 magna
1989 1775 2313 1830 necessitate
2416 1761 2513 1816 καὶ
2557 1760 2950 1832 προσμένουσιν
3005 1756 3168 1810 αὑτοῦ

1558 1861 1918 1931 subjicietsilii
1943 1879 2306 1935 quemquam:
2344 1838 2387 1894 Β
2412 1856 2479 1928 τῇ
2507 1854 2772 1923 ὑποταγῇ,
2804 1850 2871 1904 τὰ
2914 1850 3044 1921 παρ’
3074 1848 3170 1901 αὐ-

1560 1969 1734 2023 neque
1785 1956 1922 2011 Deus
1977 1970 2136 2027 coget
2185 1975 2308 2015 eum
2414 1944 2492 2016 τῷ
2522 1941 2830 2017 ἡτοιμακὼς
2861 1935 3170 2008 ἁγαθά’τῷ

2414 1944 2492 2016 τῷ
2522 1941 2830 2017 ἡτοιμακὼς
2861 1938 3069 2008 ἀγαθά’
3094 1935 3170 2006 τῷ
3227 1945 3465 2015 jectione
3509 1943 3657 2011 ejus,
3691 1956 3813 2011 quae
3862 1949 3988 1996 sunt

2414 2040 2470 2094 δὲ
2516 2036 2743 2111 ἀρχηγῷ
2789 2036 2885 2107 τῆς
2932 2037 3170 2090 ἀποστα-

2417 2136 2537 2201 σίας
2591 2132 2853 2203 διαϐόλῳ,
2906 2128 3002 2183 καὶ
3060 2130 3171 2191 τοῖς

2416 2227 2808 2281 συναποστᾶσιν
2873 2220 3053 2291 αὐτῷ,
3110 2221 3171 2273 τὸ

2413 2316 2628 2374 αἰώνιον
2672 2315 2781 2386 πῦρ
2836 2311 3167 2387 ἡτοιμακὼς,

2413 2414 2492 2476 εἰς
2534 2410 2562 2464 ὃ
2595 2404 3009 2479 πεμφθήσεσθαι
3066 2404 3167 2475 ἔφη

2413 2505 2442 2557 ὁ
2464 2501 2665 2573 Κύριος
2692 2500 2814 2563 τοὺς
2844 2500 2921 2562 εἰς
2952 2496 3019 2553 τὰ
3049 2498 3170 2569 ἀρι-

2416 2595 2580 2666 στερὰ
2618 2591 3010 2663 διακριθέντας.
3058 2589 3169 2644 Καὶ

2413 2686 2567 2742 τοῦτό
2630 2684 2744 2739 ἔστι
2793 2686 2854 2739 τὸ
2885 2682 3170 2757 εἰρημένον

2411 2780 2515 2834 ὑπὸ
2533 2776 2624 2833 τοῦ
2647 2779 2923 2851 προφήτου
2945 2794 2958 2807 ·
2985 2795 3003 2828 ι
3028 2773 3170 2843 Ἐγὼ

2410 2870 2541 2935 Θεὸς
2570 2871 2663 2925 καὶ
2702 2868 2963 2943 ζηλωτὴς,
3005 2868 3173 2921 ποιῶν

2409 2963 2631 3034 εἰρήνην
2647 2958 2740 3014 καὶ
2755 2955 2951 3023 κτίζων
2971 2956 3131 3010 κακά·
3146 2974 3166 3008 s

2408 3054 2501 3108 ἐπὶ
2543 3052 2639 3124 μὲν
2683 3049 2809 3115 τοὺς
2852 3046 3167 3120 μετανοοῦν-

2407 3163 2505 3209 τας
2582 3142 2677 3198 καὶ
2743 3141 3163 3213 ἐπιστρέφοντας

2404 3234 2539 3307 πρὸς
2585 3232 2747 3287 αὑτὸν
2794 3231 2960 3286 ποιῶν
3006 3231 3161 3303 εἰρή-

2401 3345 2497 3400 νην
2530 3329 2624 3383 καὶ
2665 3328 2864 3398 φιλίαν,
2902 3328 2997 3381 καὶ⁸
3028 3326 3159 3380 ἕνω-

2402 3438 2487 3477 σιν
2520 3419 2919 3491 συντιθέμενος·
2972 3418 3064 3473 ἐπὶ
3102 3420 3156 3474 δὲ

2401 3515 2527 3579 τοὺς
2597 3513 2671 3584 μὴ
2736 3510 3156 3582 μετανοοῦντας,

2401 3606 2497 3659 καὶ
2544 3603 2841 3674 φεύγοντας
2892 3600 3056 3656 αὑτοῦ
3101 3601 3160 3655 τὺ

2403 3699 2546 3770 φῶς,
2600 3697 2709 3769 πῦρ
2763 3696 3015 3763 αἰώνιον,
3066 3698 3162 3751 καὶ

2402 3790 2662 3862 ἐξώτερον
2710 3790 2896 3854 σκότος
2934 3790 3160 3860 ήτοιμα-

2402 3883 2512 3947 κὼς
2531 3900 2543 3913 ⁸
2565 3882 2721 3937 ἆτινά
2744 3884 2858 3935 ἐστι
2878 3881 3023 3936 κακὰ
3048 3883 3158 3945 τοῖς

2403 3974 2729 4045 ὲμπεσοῦσιν
2766 3976 2845 4039 είς
2873 3972 3029 4036 αὐτά,

3305 1482 3355 1533 1.
3391 1478 3540 1534 Unus
3570 1479 3731 1549 igitur
3759 1486 3816 1533 et
3845 1476 3986 1533 idem

3235 1573 3374 1628 Deus
3412 1572 3589 1641 Pater,
3636 1572 3727 1641 qui
3768 1571 3987 1642 quidem

3235 1662 3759 1734 concupiscentibus
3869 1660 3989 1731 ejus

3233 1756 3778 1813 communicationem
3806 1793 3824 1819 ,
3930 1759 3989 1811 et

3233 1850 3707 1921 perseverantibus
3753 1848 3807 1902 in
3858 1846 3986 1903 sub-

3234 2038 3374 2109 apud
3400 2050 3458 2091 se
3496 2044 3767 2105 praeparat
3809 2032 3985 2095 bona;

3233 2131 3463 2203 principi
3486 2137 3664 2185 autem
3690 2124 3992 2182 abscessio-

3236 2225 3317 2279 nis
3363 2222 3597 2285 diabolo,
3627 2230 3682 2275 et
3722 2220 3816 2289 qui
3866 2233 3987 2274 cum

3231 2331 3297 2371 eo
3351 2316 3728 2370 abscesserunt
3781 2309 3989 2381 angelis

3232 2418 3493 2462 aeternum
3538 2404 3718 2475 ignem
3775 2416 3988 2474 prepa-

3232 2514 3361 2556 rans
3387 2498 3475 2557 :in
3494 2510 3653 2567 quem
3681 2494 3986 2562 mittentur,

3232 2589 3411 2661 inquit
3463 2588 3625 2659 287
3683 2585 3985 2656 Dominus,

3232 2680 3308 2737 illi
3339 2681 3430 2752 qui
3470 2681 3523 2735 in
3573 2679 3795 2735 sinistra
3836 2692 3989 2747 sepe-

3234 2774 3335 2829 rati
3358 2782 3486 2827 sunt
3514 2772 3578 2825 ".
3604 2771 3649 2802 “
3676 2770 3745 2825 Et
3774 2770 3881 2825 hoc
3906 2777 3989 2825 est

3232 2865 3377 2935 quod
3422 2879 3453 2919 δ
3481 2864 3742 2933 prOpbeta
3786 2863 3985 2916 dictum

3235 2964 3340 3009 est:
3354 2971 3371 3005 ι
3385 2953 3492 3023 Ego
3510 2955 3647 3009 Deus
3664 2947 3986 3020 zelans(64),

3235 3045 3439 3100 faciens
3452 3056 3661 3111 pacem,
3676 3052 3732 3097 et
3749 3041 3985 3097 condens

3234 3141 3376 3196 mala
3424 3142 3466 3173 “
3503 3158 3517 3195 :
3572 3158 3591 3192 ›
3632 3140 3685 3193 in
3732 3153 3827 3194 eos
3872 3136 3986 3208 qui-

3232 3235 3352 3288 dem
3374 3234 3463 3301 qui
3486 3231 3863 3300 paenitentiam
3888 3230 3982 3285 ba-

3229 3331 3394 3395 bent,
3463 3341 3520 3387 et
3592 3339 3984 3386 convertuntur

3230 3421 3341 3495 (65)
3374 3422 3439 3477 ad
3479 3438 3622 3486 eum,
3652 3422 3859 3477 faciens
3886 3435 3982 3492 pa-

3231 3528 3387 3577 cem,
3434 3522 3487 3569 et
3537 3512 3877 3577 amicitiam,
3930 3519 3984 3569 ιιι

3231 3604 3490 3659 unitatem
3510 3618 3881 3674 componens;
3902 3617 3985 3659 su-

3232 3711 3327 3768 per
3373 3711 3466 3753 eos
3500 3711 3628 3751 vero
3671 3696 3762 3765 qui
3814 3694 3984 3765 patui-

3233 3791 3453 3844 tentiam
3503 3806 3606 3845 non
3652 3799 3841 3859 agunt,
3891 3789 3982 3847 sed

3231 3880 3503 3953 refugiunt
3574 3880 3691 3953 ejus
3758 3881 3977 3949 lumen.

3229 3974 3405 4045 ignem
3442 3984 3702 4031 aeternum
3747 3984 3803 4030 et
3837 3985 3981 4032 exte-

2404 4068 2577 4123 riores
2609 4065 2859 4122 tenebras
2886 4081 3195 4137 praeparans
3222 4084 3235 4121 :
3266 4082 3385 4139 quae
3417 4067 3637 4138 quidem
3676 4076 3808 4122 sunt
3845 4066 3979 4123 maia

2404 4157 2491 4213 his
2536 4158 2624 4225 qui
2663 4156 2906 4211 incidunt
2933 4157 2988 4211 in
3018 4170 3081 4211 ea
3108 4155 3243 4228 (66).

2473 4251 2530 4305 2.
2562 4251 2607 4284 ὀ
2644 4249 2700 4305 Si
2742 4259 2919 4305 autem
2963 4247 3104 4304 alius
3151 4248 3367 4319 quidem
3411 4258 3558 4305 esset
3602 4250 3695 4323 qui
3738 4252 3978 4320 requiem

2407 4344 2574 4400 donat
2602 4343 2764 4397 Pater
2787 4384 2803 4409 ,
2843 4352 2899 4397 et
2926 4340 3069 4398 alius
3108 4345 3199 4413 qui
3233 4344 3413 4415 ignem
3445 4344 3777 4417 prmparavit
3804 4343 3975 4410 Deus;

2408 4437 2637 4491 fuissent
2669 4448 2822 4504 aeque
2847 4432 3159 4490 differentes
3181 4435 3262 4491 eis
3295 4435 3405 4508 (6'7)
3436 4438 3568 4502 lilii;
3603 4436 3740 4490 alius
3762 4434 3977 4505 quidem

717 4513 809 4612 qui
856 4515 1113 4612 fugerunt
1163 4516 1364 4586 lumen,
1396 4518 1542 4589 juste
1596 4522 1979 4584 inhabitabunt
2027 4534 2301 4607 tenebras,
2341 4556 2384 4612 ο
2414 4528 2469 4581 in
2498 4525 2674 4585 Patris
2706 4538 2933 4595 regnum
2965 4525 3221 4590 mittens,
3252 4527 3392 4582 alius
3433 4542 3563 4582 vero
3610 4526 3667 4580 in
3712 4534 3976 4581 aeternum

717 4603 1183 4668 Quemadmodum
1245 4619 1424 4665 autem
1476 4613 1531 4667 in
1577 4612 1681 4670 hoc
1734 4620 2013 4688 temporali
2071 4603 2297 4703 lumine,

718 4696 810 4765 qui
838 4698 1057 4769 fugiunt
1082 4697 1234 4767 illud,
1266 4700 1415 4772 ipsos
1458 4718 1517 4760 se
1566 4706 1813 4763 tenebris
1842 4714 2188 4786 mancipant;
2222 4696 2297 4779 ita

2412 4622 2612 4691 ignem.
2644 4619 2750 4675 Sed
2793 4620 3048 4688 quoniam
3078 4635 3220 4675 unus
3262 4631 3316 4676 et
3358 4622 3496 4676 idem
3531 4622 3797 4676 Dominus
3823 4634 3977 4688 sepa-

2408 4715 2518 4769 rari
2552 4712 2946 4769 demonstravit
2968 4712 3022 4767 in
3040 4710 3246 4782 judicio
3269 4727 3428 4768 omne
3448 4728 3621 4784 genus
3656 4713 3973 4778 humanum,

792 4854 833 4884 ¹⁷
869 4851 1060 4913 Matth.
1100 4873 1230 4922 xxv,
1264 4858 1354 4915 41.
1431 4859 1475 4892 ³⁸
1504 4859 1636 4931 Cap.
1668 4861 1925 4927 LXXV".
2006 4872 2049 4905 "
2087 4874 2188 4931 lsa.
2222 4896 2343 4945 ην,
2372 4879 2425 4933 6.

1431 4859 1475 4892 “
1504 4859 1636 4931 Cap.
1668 4861 1925 4927 LXXV".
2006 4872 2049 4905 "
2087 4874 2188 4931 lsa.
2222 4896 2343 4945 ην,
2372 4879 2425 4933 6.
2506 4876 2552 4909 '°
2584 4875 2715 4943 Cap.
2740 4870 3021 4929 LXXVI“-

721 4989 1216 5089 .._.<.*?9)-9.'ssua
1253 4997 1803 5089 ιξρςε-,ττξιξεηεηιυτηο
1854 5018 1907 5089 ιξε
1959 5019 2012 5064 ει
2059 5027 2293 5089 εειιμεηε

722 5064 907 5154 i-iiitio‘
922 5066 1114 5154 ca
1268 5083 1438 5154 nunc.
1464 5064 1701 5154 primum
1752 5064 1947 5154 prodit,
1965 5064 2291 5154 eijElo'pi;

720 5134 1111 5218 pisanloaiinis‘
1139 5138 1439 5218 presbyteri
1467 5134 1536 5195 ἐι
1576 5134 1845 5218 monachi,
1876 5134 1996 5203 co'd.
2050 5134 2293 5218 simini

717 5202 1009 5288 b‘liotliefxe1
1042 5202 1170 5288 olim
1198 5202 1566 5288 Seguerianm,
1597 5228 1741 5288 nunc
1768 5202 2291 5283 illustrissimi'lliD.

717 5271 938 5351 lieurici
971 5276 1149 5331 Caroli
1190 5279 1259 5331 de
1274 5271 1508 5345 'Coislin,
1536 5271 1624 5350 qui
1656 5282 1772 5351 ejus
1803 5271 2296 5350 aulitumwlia‘ct—enus

718 5342 1093 5434 interclusum,
1120 5362 1222 5434 pro
1251 5364 1348 5434 suo
1390 5353 1442 5434 in
1473 5342 1700 5434 litteras
1736 5342 2014 5415 studione
2039 5342 2293 5434 benigni:

722 5419 1111 5489 ηιμρι-ιιςιίιίε
1144 5421 1305 5489 modo
1345 5422 1625 5489 patefecit.
2176 5419 2219 5439 ”“

794 5484 905 5628 (6i;
942 5485 1115 5542 Nolit.
1152 5487 1301 5552 Odit,
1343 5484 1395 5544 in
1430 5492 1668 5548 Feuard.
1712 5510 1886 5565 marg.
1932 5508 1987 5554 et
2028 5502 2189 5558 Voss.

794 5556 882 5623 (62
943 5559 1270 5628 ﬂatpmoﬁ.
1312 5561 1395 5617 Ad
1450 5578 1622 5628 marg.
1674 5566 1802 5621 dicti
1854 5570 1976 5623 cod.
2030 5575 2189 5628 scrinl

724 5556 1270 5699 ῑαέὲἲθῦηιιτριλιοῦ.
1312 5561 1395 5617 Ad
1450 5578 1622 5635 marg.
1674 5566 1802 5621 dicti
1834 5556 1976 5623 “cod.
2030 5556 2294 5643 scriptum

796 5696 1366 5776 (6510οηριηξεηιεπι
1435 5704 1667 5776 subdidit
1728 5723 1953 5776 poenam.
2008 5710 2065 5765 In
2127 5716 2293 5769 veteri

722 5769 961 5841 Feuard.
990 5769 1135 5835 cod.,
1159 5770 1394 5826 Clarom.
1420 5783 1473 5826 et
1506 5772 1682 5841 Voss.,
1707 5769 2031 5835 convenietin
2063 5784 2295 5839 subdidit

724 5854 906 5907 pctus.
938 5840 1045 5898 Sed
1089 5849 1353 5915 repugnat
1390 5843 1516 5901 huic
1557 5840 1779 5905 lectioni
1830 5857 2140 5916 praecedens
2187 5871 2291 5912 vox

2398 5016 2517 5078 his;
2556 5027 2675 5080 quae
2705 5020 3017 5078 sequentem
3065 5010 3429 5066 accusativum
3475 5008 3723 5079 requirit.

2472 5078 2588 5153 (64)
2614 5079 2827 5137 Zelans.
2863 5080 2985 5139 llaec
3016 5094 3118 5135 vox
3153 5082 3209 5135 in
3252 5080 3453 5136 nostris
3478 5078 3633 5133 Isaia:
3678 5078 3837 5134 codd.
3867 5096 3970 5138 non

2403 5164 2601 5210 exstat.

2475 5223 2587 5295 (65)
2624 5219 2827 5295 Habent
2847 5229 3317 5295 e_t_conuertnntur.
3351 5218 3442 5273 Sic
3471 5218 3707 5275 Clarom.
3733 5229 3789 5274 et
3821 5220 3969 5295 Voss.

2402 5294 2459 5351 In
2484 5290 2755 5346 'Ar'undel.
2786 5298 2842 5344 et
2871 5290 3038 5347 Merc.
3080 5291 3115 5343 2
3137 5332 3152 5356 ,
3181 5299 3335 5359 agent
3383 5300 3430 5343 et
3479 5300 3875 5347 convertuntur.
3916 5294 3966 5347 In

2401 5368 2580 5426 editt.,
2606 5374 2811 5426 agentes
2842 5372 3231 5415 convertuntur.

2475 5432 2588 5503 (66)
2633 5430 2881 5503 Incidunt
2908 5432 2986 5503 fin
3019 5448 3103 5503 ea.
3136 5430 3203 5503 lii
3231 5430 3383 5491 editt,
3434 5430 3679 5503 additum
3726 5432 3924 5503 legitur
3952 5455 3965 5490 :

2408 5499 2500 5568 εεά
2536 5499 2670 5556 bona
2697 5518 2761 5555 ea:
2782 5500 2995 5570 justitia
3024 5501 3139 5555 Dei.
3172 5499 3275 5555 Sed
3304 5516 3424 5555 cum
3462 5502 3513 5554 id
3542 5499 3965 5559 additamentum

2406 5590 2527 5629 esse
2548 5573 2791 5627 videatur
2817 5586 2847 5625 a
2872 5573 3122 5641 quopiam
3150 5571 3523 5641 explicationis
3546 5576 3720 5639 gratia
3748 5572 3963 5640 factum,

2407 5644 2579 5699 delevi
2606 5639 2931 5697 auctoritate
2971 5639 3127 5697 codd.
3172 5639 3434 5703 Clarom.,
3465 5639 3648 5704 Voss"
3677 5646 3886 5701 Arund.
3916 5653 3967 5698 et

2408 5723 2589 5770 textus
2612 5712 2807 5773 Graeci,
2840 5712 2895 5765 in
2926 5712 3121 5780 quibus
3152 5713 3286 5767 nihil
3317 5710 3787 5780 similegoccurrit.

2476 5782 2586 5855 (67)
2640 5781 2755 5855 Eis.
2803 5778 2959 5837 ErasI
3010 5793 3065 5837 et
3112 5781 3287 5845 Gall.,
3336 5794 3407 5855 et.
3470 5778 3785 5855 Utrumque
3840 5799 3964 5841 vero

2406 5853 2637 5912 Feuard.
2656 5853 2890 5928 jungeus
2914 5855 3199 5924 expressit,
3224 5866 3270 5910 et
3296 5854 3387 5909 eis.
