4222 6320
1230 592 1397 665 333
1430 591 1659 649 cum
1697 590 1834 650 xu.

755 723 862 792 Qui
883 724 1119 798 necnon
1153 730 1406 798 credunt.
1442 728 1643 797 ipsique
1681 743 1785 781 non
1823 727 2067 781 obediunt
2089 766 2107 791 ,
2136 727 2309 798 angeli

822 806 872 850 el
902 796 1003 867 ﬁlii
1038 796 1237 867 digituli
1263 806 1425 860 sunt;
1455 796 1563 867 non
1588 807 1773 867 natura
1804 798 2039 867 quidem,
2070 798 2161 851 sed
2184 796 2307 850 inti-

820 866 1048 992 gxiouc.
1091 864 1344 937 Epilogus
1389 866 1548 936 hujus
1592 864 1743 930 libri.
1779 864 1825 920 ei
1860 880 2048 935 scapus
2092 880 2310 938 sequen-

823 1046 878 1104 i.
909 1044 1177 1115 Quoniam
1211 1044 1430 1117 angelos
1459 1045 1719 1116 quosdam
1748 1044 1887 1101 dixit
1913 1044 2112 1101 diaboli
2155 1043 2267 1118 (su)
2289 1083 2306 1111 ,

744 1137 946 1211 quibus
971 1145 1213 1193 aeternus
1241 1136 1383 1210 ignis
1414 1145 1753 1209 praeparatus
1786 1145 1904 1202 est,
1934 1144 1993 1193 et
2026 1151 2213 1194 rursus
2251 1136 2307 1192 in

746 1226 974 1285 slaanlis
998 1225 1078 1283 alt
1098 1245 1113 1282 :
1134 1245 1153 1281 σ
1172 1226 1391 1283 Zizania
1412 1236 1537 1283 sunt
1560 1227 1656 1283 lilii
1679 1228 1897 1299 maligni
1919 1226 1966 1262 ⁸⁸
1992 1226 2137 1300 (8!);
2170 1246 2190 1281 ι
2214 1241 2310 1284 ne-

749 1318 1055 1376 marium
1076 1327 1162 1375 est
1184 1319 1386 1381 dicere.
1413 1320 1671 1388 quoniam
1688 1333 1897 1385 omnes,
1918 1318 2011 1390 qui
2026 1326 2153 1374 sunt
2180 1318 2307 1375 aba-

746 1411 1044 1479 eesaionis,
1104 1411 1354 1482 ascripsit
1401 1412 1517 1480 illi,
1564 1413 1654 1482 qui
1711 1413 1961 1483 princeps
2010 1420 2098 1468 est
2150 1409 2309 1481 huius

747 1501 1223 1574 transgressionis.
1250 1499 1355 1558 Sed
1383 1517 1487 1556 non
1512 1500 1601 1556 ille
1624 1499 1841 1570 quidem
1872 1510 2067 1555 natura
2091 1508 2186 1555 aut
2213 1515 2309 1554 an-

746 1593 923 1668 geios,
957 1601 1055 1648 aut
1078 1591 1326 1649 homines
1347 1591 1495 1647 iecit.
1539 1590 1683 1647 Nihil
1708 1590 1851 1647 enim
1894 1592 1949 1647 iu
1979 1601 2148 1648 totum
2186 1592 2305 1647 dia-

748 1682 910 1741 bolus
937 1682 1210 1739 invenitur
1237 1681 1458 1749 iecisse,
1478 1684 1737 1741 videlicet
1764 1699 1887 1741 cum
1914 1693 1971 1741 et
2008 1684 2124 1754 ipse
2150 1697 2306 1741 crea-

747 1784 872 1833 tura
932 1776 1005 1832 sit
1056 1775 1184 1839 Dei,
1242 1774 1699 1846 quemadmodum
1750 1785 1806 1831 et
1853 1776 2048 1847 reliqui
2104 1775 2303 1844 angeli.

747 1866 945 1924 Omnia
975 1867 1120 1924 enim
1151 1865 1285 1923 fecit
1314 1866 1493 1937 Deus,
1538 1868 1991 1937 quemadmodum
2032 1880 2088 1926 et
2135 1870 2307 1929 David

1520 478 1577 534 S.
1618 474 1873 532 ΙΒΕΝΕῙ
1911 469 2217 532 EPISCOPI
2252 467 2733 530 LUGDUNENSIS
2767 466 2854 525 ET
2885 462 3235 523 MARTYRIS

2335 592 2384 650 Α
2410 579 2545 643 dicit
2589 586 2730 641 illius
2765 584 2971 639 alienos
3021 594 3113 636 eos
3156 579 3231 633 ita
3263 594 3277 631 :
3311 594 3330 630 ι
3379 576 3499 633 Filii
3548 574 3707 631 alieni
3748 576 3961 633 mentiti

3824 460 3963 519 {HO

2413 689 2540 737 sunt
2578 678 2711 735 mihi
2747 674 2815 731 ⁸⁵.
2860 695 2879 728 ι
2911 674 3217 731 Secundum
3240 670 3383 727 enim
3414 678 3659 725 naturam
3684 668 3776 722 lilii
3811 679 3961 736 sunt,

2411 780 2630 843 propter
2650 771 2753 826 hoc
2779 769 2920 839 quod
2947 768 3015 823 ab
3041 781 3106 822 eo
3132 763 3258 819 iacti
3280 770 3436 828 sunt;
3465 759 3754 817 secundum
3781 770 3961 816 autem

2411 878 2573 933 opera
2598 877 2707 919 non
2733 872 2859 918 sunt
2888 858 3006 914 lilii.

2482 955 2537 1010 δ.
2572 953 2621 987 ⁸⁸
2651 949 3114 1021 Quemadmodum
3143 949 3289 1005 enim
3321 946 3376 1003 in
3402 944 3711 1002 hominibus
3759 941 3965 1000 indicto

2408 1048 2695 1106 audientes
2723 1044 2968 1117 patribus
2999 1041 3093 1098 ﬁlii
3122 1042 3376 1106 abdicati,
3404 1048 3592 1095 natura
3619 1038 3835 1107 quidem
3864 1036 3961 1094 liii

2410 1154 2600 1197 eorum
2625 1137 2737 1211 (87)
2772 1146 2917 1203 sunt,
2950 1135 3067 1206 lege
3096 1146 3225 1188 vero
3254 1130 3473 1188 alienati
3504 1136 3658 1195 sunt;
3687 1144 3795 1184 non
3818 1128 3963 1185 enim

2412 1230 2653 1287 heredes
2677 1227 2810 1282 liunt
2850 1222 3181 1281 naturalium
3216 1228 3502 1293 parentum
3541 1236 3557 1275 :
3586 1217 3775 1274 eodem
3802 1215 3963 1273 modo

2412 1323 2553 1393 apud
2578 1320 2774 1385 Deum,
2807 1318 2899 1391 qui
2940 1332 3048 1375 non
3086 1315 3346 1373 obediunt
3381 1314 3430 1369 ei
3452 1350 3470 1375 ,
3500 1309 3733 1367 abdicati
3766 1309 3838 1367 ab
3874 1323 3962 1373 eo.

2411 1416 2691 1471 desierunt
2715 1410 2810 1467 lilii
2839 1408 2957 1481 eius
2975 1420 3113 1465 esse.
3153 1404 3304 1462 Unde
3334 1418 3431 1460 nec
3458 1401 3824 1457 hereditatem
3844 1396 3965 1470 eius

2411 1507 2693 1578 percipere
2750 1509 3025 1575 possunt;
3078 1496 3529 1569 quemadmodum
3587 1491 3756 1548 David
3817 1493 3897 1546 ait
3944 1506 3960 1544 :

2418 1617 2437 1651 s
2472 1596 2703 1654 Alienati
2724 1601 2852 1650 sunt
2874 1598 3191 1663 peccatores
3215 1588 3284 1643 ab
3314 1596 3471 1642 utero
3502 1604 3517 1642 :
3546 1586 3627 1640 ira
3660 1584 3743 1639 eis
3768 1594 3966 1639 secun-

2411 1690 2537 1744 dum
2563 1686 2969 1744 similitudinem
3007 1679 3280 1752 serpentis
3328 1677 3398 1732 “.
3438 1696 3457 1731 ι
3498 1675 3565 1731 Ει
3598 1683 3820 1745 prOpter
3860 1672 3967 1729 hoc

2411 1778 2671 1835 Dominus
2711 1788 2852 1846 quos
2896 1771 3103 1828 sciebat
3138 1768 3415 1825 hominum
3444 1778 3565 1822 esse
3616 1762 3965 1835 progeniem,

2410 1867 2549 1922 dixit
2572 1867 2652 1922 sic
2672 1860 2984 1937 progeniem
3012 1860 3318 1930 viperarum
3344 1856 3409 1922 π,
3434 1854 3728 1911 secundum
3773 1851 3967 1907 simili-

745 1957 828 2015 ait
851 1956 962 2031 (8i)
992 1976 1006 2012 ι
1042 1978 1061 2013 ι
1098 1957 1366 2025 Quoniam
1390 1958 1507 2027 ipse
1530 1957 1692 2026 dixit,
1732 1968 1789 2015 et
1817 1958 1961 2016 facta
1989 1970 2150 2030 sunt;
2192 1961 2307 2034 ipse
2337 1941 2381 1998 Β
2414 1953 2652 2009 tudinem
2679 1954 2873 2009 horum
2895 1948 3210 2005 animalium
3236 1947 3287 2001 iu
3314 1946 3579 2000 varietate
3604 1944 3963 2008 ambulantes,

746 2050 1023 2120 prccepit,
1058 2058 1113 2105 et
1140 2059 1321 2106 creata
1348 2059 1477 2104 sunt
1510 2049 1579 2105 ³¹.
1616 2068 1638 2103 s

817 2136 875 2193 2.
900 2137 947 2170 ³¹
978 2137 1111 2193 Cum
1146 2138 1315 2209 igitur
1337 2154 1367 2194 a
1400 2138 1513 2195 Deo
1536 2141 1723 2197 omnia
1755 2142 1899 2198 iacta
1927 2148 2056 2198 sunt
2082 2141 2225 2215 (83),
2252 2151 2307 2201 et

745 2226 999 2285 diabolus
1038 2228 1358 2299 sibimetipsl
1392 2241 1449 2286 et
1480 2231 1705 2301 reliquis
1747 2233 1924 2289 iactus
1960 2242 2043 2291 est
2083 2234 2307 2291 absces-

742 2318 916 2388 sionis
952 2334 1156 2385 causa;
1198 2317 1345 2388 iuste
1379 2319 1664 2391 Scriptura
1693 2337 1821 2387 eos,
1856 2324 1950 2394 qui
1990 2324 2043 2378 in
2087 2324 2305 2380 absces-

743 2408 901 2467 aione
925 2420 1303 2481 perseverant,
1326 2427 1548 2484 semper
1576 2413 1717 2470 lilios
1746 2414 1968 2483 diaboli,
1997 2424 2053 2472 et
2084 2417 2304 2487 angelos

742 2498 884 2555 dixit
910 2501 1151 2571 maligni.
1175 2501 1349 2559 Filius
1392 2504 1571 2570 enim,
1611 2505 2066 2575 quemadmodum
2100 2517 2157 2563 et
2183 2512 2306 2578 qui-

740 2589 865 2646 dam
913 2601 1039 2646 ante
1080 2608 1179 2649 nos
1211 2592 1348 2648 dixit
1388 2592 1501 2667 (84)
1528 2633 1545 2663 ,
1588 2596 1878 2667 dupliciter
1930 2597 2301 2669 intelligitur:

740 2680 881 2739 alius
915 2680 1134 2751 quidem
1183 2682 1482 2740 secundum
1530 2696 1811 2753 naturam,
1856 2701 1923 2742 eo
1960 2688 2104 2757 quod
2143 2698 2305 2743 natus

737 2769 814 2825 ait
858 2770 1041 2838 illius;
1094 2771 1235 2829 alius
1284 2780 1467 2828 autem
1514 2773 1812 2829 secundum
1859 2775 1912 2829 id
1946 2775 2085 2845 quod
2127 2776 2304 2831 lactus

738 2871 827 2918 est
847 2860 983 2934 (85),
1019 2872 1305 2934 reputatur
1342 2863 1524 2935 illius;
1564 2866 1691 2921 licet
1721 2865 1793 2920 sit
1823 2863 2128 2922 dilicrentia
2157 2867 2303 2923 inter

738 2962 924 3011 uatum
955 2962 1010 3010 et
1038 2954 1264 3010 factum.
1288 2955 1553 3026 Quoniam
1592 2955 1680 3011 ille
1710 2957 1925 3026 quidem
1948 2972 2017 3015 ex
2045 2972 2111 3014 eo
2143 2968 2303 3015 natus

736 3054 843 3111 cst,
877 3045 967 3103 ille
995 3056 1173 3101 autem
1217 3047 1287 3102 ab
1330 3047 1449 3117 ipso
1488 3047 1661 3105 lactus
1697 3060 1811 3119 est,
1855 3050 1969 3105 sive
2004 3052 2300 3109 secundum

737 3137 1133 3205 conditionem,
1165 3139 1281 3196 sive
1302 3140 1601 3197 secundum
1624 3140 1885 3198 doctrina:
1907 3144 2298 3215 magisterium.

736 3227 842 3301 Qui
867 3229 1011 3285 enim
1039 3231 1109 3287 ab
1142 3231 1328 3302 aliquo
1375 3234 1601 3288 edoctus
1642 3241 1760 3300 est,
1804 3235 2001 3298 verbo.
2034 3235 2177 3293 illius
2202 3238 2298 3292 do-

736 3323 915 3380 centis
940 3322 1177 3389 dicitur,
1210 3336 1265 3379 et
1294 3324 1385 3380 ille
1409 3324 1527 3394 ejus
1567 3335 1741 3397 pater.
1786 3326 2093 3382 Secundum
2134 3329 2301 3399 igitur

736 3422 992 3471 naturam
1023 3429 1143 3484 qua
1170 3423 1255 3471 est
1277 3416 1574 3472 secundum
1601 3416 1966 3473 wnditiunem
1987 3458 2003 3485 ,
2035 3427 2093 3474 ut
2117 3419 2190 3474 ita
2217 3420 2301 3475 di-

737 3518 862 3564 cam
885 3545 903 3572 ,
938 3521 1133 3564 omnes
1159 3505 1255 3562 lilii
1284 3507 1381 3562 Del
1410 3522 1634 3575 sumus,
1673 3517 1895 3579 propter
1927 3510 2070 3580 quod
2117 3525 2148 3565 a
2191 3510 2303 3568 Deo

735 3612 934 3657 omnes
965 3597 1098 3653 lacti
1130 3612 1337 3653 sumus.
1371 3595 1678 3653 Secundum
1710 3608 1890 3653 autem
1916 3598 2061 3656 dicto
2082 3601 2304 3657 audienv

741 3689 871 3746 tiam
906 3698 964 3747 et
1003 3689 1347 3754 doctrinam,
1392 3706 1501 3746 non
1543 3703 1734 3747 omnes
1769 3689 1868 3745 lilii
1907 3689 2001 3745 Dei
2026 3699 2179 3759 sunt,
2206 3692 2302 3748 sed

737 3781 833 3850 qui
863 3780 1095 3838 credunt
1118 3782 1192 3851 ei,
1220 3791 1277 3838 et
1307 3781 1514 3839 faciunt
1544 3782 1663 3851 eius
1691 3782 2047 3841 voluntatem.
2073 3784 2176 3853 Qui
2200 3800 2299 3839 au-

738 3875 851 3925 tem
888 3886 995 3927 non
1023 3873 1291 3939 credunt,
1324 3882 1379 3927 et
1410 3889 1515 3929 non
1550 3874 1758 3930 faciunt
1783 3875 1901 3945 eius
1929 3875 2259 3931 voluntatem
2281 3915 2298 3942 ,

739 3962 834 4017 lilii
861 3972 918 4019 et
951 3965 1129 4035 angeli
1160 3975 1289 4022 sunt
1317 3967 1519 4023 diaboli
1552 3968 1686 4042 (86).
1725 3969 1988 4036 Quoniam
2011 3979 2191 4024 autem
2225 3971 2297 4024 ita

738 4068 799 4111 se
823 4054 988 4111 habet
1020 4054 1147 4121 hoc,
1177 4057 1229 4112 in
1260 4058 1397 4113 lsaia
1421 4058 1598 4116 dixit:
1630 4077 1649 4112 ο
1682 4058 1853 4115 Filios
1887 4059 2043 4129 genui
2074 4069 2128 4114 et
2155 4060 2301 4115 exal-

741 4144 873 4212 lavi,
905 4145 1003 4217 ipsi
1037 4155 1218 4202 autem
1244 4162 1331 4202 me
1357 4159 1679 4219 spreverunt
1704 4150 1770 4205 ³⁸.
1809 4169 1829 4202 ι
1852 4150 1919 4205 Et
1946 4152 2143 4206 iterum
2175 4164 2296 4221 qum

809 4285 855 4318 "
883 4283 1073 4342 Matth.
1100 4298 1223 4349 xm,
1251 4282 1343 4341 38.

1432 4284 1477 4318 “
1506 4284 1596 4344 Ps.
1622 4300 1846 4352 csum,
1898 4286 1952 4342 5.

736 4352 952 4411 LXXX.
1022 4354 1069 4387 ³⁸
1100 4354 1246 4409 Psal.
1300 4369 1443 4419 Lvll,
1495 4356 1562 4419 ὁ,
1627 4356 1684 4412 5.

1547 4398 1562 4424 ,
1627 4356 1684 4412 5.
1772 4356 1815 4393 ³⁷
1877 4356 2069 4414 Matth.
2135 4356 2311 4426 xx'ut,
2356 4362 2445 4418 35.

735 4440 925 4492 xum,
951 4425 1041 4481 2|.
1113 4424 1153 4461 ⁸⁸
1185 4425 1388 4481 lerem.
1420 4440 1472 4495 v,
1496 4426 1549 4481 8.
1631 4427 1677 4459 “
1712 4426 1881 4496 lsa.1,
1910 4428 1997 4487 l0.
2062 4428 2109 4463 “
2130 4428 2264 4485 ibid.
2296 4424 2395 4487 ’16.

2411 2058 2464 2103 et
2513 2047 2772 2104 laedentes
2826 2042 3083 2113 reliquos.
3125 2059 3144 2092 ι
3181 2040 3477 2105 Attendite,
3552 2036 3744 2106 inquit,
3788 2050 3818 2090 a
3862 2034 3968 2089 ler—

2412 2147 2597 2193 meuto
2634 2134 3037 2191 Pbarismorum
3067 2138 3123 2187 et
3153 2129 3572 2186 Sadducaorum
3610 2128 3675 2184 “.
3718 2147 3738 2181 ι
3776 2128 3884 2183 Sed
3912 2134 3969 2181 et

2412 2228 2478 2284 de
2548 2224 2770 2282 Herode
2842 2222 3029 2279 dicens
3084 2242 3097 2276 ;
3150 2235 3170 2271 ι
3223 2218 3433 2282 Dicite,
3519 2216 3725 2289 inquit,
3826 2215 3963 2285 vulpi

2412 2320 2539 2376 huic
2562 2319 2639 2385 ³⁹;
2687 2336 2707 2369 s
2740 2330 2970 2387 nequam
3012 2312 3271 2369 astutiam
3302 2312 3420 2380 ejus
3457 2319 3515 2365 et
3548 2310 3727 2365 dolum
3766 2307 3969 2378 signina

2410 2426 2565 2467 cans.
2597 2408 2935 2479 Quapropter
2963 2405 3131 2461 David
3160 2404 3271 2477 (88)
3304 2404 3566 2475 propheta
3595 2402 3671 2455 ait
3696 2417 3712 2460 :
3733 2418 3755 2453 ι
3796 2398 3969 2454 Homo

2412 2506 2466 2560 in
2500 2504 2707 2559 honore
2748 2501 2994 2571 positus,
3042 2497 3377 2555 assimilatas
3410 2504 3495 2551 est
3535 2491 3797 2563 iumentis
3836 2490 3903 2545 ⁸⁸.
3940 2509 3965 2543 s

2410 2594 2478 2650 Et
2511 2596 2706 2649 iterum
2735 2591 3038 2651 Jeremias:
3074 2607 3095 2642 ι
3132 2589 3265 2659 Equi
3302 2586 3542 2643 furentes
3569 2587 3712 2640 circa
3740 2581 3968 2638 feminas

2410 2687 2541 2741 facti
2564 2694 2712 2749 sunt,
2743 2683 3111 2757 unusquisque
3139 2684 3206 2735 ad
3231 2694 3452 2736 uxorem
3475 2676 3713 2748 proximi
3734 2675 3819 2730 sui
3846 2673 3966 2730 hin-

2407 2778 2591 2833 niebat
2616 2775 2682 2831 δι.
2712 2794 2731 2828 ι
2759 2774 2826 2835 Ει
2850 2773 3019 2831 isaias
3063 2772 3117 2827 in
3160 2770 3345 2837 ludas
3376 2782 3728 2841 praeconans,
3760 2776 3965 2822 etcum

2406 2868 2575 2926 lsrael
2600 2869 2899 2939 disputans,
2928 2863 3200 2936 principes
3223 2862 3603 2926 Sodomorum,
3635 2872 3691 2916 et
3712 2857 3966 2929 populant

2407 2963 2727 3023 Gumorrhae
2755 2963 2970 3018 dicebat
2991 2973 3084 3014 eos
3108 2958 3189 3013 ης
3217 2956 3447 3015 similem
3463 2954 3762 3011 Sodomitis
3786 2963 3961 3008 trans.

2407 3055 2774 3124 gressionem,
2836 3060 2891 3105 et
2931 3051 3157 3113 eadem,
3202 3062 3324 3117 qua:
3369 3045 3480 3101 illis
3536 3044 3793 3109 luerunt,
3843 3056 3964 3112 pec-

2407 3160 2526 3203 cata
2554 3145 2663 3219 (89)
2696 3158 2818 3200 esse
2848 3143 2988 3212 apud
3016 3156 3111 3196 eos
3137 3140 3473 3211 signiﬁcans,
3491 3144 3708 3208 propter
3734 3136 3962 3191 similem

2404 3239 2769 3310 operationem
2812 3236 3002 3291 eodem
3044 3231 3311 3289 vocabulo
3357 3246 3557 3287 vocans
3601 3244 3715 3285 eos.
3743 3229 3812 3284 Et
3841 3228 3964 3299 quia

2408 3346 2514 3385 non
2544 3339 2738 3384 natura
2768 3335 2952 3381 essent
2981 3324 3062 3380 sic
3092 3322 3218 3379 iacti
3246 3341 3276 3378 a
3303 3323 3417 3379 Deo
3438 3362 3455 3388 ,
3502 3321 3597 3378 sed
3620 3320 3715 3393 qui
3743 3325 3965 3391 possent

2407 3433 2463 3479 et
2487 3422 2636 3492 juste
2666 3433 2862 3492 agere,
2914 3417 3056 3471 idem
3096 3415 3338 3480 dicebat,
3382 3414 3669 3475 consilium
3712 3413 3794 3468 eis
3834 3415 3965 3470 dans

2405 3516 2606 3571 bonum
2637 3509 2784 3591 (90):
2819 3527 2839 3560 r
2872 3506 3174 3574 Lavatuini,
3207 3507 3388 3563 mundi
3408 3514 3602 3571 estote,
3629 3504 3842 3561 auferte
3866 3517 3965 3561 uo-

2405 3605 2606 3676 quitias
2644 3602 2712 3658 ab
2734 3597 3022 3656 animabus
3047 3595 3159 3670 (9i)
3197 3597 3394 3651 vestris
3421 3605 3547 3650 ante
3567 3593 3752 3650 oculos
3779 3608 3962 3661 meos,

2406 3694 2673 3771 quiescite
2718 3693 2789 3748 ab
2835 3690 3221 3760 iniquitatibus
3269 3688 3466 3744 vestris
3525 3686 3593 3743 ⁸³.
3633 3704 3653 3739 ι
3698 3685 3962 3753 Scilicet,

2406 3788 2658 3861 quoniam
2708 3784 2850 3839 idem
2890 3780 3003 3855 (9‘2)
3048 3778 3153 3850 ipsi
3194 3793 3317 3837 cum
3359 3778 3869 3847 transgrederentur
3908 3785 3963 3835 et

2406 3886 2715 3951 peccarent,
2764 3874 3009 3930 eamdem
3050 3886 3213 3943 quam
3264 3870 3555 3927 Sodomita
3603 3878 3963 3941 perceperunt

2405 3967 2862 4040 obiurgationem.
2887 3963 3023 4019 Cum
3057 3964 3200 4018 enim
3237 3968 3713 4025 converterentur,
3752 3972 3805 4016 et
3846 3974 3962 4032 pm-

2405 4061 2689 4121 nitentiam
2729 4066 2984 4128 agerent,
3017 4065 3074 4112 et
3117 4052 3464 4124 quiescerent
3504 4069 3533 4106 a
3576 4052 3822 4117 malitia,
3868 4052 3957 4108 lilii

2402 4158 2795 4224 poterantesse
2818 4147 2945 4213 Dei,
2984 4155 3039 4202 et
3070 4144 3437 4202 hereditatem
3478 4145 3735 4212 consequi
3780 4143 3957 4201 incor-

2041 4289 2086 4322 ⁸²
2120 4290 2253 4361 Cap.
2300 4287 2562 4361 LXXIX.”
2598 4288 2660 4361 ff
2700 4287 2802 4361 isa.

2335 4287 2562 4361 .XXIX,
2598 4288 2660 4361 ff
2700 4287 2802 4361 isa.
2854 4285 2979 4361 1,3:
3072 4283 3124 4361 ’ᾖ
3163 4283 3305 4361 ξδιΙ.
3364 4298 3503 4350 xm,
3542 4284 3634 4361 ξιξ.
3818 4282 3954 4361 _Cap.

2523 4358 2787 4414 “Matth.
2834 4373 2901 4422 x,
2948 4356 3004 4411 ϐ.
3082 4354 3128 4388 ⁸⁸
3172 4354 3307 4409 Luc.
3361 4369 3499 4420 xm,
3557 4354 3647 4410 52.
3718 4352 3766 4387 “
3816 4352 3955 4410 ραι.

810 4561 921 4639 (βο)
952 4559 1183 4616 Diaboli.
1217 4560 1397 4629 liras"
1418 4562 1557 4619 Gali.
1586 4570 1641 4620 et
1666 4564 1900 4622 Feuard.
1926 4566 2104 4622 minus
2128 4576 2295 4636 recte,
2328 4573 2373 4629 Ι)
2402 4568 2549 4638 ejus,
2581 4566 2723 4639 quod
2765 4564 2946 4639 forsan
2993 4562 3060 4617 ad
3105 4563 3180 4639 si
3214 4571 3409 4639 natura
3432 4600 3448 4627 ,
3490 4562 3735 4639 quamvis
3780 4563 3956 4620 minus

736 4632 999 4689 diabolus.

831 4697 918 4776 iii)
952 4697 1348 4776 Ιξὶιίίιεηιιιῇςιιίζ
1378 4702 1679 4776 Haliguiin
1708 4706 1949 4775 genitivo
1969 4721 2119 4761 casu.

832 4768 921 4841 82)
958 4768 1130 4850 Duuicl
1176 4768 1269 4825 aii.
1312 4770 1466 4850 Quod
1509 4768 1923 4850 addunfeditt.,
1958 4778 2021 4850 de
2051 4778 2292 4834 omnibus

734 4840 1077 4909 huiusmodi,
1117 4843 1351 4909 expunxi
1402 4845 1727 4899 auctoritate
1767 4840 1931 4901 codd.
1963 4845 2200 4902 Clarum.
2237 4856 2294 4903 et

740 4908 898 4979 voss.
923 4925 939 4975 ;
966 4908 1297 4979 superﬂuum
1326 4921 1411 4966 est
1433 4916 1598 4970 enim.

810 4976 1137 5055 (83)_Facta
1172 4990 1325 5055 sunt.
1373 4979 1449 5037 Ita
1494 4998 1564 5055 ex
1604 4984 1939 5041 Claromont.
1994 4985 2147 5055 posui
2195 5002 2292 5054 pro

737 5049 1049 5130 faciamus,
1096 5049 1222 5130 quia
1264 5063 1387 5130 mox
1418 5054 1662 5130 sequitur
1699 5056 1872 5124 [actus
1910 5049 2021 5121 esl';
2047 5049 2293 5125 quanivis

735 5121 1137 5191 conjunctivuim
1160 5121 1445 5191 utrobique
1476 5121 1713 5181 mallem.

807 5187 921 5263 (34)
950 5187 1177 5263 Quidam
1202 5203 1322 5246 ante
1347 5187 1439 5247 nos
1471 5193 1627 5249 dixit.
1666 5195 1798 5263 Quis
1836 5197 1925 5252 hic
1972 5198 2037 5251 ab
2087 5195 2291 5251 Irenaeo

737 5259 1007 5331 laudetur,
1040 5258 1303 5331 incertum
1338 5277 1579 5331 prorsus.

807 5329 919 5403 (85)
960 5329 1261 5403 Secundum
1288 5329 1357 5403 id
1396 5333 1534 5403 quod
1575 5332 1747 5403 {actus
1792 5345 1885 5403 est.
1933 5333 2000 5389 Id
2043 5334 2194 5391 deest
2239 5336 2291 5393 iu

735 5400 945 5473 grund.
975 5406 1167 5473 et_tam
1200 5401 1251 5473 in
1287 5400 1390 5457 hoc
1409 5400 1537 5457 cod.
1565 5400 1727 5472 quam
1760 5404 1812 5457 in
1842 5402 2005 5459 Herc.
2029 5404 2087 5470 2,
2113 5404 2288 5473 Erus,

734 5469 939 5543 Gallus.
962 5476 1016 5543 et
1036 5467 1265 5543 Feuard.
1297 5467 1803 5543 perperam'factam
1834 5474 2047 5540 legitur.

806 5536 918 5612 (86)
948 5536 1131 5612 {lngeli
1166 5550 1285 5612 sunt
1298 5536 1531 5612 'diu'bali.
1574 5536 1793 5599 A'dduut
1822 5536 1975 5598 editt.
2008 5545 2291 5599 secundum

734 5607 974 5683 suum
1016 5607 1192 5683 opera
1212 5610 1408 5665 diaboli
1446 5612 1679 5683 faciunl.
1718 5612 1823 5669 Sed
1866 5613 2103 5683 spuriqu
2148 5615 2290 5669 istud

737 5679 1025 5750 glossema,
1053 5680 1193 5753 quod
1220 5679 1529 5753 e__msrgine
1574 5682 1625 5736 in
1664 5692 1865 5737 textum
1894 5679 2137 5753 irrepsit,
2182 5699 2289 5738 non

737 5749 1033 5818 agnoscunt
1056 5749 1213 5804 codd.
1246 5749 1480 5806 Claroin.
1518 5760 1572 5807 et
1613 5752 1763 5811 Voss.
1796 5749 2022 5823 quorum
2050 5755 2291 5809 auctori—

740 5828 850 5875 tate
880 5816 1003 5871 illud
1025 5822 1279 5885 expunxi.

1243 5840 1279 5873 ι.

806 5886 917 5957 (87)
953 5885 1172 5947 Eorum.
1215 5890 1269 5945 in
1306 5890 1537 5950 Clarum.
1582 5902 1636 5950 et
1679 5908 1786 5952 om.
1834 5891 2047 5965 Anglic.
2095 5891 2291 5964 legitur

2401 4630 2569 4716 recte;
2599 4630 2796 4716 'r_el'erri
2827 4640 3006 4716 posset
3030 4633 3180 4716 ;._nisi
3214 4630 3781 4716 pIo‘ejusoleg‘endlum
3815 4644 3957 4716 esset

2396 4710 2492 4764 eis.
2533 4707 2639 4763 Sed
2670 4722 2791 4761 cum
2827 4701 2878 4758 iu
2916 4703 3166 4757 omnibus
3195 4702 3351 4756 editt.
3381 4710 3436 4755 et
3468 4701 3520 4753 in
3550 4701 3805 4758 Ottobon.
3837 4705 3953 4759 cod.

2400 4778 2609 4847 legatur
2630 4792 2832 4838 eorum,
2866 4788 2930 4829 ac
2954 4775 3026 4825 ita
3065 4772 3320 4847 habuisse
3344 4782 3587 4847 veterem
3615 4769 3954 4847 Fcu_a_rdenlii

2398 4840 2521 4901 co'd.
2554 4862 2618 4901 ex
2648 4860 2711 4901 eo
2740 4856 3055 4915 persuasum
3086 4842 3343 4915 habeam,
3362 4840 3501 4908 quod
3533 4840 3844 4915 il_l_e_uullam
3871 4858 3957 4897 va-

2401 4916 2537 4973 riam
2570 4910 2891 4979 lectionem,
2930 4914 3046 4967 sive
3075 4910 3143 4965 ad
3175 4910 3472 4979 marginem
3514 4910 3767 4979 editionis
3812 4926 3953 4976 suae,

2398 4989 2516 5041 sive
2547 4987 2599 5041 in
2626 4978 3098 5042 observationibus
3118 5020 3134 5046 ,
3165 4978 3468 5045 adnotarit,
3504 4978 3635 5034 nihil
3660 4981 3955 5037 immutan-

2397 5056 2521 5110 dum
2546 5072 2663 5111 esse
2695 5055 2842 5111 duxi.

2469 5124 2581 5197 (88)
2613 5125 2805 5197 Dauid.
2834 5124 2975 5178 Duas
3008 5135 3168 5197 voces
3191 5160 3208 5187 ,
3238 5132 3286 5174 et
3320 5117 3612 5185 Jersmias,
3639 5121 3728 5176 hic
3748 5120 3957 5197 addunt

2396 5192 2633 5252 Clarum.
2679 5205 2733 5250 et
2768 5194 2960 5261 Voss.;
3005 5192 3257 5248 omittunt
3285 5204 3445 5256 vero,
3485 5204 3610 5246 cum
3648 5194 3815 5247 verbo
3848 5194 3950 5258 ait,

2397 5276 2594 5337 post-“
2624 5268 2834 5337 iterm-

2466 5334 2580 5404 (89)
2613 5331 3819 5419 Siuilsmﬂdoam,‘,'tar19!9*!£?§sr:-_€'
3864 5349 3951 5419 es:

2397 5401 2537 5469 dent,
2562 5401 2683 5472 qua:
2713 5403 2819 5459 illis
2846 5403 3325 5471 fuerunl,peccala.
3355 5401 3444 5457 Sic
3473 5416 3659 5472 omnes
3690 5416 3822 5472 mss.
3852 5402 3951 5457 nisi

2396 5476 2539 5542 quod
2577 5470 2784 5528 Arund.
2816 5483 2872 5528 et
2899 5473 3059 5528 Merc.
3094 5470 3139 5526 ἲ
3174 5472 3409 5526 habeant
3442 5470 3527 5542 illi
3562 5486 3659 5542 pro
3692 5471 3841 5537 illis;
3891 5487 3953 5542 ac

2398 5541 2563 5600 Herc.
2601 5545 2625 5597 i
2662 5544 2887 5607 vitiose,
2930 5554 3386 5612 transgressurus.
3426 5541 3718 5612 At_editt.,
3754 5541 3953 5612 similes

2396 5614 2530 5666 enim
2562 5612 2848 5668 Sodomitis
2882 5610 3317 5683 transgressione,
3339 5624 3387 5665 et
3424 5610 3603 5665 eadem
3632 5627 3750 5681 qua:
3772 5611 3853 5665 illi
3876 5616 3953 5682 ls-

2397 5696 2574 5737 ccrunl
2598 5694 2832 5752 peccata.

2466 5754 2579 5822 (90)
2598 5748 2831 5807 Bonum.
2862 5752 3019 5807 Deest
3043 5752 3093 5807 in
3117 5751 3267 5807 Erus.
3297 5758 3351 5805 et
3373 5748 3508 5805 Gali.

2465 5826 2577 5891 (9i)
2611 5824 2917 5877 Animabus.
2949 5822 3072 5889 Alii,
3106 5823 3312 5891 animis.

2471 5888 2584 5967 (92)
2617 5891 2785 5951 Idem.
2820 5893 2912 5952 Sic
2944 5888 3182 5951 Clarum.
3216 5889 3428 5963 Reliqui
3466 5888 3631 5953 male.
3663 5890 3848 5953 iidem.
