4222 6320
297 462 448 522 1117

1456 458 1737 518 CONTRA
1773 457 2118 518 ωειῑεεεε
2150 455 2281 517 LIB.
2318 456 2386 518 Υ.

3408 449 3548 507 ωδ

292 591 411 649 ηρ
435 576 560 645 cla,
586 593 707 650 qua
730 576 801 633 ah
828 590 894 633 eo
920 586 1232 647 praestatur.
1266 574 1576 631 Secundum
1610 576 1750 632 hanc
1774 576 1881 647 ἱεὶ-
1904 581 1959 643 Α
1985 576 2177 633 reticis
2198 614 2215 641 ,
2244 574 2299 631 in
2344 584 2514 631 totum
2560 586 2669 629 non
2713 569 3138 641 inteliigentibus
3168 583 3287 641 qua
3310 583 3342 625 a
3380 566 3550 625 Paulo

295 674 401 724 tur
435 667 731 735 rationem,
759 666 984 739 angelos
1010 665 1248 733 diaboli,
1275 674 1334 723 et
1366 664 1509 722 ﬂiios
1541 666 1681 723 dixit
1714 665 1875 722 maii-

291 760 422 833 gni,
444 761 538 833 qui
559 759 776 817 diabolo
800 761 1057 827 credunt,
1081 766 1138 816 et
1157 772 1222 815 ea
1248 773 1368 829 que
1397 768 1527 817 sunt
1547 758 1665 830 eius
1684 769 1871 831 agunt.

295 851 412 921 Qui
440 852 656 923 quidem
689 853 760 909 ab
794 852 951 908 initio
976 864 1169 908 omnes
1206 850 1277 907 ab
1314 865 1424 906 uno
1447 860 1503 909 et
1541 850 1733 907 eodem
1764 849 1874 908 Deo

297 941 423 1017 (95)
450 940 577 997 facti
609 952 759 1000 sunt.
789 942 993 999 Verum
1020 941 1241 1012 quando
1265 941 1529 1007 credunt,
1558 951 1617 995 et
1644 939 1874 1012 subjecti

293 1047 434 1095 esse
468 1032 586 1093 Deo
626 1043 1018 1107 perseverant,
1062 1043 1122 1091 et
1158 1034 1470 1094 doctrinam
1521 1032 1640 1102 eius
1687 1042 1874 1091 custo-

294 1125 487 1196 diunt,
516 1127 614 1185 lilii
652 1136 783 1185 sunt
820 1125 920 1187 Dei
950 1145 968 1185 :
995 1141 1121 1183 cun
1167 1136 1349 1184 autem
1378 1127 1784 1197 abscesserint,
1819 1134 1875 1185 et

292 1222 634 1293 transgressi
663 1221 890 1289 iuerint,
922 1220 1140 1279 diabolo
1166 1221 1516 1278 ascrihuutur
1535 1222 1791 1294 principi,
1818 1220 1871 1277 ei

290 1311 399 1381 qui
429 1314 610 1384 primo
630 1312 774 1380 sibi,
803 1320 936 1371 tunc
962 1323 1027 1371 et
1050 1311 1284 1386 reliquis
1312 1328 1478 1370 causa
1509 1312 1872 1372 abscessionis

289 1401 377 1459 sit
400 1400 600 1461 factus.

374 1492 432 1552 ι.
465 1494 736 1563 Quoniam
761 1506 941 1555 autem
978 1497 1135 1554 multi
1162 1496 1381 1569 quidem
1414 1496 1627 1554 Domini
1654 1510 1869 1554 sermo-

290 1603 441 1657 nes,
483 1605 650 1647 unum
696 1599 879 1649 autem
921 1600 978 1648 et
1021 1591 1272 1648 eumdem
1312 1602 1504 1649 omnes
1546 1590 1873 1645 annuntiant

289 1676 523 1738 Patrem
567 1680 830 1738 factorem
872 1680 1062 1738 mundi
1108 1678 1305 1750 huius,
1355 1678 1645 1751 oportebat
1678 1689 1734 1737 et
1770 1693 1872 1736 nos

287 1783 524 1849 promer
544 1787 643 1831 eos
667 1813 682 1841 ,
714 1774 809 1845 qui
853 1774 910 1829 in
961 1772 1144 1829 multis
1171 1772 1451 1829 erroribus
1478 1772 1831 1829 continentur
1850 1809 1868 1839 ,

288 1874 399 1935 per
429 1863 597 1920 multa
631 1865 951 1932 confutare;
973 1864 1020 1921 si
1042 1862 1319 1934 quomodo
1341 1872 1561 1933 possent
1582 1878 1681 1935 per
1702 1862 1871 1920 multa

1982 669 2129 725 dicta
2159 676 2308 737 sunt,
2341 666 2476 725 alias
2515 675 2849 737 acceperunt
2886 663 3366 735 interpretationes
3390 700 3407 729 ,
3454 676 3544 717 ex-

1980 761 2206 833 planare
2241 769 2295 817 et
2333 758 2663 816 dementiam
2714 756 3100 815 insensationis
3140 770 3332 811 eorum
3363 764 3551 811 osten-

1978 854 2155 911 dere:
2183 862 2241 911 et
2263 854 2333 911 ab
2354 852 2544 910 eodem
2571 850 2761 917 Paulo,
2791 866 2859 906 ex
2886 864 2995 920 quo
3025 850 3185 907 nobis
3223 848 3552 920 quastiones

1980 944 2241 1012 inferunt,
2269 942 2642 1009 manifestare,
2681 941 2801 997 illos
2826 939 3044 1013 quidem
3070 938 3381 1003 mendaces,
3407 938 3552 1009 Apo-

1977 1036 2179 1095 stolum
2206 1052 2345 1094 vero
2383 1035 2800 1107 prtedicatorem
2828 1050 2953 1093 esse
2984 1031 3253 1099 veritatis,
3282 1040 3339 1088 et
3364 1030 3550 1090 omnia

1977 1127 2330 1185 consonantia
2344 1127 2590 1186 veritatis
2608 1127 2881 1200 praeconio
2898 1126 3168 1193 docuisse,
3185 1140 3353 1182 unum
3381 1123 3553 1181 nsum

1977 1219 2199 1279 Patrem
2222 1236 2374 1291 eum,
2405 1222 2501 1293 qui
2527 1222 2745 1279 locutus
2786 1219 2859 1278 sit
2886 1219 2958 1275 ad
2992 1219 3269 1277 Abraham
3292 1260 3310 1289 ,
3338 1218 3435 1289 qni
3474 1215 3553 1274 le-

1977 1313 2345 1385 gisdationem
2376 1315 2599 1380 iecerit,
2625 1314 2717 1384 qui
2752 1313 3046 1385 prophetas
3082 1311 3429 1385 praemiserit,
3456 1309 3551 1381 qui

1978 1406 2295 1462 novissimis
2329 1406 2665 1477 temporibus
2695 1404 2895 1461 Filium
2918 1418 3077 1463 suum
3098 1404 3273 1471 misit,
3305 1413 3363 1460 et
3400 1402 3550 1459 salu-

1977 1508 2087 1555 tem
2118 1514 2219 1555 suo
2242 1498 2496 1569 plasmati
2524 1498 2691 1556 donat
2727 1498 2880 1571 (96),
2922 1499 3066 1570 quod
3097 1506 3182 1554 est
3202 1498 3388 1555 carnis
3416 1497 3549 1554 sub-

1976 1591 2201 1648 stantia.
2251 1589 2514 1662 Reliquos
2560 1591 2730 1663 igitur
2774 1604 3061 1647 sermones
3108 1588 3365 1657 Domini,
3412 1603 3551 1659 quos

1976 1681 2196 1753 quidem
2225 1697 2333 1738 non
2367 1697 2466 1753 per
2494 1682 2805 1752 parabolas,
2837 1683 2935 1739 sed
2963 1681 3284 1753 simpliciter
3305 1682 3440 1753 ipsis
3465 1682 3551 1737 di-

1977 1771 2251 1829 ctionibus
2278 1772 2465 1829 docuit
2491 1771 2560 1829 de
2584 1771 2748 1829 Patre
2764 1813 2782 1841 ,
2812 1783 2869 1829 et
2905 1773 3306 1844 expositionem
3330 1773 3549 1843 Episto-

1974 1863 2147 1919 larum
2172 1864 2319 1921 beati
2345 1865 2592 1936 Apostoii
2624 1864 2738 1939 (97)
2771 1866 2829 1922 in
2870 1866 3044 1923 altero
3080 1866 3221 1924 libro
3250 1867 3546 1937 disponen-

289 1955 566 2013 coniutati
604 1954 717 2030 (94)
764 1964 824 2013 et
858 1956 928 2013 ad
967 1956 1253 2013 veritatem
1298 1954 1469 2029 289
1496 1956 1785 2024 converti,
1815 1963 1871 2013 et
1897 1952 1942 2008 Β
1971 1966 2075 2023 tes,
2109 1956 2379 2029 integrum
2411 1955 2513 2013 tibi
2534 1971 2671 2028 opus
2697 1957 3135 2028 exprobrationis
3158 1966 3216 2014 et
3238 1959 3547 2015 eversionis

289 2047 521 2104 salvari.
553 2047 937 2105 Necessarium
966 2058 1054 2107 est
1082 2056 1267 2105 autem
1292 2048 1687 2120 conscriptioni
1711 2047 1863 2119 huic,

1970 2047 2109 2106 ialso
2144 2049 2543 2121 cognominata
2577 2050 2877 2122 agnitionis
2908 2049 3042 2125 (98),
3076 2057 3371 2122 praestante
3406 2048 3544 2115 Deo.

291 2138 349 2195 in
381 2139 633 2211 sequenti
660 2139 773 2214 (95)
800 2148 924 2214 post
960 2140 1175 2198 Domini
1220 2154 1507 2199 sermones
1539 2140 1867 2214 subiungere
1971 2140 2373 2211 pmbebimus;
2412 2150 2470 2197 et
2497 2156 2602 2199 nos
2641 2141 2791 2215 ipsos
2815 2183 2832 2210 ,
2872 2151 2929 2200 et
2972 2152 3026 2200 te
3051 2143 3121 2199 ad
3159 2142 3547 2199 contradictio-

287 2230 448 2287 Pauli
473 2246 693 2304 quoque
718 2234 1021 2292 doctrinam
1042 2273 1059 2300 ,
1102 2242 1160 2289 et
1183 2233 1502 2289 examinare
1530 2234 1864 2290 sententiam
1971 2248 2096 2289 nem
2125 2233 2369 2290 omnium
2404 2233 2790 2294 haereticorum
2834 2235 2889 2291 in
2937 2236 3179 2308 quinque
3226 2246 3545 2293 exercentes

288 2317 429 2391 eius,
461 2332 518 2377 et
545 2322 858 2392 Apostolum
884 2337 1177 2395 exponere,
1211 2333 1270 2381 et
1297 2338 1633 2395 quacunque
1657 2324 1725 2379 ab
1748 2324 1864 2381 bre-

1969 2325 2141 2383 libris.
