3954 6352
302 380 387 386 Α*
524 376 621 382 --κ
778 376 864 385 -_
908 377 1010 386 --..
1140 382 1175 385 η
1274 382 1347 389 ,-_
1396 384 1419 391 μ
1480 385 1509 392 -,
1570 386 1583 394 ,
1778 387 2229 397 “meum---

1996 430 2070 437 _.-
2089 429 2217 441 ____
2260 431 2305 440 _.
2377 433 3470 451 _.__.___._.____...

1454 637 2332 766 PIUEFATIO.

334 1076 427 1136 Ex
451 1075 760 1139 omnibus
788 1084 1155 1139 sanctorum
1190 1080 1445 1139 Patrum
1475 1077 1805 1155 operibus,
1845 1077 1953 1137 vix
1985 1078 2119 1139 ulla
2151 1094 2296 1140 esse
2327 1076 2551 1139 lrenaai
2584 1076 2839 1156 scriptis
2870 1076 3187 1140 bonorum
3234 1081 3527 1143 omnium

252 1177 698 1251 veneratione,
736 1178 1001 1252 studiis,
1032 1178 1309 1241 lectione
1343 1197 1415 1242 ac
1448 1180 1621 1241 curis
1653 1180 1972 1259 digniora,
2008 1196 2258 1241 mecum
2311 1179 2479 1240 ultro
2535 1176 2838 1240 fatebitur
2871 1179 3176 1259 quisquis
3221 1180 3528 1243 Christia-

253 1297 478 1342 narum
524 1296 744 1342 rerum
768 1298 898 1343 non
938 1283 1203 1345 omnino
1234 1283 1417 1345 rudis
1442 1284 1782 1350 exstiterit.
1825 1284 2243 1362 Quacunque
2279 1282 2453 1344 enim
2500 1282 2575 1344 ad
2608 1282 3050 1345 auctoritatem
3101 1282 3526 1362 scriptoribus

256 1385 699 1447 ecclesiasticis
727 1369 1212 1466 comparandam
1245 1390 1561 1469 prmeipua
1578 1400 1751 1461 sunt,
1778 1408 1847 1453 ea
1869 1390 2083 1451 omnia
2115 1390 2589 1451 sanctissimum
2604 1388 2776 1463 hunc
2804 1387 3339 1467 Lugdunensium
3386 1389 3526 1467 epi-

259 1502 535 1564 scopum,
570 1484 1312 1567 splendidissimumque
1342 1491 1665 1569 quondam
1698 1490 1920 1552 Galliae
1948 1496 2182 1551 nostra;
2237 1489 2457 1551 lumen
2489 1488 2957 1550 commendant.
2982 1487 3046 1547 Si
3074 1488 3522 1567 antiquitatem

255 1602 631 1670 spectemus,
653 1593 759 1653 air
788 1593 1179 1672 apostolicus
1214 1594 1229 1624 ¹
1260 1592 1405 1667 fuit,
1436 1597 1685 1657 vicinus
1709 1594 2141 1674 apostolorum
2166 1594 2550 1674 temporibus
2583 1604 2627 1666 ²,
2668 1602 2727 1654 et
2758 1592 2837 1653 ab
2858 1589 3292 1667 apostolorum
3325 1590 3522 1653 disci-

245 1686 413 1763 pulis
442 1687 830 1762 institutus;
861 1688 917 1750 si
942 1690 1316 1765 doctrinam,
1350 1694 1624 1754 omnium
1648 1692 2083 1755 doctrinarum
2114 1693 2584 1755 curiosissimus
2604 1693 2978 1772 explorator
3004 1692 3522 1763 'exstitit,rectw

240 1803 477 1864 semper
512 1786 950 1866 catholicasque
978 1786 1282 1850 doctrinm
1303 1801 1747 1869 propugnator
1774 1791 1796 1822 ⁸
1848 1791 2367 1864 strenuissimus,
2400 1800 2463 1854 et
2492 1792 2559 1853 in
2584 1793 2927 1871 Scriptura;
2955 1808 3149 1853 sacrae
3182 1793 3511 1870 priorum-

240 1900 362 1964 que
391 1887 654 1948 Patrum
680 1884 955 1949 lectione
985 1887 1299 1965 apprime,
1345 1894 1417 1950 ut
1448 1888 1691 1969 ubique
1732 1889 2002 1951 clamant
2033 1889 2175 1968 ejus
2223 1890 2480 1968 scripta,
2515 1896 2839 1964 versatus;
2872 1892 2928 1954 si
2960 1892 3362 1954 sanctitatem
3394 1894 3515 1956 de-

239 1984 462 2063 nique,
512 1990 615 2047 oir
646 1986 895 2049 omnino
930 1988 1215 2069 Spiritus
1249 1992 1455 2053 sancti
1502 1992 1685 2053 donis
1747 2011 1820 2053 ac
1866 1992 2213 2054 caelestibus
2269 1994 2655 2054 ornamentis
2686 1994 3037 2057 instructus
3065 1998 3194 2075 fuit
3222 1997 3269 2068 ⁸,
3328 1998 3517 2077 cujus

237 2088 492 2165 scripta,
534 2099 603 2153 ut
634 2090 881 2151 Erasmi
913 2093 1125 2155 verbis
1154 2102 1319 2168 utar,
1378 2095 1628 2174 spirant
1662 2095 1942 2173 priscum
1982 2095 2171 2157 illum
2204 2091 2539 2172 Evangelii
2573 2095 2891 2170 vigorem,
2922 2114 2994 2159 ac
3022 2097 3274 2175 phrasis
3304 2100 3517 2178 arguit

234 2201 453 2270 pectus
496 2194 807 2275 martyrio
830 2203 1151 2275 paratum;
1184 2213 1380 2276 quem
1411 2196 1801 2259 sanctissimi
1832 2204 2143 2276 martyres
2176 2193 2645 2275 Lugdunenses
2682 2192 2979 2271 epistolis
3010 2198 3149 2258 suis
3176 2198 3515 2275 magnifice

232 2292 732 2367 commendant;
763 2310 959 2373 quem
984 2294 1269 2374 denique
1302 2310 1551 2357 morum
1582 2294 1917 2375 integritas
1946 2296 2016 2356 in
2067 2293 2324 2356 Pothini
2355 2292 2544 2370 primi
2614 2290 3159 2367 Lugdunensium
3220 2295 3511 2375 episcOpi

233 2386 446 2451 locum
481 2392 765 2455 suffecit.
800 2396 852 2455 E
873 2391 1171 2472 pluribus
1192 2410 1343 2455 vero
1374 2411 1518 2475 qua:
1534 2393 1883 2473 reliquerat
1903 2394 2212 2457 doctrinm
2235 2391 2620 2473 pietatisque
2664 2392 3131 2454 monumentis
3160 2405 3514 2473 supersunt

232 2488 368 2550 libri
404 2491 705 2572 quinque
733 2509 898 2573 quos
953 2492 1212 2570 scripsit
1239 2493 1550 2555 adversus
1608 2493 1881 2556 haereses
1911 2494 2382 2567 Gnosticorum,
2423 2510 2568 2573 quas
2602 2490 2745 2571 ejus
2804 2496 3090 2572 tempore
3122 2493 3189 2555 in
3244 2495 3511 2573 regione

232 2590 679 2668 Lugdunensi,
706 2593 807 2655 cui
848 2602 1134 2670 prayerat,
1186 2592 1459 2671 grassari
1501 2593 1633 2672 jam
1662 2601 2015 2670 cmperant;
2068 2610 2145 2654 eo
2183 2592 2386 2670 pluris
2444 2592 2826 2665 aestimandi,
2889 2600 3025 2654 tum
3056 2595 3233 2675 quod
3284 2614 3363 2661 ex
3420 2605 3511 2662 tot

232 2696 289 2745 et
328 2689 535 2749 tantis
566 2689 811 2768 quibus
843 2691 1268 2756 Christianam
1298 2695 1487 2758 ﬁdem
1512 2694 1939 2757 illustraverat
1962 2696 2288 2773 operibus,
2322 2695 2460 2756 nihi
2492 2693 2669 2755 aliud
2716 2692 2850 2756 fere
2892 2697 2975 2756 sit
3030 2696 3269 2778 reliqui
3301 2720 3317 2770 ;
3370 2707 3509 2761 tum

228 2792 391 2867 quod
425 2795 735 2869 pretiosa;
768 2797 898 2858 sint
942 2800 1306 2876 apostolicaa
1333 2802 1535 2863 (etatis
1571 2801 1883 2881 reliquias,
1918 2802 2156 2882 quibus
2212 2820 2310 2876 ea,
2340 2818 2530 2882 quam
2575 2796 2916 2875 discipulis
2947 2798 3085 2858 suis
3111 2799 3510 2861 tradiderant

228 2890 523 2965 apostoli,
558 2900 621 2953 et
651 2894 731 2954 ab
782 2894 881 2956 his
905 2907 1232 2976 acceperat
1262 2901 1568 2973 Irenmus,
1601 2903 1890 2964 doctrina
1920 2911 1982 2963 et
2030 2901 2217 2964 facile
2272 2900 2799 2980 deprehenditur,
2830 2903 2893 2955 et
2936 2895 3015 2956 ad
3080 2911 3199 2957 nos
3260 2895 3506 2960 illibata

228 2990 697 3053 transmittitur.
730 2996 800 3055 ln
834 2996 916 3056 iis
940 2998 1265 3077 siquidem
1290 3000 1604 3078 praecipua
1637 3017 1910 3079 quaeque
1949 2999 2297 3073 catholica),
2325 3016 2517 3079 quam
2544 2998 2897 3059 hodienum
2931 2995 3325 3071 profitemur,
3352 2995 3503 3058 ﬁdei

229 3085 519 3163 dogmata
548 3090 628 3151 de
661 3096 990 3171 mysteriis
1041 3098 1461 3160 sanctissimas
1490 3098 1818 3159 Trinitatis
1849 3106 1911 3159 et
1941 3098 2423 3169 Incarnationis,
2458 3097 2538 3157 de
2578 3096 3013 3169 sacramentis,
3069 3096 3504 3159 ecclesiastica

229 3180 616 3263 hierarchia,
652 3193 872 3257 divina
911 3199 1363 3277 episcoporum
1408 3200 1844 3274 institutione,
1880 3202 2250 3264 traditionis
2281 3201 2679 3273 auctoritate,
2712 3200 2877 3261 Petri
2910 3199 3186 3279 ejusque
3244 3217 3503 3263 succes-

226 3297 432 3348 sorum
469 3306 776 3368 suprema
796 3295 1103 3375 dignitate
1135 3317 1209 3362 ac
1235 3302 1539 3378 primatu,
1574 3312 1729 3377 etc.,
1768 3304 2007 3367 diserte
2042 3304 2205 3367 adeo
2234 3321 2307 3365 ex
2321 3302 2639 3380 plicantur
2670 3309 2731 3363 et
2755 3304 3233 3377 confirmantur,
3268 3312 3339 3367 ut
3365 3322 3497 3368 non

228 3392 468 3448 veteres
507 3396 779 3465 tantum,
814 3395 927 3455 sed
958 3405 1273 3477 quotquot
1302 3400 1381 3460 ab
1425 3401 1795 3479 apostolicis
1825 3402 2224 3481 temporibus
2252 3400 2329 3461 ad
2364 3406 2576 3460 nostra
2609 3416 2818 3478 usque
2851 3414 3253 3466 emerserunt
3286 3409 3493 3468 hatre—

225 3505 316 3549 ses
340 3491 494 3553 hinc
556 3495 863 3558 radicitus
895 3502 1227 3579 exstirpari
1263 3520 1333 3565 ac
1362 3504 1657 3567 funditus
1688 3507 1891 3568 everti
1922 3507 2189 3569 valeant.
2225 3508 2572 3583 Eapropter
2615 3520 2651 3565 a
2679 3503 2989 3582 Gregorio
3017 3505 3248 3583 Magno
3273 3507 3389 3569 diu
3422 3526 3496 3572 ac

226 3588 493 3654 sollicite
523 3598 802 3674 quaesiti,
834 3607 894 3659 et
919 3618 955 3662 a
983 3604 1087 3665 SS.
1116 3605 1403 3669 Patribus
1434 3624 1504 3669 ac
1543 3607 1669 3685 piis
1701 3607 2073 3688 quibusque
2115 3606 2444 3669 catholicis
2477 3614 2600 3667 tam
2656 3606 2883 3668 sedula
2916 3624 3106 3670 manu
3143 3611 3397 3685 versati,
3430 3619 3495 3674 et

221 3708 291 3752 eo
318 3697 686 3760 studiosius
717 3703 981 3779 perlecti
1004 3715 1177 3781 sunt,
1210 3726 1341 3788 quo
1374 3726 1572 3790 puros
1611 3711 1981 3789 apostolica:
1996 3709 2303 3771 doctrinm
2348 3708 2567 3769 latices
2598 3724 2633 3770 a
2660 3706 2951 3770 fontibus
3001 3716 3293 3775 recentes
3323 3710 3483 3773 hau-

221 3794 338 3857 rire
395 3799 640 3879 volupe
690 3801 839 3867 fuit.
890 3807 1056 3871 Hinc
1086 3828 1163 3871 ex
1194 3828 1326 3889 quo
1356 3821 1571 3875 renata
1598 3815 1663 3874 in
1695 3813 2043 3875 Occidente
2080 3812 2392 3873 bonarum
2432 3811 2788 3873 litterarum
2818 3811 3054 3882 studia,
3113 3822 3493 3891 resurgente

219 3894 400 3957 simul
443 3899 515 3959 in
562 3902 790 3964 lrenaai
844 3905 1321 3973 lucubrationes
1377 3930 1627 3985 amore,
1689 3912 1851 3974 nihil
1892 3913 2072 3991 prius
2131 3911 2492 3973 habuerunt
2526 3911 2596 3983 ii,
2632 3911 2872 3989 quibus
2922 3927 3095 3971 sacra
3138 3912 3489 3992 antiquitas

216 3994 382 4055 cordi
444 3995 597 4071 fuit,
631 4018 822 4080 quam
865 4012 935 4065 ut
977 4024 1083 4069 eas
1120 4026 1153 4070 e
1193 4010 1727 4075 bibliothecarum
1759 4012 2042 4074 tenebris
2076 4021 2290 4073 erutas
2328 4012 2500 4090 typis
2552 4012 3048 4084 committerent,
3111 4012 3488 4093 publicique

206 4096 366 4174 juris
386 4100 703 4167 facerent.

282 4209 498 4273 Prima
532 4216 822 4277 omnium
867 4219 1064 4281 editio
1100 4230 1194 4283 est
1224 4241 1415 4303 quam
1455 4225 1718 4287 Basileaa
1777 4225 2143 4303 procuravit
2193 4222 2573 4285 Desiderius
2632 4223 2932 4281 Erasmus
2961 4233 3131 4279 anno
3162 4219 3341 4290 1526,
3404 4234 3483 4278 ex

213 4312 409 4377 tribus
446 4319 977 4397 exemplaribus;
1032 4341 1162 4385 uno
1211 4328 1385 4405 quod
1422 4329 1636 4389 Romae
1683 4328 2077 4406 descriptum
2106 4326 2185 4388 ad
2222 4343 2369 4387 eum
2422 4325 2597 4386 misit
2626 4326 2905 4384 Joannes
2956 4321 3178 4394 Faber,
3225 4321 3481 4382 duobus

209 4414 345 4476 aliis
370 4434 406 4478 e
446 4422 863 4483 monasteriis
890 4425 1287 4488 commodato
1314 4428 1619 4506 praebitis.
1652 4428 1822 4503 Quid
1846 4429 2117 4507 insuper
2146 4430 2211 4488 in
2254 4429 2369 4488 hac.
2399 4426 2687 4487 editione
2746 4422 3135 4503 praastiterit,
3172 4427 3390 4482 monet
3414 4422 3482 4481 in

208 4528 313 4575 sua
340 4514 621 4593 epistola
656 4523 1122 4597 nuncupatoria
1149 4524 1227 4586 ad
1251 4527 1639 4589 Bernardum
1674 4527 1752 4588 de
1783 4526 1968 4587 Gloss
2017 4523 2899 4604 episcopumjridentinum,
2936 4526 3155 4597 postea
3197 4524 3483 4579 creatum

209 4614 596 4676 cardinalem
626 4633 660 4677 a
697 4618 1019 4684 Clemente
1065 4641 1225 4703 papa
1256 4628 1394 4698 VH,
1432 4645 1600 4689 anno
1633 4629 1807 4701 1529,
1842 4644 2036 4707 quam
2064 4627 2141 4689 ad
2169 4624 2477 4687 editionis
2514 4630 2747 4684 nostra)
2770 4620 3007 4680 calcem
3030 4616 3255 4695 reponi
3291 4634 3479 4680 cura-

207 4719 435 4781 vimus.
503 4721 581 4777 At
619 4728 687 4780 ut
714 4720 960 4785 homini
990 4726 1069 4786 de
1102 4727 1329 4791 litteris
1356 4731 1747 4811 caeteroquin
1782 4738 1909 4791 tam
1943 4730 2107 4792 bene
2149 4726 2377 4789 merito
2416 4724 2769 4803 plurimum
2805 4724 3102 4797 debetur,
3133 4721 3309 4802 quod
3340 4724 3481 4785 lre-

207 4823 326 4881 naai
352 4823 554 4884 libros
588 4823 835 4902 primus
868 4823 1008 4887 luce
1034 4827 1365 4890 donaverit
1394 4874 1409 4901 ,
1439 4832 1524 4892 ita
1557 4830 1912 4892 dolendum
1937 4828 2112 4909 quod
2139 4826 2519 4889 melioribus
2552 4825 2885 4887 codicibus
2917 4824 3268 4885 destitutus
3294 4824 3481 4902 plura

207 4931 503 5000 praestare
532 4940 662 4985 non
694 4926 994 5001 potuerit.
1023 4929 1139 4989 Tot
1170 4932 1344 4991 enim
1368 4933 1641 5003 mendis,
1693 4931 1977 4999 lacunis.
2030 4928 2405 5006 mutilisque
2438 4944 2509 4988 ac
2550 4927 2911 5005 depravatis
2940 4928 3226 5007 periodis
3281 4931 3479 4988 scatet

207 5029 339 5106 ejus
367 5028 600 5099 editio,
634 5036 704 5089 ut
736 5029 1017 5092 lrenaaus
1049 5050 1216 5111 saepe
1250 5036 1316 5095 in
1340 5035 1483 5113 ipso
1516 5037 1759 5097 lrenteo
1798 5042 2143 5113 quaaratur,
2176 5030 2486 5108 illiusque
2504 5029 2890 5091 sententiam
2924 5029 3188 5109 assequi
3215 5026 3477 5091 difﬁcile

208 5142 298 5194 sit.
350 5132 717 5195 Secundam
772 5136 1019 5197 curavit
1073 5137 1369 5199 Nicolaus
1398 5136 1740 5209 Gallasius,
1795 5135 2321 5198 Calvinianorum
2351 5132 2756 5194 Genevensis
2789 5130 3113 5203 minister,
3147 5130 3263 5210 qui
3334 5146 3473 5218 eam

206 5240 479 5301 Genera:
517 5237 850 5316 evulgavit
884 5251 1053 5299 anno
1085 5236 1257 5296 1570.
1293 5236 1438 5306 Sed,
1478 5236 1772 5313 quamvis
1808 5242 2033 5303 errata,
2095 5231 2344 5293 collatis
2388 5230 2890 5308 exemplaribus,
2947 5248 2983 5291 a
3030 5247 3100 5291 se
3136 5230 3472 5291 emendata

207 5332 399 5398 fuisse
435 5336 641 5410 dicat;
681 5356 831 5401 cum
864 5336 1085 5398 eadem
1120 5345 1350 5408 tamen,
1373 5354 1517 5415 qua)
1536 5334 1707 5413 apud
1741 5336 2099 5405 Erasmum,
2132 5337 2487 5403 occurrant,
2529 5330 2732 5407 palam
2756 5337 2853 5391 est
2889 5328 3106 5391 nullos
3141 5328 3472 5390 consultas

204 5434 401 5497 fuisse
433 5453 587 5497 mss.
646 5437 927 5498 codices.
976 5438 1167 5499 Novae
1215 5437 1523 5498 duntaxat
1574 5435 1901 5496 veteribus
1930 5433 2165 5495 additas
2222 5430 2499 5509 capitum
2555 5432 2919 5504 summula,
2953 5437 3015 5493 et
3058 5432 3299 5493 inserta
3327 5445 3475 5507 quas

277 5623 299 5659 -'
327 5626 651 5697 llicron.,in
682 5640 803 5697 cap.
843 5641 968 5680 thv
1010 5624 1117 5697 lsa.
1194 5626 1214 5656 ’
1257 5623 1443 5697 Rugii”
1468 5623 1570 5697 lib.
1601 5620 1679 5697 De
1714 5620 1904 5697 Spirit.
1933 5619 2108 5697 _S._._c.
2138 5618 2230 5676 29.
2296 5618 2316 5649 ³
2350 5616 2582 5673 Tertull.
2604 5656 2620 5683 ,
2658 5616 2758 5674 lib.
2789 5626 2939 5674 cont.
2978 5613 3220 5680 Valent..
3255 5628 3378 5686 cap.
3416 5613 3468 5669 5.

205 5696 473 5763 ‘Euseb.,
502 5690 600 5751 lib.
638 5713 698 5750 ιιι
736 5690 903 5757 llis!”
938 5712 1061 5765 cap.
1098 5696 1189 5750 23.
1266 5697 1287 5725 ⁸
1324 5694 1622 5763 Epinban.,
1648 5690 1782 5748 har.
1811 5690 1901 5755 3|,
1931 5690 1957 5762 ᾗ
1990 5690 2086 5747 '53.

480 5794 757 5855 ΡΑτιιοι..
792 5791 911 5850 Gn.
950 5792 1089 5855 VII.

3186 5784 3226 5846 1
