3954 6352
448 255 506 311 il
1562 255 1619 311 S.
1664 252 1990 309 IRENIEUS
2031 251 2335 311 LUGDUN.
2379 252 2574 309 EPISC
3640 266 3706 320 12

441 386 655 440 amca
696 393 775 438 ex
829 376 1070 463 Irenaeo
1112 372 1511 451 transcripsit
1560 370 1987 450 Epiphanius,
2022 386 2166 431 cum
2201 385 2363 431 nova
2392 369 2915 449 interpretatione
2944 369 3187 445 Latina,
3221 392 3425 456 eaque
3487 396 3713 456 parum

438 488 750 544 accurata.
782 480 961 542 Unde
994 478 1286 555 Gallasii,
1311 486 1380 540 ut
1428 477 1701 551 videtur,
1734 473 2081 538 consilium
2112 473 2259 550 fuit,
2292 491 2421 536 non
2452 480 2576 536 tam
2626 481 2695 535 ut
2738 472 2971 537 cultior
3025 482 3087 536 et
3135 477 3531 539 emendatior
3558 496 3713 559 pro-

447 581 618 644 diret
650 584 934 643 lrenaeus
956 625 971 655 ,
1015 597 1207 660 quam
1237 587 1306 641 ut
1338 578 1607 659 prolixis
1639 597 1717 640 ex
1743 576 2116 639 Calviniana
2143 574 2432 637 doctrina
2463 575 2632 637 notis
2669 574 2790 635 viri
2818 575 3208 638 sanctissimi
3239 579 3560 641 sententia
3591 579 3716 642 cir-

434 658 940 756 cumveniretur,
985 658 1051 745 et
1071 658 1355 747 veterum
1381 685 1711 746 haareseon
1755 680 2175 758 triumphator
2202 678 2527 741 reluctans
2549 678 2624 740 ad
2660 695 2885 740 novam
2936 677 3317 751 traheretur,
3351 685 3460 739 aut
3510 678 3716 741 male-

436 787 627 849 dictis
650 786 1059 848 laceraretur.
1094 783 1447 847 Gallasium
1484 778 1734 857 excepit
1769 780 2049 839 Joannes
2072 777 2346 838 Jacobus
2367 778 2678 855 Grynaaus
2710 794 2789 839 ex
2820 777 3043 838 eadem
3090 784 3282 851 secta,
3337 775 3453 855 qui
3484 793 3717 839 novam

438 887 663 948 lrenzei
701 885 1014 947 librorum
1036 883 1386 945 editionem
1411 880 1674 942 Basileaa
1704 894 1871 939 anno
1896 877 2046 938 1571
2079 876 2348 948 curavit,
2388 892 2425 937 a
2455 876 2965 954 praecedentibus
2996 876 3157 938 nihil
3191 877 3509 939 diversam
3536 899 3552 952 ;
3586 877 3718 940 nisi

435 988 611 1070 quod
641 988 969 1067 antiquam
1002 987 1286 1066 priorum
1307 984 1455 1045 libri
1488 983 1676 1062 primi
1710 981 2010 1059 capitum,
2043 998 2187 1059 qua;
2213 982 2426 1042 Graece
2459 978 2651 1041 refert
2670 978 3094 1057 Epiphanius,
3118 978 3731 1057 interpretationem

438 1095 722 1155 Latinam
754 1101 998 1154 temere
1028 1086 1393 1163 sustulerit,
1428 1093 1496 1146 ut
1527 1083 1670 1145 Jani
1708 1078 1998 1145 Cornarii
2031 1079 2396 1141 versionem
2456 1078 2904 1154 substitueret,
2960 1078 3202 1141 omisso
3241 1086 3424 1141 textu
3462 1081 3713 1151 Graeco;

432 1217 728 1280 novaque
765 1197 1046 1278 singulis
1078 1194 1395 1273 capitibus
1426 1198 1823 1271 argumenta,
1858 1187 2061 1250 veteri
2119 1193 2365 1248 servata
2393 1184 2742 1258 divisione,
2803 1190 3233 1262 praemitteret.
3268 1190 3354 1252 Iis
3410 1190 3717 1264 omnibus

432 1301 832 1365 emendatior
854 1317 999 1379 quae
1026 1295 1343 1358 Francisci
1370 1289 1813 1363 Feuardentii,
1863 1287 2111 1350 ordinis
2142 1288 2490 1362 Minorum,
2528 1288 2594 1348 in
2628 1305 2804 1350 sacra
2838 1290 3162 1355 Facultate
3195 1293 3545 1356 Parisiensi
3601 1296 3718 1358 do-

430 1408 647 1481 ctoris,
669 1423 861 1485 Opera
878 1414 936 1467 et
957 1402 1199 1476 studio,
1229 1399 1534 1471 Coloniaa,
1557 1412 1723 1459 anno
1750 1397 1926 1467 1596,
1956 1394 2477 1471 prodiit,-ibidem
2504 1413 2573 1458 ac
2593 1396 2854 1458 Parisiis
2871 1395 3177 1474 deinceps
3196 1395 3433 1473 saepius
3464 1413 3713 1460 recusa.

430 1511 515 1570 Ea
547 1511 717 1572 enim
755 1525 900 1588 quae
928 1506 1098 1584 typis
1134 1498 1397 1564 Nivellii
1428 1513 1596 1558 anno
1628 1496 1782 1556 1575
1810 1503 1869 1556 et
1904 1495 2059 1555 1576
2090 1494 2433 1571 prodierat,
2460 1511 2493 1555 a
2516 1496 2803 1573 priorum
2823 1497 3182 1558 editionum
3212 1495 3388 1558 vitiis
3420 1499 3715 1561 nondum

428 1612 964 1688 satisexpurgata
994 1615 1149 1668 erat.
1183 1608 1336 1668 Nam
1375 1607 1793 1679 praeterquam
1825 1597 1996 1676 quod
2027 1604 2271 1657 textum
2304 1600 2599 1661 Latinum
2625 1601 2703 1663 ad
2742 1599 3053 1673 Vaticani,
3083 1609 3142 1661 et
3174 1601 3409 1662 veteris
3440 1602 3712 1665 alterius

427 1711 685 1787 Optimae
715 1717 881 1769 notae
933 1703 1176 1766 codicis
1203 1719 1319 1763 ms.
1355 1700 1542 1762 fidem
1571 1702 2001 1774 comparatum
2065 1693 2365 1772 pluribus
2399 1698 2467 1759 in
2502 1697 2661 1759 locis
2702 1698 3009 1774 restituit,
3061 1699 3322 1763 lacunas
3354 1702 3709 1782 supplevit,

427 1827 498 1870 ac
534 1808 825 1887 quinque
867 1801 1206 1883 postremis
1233 1797 1383 1859 libri
1414 1794 1628 1875 quinti
1661 1792 1976 1869 capitibus
2040 1793 2348 1855 hactenus
2380 1795 2764 1858 desideratis
2801 1797 2979 1858 auxit
3012 1818 3027 1872 ;
3067 1796 3211 1859 libri
3272 1801 3463 1879 primi
3494 1802 3711 1880 priora

425 1913 645 1969 decem
684 1912 745 1965 et
775 1912 915 1965 octo
955 1899 1183 1978 capita,
1217 1896 1295 1957 ab
1321 1892 1684 1972 Epiphanio
1722 1891 2045 1968 quondam
2085 1909 2165 1953 ex
2204 1894 2447 1955 Irenaeo
2478 1896 2691 1958 Graece
2724 1896 3063 1974 descripta,
3104 1897 3513 1981 aliorumque
3546 1904 3708 1965 Fra-

425 2010 829 2082 gmentorum
851 2002 1214 2061 Graecorum
1246 2014 1323 2057 ex
1344 1993 1535 2055 variis
1568 1990 1941 2052 auctoribus
1972 1999 2303 2054 erutorum
2323 1994 2570 2072 copiam
2603 2012 2733 2056 non
2762 1995 3192 2073 pmnitendam
3224 2000 3436 2063 verbis
3463 2001 3709 2064 Latinis

386 2096 397 2109 ’”
422 2104 742 2186 adjunxit,
776 2100 1083 2181 subjectis
1122 2099 1314 2159 etiam
1346 2092 1741 2155 doctissimis
1770 2093 1989 2154 Jacobi
2044 2093 2224 2155 Billii
2257 2103 2319 2156 et
2363 2097 2707 2159 Frontonis
2738 2097 2957 2158 Ducaei
3015 2098 3594 2165 observationibus.
3627 2104 3709 2168 At

422 2220 492 2272 ut
532 2209 854 2288 prioribus
884 2202 1246 2284 perfectior,
1282 2214 1397 2260 nec
1427 2197 1563 2275 ipsa
1584 2203 1797 2257 tamen
1832 2198 2116 2257 numeris
2144 2198 2445 2260 omnibus
2469 2198 2785 2271 absoluta,
2824 2201 2954 2262 imo
2990 2217 3107 2262 nec
3138 2204 3361 2279 paucis
3394 2222 3512 2267 nec
3534 2205 3703 2267 levi-

421 2312 543 2373 bus
574 2311 749 2372 vitiis
781 2310 1023 2370 laborat
1046 2300 1559 2367 Feuardentiana
1590 2299 1722 2360 haec
1753 2300 1975 2361 editio.
2011 2300 2083 2359 Ut
2107 2302 2279 2363 enim
2312 2300 2475 2362 nihil
2509 2301 2588 2363 de
2613 2303 2780 2363 notis
2802 2304 3074 2375 dicatur,
3109 2307 3384 2368 eruditis
3411 2307 3704 2387 quidem,

419 2425 491 2477 ut
522 2433 594 2476 ea
617 2423 764 2476 aetas
792 2412 1058 2485 ferebat,
1101 2407 1210 2468 sed
1246 2403 1707 2484 prolixioribus
1737 2413 1797 2464 et
1832 2421 1868 2465 a
1892 2404 2218 2483 proposito
2250 2405 2507 2484 longius
2544 2406 3059 2481 excurrentibus,
3089 2408 3384 2487 nihilque
3412 2415 3521 2469 aut
3583 2424 3701 2485 pa-

420 2533 561 2577 rum
597 2514 861 2577 omnino
893 2510 970 2572 ad
1003 2516 1219 2570 textus
1253 2504 1749 2566 elucidationem
1780 2504 2291 2565 conducentibus
2322 2526 2338 2576 ;
2374 2506 2608 2567 eumin
2631 2507 2790 2569 locis
2823 2510 2988 2572 bene
3028 2508 3246 2571 multis
3279 2526 3396 2571 nec
3424 2507 3706 2570 feliciter

422 2619 724 2692 restituit,
759 2616 1087 2679 infelicius
1121 2610 1486 2689 eXpIicavit,
1522 2609 1585 2669 in
1648 2608 1945 2687 pluribus
1972 2626 2051 2670 ne
2083 2608 2346 2688 quidem
2383 2611 2540 2689 quid
2578 2622 2792 2691 posset
2834 2619 3139 2694 expertus
3164 2619 3259 2674 est
3295 2610 3424 2672 :ita
3460 2618 3526 2672 ut
3556 2619 3705 2689 post

420 2716 834 2781 Feuardentii
883 2734 1067 2778 curas
1098 2724 1399 2778 sexcenta
1422 2722 1860 2793 superessent,
1892 2715 2132 2795 quibus
2165 2715 2474 2777 medicam
2508 2735 2764 2780 manum
2811 2721 3137 2783 admoveri
3198 2733 3464 2780 necesse
3518 2722 3650 2779 erat
3686 2738 3704 2789 ;

419 2839 696 2902 quorum
762 2831 974 2883 tamen
1033 2837 1164 2881 non
1216 2836 1414 2898 pauca
1468 2817 1942 2878 emendavisset
1992 2814 2165 2878 facili
2226 2817 2510 2895 negotio,
2558 2818 2613 2877 si
2646 2819 2899 2881 codices
2929 2820 3353 2900 mss.quibus
3382 2836 3541 2882 usus
3571 2827 3698 2891 est,

420 2926 612 3004 paulo
644 2926 951 2987 attentius
980 2925 1438 2987 consuluisset.
1469 2923 1710 2984 Omitto
1747 2938 1891 2998 qua:
1938 2921 2002 2981 in
2037 2938 2109 2982 ea
2141 2921 2426 2984 editione
2482 2920 2937 2985 desiderantur
2994 2922 3413 2996 adminicula,
3454 2922 3703 3002 quibus

420 3029 677 3091 lectoris
710 3027 886 3088 labor
914 3027 1262 3099 minuatur,
1299 3026 1493 3104 eique
1533 3022 1633 3083 via
1666 3021 1745 3082 ad
1772 3020 2034 3084 facilius
2071 3022 2599 3103 investigandum
2629 3031 2689 3084 et
2722 3025 3203 3104 assequendum
3240 3027 3520 3089 auctoris
3539 3043 3699 3088 sen-

420 3150 563 3195 sum
595 3132 943 3195 muniatur.

502 3257 741 3320 Prodiit
775 3257 1025 3318 tandem
1058 3271 1227 3318 anno
1258 3256 1435 3330 1702,
1470 3254 1707 3317 Oxonii
1742 3253 1808 3315 in
1834 3252 2085 3331 Anglia,
2135 3267 2320 3325 nova,
2357 3250 2711 3313 accuratior
2742 3259 2802 3312 et
2844 3251 3204 3331 elegantior
3232 3268 3505 3331 operum
3556 3253 3700 3313 Ire-

418 3362 540 3424 naai
568 3360 789 3432 editio,
827 3358 1045 3420 studio
1082 3363 1142 3419 et
1174 3373 1366 3434 opera
1397 3357 1519 3419 viri
1543 3358 1887 3420 clarissimi
1918 3362 2185 3422 Joannis
2228 3362 2481 3424 Ernesti
2512 3362 2738 3436 Grabe,
2774 3361 3098 3423 variorum
3149 3359 3491 3440 ipsiusque
3523 3358 3701 3421 notis

416 3465 757 3535 illustrata,
792 3470 852 3522 et
886 3460 1067 3522 novis
1098 3461 1501 3539 Fragmentis
1542 3460 1951 3539 locupletata.
1985 3464 2157 3537 Quin
2191 3483 2269 3526 ex
2313 3465 2455 3544 ejus
2490 3464 2814 3526 laboribus
2846 3480 3014 3541 saepe
3042 3461 3530 3541 profecerimus,
3559 3459 3702 3521 dis-

417 3564 725 3628 simulare
758 3580 874 3624 nec
900 3577 1246 3641 possumus
1279 3579 1396 3624 nec
1420 3562 1742 3626 volumus.
1778 3566 1954 3625 Hanc
1998 3566 2353 3628 editionem
2402 3566 2804 3629 commendat
2866 3572 3167 3644 typorum
3223 3564 3565 3642 elegantia,
3621 3562 3700 3622 in

416 3665 837 3745 exquirendis
867 3680 937 3725 ac
966 3662 1352 3743 colligendis
1399 3666 1585 3726 novis
1621 3666 2016 3746 Fragmentis
2047 3669 2281 3729 Graecis
2316 3685 2441 3731 non
2474 3667 2827 3747 indiligens
2859 3683 3033 3740 cura,
3062 3674 3123 3727 et
3170 3666 3239 3727 in
3271 3666 3701 3730 emendandis

416 3768 574 3834 locis
604 3770 854 3848 aliquot
882 3766 1040 3829 felix
1063 3767 1453 3846 conjectura.
1492 3770 1735 3831 Verum
1766 3771 1941 3850 quod
1989 3772 2057 3833 in
2105 3772 2543 3834 Feuardentio
2595 3779 2656 3834 et
2696 3769 2976 3832 Gallasio
3008 3768 3283 3831 eruditis
3336 3769 3699 3848 displicuit,

412 3872 586 3933 idem
619 3870 759 3931 viro
793 3868 1150 3931 clarissimo
1183 3867 1494 3930 accidisse
1523 3869 1803 3949 quisque
1835 3878 2161 3949 agnoscet.
2198 3873 2352 3932 Nam
2383 3869 2565 3932 illius
2590 3868 2889 3947 exemplo
2922 3869 3188 3935 meliora
3218 3885 3387 3949 saepe
3420 3889 3566 3933 cum
3596 3870 3703 3932 vi-

413 3974 619 4036 disset
651 3971 1203 4052 probavissetque,
1239 3972 1557 4034 deteriora
1588 3980 1797 4035 tamen
1820 3974 2409 4049 secutus,vitiosas,
2433 3980 2541 4036 aut
2568 3972 2784 4033 minus
2814 3989 2998 4034 sanas
3022 3971 3333 4034 lectiones
3351 3971 3700 4050 amplexus

412 4080 532 4147 est,
564 4071 775 4134 obviis
809 4079 871 4133 et
901 4071 1138 4133 nativis
1182 4070 1250 4131 in
1289 4071 1640 4150 marginem
1672 4072 1927 4151 rejectis
1966 4097 1980 4136 :
2013 4090 2085 4135 ac
2126 4074 2316 4153 longe
2350 4076 2555 4153 plura,
2582 4089 2771 4151 quam
2805 4072 3262 4148 emendaverit,
3296 4073 3435 4136 loca
3485 4074 3701 4135 mani-

409 4172 574 4234 feste
608 4177 910 4249 corrupta
934 4187 1014 4231 ne
1048 4169 1315 4232 tentavit
1357 4169 1645 4248 quidem,
1674 4178 1783 4231 aut
1816 4174 2003 4249 plane
2047 4173 2416 4236 infeliciter.
2451 4172 2807 4235 Gallasium
2859 4188 3010 4233 vero
3038 4172 3352 4248 imitatus,
3385 4175 3702 4239 Ecclesiae

412 4276 808 4355 Anglicanas,
841 4274 942 4335 cui
977 4291 1047 4335 se
1071 4274 1391 4352 adjenxit,
1428 4273 1582 4334 dum
1615 4275 1829 4335 studet
1861 4274 2245 4354 impensius,
2284 4277 2494 4355 potior
2529 4274 2629 4335 illi
2680 4290 2831 4335 cura
2883 4271 3089 4336 fuisse
3122 4275 3404 4349 videtur,
3443 4284 3513 4339 ut
3546 4279 3695 4339 Ire-

410 4396 622 4441 naeum
654 4378 843 4440 etiam
875 4377 1152 4438 invitum
1185 4384 1245 4437 et
1270 4375 1693 4439 reluctantem
1731 4376 2102 4456 Anglicanaa
2130 4389 2318 4441 secta:
2348 4379 2747 4459 adjungeret,
2782 4393 2975 4456 quam
3004 4384 3076 4438 ut
3101 4393 3267 4455 opus
3305 4378 3695 4458 castigatius

411 4484 589 4544 daret
633 4488 695 4542 et
744 4478 1170 4542 emendatius.
1233 4476 1398 4538 Hinc
1430 4484 1519 4538 tot
1582 4485 1879 4539 notarum
1915 4477 2245 4540 fastidiosa
2278 4478 2638 4557 prolixitas,
2674 4486 2747 4540 ut
2798 4477 3129 4539 levissima
3154 4495 3429 4558 quaeque
3462 4478 3693 4557 verba,

409 4587 768 4665 smpissime
807 4585 969 4647 nihil
1015 4584 1091 4645 ad
1127 4600 1260 4645 rem
1316 4581 1614 4644 facientia
1650 4583 2088 4662 distorqueat:
2125 4584 2191 4644 in
2219 4584 2367 4645 aliis
2402 4600 2557 4646 vero
2586 4582 2745 4645 locis
2802 4578 3075 4661 parcior,
3129 4579 3568 4652 Feuardentii,
3621 4591 3697 4641 ct

407 4689 683 4749 aliorum
710 4686 903 4756 notis,
936 4684 1150 4763 iisque
1182 4682 1365 4745 nullo
1399 4681 1654 4744 delectu
1685 4683 1926 4757 ascitis,
1954 4684 2250 4765 nihilque
2303 4684 2381 4747 ad
2413 4692 2625 4747 textus
2648 4683 3143 4763 intelligentiam
3174 4680 3691 4765 conferentibus,

408 4784 732 4864 margines
764 4781 1101 4844 inferiores
1142 4781 1398 4844 refercit
1429 4803 1445 4853 ;
1472 4783 1760 4860 proprias
1816 4800 1989 4857 suas,
2020 4785 2076 4845 si
2100 4803 2245 4863 qum
2279 4794 2453 4861 sunt,
2487 4786 2772 4848 eruditas
2804 4785 2976 4858 licet,
3009 4802 3156 4847 cum
3210 4792 3418 4846 tamen
3451 4783 3697 4847 erudi-

407 4885 608 4945 tionis
640 4885 751 4945 illa
773 4882 1071 4961 supellex
1100 4884 1179 4945 ad
1208 4884 1489 4945 auctoris
1522 4887 1909 4948 sententiam
1948 4887 2396 4949 illustrandam
2428 4906 2653 4967 parum
2698 4889 3039 4968 pertineat,
3084 4888 3396 4969 lectorum
3440 4887 3692 4966 exiguo

406 4991 619 5052 fructu
648 4988 826 5049 auxit
858 4987 1162 5065 majorem
1188 4987 1254 5048 in
1287 4987 1571 5048 modum.
1605 4988 1725 5049 Hic
1754 4996 1955 5064 taceo,
1988 4991 2163 5071 quod
2200 4991 2268 5053 in
2294 4991 2756 5055 Dissertatione
2801 4989 3086 5054 secunda
3131 4988 3536 5051 commodius
3569 5006 3695 5050 ex-

404 5109 662 5171 ponam,
693 5090 870 5168 quod
905 5089 973 5148 in
1017 5089 1378 5151 Oxoniensi
1416 5090 1703 5152 editione
1736 5103 1982 5155 servata
2010 5096 2210 5158 veteri
2234 5096 2523 5174 quidem,
2563 5098 2806 5158 Irenaeo
2844 5104 3055 5157 tamen
3085 5093 3276 5173 longe
3303 5093 3689 5171 recentiori,

404 5200 465 5253 at
503 5192 721 5269 inepta
755 5206 1017 5267 prorsus
1040 5189 1321 5267 capitum
1352 5191 1663 5262 sectione,
1699 5192 1989 5255 lemmata
2025 5196 2352 5257 interdum
2383 5213 2495 5274 pro
2531 5196 2798 5257 arbitrio
2830 5196 3190 5271 sustulerit,
3251 5193 3687 5270 transtulerit,

406 5290 811 5363 di‘ssecuerit,
849 5290 1278 5368 pluribusque
1301 5306 1430 5352 non
1455 5307 1599 5353 raro
1626 5291 1846 5365 simul,
1879 5310 2011 5355 non
2039 5294 2184 5356 sine
2212 5296 2555 5373 dispendio
2588 5294 2872 5373 plurium
2895 5295 3174 5375 capitum
3199 5293 3329 5372 jam
3358 5293 3693 5355 lemmati-

405 5398 527 5453 bus
554 5397 1016 5463 truncatorum,
1050 5390 1397 5467 congestis,
1432 5392 1533 5454 vel
1576 5392 1807 5455 iisdem
1837 5392 1937 5453 bis
1968 5403 2075 5455 aut
2121 5402 2218 5455 ter
2248 5396 2560 5473 repetitis,
2621 5396 3072 5460 confusionem
3121 5394 3321 5473 magis
3384 5395 3677 5470 auxerit,

404 5510 596 5575 quam
628 5494 935 5554 minuerit
968 5492 1365 5555 clarissimus
1396 5495 1902 5570 Grabius.-Quid,
1938 5498 2112 5576 quod
2143 5501 2517 5577 Fragmenta
2550 5501 2762 5563 Graeca
2792 5502 2932 5564 suis
2951 5499 3215 5579 quidem
3250 5499 3409 5562 locis
3439 5516 3689 5577 oppor-

408 5608 561 5659 tune
592 5595 857 5670 inserta,
888 5594 1003 5655 sed
1034 5599 1121 5656 ita
1150 5594 1553 5657 incommode
1585 5596 1897 5675 disposita
1932 5595 2083 5669 sint,
2128 5604 2197 5658 ut
2229 5605 2538 5675 perpetuo
2573 5599 2746 5661 velut
2770 5598 3044 5662 circuitu
3067 5615 3181 5677 per
3202 5598 3466 5677 paginas
3485 5597 3687 5660 ober-

408 5720 545 5765 rare
575 5708 915 5789 teneantur
948 5700 1262 5765 lectorum
1287 5700 1484 5779 oculi,
1515 5700 1743 5765 incerti
1785 5718 1952 5781 saepe
1984 5717 2114 5781 quo
2144 5700 2296 5762 ferri
2329 5701 2599 5763 debeant
2630 5706 2658 5763 Ἰ
2705 5701 2826 5764 Sed
2859 5700 2990 5764 haec
3015 5697 3177 5763 forte
3224 5696 3676 5778 typographo—
