3954 6352
265 242 333 294 15
1424 243 1481 295 ι).
1524 240 1871 298 ΜΑδδυετι
1910 240 2303 302 ΡηᾹΞΙίΑΤΙΟ.
3427 251 3491 306 Η

264 375 389 419 rum
417 354 603 434 culpa
621 360 740 425 est,
774 356 1013 433 quibus
1050 357 1239 421 etiam
1274 357 1339 418 id
1375 357 1686 434 imputare
1717 357 2053 432 debemus,
2086 359 2259 439 quod
2288 367 2457 421 tanta
2504 362 2584 422 sit
2617 364 2796 427 illius
2828 365 3137 427 editionis
3171 365 3239 426 in
3286 372 3491 427 trans-

262 457 509 521 marinis
540 457 911 535 regionibus
948 458 1242 536 penuria,
1265 466 1357 533 ut,
1382 476 1525 521 cum
1560 475 1684 520 non
1712 459 1851 519 sine
1886 460 2166 521 maxima
2194 460 2588 539 difﬁcultate,
2612 467 2967 547 majorique
3000 468 3203 546 pretio
3229 484 3490 547 compa-

260 561 371 621 rari
400 564 636 638 posset,
655 574 796 619 eam
847 559 1043 636 prelis
1076 560 1213 620 suis
1244 559 1563 639 subjicere
1619 559 2081 621 meditarentur
2112 561 2488 642 Bibliopolas
2542 570 2939 629 Parisienses
2970 576 3031 629 et
3082 572 3497 635 Amstelaada-

257 679 517 726 menses.

325 770 538 845 Itaque
576 763 731 825 viris
767 762 1057 824 doctrina
1088 771 1149 823 et
1182 764 1412 841 pietate
1444 767 1810 845 conspicuis
1847 769 2060 830 visum
2100 774 2195 825 est
2234 786 2359 831 non
2399 772 2622 833 utilem
2666 772 2877 843 modo,
2920 774 3031 834 sed
3065 777 3495 839 necessariam

255 884 381 929 esse
408 881 635 927 novam
667 862 895 924 Irenrei
946 862 1315 936 editionem,
1351 882 1495 943 qua)
1523 873 1585 926 et
1625 866 1980 929 accuratior
2017 879 2227 941 esset,
2262 876 2323 930 et
2369 887 2400 930 a
2457 870 2801 932 Catholicis
2846 873 3167 938 inoffenso
3200 880 3362 956 pede
3386 880 3498 940 de-

256 974 403 1035 curri
429 977 668 1050 posset.
704 967 776 1029 ld
808 964 1047 1029 laboris
1070 982 1104 1025 a
1129 963 1432 1043 quapiam
1463 980 1497 1024 e
1522 963 1758 1024 nostris
1782 966 2027 1045 suscipi
2069 970 2454 1047 cupierunt;
2489 971 2604 1031 rati
2634 971 2957 1048 videlicet,
2994 992 3111 1037 nec
3141 978 3490 1053 immerito,

258 1078 575 1145 Irenaeum,
629 1068 1072 1149 Apostolicum
1110 1064 1295 1127 illum
1328 1064 1563 1137 virum,
1614 1063 2115 1129 Occidentalium
2149 1072 2479 1132 Gallorum
2523 1072 2752 1146 lumen,
2789 1086 2860 1138 ut
2908 1091 3087 1142 vocat
3128 1083 3498 1147 Theodore-

256 1190 344 1239 ωε
404 1174 422 1201 ⁶
455 1220 472 1250 ,
511 1183 836 1254 tantaeque
868 1170 1265 1234 auctoritatis
1300 1170 1702 1248 scriptorem,
1732 1188 1860 1233 non
1891 1176 2121 1237 mereri
2156 1176 2371 1238 minus
2394 1194 2585 1257 quam
2626 1180 2936 1262 reliquos,
2977 1198 3046 1248 ut
3070 1189 3136 1251 in
3163 1190 3305 1269 ejus
3342 1208 3496 1273 cpe-

257 1300 383 1344 rum
404 1289 689 1343 accurata
721 1278 1007 1341 editione
1044 1282 1257 1337 nostra
1280 1274 2005 1351 versareturindustria;
2032 1287 2094 1341 et
2125 1286 2299 1360 quod
2332 1281 2400 1343 in
2424 1282 2569 1343 aliis
2602 1301 2730 1347 non
2755 1287 3125 1366 paenitendo
3159 1309 3492 1366 successu,

261 1408 390 1469 quae
430 1407 500 1450 ex
534 1382 1043 1464 congregatione
1077 1387 1291 1442 nostra
1338 1380 1729 1458 prodierant,
1770 1382 2168 1447 editionibus
2199 1390 2553 1465 praestitum
2589 1401 2707 1461 est,
2753 1392 2817 1452 in
2854 1393 2971 1455 ista
3024 1413 3311 1477 quoque,
3360 1416 3491 1461 non

262 1497 446 1556 minus
463 1507 744 1571 operosa
764 1503 957 1567 quam
976 1483 1359 1558 necessaria,
1384 1492 1677 1561 praastare
1708 1503 2106 1550 conaremur.
2127 1491 2195 1551 Id
2222 1491 2420 1571 igitur
2441 1495 2657 1556 oneris
2683 1496 3056 1572 impositum
3084 1502 3265 1575 mihi,
3286 1505 3495 1566 detra-

258 1605 455 1654 ctatum
473 1591 746 1657 quidem
765 1586 1037 1657 diutius,
1058 1585 1229 1646 subii
1248 1585 1702 1660 tandem.Quid
1725 1604 1875 1648 vero
1897 1599 2191 1667 praestare
2210 1601 2472 1655 conatus
2492 1593 2749 1670 fuerim,
2771 1600 2990 1675 paucis
3012 1602 3489 1680 explicandum.

256 1700 377 1759 Tria
408 1697 560 1758 mihi
614 1693 1025 1773 potissimum
1062 1690 1417 1769 praastanda
1452 1708 1593 1751 esse
1625 1692 1817 1765 duxi;
1862 1702 2105 1755 textum
2139 1698 2480 1760 emendare
2526 1717 2597 1761 ac
2646 1700 2920 1777 pristino
2961 1702 3202 1777 decori,
3236 1713 3306 1767 ut
3357 1708 3491 1771 ﬁeri

253 1807 452 1878 potest,
504 1798 895 1869 restituere;
946 1798 1242 1861 eumdem
1289 1798 1653 1868 illustrare;
1698 1817 1769 1861 ac
1812 1800 2070 1864 demum
2104 1822 2179 1866 ea
2231 1808 2446 1869 omnia
2518 1808 2869 1870 lectoribus
2913 1824 3134 1886 parare
3177 1811 3491 1883 subsidia.

250 1902 463 1979 quibus
493 1899 682 1960 labor
714 1914 942 1960 eorum
974 1899 1323 1961 minuatur.
1360 1898 1455 1958 Ad
1490 1899 1766 1975 primum
1811 1901 1983 1978 quod
2016 1904 2271 1973 attinet,
2304 1923 2446 1965 cum
2478 1908 2734 1968 Graecus
2765 1908 2986 1969 lrenaai
3026 1916 3266 1987 textus,
3296 1916 3497 1975 maxi-

251 2017 333 2062 ma
357 2017 426 2061 ex
458 2008 642 2077 parte
666 2044 682 2071 ,
716 2006 1077 2076 temporum
1125 1997 1386 2076 injuria,
1420 1997 1663 2057 dudum
1699 1999 1982 2074 perierit,
2022 2017 2324 2078 unusque
2348 2001 2480 2064 fere
2508 2004 2789 2080 supersit
2824 2006 3107 2079 Latinus,
3135 2006 3263 2086 jam
3296 2009 3497 2072 instar

248 2104 588 2183 archetypi;
638 2102 704 2163 in
747 2101 921 2163 hunc
954 2120 1135 2163 curas
1175 2118 1399 2163 omnes
1449 2100 1715 2174 contuli,
1752 2109 1822 2161 ut
1864 2103 2452 2177 emcmlatissimus,
2491 2122 2679 2183 quam
2726 2106 2861 2167 ﬁeri
2899 2115 3166 2184 poterat,
3199 2116 3262 2171 et
3288 2112 3367 2172 ab
3393 2111 3497 2173 in-
3534 2155 3551 2171 .

248 2208 459 2284 sper-sis
490 2205 913 2267 librariorum
970 2205 1153 2285 culpa
1206 2206 1401 2266 ntevis
1445 2204 1771 2267 abstersus
1825 2206 2131 2283 prodiret.
2193 2209 2381 2269 Hunc
2434 2208 2511 2269 ad
2564 2225 2765 2270 novos
2794 2215 2922 2269 tres
2957 2227 3107 2273 mss.
3149 2213 3426 2285 codices,
3460 2233 3495 2276 a

248 2307 404 2369 nullo
433 2308 754 2369 hactenus
784 2306 1161 2378 recensitos,
1194 2303 1617 2365 attentissime
1664 2304 1875 2383 exegi.
1904 2304 2183 2365 Primum
2218 2322 2252 2366 e
2286 2305 2677 2368 Bibliotheca
2715 2308 3183 2373 Claromontani
3222 2314 3489 2395 Collegii

248 2410 368 2469 Sec.
397 2411 551 2469 Jesu
594 2416 965 2486 acceptum.
1009 2406 1317 2468 utendum
1353 2404 1515 2465 mihi
1552 2404 1819 2482 praebuit
1850 2404 1945 2463 vir
1976 2404 2413 2479 doctissimus,
2440 2404 2624 2484 cujus
2657 2405 3116 2469 humanitatem
3163 2428 3491 2493 nunquam

246 2526 351 2570 non
387 2509 640 2587 experti
670 2525 922 2577 sumus,
956 2508 1028 2567 ll.
1062 2507 1425 2566 P.Joannes
1458 2504 1851 2575 Harduinus,
1886 2504 2093 2565 eidem
2131 2504 2540 2565 Bibliotheca;
2572 2506 2928 2583 praefectus.
2966 2514 3023 2573 Is
3049 2516 3303 2592 optima;
3328 2529 3496 2581 notae

245 2614 439 2681 codex,
480 2629 640 2674 cum
670 2619 815 2673 ante
866 2627 1067 2672 annos
1116 2618 1183 2671 ut
1218 2608 1555 2671 minimum
1600 2610 1719 2669 800
1749 2607 2027 2685 scriptus
2058 2607 2164 2679 sit,
2199 2616 2359 2668 teste
2409 2609 2853 2673 eruditissimo
2899 2614 3019 2691 piaa
3062 2620 3385 2682 memorias
3416 2625 3487 2685 D.

244 2714 455 2774 Joanne
500 2709 923 2781 Mabilloniu,
976 2710 1207 2787 perito,
1260 2707 1316 2768 si
1362 2707 1510 2785 quis
1546 2724 1854 2785 unquam,
1888 2707 2111 2767 talium
2158 2723 2372 2767 rerum
2418 2710 2821 2787 existimatore,
2854 2718 3167 2793 omnium,
3206 2722 3283 2782 ad
3332 2742 3492 2803 quas

247 2815 459 2893 priores
499 2815 832 2877 editiones
868 2811 1044 2874 facta;
1072 2820 1256 2883 sunt,
1294 2811 1549 2871 videtur
1583 2811 2102 2890 antiquissimus.
2140 2812 2407 2873 Mutilus
2439 2822 2649 2874 tamen
2681 2824 2815 2887 est;
2870 2819 3114 2882 avulsis
3170 2824 3345 2886 enim
3380 2844 3491 2905 po-

245 2919 468 2978 stremis
498 2915 687 2978 foliis
725 2914 1047 2993 pluribus,
1084 2912 1387 2975 extremis
1421 2910 1553 2972 fere
1584 2911 1803 2971 decem
1852 2910 2169 2987 capitibus
2202 2911 2571 2971 decurtatus
2617 2920 2827 2974 manet
2874 2914 3036 2977 liber
3070 2921 3361 2998 quintus.
3395 2926 3492 2985 An

245 3038 392 3093 casu,
423 3038 504 3082 an
537 3018 914 3099 improvido
953 3016 1136 3078 scioli
1168 3015 1529 3095 cujuSpiam
1586 3014 1713 3095 (cui
1743 3014 1904 3075 forte
1939 3013 2346 3091 displicuerit
2376 3014 2888 3077 Millenariorum
2926 3034 3106 3081 error
3140 3022 3220 3083 al)
3251 3026 3493 3087 Irenco

244 3118 698 3200 prepugnatus)
734 3119 875 3180 zelo
905 3117 972 3178 id
1018 3115 1349 3187 acciderit,
1385 3115 1728 3177 obscurum
1764 3122 1885 3175 est.
1927 3117 2183 3177 Certum
2213 3123 2307 3176 est
2339 3115 2661 3195 integrum
2707 3116 2862 3177 olim
2912 3117 3119 3182 fuisse
3166 3124 3449 3186 codicem
3473 3171 3490 3192 .

244 3245 363 3289 cum
400 3244 540 3306 pars
572 3224 877 3287 vicesimi
905 3221 1067 3283 sexti
1108 3219 1333 3298 capitis
1374 3219 1583 3281 adhuc
1614 3220 1916 3297 supersit.
1954 3219 2188 3281 Caetera
2226 3220 2533 3297 deinceps
2565 3219 2641 3279 ad
2678 3218 2822 3281 libri
2856 3223 3046 3286 ﬁnem
3078 3226 3488 3293 interierunt.

246 3327 380 3386 Hinc
406 3326 977 3389 Claramontanum
1019 3321 1307 3381 codicem
1362 3319 1693 3380 diversum
1730 3335 1873 3379 esse
1928 3334 1963 3378 a
2014 3316 2527 3379 Feuardentiano
2580 3316 2990 3383 manifestum
3047 3323 3348 3386 videtur:
3386 3324 3493 3387 hic

243 3429 389 3488 enim
418 3430 681 3507 integer
718 3424 866 3496 fuit,
902 3422 1013 3486 ille
1051 3438 1203 3484 vero
1254 3422 1456 3484 multo
1488 3422 1907 3485 emendatior.
1951 3422 2234 3483 Alterius
2280 3422 2523 3483 codicis
2566 3423 2771 3484 varias
2820 3424 3129 3486 lectiones
3161 3433 3294 3488 toto
3327 3426 3492 3487 libro

244 3528 423 3603 primo
450 3536 513 3590 et
548 3526 891 3606 prioribus
928 3536 1070 3590 octo
1096 3526 1244 3588 libri
1292 3526 1561 3588 secundi
1605 3524 1921 3604 capitibus
1958 3525 2294 3587 Passeratii
2333 3541 2526 3587 manu
2569 3525 2921 3604 descriptas
2971 3528 3045 3588 ad
3083 3544 3259 3589 oram
3291 3529 3490 3591 unius

242 3629 610 3707 exemplaris
660 3627 968 3690 editionis
1017 3627 1286 3698 Erasmi,
1332 3627 1409 3687 ab
1443 3642 1573 3687 uno
1625 3644 1659 3687 e
1710 3625 2042 3686 reverend.
2094 3625 2384 3687 Patribus
2430 3626 2869 3688 Dominicanis
2901 3628 3023 3689 vici
3056 3630 3117 3689 S.
3154 3630 3487 3699 Honorati,

243 3727 407 3807 hujus
436 3732 654 3803 urbis,
689 3729 894 3791 amico
928 3747 1069 3793 meo
1113 3731 1351 3808 accepi.
1381 3731 1552 3803 Quin
1600 3747 1634 3791 e
1676 3747 1796 3791 ms.
1828 3730 2070 3801 codice,
2106 3746 2312 3808 eoque
2357 3732 2757 3810 perantiquo,
2788 3748 2859 3793 ac
2891 3732 3074 3793 bonte
3116 3742 3303 3808 notaa,
3354 3742 3418 3796 et
3455 3755 3489 3797 a

240 3832 741 3894 Feuardentiano
767 3875 785 3902 ,
820 3832 1307 3895 Claromontano
1341 3840 1402 3892 et
1434 3832 1751 3892 Vossiano
1800 3831 2057 3892 diverso
2088 3838 2400 3908 excerptas
2450 3831 2599 3904 sint,
2644 3831 2864 3895 nullus
2896 3833 3267 3912 ambigendi
3303 3836 3489 3898 locus

238 3932 374 3993 mihi
406 3941 527 4003 est,
578 3950 702 3995 nec
730 3932 879 3994 aliis
908 3933 1052 4005 erit,
1086 3934 1200 4011 qui
1232 3948 1339 3993 eas
1369 3948 1514 3993 cum
1553 3930 1955 3993 laudatorum
2002 3932 2294 3993 codicum
2346 3931 2732 3994 lectionibus
2761 3933 3175 3996 contulerint.
3208 3936 3371 4008 Quis
3405 3948 3489 4003 διε

238 4032 330 4092 ille
357 4036 589 4107 codex,
620 4041 683 4095 et
718 4034 829 4095 ubi
866 4053 1040 4098 nunc
1070 4035 1440 4107 delitescat,
1476 4035 1783 4096 hactenus
1820 4036 2302 4113 deprehendere
2355 4053 2483 4099 non
2515 4038 2735 4115 potui;
2783 4037 3094 4099 amissum
3146 4055 3275 4101 non
3325 4038 3490 4100 adeo

236 4153 377 4217 agre
402 4140 671 4214 ferrem,
698 4140 756 4201 si
781 4148 1035 4202 caeteras
1064 4140 1273 4201 varias
1305 4139 1616 4202 lectiones
1658 4138 1737 4200 ad
1784 4138 1932 4200 libri
1983 4140 2082 4201 sui
2121 4139 2471 4218 marginem
2506 4148 2723 4203 notare
2765 4142 3152 4220 perrexisset
3188 4145 3485 4204 Passera-

236 4236 366 4298 tius.
396 4240 661 4301 Tertius
696 4240 899 4301 codex
929 4257 1059 4319 quo
1090 4258 1250 4301 usus
1282 4257 1448 4310 sum,
1486 4257 1709 4301 recens
1742 4257 1814 4302 ac
1852 4241 2244 4314 chartaceus,
2274 4257 2475 4302 annos
2506 4241 3018 4319 quadringentos
3047 4257 3175 4302 non
3208 4243 3483 4311 excedit,

238 4350 335 4397 nec
362 4338 725 4415 posteriora
750 4338 1042 4417 quinque
1074 4337 1221 4399 libri
1246 4338 1456 4418 quinti
1487 4339 1691 4417 capita
1722 4339 2028 4401 continet.
2063 4341 2125 4401 Is
2156 4342 2371 4401 Romae
2398 4350 2762 4401 asservatur
2790 4341 2856 4401 in
2891 4340 3286 4405 Bibliotheca
3327 4343 3487 4405 emi»

236 4438 587 4499 nentissimi
619 4436 966 4501 cardinalis
993 4441 1323 4512 Ottoboni;
1357 4458 1553 4520 quem
1580 4441 1847 4520 quidem
1899 4442 1995 4503 vir
2041 4443 2347 4521 optimus,
2386 4460 2458 4506 ac
2486 4444 2565 4504 de
2595 4443 2826 4504 litteris
2857 4453 2980 4505 tam
3013 4443 3178 4506 bene
3215 4446 3497 4511 meritus.

234 4536 294 4597 D.
322 4537 742 4611 Bianchinus,
766 4554 881 4616 pro
911 4540 1225 4619 singulari
1250 4558 1363 4602 sua
1385 4541 1453 4602 in
1482 4557 1597 4602 nos
1621 4541 2039 4615 humanitate,
2068 4542 2560 4605 communicavit
2588 4560 2731 4605 cum
2758 4546 2885 4605 BR.
2907 4547 3023 4606 PP.
3044 4543 3281 4607 domno
3299 4547 3483 4609 Guil-

236 4629 401 4697 lelmo
429 4640 513 4699 La
545 4642 764 4712 Parre,
799 4642 1320 4721 Congregationis
1352 4652 1585 4703 nostra;
1613 4641 1680 4702 in
1709 4641 1885 4703 curia
1917 4643 2197 4703 Romana
2230 4650 2634 4718 procuratore
2663 4640 2971 4722 generali,
3004 4641 3277 4722 ejusque
3303 4648 3483 4709 socio

238 4733 297 4792 D.
328 4737 588 4798 Claudio
611 4738 696 4799 de
734 4740 867 4810 Vic,
898 4740 1011 4819 qui
1046 4740 1248 4801 varias
1281 4740 1423 4819 ejus
1454 4738 1763 4799 lectiones
1794 4754 1911 4815 pro
1940 4755 2056 4799 sua
2104 4737 2494 4816 benignitate
2530 4739 2895 4801 describere
2928 4748 2990 4803 et
3026 4742 3101 4803 ad
3146 4761 3247 4806 me
3279 4753 3485 4809 trans-

238 4836 452 4902 mittere
478 4841 729 4920 dignati
758 4849 933 4902 sunt.

302 4941 364 5001 In
393 4943 766 5004 subsidium
800 4950 1207 5004 accesserunt
1245 4943 1289 5003 ii
1315 4943 1595 5017 codices,
1630 4942 1867 5022 quibus
1907 4944 1971 5005 in
2000 4942 2387 5005 adornandis
2424 4944 2822 5006 editionibus
2852 4948 2991 5010 suis
3025 4951 3131 5010 usi
3161 4958 3311 5012 sunt
3340 4959 3479 5013 tum

237 5041 586 5108 Franciscus
620 5046 1116 5119 Feuardentius,
1155 5055 1289 5108 tum
1328 5047 1729 5109 clarissimus
1758 5051 2037 5111 Joannes
2081 5052 2388 5110 Ernestus
2434 5048 2736 5122 Grabius,
2770 5069 3050 5131 quorum
3099 5056 3308 5117 varias
3341 5058 3475 5120 lec—

237 5148 414 5213 tiones
444 5152 521 5213 ad
557 5167 738 5213 oram
770 5150 1073 5213 editionis
1109 5168 1244 5212 sua)
1274 5168 1402 5214 non
1429 5151 1846 5232 indiligenter
1875 5154 2173 5233 (Grabius
2203 5152 2579 5233 prtesertim)
2612 5154 3069 5231 ascripserunt.
3106 5157 3180 5216 Et
3210 5157 3475 5235 quidem

236 5256 488 5313 veterem
518 5250 735 5323 illum,
768 5266 901 5330 quo
931 5252 1403 5314 Feuardentius
1436 5271 1596 5315 usus
1629 5262 1748 5326 est,
1788 5252 2024 5315 frustra
2072 5252 2517 5332 quaasivimus,
2568 5269 2778 5331 neque
2809 5262 3025 5314 utrum
3072 5253 3362 5331 perierit,
3393 5271 3474 5316 an

238 5352 291 5410 in
318 5352 588 5433 alicujus
618 5352 1037 5416 Bibliotheca
1063 5352 1299 5418 forulis
1332 5357 1686 5430 delitescat,
1721 5358 1885 5419 scire
1918 5356 2267 5434 potuimus.
2302 5356 2461 5416 Sunt
2483 5356 2594 5436 qui
2627 5355 2997 5418 existimant
3025 5372 3174 5417 eum
3206 5354 3273 5417 in
3308 5356 3472 5417 Vos-

238 5450 302 5509 sii
332 5469 553 5515 manus
584 5455 967 5527 devenisse;
1000 5455 1113 5516 sed
1150 5456 1491 5536 utriusque
1544 5457 1855 5520 lectiones
1906 5454 2296 5529 conierenti,
2350 5455 2639 5519 diversos
2679 5472 2823 5517 esse
2870 5457 3081 5518 statim
3117 5453 3474 5533 apparebit.

239 5555 428 5619 Alium
458 5559 746 5622 codicem
775 5559 846 5620 in
870 5557 1266 5622 Bibliotheca
1295 5564 1595 5625 Vaticana
1644 5571 2041 5626 asservatum
2073 5559 2218 5621 citat
2266 5560 2522 5623 Latinus
2574 5557 2886 5630 Latinius,
2922 5555 3255 5637 variasque
3299 5554 3473 5633 ejus-

362 5730 381 5759 ⁶
410 5728 769 5798 Theodoret.,
807 5730 948 5791 Dial.
980 5733 1030 5798 I,
1060 5748 1183 5803 pag.
1214 5733 1303 5786 55.
