3954 6352
468 271 533 325 l5
1575 274 1629 328 S.
1672 272 2002 331 IRENLL'S
2038 272 2339 330 LCGDL'N.
2382 272 2597 328 EPISC.
3652 282 3722 337 is

461 394 607 451 dem
639 390 951 451 lectiones
982 388 1197 462 refert,
1238 395 1299 449 et
1328 396 1470 467 post
1497 407 1647 451 eum
1677 393 2184 466 Feuardentius;
2219 393 2332 453 sed
2355 392 2485 471 jam
2518 393 2585 453 in
2617 391 2727 452 illa
2757 392 3147 456 Bibliotheca
3178 397 3553 473 desiderari,
3583 408 3716 464 tum

458 513 538 558 ex
565 496 643 556 iis
676 495 791 575 qui
826 511 965 556 eam
995 493 1339 573 diligenter
1369 492 1861 572 perlustrarunt,
1891 502 2025 556 tum
2056 514 2135 557 ex
2172 495 2523 557 amicorum
2565 494 2795 556 litteris
2822 496 3067 573 accepi.
3099 499 3414 574 Quatuor,
3449 512 3519 563 ut
3550 503 3713 578 dixi,

457 619 612 664 mss.
647 600 982 661 codicibus
1012 615 1205 661 usum
1238 616 1307 659 se
1339 615 1483 659 esse
1506 600 1836 678 proﬁtetur
1865 601 2161 673 Grabius,
2194 600 2308 662 illo
2340 602 2647 663 nimirum
2677 602 2789 681 qui
2823 603 3021 664 Isaaci
3052 605 3271 666 Yossii
3302 606 3449 683 fuit,
3474 611 3721 686 optimo

452 706 677 767 codice
706 721 900 782 supra
931 701 1211 773 laudato,
1236 718 1431 780 quem
1461 702 1939 764 accuratissime
1970 721 2116 765 cum
2145 702 2498 781 exemplari
2534 704 2947 765 Feuardentii
2978 707 3253 768 contulit
3314 711 3716 789 Dodwellus,

454 808 737 887 indeque
765 804 1065 867 collectas
1102 803 1310 863 varias
1342 801 1652 863 lectiones
1698 818 1847 862 cum
1897 802 2125 864 eodem
2156 802 2392 865 Grabio
2426 804 2955 877 communicavit;
2987 808 3455 885 Arundeliano,
3505 812 3575 873 in
3606 814 3681 874 Bi
3708 846 3721 857 ι

452 910 767 972 bliotbeca
798 908 1017 986 Regize
1066 906 1391 967 societatis
1422 905 1701 966 Londini
1731 904 1863 983 jam
1913 915 2263 978 asservato,
2310 924 2504 987 quem
2538 908 3158 988 quadringentorum
3204 927 3520 975 annorum
3569 929 3720 975 esse

446 1012 827 1081 arbitratur;
862 1020 926 1073 et
974 1012 1340 1091 apographo
1386 1012 1772 1073 variantium
1814 1010 2395 1093 lectionumJ'quas
2425 1030 2461 1075 a
2488 1014 2664 1075 Josia
2686 1015 2974 1076 Merceri)
3017 1016 3175 1078 olim
3204 1034 3241 1078 e
3271 1018 3526 1081 duobus
3554 1037 3717 1082 mss.

446 1118 807 1189 codicibus,
851 1118 1071 1178 nescio
1096 1117 1359 1196 quibus,
1393 1118 1482 1178 ait
1513 1116 1789 1179 Grabius
1810 1161 1829 1187 ,
1862 1125 2102 1190 erutas,
2134 1117 2310 1180 idem
2342 1118 2617 1180 Vossius
2649 1118 2986 1180 Dodwello
3030 1119 3486 1182 describendas
3518 1123 3720 1185 dede-

444 1228 561 1281 rat.
596 1220 721 1281 Sed
751 1236 968 1298 neque
999 1219 1301 1289 Grabius,
1335 1236 1549 1297 neque
1582 1219 1887 1291 Vossius,
1918 1236 2131 1299 neque
2174 1220 2343 1283 alius
2370 1222 2743 1302 quisquam,
2784 1232 3013 1300 praeter
3040 1224 3280 1286 Josiam
3322 1227 3713 1302 Mercerum,

442 1321 609 1381 duos
640 1320 791 1381 illos
827 1320 1085 1382 codices
1133 1318 1378 1380 vidisse
1405 1335 1475 1379 se
1505 1317 1686 1391 dicit,
1733 1335 1851 1380 nec
1892 1319 2005 1381 ubi
2041 1321 2175 1398 jam
2212 1329 2463 1383 exstent
2511 1322 2776 1386 indicat.
2820 1323 2997 1397 Quas
3026 1340 3181 1386 vero
3220 1342 3301 1386 ex
3344 1326 3717 1406 apographo

441 1424 636 1486 refert
664 1421 1038 1484 eorumdem
1066 1423 1271 1485 varias
1304 1422 1613 1485 lectiones
1643 1422 1941 1495 Grabius,
1982 1442 2202 1487 secum
2235 1424 2367 1487 illa:
2391 1425 2552 1488 adeo
2582 1426 2650 1489 in
2681 1428 2984 1490 omnibus
3012 1429 3147 1491 fere
3174 1430 3612 1504 consentiunt,
3644 1439 3714 1492 ut

438 1549 519 1591 ex
554 1546 688 1593 uno
721 1538 783 1591 et
811 1528 1039 1591 eodem
1070 1528 1654 1606 codiceexcerptaa
1693 1544 1839 1589 esse
1878 1530 2247 1601 videantur,
2284 1538 2394 1591 aut
2440 1529 2665 1591 saltem
2708 1549 2789 1593 ex
2830 1532 3110 1607 duobus,
3142 1549 3421 1614 quorum
3447 1533 3609 1595 alter
3631 1549 3713 1595 ex

434 1632 637 1696 altero
667 1632 1031 1709 descriptus
1059 1628 1295 1703 fuerit;
1329 1639 1605 1710 uterque
1637 1648 1811 1705 vero,
1847 1631 1905 1692 si
1936 1631 2066 1692 duo
2089 1631 2240 1703 sint,
2274 1649 2353 1693 ex
2385 1636 2635 1695 recenti.
2659 1635 2904 1709 codice,
2938 1654 3150 1718 eoque
3180 1655 3311 1701 non
3336 1637 3500 1700 adeo
3520 1637 3717 1700 bona;

432 1750 623 1804 notae.
650 1743 726 1801 Et
756 1738 885 1800 nisi
935 1752 1035 1797 me
1066 1735 1240 1798 fallat
1270 1737 1639 1816 conjectura
1667 1782 1684 1810 ,
1720 1746 1875 1815 puto
1905 1736 2410 1800 Ottobonianum
2435 1740 2722 1801 codicem
2752 1743 3057 1820 superius
3088 1748 3530 1813 memoratum,
3562 1758 3711 1802 esse

434 1851 650 1927 ipsum
702 1842 1171 1924 autographum
1201 1858 1283 1903 ex
1328 1858 1462 1921 quo
1512 1842 1792 1920 primum
1844 1842 2299 1920 transcriptum
2346 1840 2546 1904 fuerit
2594 1844 3058 1923 apograpbum,
3104 1851 3167 1906 et
3198 1861 3279 1906 ex
3320 1843 3440 1905 hoc
3483 1842 3708 1916 aliud;

429 1964 780 2031 utrumque
818 1966 974 2012 vero
1006 1965 1150 2010 cum
1180 1948 1249 2007 in
1295 1947 1490 2007 Josize
1524 1946 1796 2007 Merceri
1841 1962 2071 2006 manus
2120 1946 2477 2018 devenerit,
2509 1964 2631 2009 ceu
2660 1947 2926 2009 totidem
2958 1948 3251 2010 diversos
3297 1948 3550 2011 codices
3586 1948 3706 2011 ha-

391 2114 407 2128 ,
430 2056 594 2118 buit.
631 2054 1050 2131 Quaecunque
1081 2050 1256 2111 enim
1304 2067 1385 2109 ex
1440 2050 1875 2110 Ottoboniano
1910 2048 2228 2111 lectiones
2257 2050 2415 2111 mihi
2445 2052 2646 2113 Roma
2674 2054 3068 2114 transmissa;
3090 2061 3263 2126 sunt,
3298 2053 3539 2116 eadem
3567 2053 3708 2117 fere

427 2168 603 2233 sunt,
636 2175 798 2238 quas
830 2156 1107 2219 Grabius
1137 2170 1219 2214 ex
1247 2150 1502 2212 duobus
1540 2149 1675 2210 illis
1710 2152 1980 2212 Merceri
2012 2151 2348 2215 codicibus
2388 2152 2643 2233 allegat.
2684 2156 2895 2228 Quare
2927 2155 3077 2218 licet
3107 2174 3139 2218 δ
3170 2157 3359 2219 nobis
3390 2157 3708 2219 lectiones

426 2262 689 2322 illorum
718 2258 906 2320 codd.
942 2256 1133 2317 variae
1163 2273 1243 2317 ex
1302 2254 1539 2316 Grabio
1571 2255 2009 2330 adducantur;
2041 2272 2123 2316 ne
2155 2264 2363 2318 tamen
2398 2257 2532 2318 illis
2562 2257 2709 2336 plus
2749 2259 2899 2319 ﬁdei
2954 2261 3303 2322 attribuant
3338 2278 3531 2341 quam
3562 2279 3703 2323 me-

424 2376 689 2429 reantur
719 2366 1074 2445 (merentur
1107 2367 1325 2421 autem
1366 2358 1719 2437 exiguam),
1774 2360 2055 2421 monitos
2093 2357 2364 2421 lectores
2400 2360 2619 2421 velim.
2658 2361 3140 2423 Arundelianus
3168 2362 3372 2424 codex
3408 2362 3704 2440 interpo-

423 2468 588 2531 latus
619 2466 823 2529 fuisse
856 2464 1115 2526 videtur
1143 2468 1282 2527 sive
1313 2481 1346 2526 a
1386 2464 1649 2526 librario
1689 2481 1860 2542 lpSO,
1906 2464 2044 2526 sive
2084 2463 2163 2525 ab
2208 2464 2428 2541 aliquo
2475 2464 2864 2538 recentiori;
2920 2466 3091 2545 quod
3150 2465 3702 2527 verisimillimum

418 2582 725 2654 agnoscet
761 2573 1066 2654 quisquis
1114 2570 1409 2649 ejusdem
1459 2568 1773 2631 lectiones
1810 2570 2158 2648 diligenter
2198 2568 2638 2646 perpenderit.
2687 2570 2866 2632 Unde
2927 2578 3225 2649 superest
3270 2588 3445 2633 unus
3478 2570 3693 2632 Vossii

419 2676 650 2748 codex,
683 2676 871 2756 cujus
902 2683 1129 2735 nutare
1174 2692 1303 2739 non
1338 2677 1543 2756 possit
1597 2677 1783 2739 ﬁdes.
1834 2678 1909 2736 Et
1954 2693 2175 2737 revera
2221 2675 2470 2737 collatis
2508 2676 2802 2753 ejusdem
2844 2676 3239 2739 lectionibus
3276 2694 3423 2739 cum
3477 2675 3703 2739 Claro-

418 2780 765 2853 montanis,
814 2786 877 2839 et
920 2780 1005 2840 iis
1039 2794 1199 2858 quas
1248 2796 1328 2839 ex
1359 2777 1563 2840 veteri
1619 2794 1742 2839 suo
1776 2777 1997 2840 codice
2048 2777 2241 2838 refert
2296 2776 2789 2850 Feuardentius,
2823 2778 3162 2859 antiquum
3198 2798 3344 2842 esse
3397 2788 3459 2843 et
3508 2781 3704 2843 bonae

416 2889 587 2943 nota)
624 2878 1068 2959 deprehendi;
1103 2880 1169 2941 in
1204 2896 1415 2959 eoque
1444 2878 1694 2941 caeteris
1730 2876 2071 2949 omnibus,
2121 2877 2237 2955 qui
2268 2876 2399 2954 jam
2427 2888 2801 2955 supersunt,
2834 2879 3225 2956 pracellere,
3256 2882 3433 2961 quod
3480 2882 3695 2954 solus,

416 2987 653 3050 Grabio
686 2994 871 3059 teste,
906 2987 1264 3065 posteriora
1296 2985 1593 3065 quinque
1636 2981 1787 3044 libri
1838 2982 2049 3062 quinti
2096 2982 2299 3060 capita
2350 2982 2693 3045 contineat.
2748 2986 2876 3045 Nec
2926 2982 3196 3063 proinde
3223 2983 3535 3057 dubitavi,
3574 2983 3691 3044 ubi

415 3104 544 3154 tres
569 3091 753 3163 istos,
786 3091 1081 3152 omnium
1107 3090 1510 3170 antiquiores
1540 3096 1603 3149 et
1633 3086 1960 3160 meliores,
1998 3086 2481 3148 consentientes
2528 3084 2747 3159 habui,
2778 3093 3024 3148 textum
3056 3102 3280 3147 eorum
3314 3086 3695 3148 auctoritate

415 3195 783 3268 restituere,
824 3194 1146 3275 ipsisque,
1181 3194 1418 3272 spretis
1448 3192 1624 3265 aliis,
1656 3190 1737 3253 ad
1785 3191 2097 3253 amussim
2143 3191 2494 3265 adhaerere,
2549 3190 2679 3251 nisi
2726 3198 2974 3268 apertas
3019 3187 3454 3266 corruptionis
3503 3194 3694 3249 notas

414 3313 544 3374 prae
575 3314 645 3359 se
680 3295 972 3358 tulerint.

500 3480 723 3540 Praeter
746 3491 899 3535 mss.
934 3473 1213 3541 codices,
1248 3469 1419 3531 edita
1437 3468 1852 3546 exemplaria,
1886 3467 2253 3547 antiquiora
2280 3465 2655 3544 praesertim,
2684 3465 3025 3528 consulere
3056 3482 3184 3527 non
3217 3465 3446 3544 piguit,
3479 3481 3691 3544 eaque

408 3577 759 3648 interdum,
793 3576 905 3636 ubi
933 3591 1088 3637 mss.
1125 3575 1382 3637 codices
1414 3575 1513 3636 vel
1546 3574 1899 3653 depravati,
1946 3572 2049 3635 vel
2080 3572 2299 3633 minus
2349 3570 2489 3632 sani
2533 3587 2675 3632 esse
2715 3571 3118 3642 videbantur,
3153 3586 3546 3649 praeponere.
3578 3570 3689 3629 Sic

405 3685 642 3747 factum
672 3688 743 3742 ut
775 3679 1001 3743 lrentei
1033 3690 1274 3741 textum
1300 3678 1602 3758 plurimis
1631 3678 1839 3741 adhuc
1876 3679 1941 3738 in
1976 3677 2135 3738 locis
2166 3675 2266 3737 vel
2309 3674 2661 3736 scribarum
2692 3691 2811 3734 seu
2854 3673 3177 3751 imperitia
3207 3674 3524 3742 vitiatum,
3559 3685 3687 3730 seu

404 3787 743 3851 oscitantia
786 3782 1178 3860 mutilatum,
1231 3785 1329 3847 vel
1378 3784 1729 3847 sciolorum
1766 3782 2036 3846 audacia
2070 3781 2561 3855 redundantem,
2597 3788 2706 3841 aut
2737 3778 3217 3858 interpolatum,
3269 3776 3685 3855 castigarim;

403 3894 640 3954 additis
675 3910 820 3971 quae
848 3892 1134 3962 deerant,
1166 3891 1431 3953 resectis
1459 3908 1604 3971 qua:
1630 3887 2061 3960 abundabant,
2096 3893 2263 3947 recte
2296 3884 2616 3946 distinctis
2657 3901 2802 3964 quin
2833 3883 2997 3946 male
3027 3882 3424 3944 cohterebant
3457 3904 3473 3941 :
3512 3882 3686 3943 adeo

401 4003 474 4056 ut
508 4010 705 4071 pauca
726 3993 857 4071 jam
891 3992 1047 4054 mihi
1081 4009 1425 4071 superesse
1458 3994 1825 4064 videantur,
1880 3992 1949 4052 in
1980 3990 2222 4070 quibus
2272 3987 2571 4050 lectionis
2612 3987 2952 4049 difﬁcultas
3002 3984 3304 4049 lectorem
3342 3986 3543 4063 possit
3573 4003 3684 4046 re-

400 4099 659 4160 morari.
687 4097 803 4160 Ubi
836 4112 988 4158 vero
1023 4097 1362 4160 manifesta
1396 4097 1521 4158 fuit
1550 4095 2018 4175 exemplarium
2067 4092 2460 4173 depravatio,
2496 4092 2656 4153 hanc
2684 4091 2786 4153 vel
2820 4109 2898 4153 ex
2937 4093 3174 4153 Graecis
3207 4091 3441 4165 verbis,
3487 4090 3543 4151 si
3592 4089 3682 4150 il-

399 4204 611 4266 lorum
643 4205 825 4282 copia
860 4202 1079 4275 fuerit,
1113 4199 1212 4263 vel
1255 4217 1336 4261 ex
1359 4198 1507 4260 aliis
1538 4196 1861 4277 parallelis
1894 4196 2077 4269 locis,
2111 4196 2179 4257 in
2202 4195 2445 4276 quibus
2477 4200 2822 4255 occurrunt
2850 4194 3073 4255 eadem
3106 4210 3369 4271 prorsus
3400 4190 3680 4269 repetita

396 4309 613 4382 verba,
652 4307 756 4370 vel
785 4325 868 4370 ex
895 4305 1286 4386 conjecturis
1317 4303 1587 4365 aliunde
1611 4302 1831 4375 certis,
1877 4300 2167 4362 adhibito
2200 4300 2392 4361 etiam
2421 4298 2945 4360 doctissimorum
2990 4294 3330 4356 hominum
3362 4291 3669 4364 consilio,

393 4410 739 4471 emendare
771 4424 903 4469 non
932 4407 1244 4469 dubitavi.
1298 4405 1367 4467 Id
1423 4412 1632 4467 tamen
1674 4404 1908 4477 rarius,
1948 4412 2010 4464 et
2041 4411 2214 4465 tanta
2242 4401 2559 4480 religione
2604 4400 2844 4463 factum
2880 4408 3001 4475 est,
3034 4408 3103 4463 ut
3155 4399 3413 4478 vulgata
3443 4396 3669 4470 lectio,

392 4514 814 4594 quantumvis
841 4522 1064 4592 aperte
1094 4518 1416 4589 corrupta,
1450 4510 1529 4573 ad
1560 4527 1736 4573 oram
1776 4510 1926 4571 libri
1958 4516 2287 4582 servetur;
2329 4508 2567 4570 deinde
2599 4514 2670 4569 ut
2708 4524 2782 4570 ea
2814 4503 3073 4568 licentia
3102 4500 3266 4562 intra
3299 4495 3670 4576 singulares

392 4634 608 4691 voces,
638 4627 701 4679 et
728 4635 857 4679 non
890 4624 1018 4680 tam
1052 4618 1261 4680 Latini
1290 4618 1688 4697 interpretis,
1711 4633 1905 4697 quam
1934 4614 2346 4677 librariorum
2378 4613 2567 4693 culpa
2590 4614 2961 4693 depravatas
2994 4607 3391 4679 constiterit;
3424 4602 3503 4665 ad
3533 4602 3666 4663 du-

389 4717 528 4779 bias
562 4733 893 4795 nunquam
938 4716 1311 4794 pervaserit,
1346 4715 1537 4795 longe
1575 4716 1792 4776 minus
1834 4713 1915 4775 ad
1957 4714 2207 4792 integra
2242 4709 2681 4781 commatayel
2712 4709 3016 4788 periodos
3058 4709 3381 4787 integras;
3417 4701 3666 4784 quibus

389 4834 614 4892 novas,
649 4818 850 4879 Graeci
886 4826 1099 4880 textus
1139 4816 1237 4878 vel
1288 4815 1556 4877 alterius
1600 4816 2049 4895 cujuscunque
2104 4811 2397 4892 paralleli
2447 4811 2574 4873 loci
2622 4811 3000 4873 auctoritate
3050 4809 3444 4871 substituere
3477 4803 3659 4866 nefas

388 4924 746 4986 duxissem.
784 4927 861 4984 At
905 4924 1019 4985 ubi
1054 4922 1273 4983 sanior
1320 4921 1434 4983 ille
1467 4920 1647 4982 visus
1698 4929 1820 4993 est,
1874 4920 1941 4981 id
1988 4918 2352 4990 observare,
2392 4931 2756 5003 novamque
2809 4910 3423 4989 interpretationem,
3454 4906 3659 4969 veteri

390 5026 609 5087 Latina
658 5027 1156 5097 accuratiorem,
1196 5028 1347 5090 dare
1395 5043 1608 5106 opera)
1638 5028 1917 5105 pretium
1948 5025 2161 5086 visum
2191 5032 2321 5094 est,
2365 5021 2477 5082 sed
2529 5021 2596 5080 in
2646 5016 3022 5079 inferiorem
3054 5015 3407 5093 marginem
3436 5018 3653 5072 trans-

386 5126 614 5196 latam;
661 5128 747 5188 ita
775 5135 846 5188 ut
890 5137 1076 5189 vetus
1130 5127 1321 5189 lectio
1368 5129 1588 5192 sedem
1640 5130 2216 5206 auctoritatemque
2268 5142 2451 5186 suam
2504 5123 2837 5183 retineret.
2878 5118 3125 5192 Varias,
3178 5131 3325 5196 qua;
3372 5113 3653 5192 alicujus

384 5229 694 5290 momenti
724 5227 956 5301 forent,
987 5229 1295 5294 lectiones
1333 5234 1500 5296 infra
1527 5235 1968 5314 ascripsimus,
2017 5231 2317 5294 indicatis
2351 5230 2524 5291 unde
2574 5236 2845 5307 sumptae
2875 5232 3025 5289 sunt
3058 5222 3243 5286 codd.
3277 5221 3344 5283 Si
3368 5219 3529 5300 quid
3569 5236 3652 5280 ex

384 5351 611 5396 corum
640 5335 763 5398 fide
791 5339 1172 5400 mutandum
1198 5341 1769 5423 supplendumque
1798 5342 2013 5403 visum
2046 5346 2165 5411 est,
2200 5337 2472 5398 lectores
2502 5350 2788 5408 monere,
2823 5330 3329 5409 mutationisque
3360 5327 3644 5389 rationes

382 5435 611 5498 aﬂ'erre
638 5453 769 5498 non
798 5436 1231 5518 negleximus,
1263 5450 1434 5505 tanta
1472 5461 1617 5506 cum
1648 5442 1991 5520 religione,
2030 5447 2100 5501 ut
2129 5437 2486 5500 verendum
2528 5434 2611 5496 sit
2640 5452 2721 5496 ne
2748 5442 2974 5513 arguta
3003 5429 3282 5494 nimium
3311 5424 3650 5506 aliquibus

382 5541 717 5623 diligentia
748 5551 962 5605 nostra
1007 5545 1334 5618 videatur;
1370 5545 1485 5606 sed
1518 5551 1772 5623 praestat
1805 5543 1909 5603 hic
1939 5538 2344 5623 diligentiam
2371 5533 2644 5613 culpari,
2680 5551 2872 5615 quam
2899 5529 3276 5595 desiderari.
3310 5530 3400 5589 Ne
3434 5534 3647 5588 tamen

380 5657 591 5709 actum
621 5666 983 5729 ageremus,
1012 5649 1299 5727 priorum
1342 5649 1703 5711 editionum
1738 5657 1943 5710 errata
1973 5643 2213 5719 omnia,
2244 5657 2390 5721 qua;
2416 5641 2550 5721 jam
2599 5644 2961 5700 correxerat
3002 5630 3497 5707 Feuardentius,
3536 5646 3645 5691 re-

385 5756 659 5818 vocanda
694 5773 835 5818 esse
870 5772 998 5818 non
1028 5756 1394 5835 putavimus
1422 5774 1438 5813 :
1470 5769 1665 5817 unam
1703 5749 2282 5815 Feuardentianam
2312 5745 2692 5821 editionem,
2727 5760 2871 5824 qua;
2899 5742 3191 5805 omnium
3222 5736 3519 5801 manibus
3553 5743 3649 5799 tc-
