3954 6352
312 333 371 391 Π
1462 326 1522 380 D.
1566 322 1873 382 MASSUE'I

2003 323 2117 379 [UE
2126 320 2351 377 FATIO.
3465 309 3529 364 l8

305 444 558 515 rebatur,
590 438 1055 503 emendandam
1086 452 1229 499 esse
1264 434 1681 508 censuimus;
1715 435 1798 495 iis
1833 434 2145 497 duntaxat
2177 429 2531 494 observatis
2561 435 2623 492 et
2652 428 2821 493 inter
2852 425 3058 489 varias
3091 418 3403 488 lectiones
3436 444 3535 487 rev

299 540 562 614 censitis,
598 557 747 619 quae
777 538 842 600 in
875 538 1022 601 aliis
1064 537 1459 601 editionibus
1492 538 1813 617 praecipua
1844 545 1905 601 et
1941 539 2194 600 saniora
2225 554 2366 600 esse
2411 534 2815 597 videbantur.

369 644 497 702 Non
527 639 736 700 minor
767 638 835 699 in
885 643 1403 721 recognoscenda
1450 661 1524 707 ea
1570 652 1745 724 parte
1811 644 2013 707 Graeci
2064 652 2303 718 textus,
2358 659 2504 722 qua;
2555 645 2783 711 exstat,
2837 652 2988 697 cura
3035 632 3157 695 fuit
3205 633 3533 710 adhibita,

296 741 567 822 quamvis
603 740 1055 802 deﬁcientibus
1088 758 1240 803 mss.
1265 742 1499 805 minori
1533 761 1862 806 successu.
1894 745 2066 818 Quin
2094 746 2308 805 Greece
2337 740 2667 821 scripserit
2698 743 3001 810 lrenmus,
3036 736 3308 817 ejusque
3338 734 3537 798 libros

294 850 354 909 in
384 846 671 907 Latinum
718 861 1119 918 sermonem,
1154 862 1350 924 quem
1401 846 1593 909 modo
1644 846 1977 919 habemus,
2030 846 2421 908 converterit
2458 844 2800 923 imperitus
2844 842 3082 923 aliquis
3128 860 3200 905 ac
3230 842 3538 904 barbarus

295 949 614 1027 interpres,
649 946 759 1008 vix
803 945 1166 1017 dubitatur;
1204 945 1269 1007 id
1300 947 1558 1009 abunde
1612 948 1951 1025 probatum
1986 956 2084 1009 est
2135 947 2203 1008 in
2249 946 2533 1008 secunda
2581 944 3069 1019 Dissertatione,
3123 960 3269 1023 qum
3305 942 3541 1006 Praefa-

292 1051 513 1112 tionem
544 1046 855 1125 excipiet,
886 1047 967 1107 ad
995 1062 1187 1125 quam
1227 1046 1531 1110 lectorem
1564 1048 1842 1111 remitto.
1886 1048 2044 1111 Cum
2092 1055 2305 1110 autem
2337 1054 2552 1109 textus
2577 1047 2835 1107 Graecus
2872 1044 3146 1123 integer,
3180 1052 3541 1122 temporum

290 1154 529 1236 injuria,
563 1152 699 1231 jam
736 1150 984 1213 dudum
1033 1151 1325 1230 perierit,
1367 1160 1703 1232 supererat
1758 1159 1830 1214 ut
1868 1152 2160 1232 dispersa
2191 1151 2483 1231 undique
2536 1152 2914 1229 Fragmenta
2962 1148 3535 1229 conquirerentur;

292 1259 443 1339 quod
488 1265 550 1319 et
582 1257 864 1320 sollicite
896 1256 1130 1321 factum
1180 1264 1297 1319 est.
1331 1259 1750 1338 Quaecunque
1807 1258 1977 1321 enim
2017 1276 2137 1320 seu
2168 1263 2417 1319 veteres
2458 1259 2939 1320 conservarunt.
2974 1270 3094 1314 seu
3146 1250 3535 1312 recentiores

290 1360 634 1432 ediderunt,
667 1374 788 1419 seu
815 1356 960 1419 alia;
987 1357 1309 1420 editiones
1337 1360 1646 1423 exhibent
1676 1358 1907 1422 lrenaai
1938 1360 2338 1438 Fragmenta,
2375 1356 2513 1419 sive
2560 1372 2782 1418 eorum
2814 1370 2960 1432 qum
2993 1357 3364 1429 supersunt,
3398 1352 3537 1414 sive

294 1476 419 1539 qua:
451 1457 869 1531 interierunt,
902 1474 1196 1536 operum,
1248 1475 1321 1521 ac
1354 1476 1519 1522 nova
1552 1459 1817 1539 protulit
1863 1458 2262 1521 clarissimus
2295 1458 2593 1531 Grabius,
2638 1474 2723 1518 ex
2764 1454 2961 1517 variis
3000 1453 3370 1515 auctoribus
3402 1461 3538 1515 tum

295 1568 481 1636 editis,
525 1574 673 1626 tum
722 1564 1180 1645 manuscriptis
1222 1571 1436 1640 eruta;
1488 1572 1548 1627 et
1589 1572 1806 1627 nostra
1852 1564 1986 1627 haec
2027 1562 2287 1626 exhibet
2326 1563 2560 1637 editio,
2613 1562 2729 1624 sed
2779 1559 3106 1621 interdum
3149 1557 3434 1620 auctiora
3477 1570 3541 1622 et

289 1666 731 1737 emendatiora,
764 1665 849 1727 iis
880 1666 1116 1727 additis
1145 1684 1292 1746 qum
1318 1667 1457 1746 ipse
1490 1666 1747 1746 collegi,
1786 1665 1884 1727 vel
1908 1666 2098 1727 amici
2146 1665 2683 1743 suppeditarunt;
2716 1665 2931 1726 omnia
2980 1681 3058 1726 eo
3087 1664 3313 1727 ordine
3342 1664 3540 1727 collo-

283 1775 400 1828 cata
425 1774 619 1846 atque
653 1766 970 1844 disposita
1030 1767 1144 1848 qui
1195 1767 1715 1830 Feuardentiano
1760 1775 1821 1827 et
1868 1766 2186 1828 Grabiano
2224 1764 2412 1843 longe
2438 1765 2839 1827 commodior
2870 1756 2976 1829 sit.
3011 1767 3260 1828 Graecas
3292 1765 3535 1848 Biblio:

284 1872 460 1935 theae
492 1871 719 1950 Regia:
747 1879 809 1933 et
833 1871 1215 1936 Colbertinm
1243 1876 1532 1947 Catenas,
1555 1872 1851 1953 aliosque
1880 1873 2252 1934 earumdem
2284 1872 2540 1933 codices
2567 1889 2719 1933 mss.
2754 1872 3031 1940 Graecos,
3065 1883 3230 1947 quos
3262 1867 3329 1929 in
3367 1842 3541 1927 notis
3576 1900 3577 1903 η

282 1993 388 2037 suo
418 1992 752 2055 quemque
788 1974 931 2037 loco
960 1976 1263 2054 iudicavi,
1296 1978 1623 2051 consului,
1658 1996 1728 2040 ac
1760 1996 1870 2056 per
1899 1977 2246 2054 diligentes
2291 1976 2531 2037 amicos
2570 1977 2915 2053 Graeceque
2972 1974 3194 2034 doctos
3249 1970 3535 2048 expendi

279 2075 509 2149 curavi;
543 2091 830 2155 quaeque
862 2091 941 2135 ex
993 2078 1072 2141 iis
1124 2079 1520 2157 transcripta,
1570 2079 1708 2140 sive
1746 2096 1778 2137 a
1829 2074 2235 2148 Combefisio,
2294 2074 2431 2135 sive
2482 2093 2518 2135 a
2562 2075 2820 2148 Grabio,
2867 2078 3009 2139 sive
3061 2075 3140 2137 ab
3191 2076 3337 2137 aliis
3370 2074 3539 2137 edita

278 2190 494 2256 sunt,a
529 2204 639 2249 me
671 2184 997 2265 recognita
1022 2186 1172 2240 sunt
1202 2178 1449 2250 omnia,
1499 2195 1615 2238 nec
1651 2174 1850 2239 semel
1885 2181 2163 2236 correcta
2207 2180 2268 2235 et
2309 2173 2625 2234 restituta.
2660 2173 2821 2247 Qum
2860 2194 3012 2238 vero
3063 2195 3141 2239 ex
3180 2174 3541 2254 Epiphanio

276 2297 557 2367 excerpta
595 2298 776 2365 sunt,
807 2304 955 2351 cum
987 2281 1282 2363 ejusdem
1334 2281 1753 2342 Bibliothecaa
1802 2280 2020 2359 Regia:
2060 2277 2279 2340 codice
2332 2293 2464 2339 uno
2517 2277 2872 2351 chartaceo,
2920 2295 3129 2357 eoque
3176 2279 3417 2339 recenti
3469 2294 3542 2339 ac

278 2388 574 2451 mendoso
618 2388 760 2471 (nec
791 2387 965 2450 enim
999 2387 1227 2450 melior
1251 2381 1903 2464 occurrebat),denuo
1934 2391 2073 2462 post
2116 2381 2449 2443 Petavium
2481 2380 2753 2455 contuli,
2788 2388 2849 2442 et
2885 2399 2921 2443 a
2952 2381 3366 2462 quibusdam,
3399 2399 3544 2461 quae

271 2487 625 2550 doctissimi
662 2487 785 2549 viri
818 2485 1222 2566 diligentiam
1267 2482 1599 2564 fugerant,
1647 2483 1877 2544 erratis
1928 2480 2310 2561 expurgavi.
2347 2481 2422 2542 Ut
2461 2489 2523 2543 et
2568 2498 2713 2544 cum
2743 2482 3053 2546 Vaticano
3102 2484 3321 2547 codice
3357 2485 3545 2567 (alios

272 2592 429 2651 enim
460 2607 628 2653 mss.
679 2586 1028 2668 Epiphanii
1073 2584 1335 2650 Panarii
1363 2587 1617 2649 codices
1667 2591 1917 2651 Graecos
1953 2606 2082 2651 non
2135 2587 2310 2667 novi)
2358 2587 2829 2659 conferrentur,
2884 2586 3050 2648 nihil
3095 2586 3271 2667 quod
3324 2588 3390 2650 in
3441 2606 3540 2649 me

270 2684 449 2751 fuerit
479 2686 910 2767 praetermisi;
945 2687 1062 2750 sed
1091 2684 1315 2749 nullus
1347 2688 1561 2749 Graece
1598 2686 1828 2750 doctus
1858 2691 1976 2769 qui
2015 2688 2339 2751 tantillum
2366 2686 2629 2762 laboris,
2668 2702 3015 2765 paucorum
3061 2694 3230 2749 certe
3260 2688 3541 2757 dierum.

270 2793 599 2871 suscipere
637 2791 1037 2870 dignaretur,
1072 2790 1311 2865 Roma),
1345 2790 1457 2852 ubi
1493 2799 1706 2853 tamen
1744 2792 1965 2871 plures
1997 2800 2171 2868 sunt,
2202 2791 2472 2870 reperiri
2509 2792 2737 2870 potuit.
2779 2792 3093 2854 Cmterum
3127 2806 3271 2867 qum
3314 2790 3541 2851 lreuaut'

270 2894 467 2955 ϐίαια
497 2892 588 2954 ab
630 2889 1002 2974 Epiphanio
1041 2894 1359 2973 descripta
1388 2895 1664 2956 Iacobus
1694 2895 1926 2958 Billius
1959 2896 2026 2958 in
2063 2897 2357 2959 Latinum
2394 2912 2762 2957 sermonem
2796 2894 3135 2966 convertit,
3167 2893 3319 2972 quia
3352 2893 3543 2973 longe

269 2993 629 3076 elegantius
686 3000 1179 3079 accuratiusque
1235 3001 1447 3074 vertit,
1503 3019 1694 3080 quam
1752 3010 1936 3064 vetus
1988 3002 2305 3080 interpres
2345 3002 2650 3076 Latinus;
2690 3000 2871 3064 illius
2922 3000 3536 3079 interpretationem,

261 3096 378 3173 jam
412 3098 846 3160 Feuardentii
877 3099 1147 3162 editioni
1179 3099 1555 3163 Coloniensi
1601 3102 1756 3164 anni
1808 3104 1963 3165 1596
2006 3111 2069 3165 et
2118 3102 2598 3165 Parisiensibus
2650 3103 2959 3183 deinceps
2998 3102 3328 3177 insertam,
3361 3111 3424 3165 et
3473 3103 3540 3165 in

270 3209 469 3263 rustra
500 3221 537 3266 e
574 3204 851 3283 regione
886 3204 1119 3266 veteris
1148 3204 1595 3283 adjunximus,
1631 3215 1699 3269 ut
1723 3207 1925 3269 altera
1957 3226 2035 3270 ex
2067 3206 2263 3270 altera
2292 3207 2681 3270 illustretur.
2726 3207 2863 3269 Alia
2901 3224 3051 3268 vero
3086 3224 3281 3286 pauca
3311 3209 3538 3270 lrenmt

270 3304 644 3382 Fragmenta
695 3306 936 3381 Grmca,
972 3327 1117 3388 quae
1148 3308 1381 3371 Billius
1421 3309 1643 3371 itidem
1680 3312 1888 3385 vertit,
1928 3328 2203 3391 quaeque
2252 3311 2346 3373 sic
2394 3327 2701 3373 conversa
2749 3310 3222 3372 Feuardentius
3267 3310 3550 3372 editioni

267 3417 388 3473 suae
416 3403 731 3477 inseruit,
763 3414 827 3469 et
857 3413 1089 3492 nostra
1117 3409 1351 3487 pariter
1400 3409 1647 3472 inserui
1682 3410 2157 3484 voluissemus;
2192 3412 2305 3473 sed
2348 3429 2493 3473 cum
2526 3410 2658 3473 haec
2686 3411 2899 3473 versio
2947 3429 3090 3472 cum
3142 3411 3338 3473 veteri
3386 3412 3548 3473 citra-

267 3504 721 3569 confusionem
752 3513 1051 3589 componi
1081 3532 1209 3577 non
1241 3515 1581 3593 potuisset,
1617 3534 1756 3578 eam
1790 3516 2085 3579 omittere
2118 3517 2317 3578 coacti
2351 3534 2604 3578 sumus.

337 3607 562 3670 lrenaei
612 3614 915 3672 textuma
943 3612 1194 3674 mendis
1219 3632 1489 3693 purgare
1526 3632 1748 3691 parum
1788 3616 2043 3686 fuisset,
2094 3615 2222 3677 nisi
2264 3623 2432 3676 recte
2467 3614 2813 3677 distinctus
2862 3624 3053 3696 atque
3107 3619 3359 3681 divisus
3390 3639 3536 3700 pro-

265 3711 439 3773 diret.
478 3713 910 3777 Distinctioni
946 3718 1293 3781 consulunt
1340 3728 1666 3784 consueta;
1707 3722 2197 3783 distinctionum
2245 3727 2410 3781 nota}
2464 3728 2631 3798 apte,
2680 3729 2991 3800 quantum
3028 3723 3231 3797 licuit,
3265 3742 3544 3806 qumque

266 3819 391 3880 suis
428 3820 594 3883 locis
631 3823 971 3898 repositaa;
1002 3825 1309 3889 divisioni
1346 3845 1495 3891 vero
1525 3846 1685 3891 nova
1715 3829 1995 3907 capitum
2023 3829 2249 3898 sectio,
2287 3844 2578 3905 novaque
2610 3826 2892 3905 singulis
2930 3826 3177 3899 l'll‘iniXﬂ
3221 3826 3538 3908 lemmata.

266 3923 512 3987 Factum
575 3926 672 3999 id,
722 3927 894 4006 quod
929 3927 1183 4007 vulgata
1234 3929 1495 4005 divisio,
1549 3940 1611 3993 et
1665 3935 1929 4012 antiqua
1966 3932 2259 3993 lemmata
2319 3932 2737 4002 nonlrenmo,
2784 3930 3222 4008 sedimperito
3256 3932 3534 4011 cuipiam

263 4027 601 4089 recentiori
659 4027 1005 4089 tribuendo
1054 4031 1411 4094 certissime
1476 4032 1834 4106 videantur,
1878 4040 1945 4095 ut
1998 4034 2065 4095 in
2136 4031 2596 4092 Dissertationc
2657 4031 2942 4092 secunda
2997 4032 3331 4108 probatum
3382 4033 3540 4095 satis

261 4126 765 4190 existimamus:
817 4135 954 4191 tum
1006 4133 1182 4211 quod
1208 4135 1531 4197 sectiones
1578 4136 1863 4214 capitum
1919 4153 2088 4215 saepe
2143 4134 2628 4199 absurdissima:
2676 4134 2829 4208 sint,
2886 4151 3015 4197 non
3073 4137 3290 4198 minus
3346 4155 3540 4217 quam

258 4234 663 4303 argumenta,
724 4242 872 4306 quae
936 4230 1218 4293 auctoris
1281 4233 1672 4295 sententiam
1730 4235 2072 4299 obscurant
2125 4237 2343 4315 potius
2401 4254 2597 4317 quam
2672 4244 3156 4314 repraesentant.
3212 4238 3379 4299 Nihil
3439 4247 3534 4301 ta-

261 4344 396 4391 men
425 4339 650 4394 actum
687 4338 809 4407 est,
873 4331 1004 4393 nisi
1060 4348 1139 4394 ex
1192 4332 1719 4397 doctissimorum
1778 4335 2115 4400 hominum
2159 4337 2460 4412 consilio,
2516 4336 2716 4416 idque
2765 4335 2833 4398 in
2874 4338 3203 4417 prioribus
3262 4350 3543 4419 quatuor

259 4429 433 4496 libris
499 4436 869 4511 duntaxat;
959 4453 1103 4497 nam
1158 4438 1227 4500 in
1306 4440 1572 4519 quinto,
1660 4442 2174 4505 Feuardentiana
2242 4443 2481 4505 divisio
2567 4450 2630 4504 et
2714 4441 3006 4504 lemmata
3075 4440 3207 4502 fere
3292 4458 3541 4503 servata

258 4543 420 4597 δυηῑ·
475 4538 666 4611 Quin
720 4545 782 4599 et
836 4540 1091 4621 singula
1147 4546 1363 4626 capita
1415 4549 1487 4611 in
1543 4548 1765 4628 plures
1821 4550 2249 4630 paragraphos
2280 4567 2399 4611 seu
2432 4564 2737 4611 numeros
2770 4548 2981 4610 divisa
3015 4555 3189 4619 sunt,
3220 4547 3427 4609 allixis
3458 4547 3536 4609 ad

260 4642 615 4721 marginem
662 4644 970 4711 brevibus
1028 4652 1401 4728 summulis,
1450 4653 1692 4734 quibus
1733 4654 1894 4735 quid
1957 4655 2241 4735 quisque
2309 4653 2712 4732 praecipuum
2773 4649 3265 4727 complectatur,
3339 4647 3539 4711 lector

262 4754 383 4801 uno
444 4741 637 4804 velut
704 4744 947 4809 intuitu
975 4749 1349 4827 conspiciat.
1417 4753 1508 4815 Ne
1565 4758 1822 4827 tamen,
1867 4751 1984 4832 qui
2022 4752 2222 4815 veteri
2262 4751 2575 4815 divisioni
2634 4752 2704 4813 in
2743 4748 3018 4813 citandis
3048 4747 3370 4827 capitibus
3437 4764 3539 4809 as—

258 4842 417 4902 sueti
472 4852 672 4917 sunt,
732 4863 815 4908 ex
869 4864 1035 4911 nova
1079 4849 1467 4925 turbentur,
1528 4852 2064 4928 Feuardentiana,
2122 4870 2268 4933 qum
2326 4853 2458 4932 jam
2528 4851 2960 4924 communior,
3022 4850 3102 4913 ad
3181 4850 3538 4929 marginem

260 4950 494 5005 servata
557 4951 688 5018 est,
757 4964 904 5008 cum
951 4952 1274 5013 asteriscis
1330 4952 1397 5032 in
1452 4960 1654 5029 textu,
1687 4954 1928 5033 quibus
1982 4952 2644 5017 Feuardentianorum
2677 4951 2961 5029 capitum
3000 4951 3257 5012 initium
3299 4959 3360 5010 et
3393 4948 3537 5011 linis

259 5044 694 5127 designetur;
755 5070 1033 5131 quorum
1084 5054 1276 5119 etiam
1330 5066 1709 5139 argumenta
1763 5057 2008 5137 integra
2040 5058 2231 5120 initio
2289 5057 2504 5136 Operis
2538 5065 2897 5135 comparata
2942 5074 3090 5120 cum
3122 5056 3309 5118 novis
3347 5054 3533 5115 exhi-

260 5142 501 5213 bentur.

330 5253 634 5320 Alterum
694 5261 871 5339 quod
932 5278 1042 5339 pro
1096 5264 1287 5329 ollicii
1345 5267 1589 5330 ratione
1643 5267 1965 5348 agendum
2019 5268 2173 5328 mihi
2237 5266 2448 5327 hacin
2505 5262 2793 5326 editione
2851 5263 3034 5337 duxi,
3100 5270 3312 5324 textus
3379 5261 3534 5323 illu-

258 5356 638 5419 strationem
677 5369 940 5438 spectat.
978 5367 1133 5429 Cum
1167 5371 1339 5432 enim
1377 5371 1479 5434 vel
1542 5390 1621 5433 ex
1650 5373 1892 5434 tractati
1951 5370 2311 5452 argumenti
2342 5368 2737 5442 difﬁcultate,
2776 5370 2877 5431 vel
2941 5386 3021 5431 ex
3058 5368 3258 5430 Latini
3326 5367 3534 5429 inter-

248 5462 446 5532 pretis
512 5463 874 5542 imperitia,
936 5470 1441 5541 obscurissimus
1496 5478 1826 5541 interdum
1883 5480 1968 5540 sit
2026 5480 2360 5549 lrenmus;
2415 5483 2655 5538 textum
2719 5472 3089 5544 emendare,
3127 5470 3531 5534 emendatio-

259 5575 544 5644 numque
609 5568 926 5631 rationem
987 5572 1255 5639 reddere
1287 5578 1441 5640 satis
1478 5596 1622 5639 esse
1656 5595 1783 5640 non
1814 5576 2168 5649 videbatur,
2202 5574 2328 5635 nisi
2384 5575 2577 5637 etiam
2635 5572 2840 5652 caligo
2888 5572 3101 5633 verbis
3165 5570 3373 5632 oll‘usa
3403 5566 3537 5631 dis-

258 5663 644 5732 pellere-tur.
679 5671 897 5732 Mouet
929 5673 1210 5740 lrenaaus
1271 5678 1409 5757 ipse
1442 5681 1487 5753 ⁷,
1537 5678 2132 5757 portentuosissima
2157 5683 2213 5736 et
2245 5674 2553 5737 altissima
2577 5670 3175 5736 esseGnosticorum
3212 5680 3528 5749 mysteria,

348 5812 379 5841 ⁷’
402 5815 589 5889 Ιτεειη
628 5814 788 5874 Praef.
820 5816 857 5875 l.
889 5832 926 5886 ι,
954 5833 1006 5891 p.
1038 5818 1093 5874 5.
