3954 6352
450 319 522 373 Ν
1548 315 1604 369 S.
1647 312 1975 374 IRENASUS
2014 315 2316 373 LUGDUN.
2356 316 2569 373 EPISC.
3604 306 3702 371 ’90

445 451 581 513 quae
640 451 769 494 non
829 450 1034 493 omnes
1080 432 1363 510 capiunt.
1424 432 1573 494 Hrec
1628 434 1916 513 quidem,
1955 452 2144 514 quam
2200 435 2484 497 dilucide
2531 434 2664 496 ﬁeri
2728 439 2993 514 poterat,
3028 433 3232 512 aperit
3269 440 3328 495 et
3389 432 3695 505 confutet,

444 531 670 611 sicque
724 537 856 593 toto
918 546 1110 602 opere
1170 529 1537 605 insectatur,
1572 540 1642 593 ut
1674 531 1752 594 ab
1807 531 1887 592 iis
1920 550 2249 612 nunquam
2280 532 2502 594 oculos
2532 537 2767 593 avertat
2801 552 2817 605 ;
2857 533 2943 592 ita
2976 542 3185 596 tamen
3220 542 3288 596 ut
3320 535 3431 615 qui
3468 534 3566 596 his
3626 536 3691 596 in

443 629 637 691 rebus
664 628 1070 691 mediocriter
1103 636 1333 695 versati
1380 643 1554 709 sunt,
1590 641 1923 715 totumque
1980 644 2116 697 tum
2153 636 2431 698 auctoris
2482 652 2769 713 scopum,
2830 644 2967 697 tum
2994 638 3508 701 adversariorum
3552 642 3693 719 ejus

437 733 851 815 hypothesim
912 753 1039 798 non
1104 740 1258 801 satis
1325 750 1561 805 attente
1603 742 2033 815 considerant,
2099 742 2426 803 interdum
2479 741 2678 803 animi
2715 741 3052 819 pendeant,
3093 740 3317 803 incerti
3373 743 3472 803 vel
3534 740 3692 820 quid

437 842 805 921 signiﬁcent
837 844 1180 905 salebrosa:
1211 852 1273 904 et
1299 842 1608 913 obscurae,
1641 843 1751 905 sed
1783 850 1853 906 ut
1880 843 2230 921 plurimum
2260 844 2626 922 interpretis
2657 844 2866 922 culpa,
2894 847 3209 908 sermonis
3237 848 3556 926 ambages,
3592 844 3691 905 vel

436 964 751 1026 quorsum
786 955 1030 1025 spectet
1085 947 1309 1009 oratio.
1358 945 1471 1008 His
1535 964 1679 1013 cum
1715 963 1843 1024 prae
1894 947 2138 1009 caeteris
2177 946 2648 1029 consulendum
2677 946 2897 1021 fuerit,
2945 965 3299 1027 eorumque
3363 947 3553 1008 taedio
3621 964 3693 1007 ac

436 1045 640 1109 labori
699 1047 1149 1124 parcendum,
1219 1046 1504 1117 difﬁcilia
1582 1063 1858 1126 quaeque
1942 1046 2080 1107 loca
2136 1046 2441 1124 subjectis
2506 1046 2721 1107 textui
2779 1045 2991 1118 notis,
3055 1063 3247 1126 quam
3306 1044 3691 1108 brevissime

434 1151 643 1228 potui,
680 1153 999 1231 explicare
1052 1161 1316 1215 conatus
1348 1171 1491 1215 sum
1523 1173 1540 1221 ;
1589 1152 1805 1214 ascitis
1862 1153 2052 1213 etiam
2080 1152 2414 1213 doctorum
2441 1152 2724 1214 virorum
2757 1148 3341 1217 observationibus,
3376 1162 3691 1225 quaecun-

434 1272 560 1332 que
590 1256 667 1317 ad
727 1256 1007 1318 auctoris
1044 1252 1534 1332 intelligentiam
1560 1251 1919 1312 conducere
1951 1252 2105 1318 visae
2133 1258 2306 1321 sunt,
2340 1248 2454 1309 sed
2484 1248 2736 1309 laudato
2756 1264 3008 1324 semper
3038 1250 3371 1305 auctorum
3404 1242 3689 1303 nomine.

432 1353 497 1415 Si
538 1357 797 1434 quando
831 1374 982 1420 vero
1042 1353 1518 1433 frequentiores
1550 1361 1611 1416 et
1661 1352 1941 1412 fusiores
1974 1351 2314 1413 videantur
2375 1367 2518 1411 esse
2554 1359 2740 1423 notze,
2782 1350 2847 1409 id
2880 1346 3294 1409 tribuendum
3325 1344 3683 1425 argumenti

430 1452 813 1533 difﬁcultati,
846 1477 1037 1537 quam
1072 1459 1484 1537 paucioribus
1518 1457 1821 1535 expedire
1859 1475 1991 1519 non
2023 1456 2199 1520 valui
2229 1479 2245 1529 ;
2304 1456 2549 1518 veritus
2581 1473 2689 1530 ne,
2728 1456 2884 1517 dum
2912 1453 3124 1515 brevis
3157 1470 3299 1516 esse
3332 1450 3685 1522 studerem,

428 1557 744 1622 obscurus
770 1564 1010 1625 fierem.
1053 1564 1316 1627 Accedit
1347 1563 1523 1645 quod
1555 1580 1699 1624 cum
1734 1563 1907 1625 varia
1938 1570 1999 1624 et
2034 1563 2232 1624 multa
2263 1580 2296 1624 e
2327 1562 2524 1625 sacris
2556 1561 2895 1639 utriusque
2927 1555 3315 1620 Testamenti
3352 1555 3687 1618 codicibus

426 1655 793 1719 testimonia
840 1661 1111 1737 proferat
1142 1666 1446 1739 Irenaaus,
1486 1682 1632 1744 qua:
1660 1682 1803 1726 cum
1836 1681 1913 1726 ex
1945 1666 2071 1732 alia
2100 1665 2396 1726 versione
2428 1665 2598 1737 sint,
2648 1660 3040 1725 discriminis
3095 1658 3389 1722 nonnihil
3451 1658 3686 1720 habere

406 1761 809 1827 -videbantur
841 1789 857 1841 ;
892 1768 955 1828 id
986 1770 1328 1833 observare
1360 1772 1426 1832 in
1456 1771 1723 1851 gratiam
1745 1771 2085 1847 Scripturae
2116 1786 2308 1830 sacrm
2338 1768 2778 1831 studiosorum
2795 1783 3004 1846 opera)
3023 1765 3295 1845 pretium
3327 1765 3535 1825 visum
3563 1773 3660 1824 est

422 1860 549 1934 Qui
580 1873 793 1927 autem
825 1869 1144 1949 ejusmodi
1179 1872 1350 1933 notis
1396 1878 1457 1932 et
1487 1870 2046 1933 observationibus
2078 1886 2207 1931 non
2242 1868 2535 1948 indigent
2571 1867 2834 1939 eruditi,
2870 1883 2976 1928 eas
3013 1866 3515 1945 praetermittere,
3553 1866 3688 1925 Ire.

422 1980 765 2046 ita-imque
821 1972 1226 2032 continenter
1280 1970 1497 2050 legere
1535 1980 1806 2049 possunt
1839 1992 1855 2043 ;
1917 1971 1983 2033 in
2017 1970 2311 2033 inferiori
2343 1970 2584 2049 quippe
2616 1969 2899 2051 margine
2932 1967 3159 2046 positae
3189 1983 3223 2028 a
3255 1971 3438 2027 textu
3488 1963 3681 2026 facile

422 2061 979 2161 scjungiqueunt.
1018 2073 1155 2143 Non
1187 2073 1481 2142 commisi
1513 2079 1747 2148 tamen,
1806 2082 1876 2136 ut
1924 2075 2243 2154 margines
2274 2091 2599 2154 gravarem
2659 2074 2739 2134 iis
2779 2073 2972 2143 notis,
3008 2089 3152 2151 quae
3180 2071 3256 2134 ad
3290 2068 3684 2133 eruditionis

422 2166 513 2245 (in
557 2186 654 2229 me
704 2178 871 2234 certe
903 2174 1177 2253 exiguaa)
1211 2176 1706 2237 ostentationem
1770 2178 2101 2250 duntaxat,
2140 2177 2237 2239 vel
2276 2176 2355 2238 ad
2406 2177 2700 2254 dogmata
2732 2182 2793 2238 et
2843 2175 2992 2238 ﬁdei
3023 2175 3497 2239 controversias
3532 2192 3683 2253 per-

418 2266 649 2341 tinent,
683 2271 809 2335 nisi
838 2276 1097 2354 quando
1125 2278 1345 2355 paucis
1403 2278 1614 2340 verbis
1675 2281 1922 2343 absolvi
1984 2287 2381 2358 potuerunt;
2442 2287 2613 2341 ratus
2648 2277 2971 2352 videlicet,
3025 2280 3418 2359 proprioque
3451 2277 3684 2338 doctus

418 2374 884 2451 experimento,
944 2380 1293 2444 lectoribus
1359 2382 1525 2452 nihil
1588 2384 1952 2462 molestius,
2011 2403 2202 2465 quam
2261 2396 2330 2445 ut
2388 2382 2666 2463 singulis
2724 2380 2859 2446 fere
2916 2381 3238 2459 vestigiis,
3272 2377 3683 2457 interpositis

416 2474 641 2571 moris,
676 2476 976 2543 insistere
1005 2494 1333 2563 cogantur.
1370 2491 1582 2552 Satius
1619 2508 1761 2552 esse
1801 2491 1981 2563 duxi,
2039 2509 2113 2553 ea
2144 2509 2288 2571 quae
2344 2490 2573 2553 fusiori
2607 2499 2665 2553 et
2694 2488 3068 2555 accuratiori
3105 2484 3397 2548 examine
3428 2482 3690 2561 indiges

415 2567 587 2645 bant,
648 2590 775 2635 non
842 2572 1110 2656 quidem
1164 2584 1229 2645 in
1276 2587 1418 2665 ipsa
1458 2588 1863 2667 Przefatione,
1913 2609 1991 2651 ne
2035 2590 2102 2651 in
2152 2567 2543 2657 immensum,
2586 2608 2726 2650 cum
2782 2598 2968 2653 rectae
3018 2585 3299 2650 methodi
3334 2580 3689 2661 dispendio.

413 2681 768 2777 cresceret;
828 2678 940 2739 sed
977 2680 1041 2741 in
1076 2684 1521 2767 singularibus
1555 2690 2128 2753 Dissertationibus
2164 2699 2565 2767 pertractare,
2601 2690 2667 2751 iu
2696 2689 2936 2777 quibus
2968 2707 3068 2751 res
3102 2702 3376 2767 qumque
3414 2698 3535 2744 suo
3567 2697 3679 2741 or-

414 2765 594 2868 dine,
620 2778 682 2831 et
745 2777 1050 2848 continua
1083 2786 1254 2848 serie
1288 2790 1830 2866 expenderentur.
1882 2793 2037 2851 Tres
2076 2790 2274 2868 igitur
2302 2791 2481 2868 Operi
2518 2772 2794 2868 praemisi
2831 2812 2847 2850 :
2884 2791 2951 2850 in
2983 2787 3183 2867 prima
3210 2785 3290 2845 de
3333 2783 3417 2843 iis
3460 2780 3677 2843 omni-

410 2866 558 2943 bus,
596 2889 789 2952 quam
819 2884 1297 2951 accuratissime
1330 2893 1536 2969 potui,
1563 2894 1869 2968 disserui,
1895 2910 2039 2973 quae
2064 2895 2141 2955 ad
2172 2893 2642 2966 haereticorum,
2677 2904 2895 2955 contra
2925 2909 3088 2973 quos
3121 2889 3342 2951 scribit
3366 2889 3679 2956 Irenaeus,

410 2990 772 3077 personam.
804 2991 1073 3062 inlatam,
1110 3008 1344 3069 mores,
1400 2996 1634 3074 scripta
1668 3005 1728 3059 et
1759 2997 2048 3077 dogmata
2091 2998 2409 3074 pertinent
2441 3020 2456 3070 ;
2505 2997 2713 3059 fontes
2747 3014 2780 3058 e
2812 2997 3052 3077 quibus
3092 2995 3344 3071 impura
3374 2989 3684 3053 doctrina

412 3075 814 3157 proﬂuxerit,
848 3088 1129 3163 aperui;
1182 3093 1609 3174 altissimaque
1677 3075 1903 3161 eorum
1938 3097 2239 3173 mysteria
2299 3103 2644 3168 scrutatus,
2709 3075 2869 3174 quid
2908 3093 3030 3155 sub
3074 3088 3474 3169 aenigmatico
3534 3103 3679 3147 ver-

408 3176 638 3285 borum
670 3189 905 3252 cortice
962 3193 1392 3272 delitesceret,
1449 3208 1735 3279 relegere
1779 3208 2045 3262 conatus
2083 3217 2251 3261 sum.
2286 3202 2358 3260 lu
2395 3199 2676 3261 secunda
2711 3180 3033 3285 quidquid
3076 3197 3154 3258 de
3188 3192 3413 3257 Irenaai
3447 3191 3575 3252 vita
3611 3204 3676 3251 et

408 3283 631 3360 gestis,
669 3292 995 3369 martyrii),
1033 3294 1313 3375 scriptis,
1363 3317 1434 3367 ac
1480 3299 1888 3377 potissimum
1935 3300 2014 3361 de
2045 3300 2338 3380 quinque
2384 3299 2566 3360 libris
2600 3283 2993 3360 Deiectionis
3020 3306 3075 3357 et
3112 3295 3455 3356 eversionis
3509 3292 3684 3354 falso

407 3387 858 3480 cognominata:
875 3396 1219 3470 agnitionis
1246 3398 1441 3476 (hunc
1471 3400 1642 3461 enim
1670 3401 2027 3480 genuinum
2071 3418 2214 3461 esse
2251 3418 2472 3462 eorum
2506 3402 2761 3462 titulum
2796 3400 3034 3461 ibidem
3070 3396 3373 3477 ostendi),
3411 3397 3490 3458 de
3521 3411 3679 3473 ope-

404 3479 496 3541 ris
527 3480 722 3563 hujus
755 3490 1055 3565 consilio,
1092 3502 1283 3575 atque
1318 3498 1641 3578 methodo,
1701 3499 2024 3580 quidquid
2056 3500 2343 3580 denique
2392 3502 2469 3562 de
2510 3500 2664 3561 aliis
2691 3500 2891 3561 sancti
2924 3497 3213 3561 Doctoris
3254 3495 3509 3574 scriptis
3560 3494 3678 3554 de-

407 3584 681 3660 perditis
742 3589 807 3652 in
849 3601 1131 3658 veterum
1164 3602 1600 3663 monumentis
1629 3586 1928 3677 occurrit,
1968 3606 2257 3668 studiose
2289 3605 2548 3684 collegi,
2600 3624 2670 3675 ac
2703 3622 2813 3684 pro
2849 3604 3021 3665 virili
3082 3619 3222 3664 mea
3258 3608 3432 3679 parte
3465 3597 3679 3674 expli-

407 3685 537 3745 cui.
595 3689 665 3749 ln
721 3693 907 3755 tertia
941 3697 1204 3759 demum
1248 3708 1439 3762 totam
1474 3704 1533 3763 S.
1584 3702 1874 3780 epiSCOpi
1906 3704 2223 3766 doctrinaa
2262 3705 2493 3766 seriem
2527 3704 2736 3766 evolvi
2770 3725 2791 3775 ;‘
2828 3703 3089 3774 leviora,
3125 3700 3177 3760 si
3216 3716 3361 3778 quae
3388 3697 3536 3767 sint,
3570 3693 3672 3756 of-

406 3785 755 3866 fendicula,
809 3814 889 3858 ne
950 3798 1017 3860 in
1064 3818 1138 3861 ea
1194 3809 1435 3864 temere
1483 3806 1808 3882 quispiam
1858 3806 2268 3885 impingeret,
2327 3808 2649 3885 patefeci:
2727 3804 2904 3885 quod
2954 3801 3293 3865 obscurius
3329 3797 3474 3869 fuit,
3522 3795 3679 3856 illu-

406 3891 650 3965 stravi;
707 3897 881 3974 quod
947 3899 1231 3962 alienum
1283 3913 1344 3964 et
1371 3904 1537 3965 male
1591 3904 1866 3967 aﬂictum
1935 3907 2179 3987 rejeci;
2230 3909 2405 3987 quod
2456 3909 2533 3970 ab
2562 3907 2974 3969 heterodoxis
3038 3921 3225 3981 prave
3279 3906 3673 3971 contortum,

405 3994 722 4074 vanisque
773 4000 1289 4066 cavillationibus
1323 4007 1756 4081 obscuratum,
1818 4009 2181 4088 explanavi,
2237 4010 2559 4073 vindicavi
2605 4018 2665 4072 et
2696 4008 2969 4071 asserui.
3025 4007 3196 4079 Haec,
3224 4003 3511 4081 inquam,
3545 3995 3679 4059 ini-

405 4094 501 4155 tio
529 4098 742 4174 aperis
804 4104 1108 4178 praemisi,
1160 4114 1228 4166 ut
1270 4105 1470 4168 lector
1518 4108 1838 4170 inoﬂ‘enso
1898 4110 2060 4188 pede
2092 4119 2306 4188 posset
2362 4112 2586 4173 [renati
2639 4112 2840 4173 libros
2892 4111 3258 4171 decurrere.
3318 4103 3453 4165 Erit
3507 4100 3675 4164 forte

405 4197 513 4258 cui
546 4199 914 4279 displicebit
948 4213 1115 4268 tanta
1151 4209 1282 4271 hmc
1311 4210 1668 4273 chartarum
1727 4212 1929 4274 moles
1961 4214 2143 4291 operi
2184 4231 2311 4275 non
2350 4215 2512 4277 adeo
2573 4214 2822 4293 ingenti
2880 4210 3236 4291 prasmissa.
3273 4204 3545 4267 Moleste
3609 4208 3677 4263 et

403 4300 547 4378 ipse
580 4304 701 4366 tuli
761 4305 1069 4371 foliorum
1108 4312 1571 4390 impressorum
1626 4335 1966 4378 numerum
2028 4325 2257 4394 praeter
2296 4318 2555 4380 modum
2589 4327 2651 4380 et
2702 4313 3244 4394 exspectationem
3275 4306 3669 4371 excrevisse.

404 4403 529 4464 Sed
578 4404 951 4470 fefellerunt
991 4414 1410 4493 typOgraphi,
1444 4414 1589 4477 falsi
1630 4426 1692 4477 et
1740 4417 1885 4495 ipsi'
1920 4419 2289 4497 paginarum
2324 4437 2511 4482 manu
2554 4426 2955 4483 exaratarum
2996 4409 3476 4491 inaequalitate;
3506 4404 3673 4467 alio-

404 4505 519 4582 qui
577 4506 729 4569 huic
787 4511 1195 4574 incommodo
1248 4517 1745 4595 prospexissem.
1805 4519 2091 4597 Singulis
2125 4536 2312 4598 porro
2348 4520 2529 4582 libris
2560 4522 2813 4600 praefixa
2862 4524 2957 4580 est
2993 4515 3203 4577 brevis
3254 4530 3327 4574 ac
3383 4508 3671 4572 dilucida

404 4607 929 4693 uniuscujusque
961 4615 1365 4697 analysis(ea
1420 4618 1721 4679 videlicet
1753 4637 1896 4698 qum
1939 4621 2185 4683 dudum
2242 4639 2276 4683 a
2326 4623 2701 4684 doctissnmo
2760 4626 2979 4680 nostro
3015 4616 3253 4678 domno
3312 4610 3573 4674 Nicolao
3604 4608 3669 4671 le

402 4712 660 4791 Nourry
691 4714 958 4776 solerter
990 4715 1388 4791 concinnata,
1416 4717 1494 4778 ab
1542 4717 1686 4795 ipso
1721 4717 1970 4797 vulgata
2001 4728 2096 4781 est
2123 4719 2190 4780 in
2259 4717 2591 4793 Apparatu
2610 4709 2691 4770 ad
2724 4707 3168 4771 Bibliothecam
3199 4704 3530 4766 maximam
3562 4722 3673 4764 ve-

406 4814 614 4867 εσνιιηδ
642 4806 942 4881 Patrum:
994 4816 1216 4893 paucis
1248 4817 1642 4895 quibusdam-
1669 4834 1784 4895 pro
1816 4817 2058 4881 ratione
2095 4825 2329 4879 nostra;
2383 4816 2690 4880 editionis
2730 4811 2967 4876 additis
3000 4808 3095 4872 vel
3129 4802 3502 4885 immutatis)
3539 4823 3668 4886 qua

401 4915 553 4981 libri
589 4933 827 4996 scOpus
857 4925 918 4979 et
966 4926 1415 4996 argumentum
1452 4937 1579 4981 uno
1612 4922 1782 4982 velut
1812 4932 2160 5001 conspectu
2191 4921 2637 5003 perlustretur.

492 5070 584 5130 Ad
620 5069 858 5131 calcem
890 5070 1129 5147 operis,
1162 5082 1385 5145 praeter
1416 5070 1895 5148 deperditorum
1918 5070 2141 5134 lrenaai
2172 5071 2555 5148 scriptorum
2589 5069 2987 5144 Fragmenta,
3022 5077 3099 5122 ex
3133 5059 3328 5121 variis
3360 5065 3493 5119 tum
3525 5058 3673 5121 edi-

403 5169 512 5237 tis,
567 5176 705 5229 tum
774 5184 926 5229 mss.
981 5166 1163 5228 libris
1224 5180 1427 5241 eruta,
1488 5186 1774 5249 quorum.
1823 5172 2115 5251 quendam
2164 5171 2401 5240 Graece,
2477 5166 2601 5227 alia
2649 5167 2861 5230 Greece
2903 5167 2966 5221 et
3024 5159 3244 5220 Latine
3293 5175 3467 5220 nunc
3526 5162 3667 5239 pri-

406 5287 584 5334 mum
628 5267 997 5347 prodeunt;
1055 5269 1298 5349 adjecta
1344 5280 1493 5334 sunt
1536 5289 1649 5350 per
1708 5271 1969 5335 modum
2020 5271 2392 5351 appendicis
2437 5268 2559 5329 alia
2613 5285 2690 5329 ex
2747 5272 3031 5326 veterum
3082 5262 3533 5325 Gnosticorum
3582 5261 3669 5322 li-

405 5375 539 5435 bris
600 5380 921 5450 excerpta.
972 5389 1119 5449 qua)
1172 5374 1441 5449 sparsim
1470 5376 1636 5453 apud
1686 5384 1936 5437 veteres
1972 5378 2182 5436 Patres
2238 5378 2631 5441 occurrunt;
2702 5380 2848 5455 quae
2894 5365 3190 5445 pluribus
3222 5365 3450 5427 lrenaai
3506 5365 3672 5430 locis

405 5493 537 5539 non
598 5492 823 5557 parum
870 5477 1036 5539 lucis
1096 5477 1360 5539 afferent
1409 5503 1423 5539 :
1490 5497 1567 5540 ex
1629 5480 1747 5542 hoc
1793 5481 2013 5542 saltem
2058 5479 2413 5559 specimine
2456 5475 2853 5555 deprehendi
2907 5471 3091 5533 facile
3162 5472 3416 5548 poterit,
3488 5472 3665 5536 haud

403 5591 569 5635 vana
624 5591 795 5647 esse,
863 5591 1006 5650 quae
1050 5584 1184 5637 tum
1246 5578 1553 5649 lremeus,
1606 5587 1739 5643 tum
1795 5578 1907 5641 alii
1970 5580 2180 5639 Patres
2212 5579 2290 5641 de
2323 5579 2404 5638 iis
2440 5577 2819 5656 Opinionum
2883 5570 3193 5649 portentis
3232 5571 3639 5647 scripserunt

407 5671 747 5735 Maximam
822 5683 1059 5751 partem
1108 5676 1238 5755 jam
1282 5679 1623 5756 mllegerat
1665 5680 2063 5741 clarissimus
2125 5680 2426 5751 Grabius,
2502 5673 2969 5755 Spicilcgioque
3047 5689 3166 5732 suo
3214 5680 3499 5733 veterum
3551 5676 3667 5734 Pas

412 5780 581 5843 trum
645 5779 703 5834 et
754 5771 1197 5837 hereticorum
1249 5775 1436 5854 primi
1506 5783 1566 5837 et
1594 5776 1866 5839 secundi
1924 5777 2142 5841 saeculi
2224 5777 2598 5841 inseruerat.
2654 5773 2956 5848 Quaedam
3010 5775 3116 5861 _ad
3184 5791 3334 5838 mss.
3405 5774 3657 5843 Biblio...
