3954 6352
312 343 373 404 21
1472 341 1537 399 D.
1576 342 1929 399 MASSUETI
1971 339 2367 397 PBAE-FATIO.
3485 336 3555 388 Ἡ

310 462 487 523 theca:
543 455 903 519 Bodleianaa
976 455 1230 518 codices
1281 460 1709 539 recognovit:
1802 460 2095 538 quaedam
2176 465 2238 521 et
2304 458 2443 537 ipse
2498 454 2577 517 ad
2635 472 2787 515 mss.
2850 457 3266 520 Bibliotheca
3335 456 3553 534 Regina

305 566 542 629 codices
587 563 803 642 exegi.
872 563 1019 624 Hmc
1071 562 1396 640 excipient
1470 582 1695 627 eorum
1771 564 2201 639 Prmfationes,
2265 563 2750 643 Prolegomena,
2814 571 2981 625 notua
3032 569 3093 624 et
3152 561 3552 623 observatio-

303 686 428 743 nes,
484 664 594 744 qui
642 680 842 726 novas
897 662 1123 724 Irenasi
1183 664 1504 727 editiones
1560 666 1869 729 hactenus
1933 666 2366 745 publicarunt,
2425 664 2523 726 vel
2588 664 3026 737 illustrarunt;
3108 671 3177 725 ut
3256 664 3350 726 sic
3421 679 3556 725 uno

303 763 614 828 volumine
657 761 1225 838 comprehensum,
1270 763 1641 843 minorique
1697 772 1963 844 sumptu
2019 766 2297 828 studiosi
2352 766 2827 837 nanciscantur,
2900 765 3075 844 quod
3146 772 3329 827 antea
3394 780 3557 825 non-

303 866 416 927 nisi
464 861 759 938 pluribus
807 870 870 922 et
925 860 1143 940 majori
1197 861 1487 941 impensa
1540 882 1906 944 comparare
1961 867 2085 927 sibi
2140 875 2453 945 pot'erant.
2491 869 2565 926 Et
2595 866 2860 946 quidem
2890 864 3067 945 quod
3111 864 3192 926 ad
3254 871 3435 925 notas
3492 870 3555 925 et

299 964 763 1029 observationes
813 961 1094 1036 attinet;
1139 965 1339 1040 Billii,
1411 968 1754 1030 Frontonis
1817 969 2035 1032 Ducmi
2093 978 2155 1031 et
2206 968 2622 1038 Feuacdentii
2674 969 2958 1047 integras
3002 968 3219 1029 denuo
3267 966 3373 1029 edi
3435 982 3555 1029 cu-

299 1069 440 1140 ravi,
490 1062 788 1145 quamvis
843 1062 1023 1141 plura
1062 1065 1192 1144 jam
1244 1084 1328 1129 ex
1362 1066 1442 1128 iis
1487 1069 1980 1149 decerpsissem,
2035 1070 2330 1149 meisque
2377 1070 2855 1145 inseruissem;
2919 1078 3093 1131 ratus
3133 1077 3384 1148 gratum
3451 1087 3551 1130 me

296 1177 595 1239 iacturum
647 1168 1029 1239 lectoribus,
1090 1165 1148 1226 si
1191 1173 1397 1228 totum
1433 1168 1798 1243 exhibeam,
1855 1171 2041 1250 cujus
2082 1178 2289 1247 partes
2334 1175 2519 1230 antea
2566 1166 2866 1246 legerint.
2905 1170 2997 1229 Ex
3054 1167 3335 1230 Gallasio
3389 1185 3549 1246 pau-

300 1276 569 1337 cissimas
631 1271 861 1350 selegi,
926 1286 1072 1330 cum
1128 1267 1453 1348 pleraeque
1486 1270 1648 1332 nihil
1720 1270 1847 1332 nisi
1892 1288 2085 1333 vanas
2138 1270 2552 1348 inﬁcetasque
2616 1268 3115 1330 declamationes
3153 1268 3552 1332 contineant.

302 1381 386 1441 Ex
425 1377 659 1441 Grabio
706 1375 969 1454 plures,
1022 1389 1132 1434 eas
1191 1372 1494 1434 videlicet
1544 1392 1707 1453 quas
1762 1373 2091 1437 catholicae
2144 1390 2334 1435 aures
2368 1372 2536 1434 ferre
2581 1371 2851 1449 possint.
2904 1370 3320 1435 Feuardentii
3372 1376 3554 1431 notas

308 1499 419 1544 non
445 1479 751 1542 omnibus
784 1477 1037 1557 placere
1060 1517 1077 1546 ,
1124 1477 1632 1539 Protestantibus
1667 1495 1814 1540 vero
1870 1478 2227 1558 plurimum
2295 1476 2641 1557 displicere
2671 1477 2867 1556 probe
2900 1473 3077 1536 novi.
3121 1472 3295 1547 Quin
3344 1479 3554 1533 tamen

304 1604 402 1666 pro
433 1594 724 1664 tempore
769 1582 1043 1646 eruditaa
1077 1580 1237 1653 sint,
1276 1582 1500 1661 virque
1551 1585 1698 1662 pius
1750 1602 1820 1647 ac
1878 1585 2104 1647 doctus
2152 1584 2234 1646 de
2293 1586 2560 1659 Irenaeo,
2614 1592 2874 1663 totaque
2924 1581 3205 1644 Ecclesia
3246 1579 3555 1642 catholica

300 1688 516 1765 optime
544 1687 823 1748 meritus
854 1681 1072 1752 fuerit,
1122 1699 1311 1743 nemo
1361 1683 1608 1763 absque
1657 1684 1893 1764 injuria
1944 1702 2175 1763 negare
2222 1692 2453 1762 potest.
2505 1686 2685 1763 Saepe
2743 1683 3009 1763 quidem
3058 1682 3136 1743 ab
3169 1688 3550 1760 argumento

298 1788 537 1869 longius
569 1787 898 1859 discedit,
932 1794 994 1848 et
1043 1785 1108 1845 in
1144 1784 1574 1847 heterodoxos
1624 1787 1939 1849 acerbiori
1986 1807 2177 1868 quam
2214 1806 2323 1867 par
2353 1796 2524 1851 esset
2574 1787 2743 1867 stylo
2779 1786 3103 1859 excurrit;
3141 1786 3255 1847 sed
3304 1786 3366 1847 id
3414 1784 3553 1847 zelo

294 1892 613 1955 catholica
638 1892 822 1965 ﬁdei,
862 1896 925 1952 et
960 1887 1255 1968 tempori,
1290 1905 1422 1968 quo
1455 1890 1855 1952 ferventibus
1917 1893 2378 1955 controversiis
2422 1892 2742 1972 bellisque
2788 1891 3092 1954 civilibus
3119 1936 3136 1963 ,
3192 1890 3556 1954 Calvinistm

294 1991 642 2055 Catholicos
673 1992 1005 2071 perpetuis
1036 1994 1348 2056 conviciis
1386 2001 1447 2056 et
1477 1995 1819 2058 calumniis
1858 1998 2286 2070 incessebant,
2321 2000 2839 2062 condonandum.
2874 1996 3190 2076 Quisquis
3226 1994 3557 2058 ministro-

294 2109 421 2155 rum
456 2092 647 2156 illius
675 2094 986 2172 temporis
1016 2096 1249 2173 scripta
1292 2095 1556 2175 legerit,
1593 2106 1654 2159 et
1702 2116 1895 2177 quam
1950 2098 2385 2159 inverecunde
2443 2099 2787 2160 Catholicis
2836 2101 3223 2163 calumniam
3272 2099 3556 2163 facerent

291 2212 353 2256 ac
380 2194 761 2257 clarissimis
798 2196 1169 2275 quibusque
1202 2198 1458 2257 Patrum
1488 2197 1877 2260 testimoniis
1907 2198 2035 2259 vim
2070 2198 2417 2272 inferrent,
2455 2197 2834 2275 expendcrit
2857 2244 2873 2271 ,
2920 2200 3426 2263 Feuardentium
3464 2200 3557 2264 fa-

292 2300 400 2362 cile
430 2300 796 2364 excusabit.
839 2301 903 2362 Si
936 2316 1081 2378 qua)
1114 2316 1264 2362 vero
1297 2300 1492 2380 hujus
1526 2308 1899 2381 argumenta
1939 2300 2389 2380 intempestiva
2413 2298 2543 2379 jam
2576 2316 2719 2361 esse
2749 2299 3125 2370 videantur;
3162 2317 3289 2362 non
3320 2301 3553 2378 ipsius,

292 2404 393 2464 sed
425 2403 953 2466 adversariorum
984 2404 1171 2483 culpa
1217 2414 1350 2481 est,
1384 2406 1498 2485 qui
1550 2423 1775 2484 parum
1830 2406 1956 2467 sibi
2008 2412 2408 2478 constantes,
2464 2411 2701 2465 mutata
2742 2402 3097 2466 identidem
3133 2407 3555 2471 veliﬁcatione

290 2505 720 2579 retrocedere,
756 2504 1070 2584 pluraque
1102 2506 1266 2570 male
1297 2508 1646 2571 constituto
1684 2509 2013 2588 systemati
2054 2508 2149 2571 vel
2186 2509 2449 2584 addere,
2481 2508 2580 2571 vel
2608 2508 2904 2580 demere,
2942 2526 3057 2585 pro
3099 2516 3459 2588 temporum
3496 2519 3558 2573 et

288 2617 815 2689 argumentorum
846 2612 1093 2673 ratione
1117 2657 1134 2685 ,
1168 2611 1366 2673 coacti
1397 2618 1570 2674 sunt.
1608 2613 1834 2674 Acrius
1867 2630 1986 2675 nec
2018 2615 2272 2693 aequius
2329 2612 2779 2675 doctissimum
2831 2612 3161 2677 hominem
3200 2616 3555 2696 reprehen-

289 2711 433 2771 dunt
462 2712 872 2773 recentiores
904 2712 1204 2792 quidam,
1243 2711 1419 2791 quod
1449 2710 1813 2775 adulterina
1847 2713 2081 2792 scripta
2112 2731 2241 2775 non
2289 2731 2487 2793 pauca
2511 2758 2528 2788 ,
2562 2721 2632 2776 ut
2681 2732 2831 2777 vera
2878 2715 3277 2796 allegaverit,
3311 2734 3557 2796 eosque

289 2813 500 2875 Libros
529 2824 603 2877 et
636 2817 966 2878 Tractatus
1000 2817 1293 2879 Patribus
1327 2816 1623 2896 pluribus
1670 2819 2070 2895 attribuerit,
2114 2820 2227 2899 qui
2266 2819 2397 2899 jam
2440 2820 2840 2899 supposititii
2899 2838 3041 2883 esse
3091 2832 3554 2900 agnoscuntur.

288 2914 397 2976 Sed
427 2917 805 2977 communis
855 2916 959 2977 hic
998 2916 1119 2979 fuit
1155 2934 1333 2979 error
1382 2918 1644 2979 illorum
1698 2926 2055 2997 temporum
2092 2940 2108 2980 :
2140 2920 2427 2982 nondum
2483 2919 2726 2998 quippe
2781 2919 2937 2982 satis
2972 2920 3255 2999 eliquata
3294 2920 3556 2982 veritate

288 3029 476 3095 reque
504 3017 595 3078 ad
637 3016 1005 3079 severiores
1034 3014 1271 3077 critica:
1302 3015 1558 3093 regulas
1592 3016 1901 3093 pensitata
1927 3063 1943 3087 ,
1988 3018 2053 3080 id
2100 3018 2264 3079 bona
2296 3018 2417 3079 fide
2454 3018 2773 3081 citabatur
2796 3064 2813 3091 ,
2869 3020 2947 3080 de
2984 3037 3114 3099 quo
3159 3020 3380 3081 nullus
3413 3038 3557 3081 esse

288 3119 628 3183 videbatur
654 3120 1270 3200 suspicandi'locus.
1326 3120 1451 3193 Qui
1492 3120 2079 3201 Magdeburgenses
2120 3122 2331 3201 ipsos,
2399 3122 2849 3202 famosumque
2892 3124 3079 3186 illum
3132 3124 3301 3204 apud
3334 3128 3555 3187 Prote-

289 3229 518 3283 slantes
553 3221 865 3285 criticum
898 3222 1216 3284 Andream
1251 3221 1549 3284 Rivetum
1598 3222 2057 3283 examinaverit
2083 3269 2101 3298 ,
2150 3223 2205 3283 si
2239 3239 2365 3284 non
2421 3222 2650 3283 iisdem
2676 3268 2693 3295 ,
2742 3224 2807 3286 in
2842 3223 2989 3286 aliis
3027 3232 3240 3287 tamen
3291 3227 3552 3305 gravius

287 3323 489 3403 lapsos
513 3373 531 3401 ,
570 3345 698 3389 nec
733 3327 893 3388 artis
930 3326 1165 3389 critica;
1196 3327 1535 3405 peritiores
1567 3325 1773 3389 fuisse
1810 3327 1985 3389 illico
2018 3327 2482 3406 deprehendet.
2519 3327 2638 3390 Sed
2690 3328 2943 3389 tandem
2976 3327 3032 3387 si
3065 3326 3220 3407 quid
3257 3343 3562 3405 peccave-

287 3425 360 3486 rit
387 3428 897 3501 Feuardentius,
939 3428 1199 3506 gravius
1226 3472 1240 3499 ,
1282 3444 1422 3489 mea
1453 3428 1716 3506 quidem
1752 3428 2094 3499 sententia,
2140 3436 2375 3505 peccat,
2439 3428 2546 3506 qui
2592 3427 2845 3505 culpam
2891 3426 3215 3489 conﬁtenti
3253 3433 3554 3509 etquam-

286 3529 556 3605 primum
591 3530 966 3593 emendanti
1029 3530 1264 3592 iterum
1320 3530 1600 3610 objicere
1646 3548 1773 3593 non
1809 3542 2087 3594 veretur.
2144 3534 2305 3593 Dum
2344 3532 2607 3609 primam
2640 3531 2869 3593 lrenmi
2911 3530 3015 3591 sui
3052 3530 3403 3591 editionem
3445 3526 3557 3587 ad-

284 3637 554 3705 ornaret,
596 3631 893 3692 scribens
924 3631 993 3693 in
1024 3630 1171 3692 libri
1205 3630 1379 3692 tertii
1423 3647 1559 3707 cap.
1592 3632 1669 3691 33
1694 3674 1709 3701 ,
1744 3649 1915 3692 nunc
1962 3632 2043 3692 22
2067 3676 2083 3702 ,
2118 3632 2287 3692 inter
2317 3631 2491 3693 varia
2533 3648 2678 3710 qum
2711 3629 3001 3710 congerit
3056 3631 3311 3689 Patrum
3368 3626 3553 3686 testi-

286 3732 527 3803 monia,
565 3748 781 3793 unum
814 3729 991 3793 velut
1021 3748 1096 3792 ex
1131 3729 1373 3810 Cyrillo
1408 3730 1848 3793 Alexandrino
1896 3730 2008 3793 lib.
2046 3750 2113 3791 vi
2170 3734 2234 3793 in
2265 3715 2523 3810 Joann.,
2554 3753 2689 3812 cap.
2726 3735 2822 3805 15,
2868 3729 3116 3792 addidit
3153 3726 3373 3806 :quod
3427 3728 3554 3804 Cy-

288 3831 407 3894 rilli
438 3851 570 3896 non
617 3842 735 3907 est,
775 3833 889 3894 sed
914 3834 1138 3896 Jodoci
1169 3833 1546 3910 Clicbtovei,
1585 3835 1701 3915 qui
1731 3844 2013 3916 quatuor
2044 3838 2660 3899 Commentariorum
2694 3853 2962 3897 suorum
2992 3835 3191 3896 libros
3224 3831 3559 3912 Cyrillinis

284 3933 690 3998 interseruit.
748 3936 978 3995 Errore
1028 3936 1244 3996 statim
1274 3935 1494 4015 agnito
1521 3982 1538 4011 ,
1579 3935 1751 3996 hunc
1799 3936 2141 3997 emendare
2171 3935 2502 3997 festinavit
2536 3936 2633 3996 vir
2679 3936 2931 4005 bonus;
2985 3934 3100 3995 sed
3137 3949 3284 3995 cum
3326 3930 3562 3992 folium

276 4041 399 4119 jam
435 4059 555 4121 per
578 4040 1024 4120 typOgraphos
1052 4057 1366 4102 excusum
1394 4048 1585 4112 esset,
1620 4039 1873 4101 nullum
1904 4039 2080 4100 aliud
2112 4046 2442 4118 supererat
2477 4038 2860 4111 remedium,
2897 4036 3120 4097 nisiut
3152 4051 3280 4113 qua
3308 4032 3557 4094 ratione

283 4143 711 4223 corrigendus
748 4149 952 4215 esset,
984 4142 1255 4206 lectores
1286 4145 1665 4223 tempestive
1714 4150 2002 4207 moneret
2054 4144 2117 4206 in
2168 4152 2531 4207 erratorum
2587 4143 2839 4215 indice;
2874 4142 3051 4222 quod
3096 4148 3157 4202 et
3188 4139 3360 4201 fecit.
3400 4139 3558 4199 Cum

280 4256 482 4309 autem
515 4244 913 4308 Franciscus
957 4244 1214 4319 Suarez,
1247 4245 1417 4308 haud
1472 4244 1633 4309 lecto
1686 4245 1807 4307 illo
1840 4245 2091 4319 indice,
2126 4244 2632 4307 Feuardentium
2687 4242 2982 4304 acerbius
3035 4238 3554 4318 perstrinxisset,

283 4345 469 4426 digne
516 4364 647 4427 pro
693 4343 1111 4428 incOgitantia
1139 4351 1484 4431 castigatus
1523 4358 1621 4413 est
1657 4353 1724 4413 in
1757 4350 2041 4414 editione
2070 4351 2441 4414 Coloniensi
2475 4351 2627 4413 anni
2662 4351 2839 4412 1596.
2878 4352 3038 4411 Ecce
3072 4356 3307 4420 tamen,
3347 4364 3563 4408 recen-

281 4444 397 4505 tior
427 4444 707 4526 quidam
746 4445 1048 4523 criticus,
1081 4468 1160 4513 ne
1192 4450 1378 4514 lectis
1406 4452 1674 4533 quidem
1721 4469 1839 4513 seu
1871 4458 2227 4513 memorato
2282 4450 2495 4511 indice
2519 4494 2534 4522 ,
2590 4467 2708 4510 seu
2747 4449 2916 4511 notis
2950 4448 3013 4509 in
3049 4448 3235 4508 citata
3269 4444 3558 4506 editione

281 4548 533 4620 additis,
570 4549 648 4608 in
684 4547 821 4611 sola
844 4551 1153 4630 Suarezii,
1178 4563 1289 4618 aut
1321 4556 1664 4636 TheOpbili
1692 4555 2007 4617 Rainaudi
2042 4554 2186 4629 ﬁde,
2223 4563 2503 4617 erratum
2536 4554 2635 4615 bis
2673 4558 3029 4615 correctum
3060 4554 3120 4608 et
3149 4545 3561 4607 emendatum

279 4645 369 4707 illi
397 4648 626 4710 adhuc
652 4649 974 4730 impingit.
1005 4653 1256 4728 Quibus
1277 4654 1409 4734 jam
1446 4655 1658 4717 verbis
1686 4655 2013 4732 exciperet
2046 4655 2548 4729 Feuardentius,
2582 4654 2637 4715 si
2675 4653 2941 4723 viveret,
2976 4654 3340 4711 accuratum
3376 4644 3561 4705 illum

290 4765 668 4827 censorem,
715 4755 830 4836 qui
862 4773 1028 4836 quos
1071 4765 1364 4822 auctores
1416 4761 1780 4840 redarguit,
1822 4777 1903 4822 ne
1958 4759 2146 4837 segni
2196 4759 2464 4838 quidem
2514 4776 2706 4821 manu
2756 4757 3061 4819 evolvere
3099 4752 3452 4831 dignatur?
3484 4750 3562 4811 Ut

290 4859 353 4911 ut
381 4861 499 4928 est,
532 4854 966 4918 Feuardentii
998 4864 1177 4920 notas
1208 4866 1271 4920 et
1299 4858 1822 4933 observationes,
1865 4856 2091 4938 quales
2122 4856 2190 4917 in
2243 4856 2625 4917 novissimis
2676 4853 2911 4917 lrenmi
2962 4848 3361 4914 editionibus
3412 4861 3560 4923 pro-

289 4951 566 5028 dierunt,
610 4955 775 5017 tales
805 4958 1043 5020 iterum
1091 4957 1193 5021 edi
1255 4959 1521 5033 curavi;
1573 4960 1658 5021 ita
1707 4965 1919 5021 tamen
1969 4964 2041 5019 ut
2073 4957 2285 5018 omnia
2340 4956 2635 5036 ejusdem
2681 4958 2903 5037 (quod
2957 4964 3019 5019 et
3068 4957 3243 5019 idem
3293 4952 3373 5013 de
3412 4949 3559 5012 aliis

285 5052 402 5125 dici
452 5054 706 5136 velim)
755 5057 920 5119 dicta
971 5066 1032 5120 et
1081 5058 1349 5139 allegata
1396 5066 1703 5139 prmstare
1760 5059 1986 5122 nolim.
2028 5060 2252 5138 Neque
2305 5059 2478 5119 enim
2509 5074 2544 5118 a
2576 5074 2675 5117 me
2728 5058 3239 5138 exspectandum
3289 5053 3461 5125 fuit,
3492 5059 3565 5113 ut

286 5166 493 5227 omnia
529 5184 687 5245 qum
736 5164 975 5243 profert
1020 5178 1355 5231 auctorum
1403 5168 1771 5232 testimonia
1807 5166 2267 5245 expenderem,
2300 5183 2370 5227 ac
2401 5166 2457 5226 si
2493 5166 2645 5251 quis
2676 5166 2742 5227 in
2786 5166 2868 5227 iis
2925 5163 3197 5226 citandis
3230 5175 3408 5222 error
3441 5157 3559 5218 ob-

288 5272 581 5346 repserit,
642 5267 996 5329 indicarem
1029 5290 1044 5328 :
1078 5267 1315 5330 laboris
1356 5268 1423 5329 id
1474 5268 1774 5330 immensi
1825 5267 2096 5341 fuisset;
2151 5284 2346 5347 quem
2398 5263 2456 5326 si
2501 5266 2974 5344 suscepissem,
3033 5280 3161 5326 non
3207 5262 3336 5341 jam
3388 5260 3561 5338 ipsas

285 5366 705 5429 Feuardentii
750 5375 960 5440 notas,
1004 5368 1117 5430 sed
1165 5384 1361 5430 novas
1410 5367 1479 5428 in
1531 5367 2037 5429 Feuardentium
2086 5366 2601 5441 observationes,
2640 5367 2819 5429 nullo
2884 5374 2993 5428 aut
3049 5365 3287 5443 exiguo
3342 5360 3558 5422 fructu

285 5468 636 5532 dedissem.
670 5471 831 5533 Cum
862 5476 1077 5533 autem
1107 5475 1241 5533 tum
1266 5471 1779 5546 Feuardentius,
1816 5477 1954 5533 tum
1985 5471 2097 5533 alii
2145 5471 2626 5535 observationes
2656 5489 2805 5534 suas
2842 5473 2919 5535 ad
2954 5477 3235 5534 veterem
3276 5467 3557 5546 capitum

286 5575 681 5651 sectionem,
722 5594 919 5656 quam
960 5576 1418 5657 sequebantur,
1476 5576 2050 5648 accommodarint;
2098 5574 2193 5638 sic
2234 5578 2759 5650 accommodatas,
2794 5595 2872 5639 ne
2913 5592 3040 5656 qua
3071 5572 3366 5635 confusio
3412 5568 3567 5633 subs

284 5674 599 5749 oriretur,
634 5675 874 5757 reliqui
908 5700 923 5737 :
954 5694 1136 5740 nova:
1162 5679 1470 5741 duntaxat
1516 5676 1823 5740 editionis
1863 5676 2073 5757 capita
2099 5684 2162 5741 et
2196 5677 2461 5758 paginas
2493 5679 2572 5740 ad
2615 5678 2967 5757 marginem
3007 5675 3310 5741 iudicavi.

361 5826 660 5892 Tertium
692 5826 1018 5926 denique,
1052 5826 1227 5906 quod
1259 5827 1325 5893 in
1357 5826 1573 5892 animo
1617 5825 1783 5905 fuit,
1825 5827 2047 5894 lectori
2090 5831 2389 5895 Videlicet
2440 5845 2512 5891 ea
2554 5844 2779 5911 parare
2831 5831 2893 5888 et
2944 5822 3175 5889 offerre
3217 5820 3510 5884 subsidia
3537 5859 3555 5887 ,
