3954 6352
410 290 483 348 25
1226 292 1823 348 DISSERTATIONES
1858 293 1971 348 PR;

2111 292 2163 348 Ε
2198 292 2265 347 υς
2306 292 2563 347 ΙΒΕΝΑῙ]
2604 291 2868 346 LIBROS.
3600 295 3666 343 ﬂ

409 407 653 488 quibus
682 405 865 469 labor
892 408 1034 487 ejus
1064 408 1435 481 minuatur,
1475 408 1571 470 sic
1600 417 1947 471 exsecutus
1976 426 2145 471 sum.
2178 412 2412 471 Praeter
2440 418 2569 469 tres
2600 406 2905 483 superius
2946 409 3324 464 memoratas
3352 403 3665 465 Disserta-

408 508 646 582 tienes,
696 523 937 586 easque
970 522 1197 568 omnes
1228 515 1413 569 notas
1440 514 1505 568 et
1537 506 2019 568 observationes
2043 552 2062 581 ,
2114 507 2355 585 quibus
2386 503 2673 568 difﬁcilia
2721 504 2951 564 lrenmi
2989 501 3129 563 loca
3176 502 3501 566 elucidare
3551 520 3667 568 co-

406 616 595 669 natus
624 624 802 681 sum;
834 623 909 669 ac
942 622 1170 667 novam
1200 604 1479 685 capitum
1503 606 1855 668 sectionem
1875 650 1894 679 ,
1928 622 2224 685 novaque
2254 605 2551 667 lemmata
2581 612 2644 665 et
2671 601 3027 663 summulas
3051 647 3068 674 ,
3114 602 3357 682 quibus
3387 605 3668 673 auctoris

404 724 644 786 scopus
675 717 738 769 et
771 714 1223 786 argumentum
1253 706 1463 767 oculis
1500 705 1845 768 exhibetur
1867 750 1884 779 ,
1919 706 1990 766 in
2024 705 2265 786 quibus
2296 705 2601 767 omnibus
2648 700 2813 764 forte
2864 704 3160 765 nonnihil
3198 705 3342 783 Opis
3388 706 3668 785 quibus-

405 814 554 876 dam
578 814 817 888 fuerit;
860 819 1091 893 praeter
1135 812 1308 885 hac,
1363 812 1671 892 inquam,
1712 828 2043 877 accessere
2092 819 2369 889 quatuor
2431 810 2775 889 ampliores
2840 809 3427 892 locupletioresque
3474 831 3669 901 quam

404 914 719 982 hactenus
751 916 1151 994 prodierint,
1188 918 1464 980 Indices.
1498 916 1752 977 Primus
1780 924 1879 978 est
1906 917 2266 979 Graecarum
2294 931 2526 977 vocum
2568 912 2965 976 Glossarium
2988 958 3006 985 ,
3055 929 3173 974 seu
3202 914 3519 984 Lexicon;
3555 931 3669 976 se-

401 1015 659 1077 cundus
696 1017 1066 1081 Latinarum
1094 1018 1570 1091 dilﬁciliorum,
1603 1025 1666 1080 et
1708 1018 1788 1079 ab
1816 1034 1944 1080 usu
1972 1016 2298 1080 communi
2328 1015 2749 1079 remotiorum
2775 1060 2794 1089 ,
2846 1030 3121 1095 quarum
3154 1013 3511 1094 signiﬁcata
3562 1014 3663 1079 vel

397 1120 649 1182 Irenaeo
674 1164 692 1194 ,
728 1137 849 1182 seu
896 1121 1038 1199 ejus
1070 1122 1405 1202 interpreti
1433 1121 1690 1201 propria
1716 1167 1734 1193 ,
1780 1121 1880 1183 vel
1933 1137 2063 1183 non
2092 1121 2254 1183 adeo
2298 1120 2491 1182 obvia
2534 1128 2712 1183 sunt.
2745 1120 3004 1182 Tertius
3053 1126 3194 1192 est,
3233 1136 3458 1180 eorum
3494 1137 3668 1199 qua:-

400 1234 665 1296 cunque
694 1216 935 1296 profert
965 1221 1281 1295 Irenaaus,
1315 1221 1660 1298 Scriptura)
1686 1234 1881 1281 sacra;
1908 1220 2466 1293 testimoniorum;
2498 1220 2797 1282 adnotata
2825 1220 3041 1297 etiam,
3074 1224 3130 1284 si
3164 1241 3315 1301 qua:
3341 1224 3668 1285 interdum

400 1326 693 1379 occurrat
714 1361 732 1391 ,
764 1317 833 1379 in
869 1318 1128 1383 citando
1154 1336 1290 1382 uno
1315 1328 1379 1380 et
1409 1321 1639 1382 eodem
1682 1319 2088 1394 testimonio,
2138 1320 2511 1381 diversitate
2532 1365 2550 1388 ,
2591 1327 2662 1380 ut
2691 1337 2767 1382 ea
2796 1321 3044 1386 ratione
3096 1325 3442 1403 Scriptura;
3470 1341 3670 1385 sacrm

399 1423 681 1485 studiosi
713 1425 939 1485 lrenmi
971 1425 1229 1487 codices
1274 1442 1490 1487 sacros
1544 1444 1691 1487 cum
1742 1426 1982 1488 nostris
2011 1442 2377 1504 comparare
2411 1425 2601 1488 facile
2656 1426 2940 1505 possint,
2980 1424 3222 1504 quidve
3270 1424 3670 1488 discriminis

400 1520 764 1604 (levissimi
799 1522 1012 1602 certe)
1046 1523 1214 1587 inter
1240 1536 1553 1607 utrosque
1586 1526 1982 1599 intercedat,
2034 1526 2399 1588 observare.
2431 1527 2713 1600 Quartus
2749 1525 3039 1605 denique
3063 1569 3083 1598 ,
3115 1542 3333 1586 rerum
3369 1524 3666 1586 omnium

396 1625 890 1704 praecipuarum,
925 1643 1072 1704 quas
1099 1634 1234 1689 tum
1263 1628 1436 1706 apud
1464 1629 1687 1707 ipsum
1722 1629 2060 1699 Irenaeum,
2095 1636 2233 1690 tum
2264 1627 2331 1688 in
2375 1628 2616 1689 nostris
2647 1626 3221 1690 Dissertationibus
3257 1634 3319 1688 et
3358 1626 3529 1688 notis
3561 1642 3672 1688 oc-

395 1738 707 1804 currunt;
741 1731 962 1792 addito
993 1731 1185 1792 etiam
1212 1727 1279 1788 in
1308 1728 1433 1789 ﬁne
1461 1725 1664 1788 altero
1694 1742 1809 1805 pro
1838 1726 2112 1788 aliorum
2144 1726 2313 1788 notis
2345 1726 2588 1788 Indice.

476 1833 630 1893 Haec
658 1840 813 1893 sunt
842 1847 989 1911 qua)
1019 1829 1100 1890 de
1133 1844 1294 1890 nova
1321 1827 1440 1889 hac
1474 1827 1700 1888 lrenzei
1733 1826 2023 1889 editione
2069 1825 2319 1904 praefari
2352 1827 2569 1888 visum
2612 1835 2730 1889 est.
2779 1830 3086 1907 Exposita
3107 1833 3241 1911 jam
3271 1833 3470 1894 totius
3504 1849 3666 1895 con—

396 1931 535 1993 silii
565 1933 693 1994 mei
724 1933 1003 2008 ratione,
1042 1942 1343 1996 caaterum
1367 1933 1676 2011 deinceps
1710 1934 2015 1994 lectorem
2047 1948 2177 1994 non
2220 1932 2550 2007 morabor,
2601 1934 2761 2013 quin
2813 1935 2957 2014 ipse
3010 1937 3344 2017 dispiciat,
3376 1955 3458 2001 an
3494 1955 3668 2018 opus

394 2033 567 2094 votis
598 2042 661 2095 et
692 2036 936 2097 conatis
963 2036 1371 2113 respondeat.
1406 2034 1594 2106 Quod
1618 2033 1675 2092 si
1709 2032 1795 2093 ita
1823 2033 1945 2105 sit,
1982 2050 2175 2094 unam
2221 2032 2381 2095 hanc
2426 2051 2571 2096 esse
2614 2032 2807 2095 velim
2856 2036 3095 2099 laboris
3140 2040 3500 2101 mercedem
3524 2082 3543 2110 ,
3578 2039 3665 2100 de

396 2132 685 2197 Ecclesia
712 2138 1043 2216 quidpiam
1076 2136 1435 2210 meruisse;
1466 2136 1655 2214 cujus
1679 2136 1932 2214 judicio
1970 2154 2376 2216 quacunque
2424 2155 2461 2199 a
2513 2154 2615 2199 me
2653 2138 3083 2215 prodierunt,
3135 2142 3413 2204 libenter
3445 2140 3661 2222 subji-

395 2238 500 2301 cio
524 2285 542 2314 ,
581 2258 655 2304 ea
684 2244 899 2305 omnia
933 2242 1277 2304 emendare
1308 2258 1381 2303 ac
1404 2258 1708 2304 revocare
1742 2250 2024 2320 paratus,
2057 2259 2206 2321 qum
2233 2243 2579 2305 emendare
2607 2259 2679 2305 ac
2709 2260 3011 2305 revocare
3045 2242 3343 2321 jusserit.

604 2558 1581 2717 DlSSERTA’l‘lONES
1669 2559 2134 2714 PMNIM
2243 2562 2375 2713 IN
2481 2559 2899 2715 lBENEl
3010 2557 3448 2712 LlBll0S.

398 2377 3633 2409 Μ

1274 2997 2229 3115 DISSERTATIO
2308 3003 2797 3116 PRIMA.

427 3218 523 3282 De
549 3216 869 3282 hiereticis
895 3234 1067 3299 quos
1096 3218 1264 3283 libro
1294 3220 1506 3300 primo
1535 3228 1823 3283 recenset
1852 3222 2136 3284 lrenmus
2206 3239 2566 3301 eorumque
2597 3222 2870 3296 actibus,
2901 3224 3156 3304 scriptis
3191 3230 3254 3287 et
3282 3224 3606 3288 doctrina.

1386 3554 2062 3646 ARTICULUS
2130 3555 2626 3650 PRIMUS.

1697 3747 1805 3810 DE
1844 3748 2331 3811 VALENTINO.

880 4072 922 4128 Ι.
962 4071 1230 4126 Valentini
1271 4070 1468 4138 patria.
1996 4073 2041 4129 Α
2072 4068 2273 4137 pbanio
2316 4084 2441 4124 cons

2085 4068 2273 4135 ibanio
2316 4070 2660 4137 consentiat,
2708 4071 2805 4141 qui
2846 4072 3177 4146 Φρεὸονιτην
3218 4076 3319 4147 τῆς
3366 4075 3646 4146 Αἰγύπτου

449 4165 667 4243 [ι-Χιιι]
695 4165 1058 4222 DeValentini
1086 4164 1263 4234 patria
1283 4175 1339 4218 et
1372 4163 1542 4230 stirpe
1560 4162 1693 4215 nihil
1715 4172 1923 4214 certum
1945 4201 1962 4226 ,

2081 4160 2454 4233 παραλιώτην,
2504 4160 2880 4217 Phrcbouilem
2935 4166 3006 4217 ad
3060 4168 3379 4221 maritimam
3422 4167 3642 4239 ,Ἐπιιιὶ

378 4258 938 4332 Epiphanioteste',e
957 4256 1232 4309 veteribus
1252 4253 1494 4322 exsculpi
1517 4262 1718 4322 potest.
1755 4252 1959 4319 Quani-
2070 4268 2219 4305 oram
2265 4268 2387 4307 esse
2434 4254 2647 4308 scribit.
2695 4252 2939 4325 Longius
2995 4257 3142 4311 enim
3201 4275 3231 4312 a
3280 4261 3421 4314 mari
3472 4261 3646 4315 distat

380 4357 464 4410 vis
502 4352 662 4421 hujus
691 4351 943 4405 haeresim
984 4348 1104 4403 fuse
1145 4347 1505 4417 exagitaverit
1543 4345 1811 4410 Irenzeus,
1842 4346 1959 4400 lucc
2066 4342 2463 4399 Pbarbmthites
2490 4361 2715 4412 llOllltlS,
2750 4363 2845 4414 ac,
2882 4363 2948 4403 ne
2974 4350 3195 4419 propius
3225 4354 3487 4417 accedat,
3548 4351 3642 4405 in-

381 4460 563 4503 tamen
591 4446 703 4499 alto
741 4442 943 4513 premit
983 4440 1231 4499 silentio.
1276 4439 1573 4509 Accepisse
1616 4453 1676 4493 se
1719 4440 1795 4492 ait
1832 4438 1958 4507 Epi-
2066 4436 2351 4490 tercedunt
2398 4437 2627 4494 Tanites
2653 4450 2709 4495 et
2742 4440 2883 4495 Neut
2911 4441 3079 4494 nomi.
3106 4441 3289 4508 Quare
3331 4444 3376 4496 si
3408 4443 3539 4513 quid
3584 4453 3643 4497 et

379 4539 644 4607 phanius,
674 4536 769 4589 sed
804 4533 1087 4587 auditione
1115 4531 1262 4595 sola,
1294 4539 1351 4583 et
1379 4528 1522 4583 fama
1548 4572 1564 4595 ,
1603 4545 1711 4585 non
1750 4539 1953 4595 tamen,
2065 4531 2196 4585 milii
2224 4531 2499 4600 conjicere
2538 4534 2725 4599 liceat,
2772 4535 3027 4589 libentius
3080 4540 3227 4604 apud
3272 4535 3637 4605 Epiphanium

383 4629 583 4699 inquit,
613 4641 785 4695 usque
814 4622 953 4677 adeo
975 4631 1166 4682 certa,
1198 4630 1258 4674 ut
1311 4620 1536 4674 dubium
1572 4620 1755 4684 levet,
1804 4623 1954 4676 illum
2066 4623 2301 4693 legerem
2382 4613 2722 4673 Pltleuotitcm
2808 4626 2893 4680 vel
2960 4620 3289 4683 Ptenetitem.
3337 4628 3639 4683 Phtenotes

378 4719 768 4777 Phrebonitem
799 4732 944 4782 esse,
971 4732 1038 4771 ex
1067 4712 1290 4785 Egypti
1313 4715 1551 4781 quadam
1576 4730 1697 4769 ora.
1725 4713 1825 4770 Ubi
1855 4731 1956 4784 pro
2063 4717 2208 4770 enim
2240 4710 2535 4770 Ptolemaeo
2568 4731 2763 4772 nomus
2800 4727 2923 4773 erat
2959 4719 3015 4773 iu
3060 4715 3283 4789 Egypti
3326 4718 3477 4774 Delta
3498 4760 3513 4782 ,
3540 4734 3639 4773 su-

387 4808 757 4862 Pltrebcm'tem
792 4849 807 4871 ,
839 4811 994 4879 cujus
1023 4810 1125 4865 loci
1164 4809 1313 4863 nulla
1344 4808 1485 4877 apud
1512 4818 1726 4864 veteres
1762 4826 1957 4864 occur-
2060 4827 2156 4880 pra
2204 4810 2501 4876 leteliten,
2539 4812 2594 4865 iu
2643 4814 2902 4866 Austrum
2936 4827 3205 4882 vergens,
3241 4827 3341 4867 nec
3375 4813 3564 4883 procul
3600 4832 3630 4867 ιι

375 4906 451 4960 rit
481 4905 710 4966 mentio,
748 4902 1034 4970 legendum
1064 4902 1349 4957 contendit
1368 4900 1699 4957 Lambertus
1724 4904 1956 4960 Danzeus
2060 4904 2232 4966 mari,
2265 4902 2423 4970 cujus
2443 4913 2617 4973 caput
2651 4914 2772 4957 erat
2811 4904 3043 4968 Βοῦτος,
3075 4902 3265 4959 Batus.
3306 4904 3636 4960 Doctissimo

375 4997 447 5051 ad
471 4999 706 5068 August.
743 4994 824 5048 De
859 4995 1075 5060 limem,
1126 5010 1251 5065 cap.
1276 4993 1828 5061 ll.Pltarba:tltitem,
1859 5013 1955 5052 cu-
2059 4997 2343 5054 Harduino
2379 4999 2521 5053 idem
2572 5014 2697 5053 esse
2734 4997 2951 5052 videtur
2975 4999 3111 5068 ,.qui
3156 4997 3317 5052 Plinii
3345 4994 3631 5064 Ptenctltu,

367 5090 458 5157 jus
495 5091 781 5146 sententia
811 5087 1083 5159 calculum
1125 5088 1319 5158 adjicit
1359 5088 1616 5145 Petavius
1645 5091 1699 5144 in
1731 5090 1850 5146 suis
1883 5092 1951 5146 ad
2056 5091 2153 5148 lib.
2184 5108 2239 5157 v,
2265 5107 2390 5163 cap.
2423 5091 2480 5157 9,
2512 5091 2675 5161 idque
2710 5106 2899 5144 verum
2934 5106 3137 5147 nomen
3168 5106 3293 5145 esse
3321 5092 3499 5145 credit
3547 5084 3636 5145 vir

369 5184 735 5253 Epiphanium
766 5184 930 5238 notis.
958 5181 1153 5237 Exstat
1181 5183 1404 5250 quidem
1427 5182 1839 5241 Pharbzetbites
1866 5187 1951 5242 in-
2061 5185 2114 5239 in
2154 5184 2537 5255 geograpliicis
2587 5182 2961 5251 peritissimus
2988 5182 3417 5252 Christupliorus
3448 5182 3633 5238 Celta-

366 5276 590 5330 ferioris
618 5275 845 5347 Egypti
881 5292 1079 5331 nomus
1100 5315 1116 5339 ,
1150 5276 1312 5343 cujus
1348 5287 1512 5348 caput
1532 5278 1662 5334 urbs
1689 5279 1947 5336 Pbarbm-
2056 5277 2191 5343 rius,
2244 5278 2371 5346 quia
2404 5276 2458 5329 in
2491 5274 2931 5330 Chalcedonensi
2962 5275 3174 5345 synodo
3196 5314 3211 5337 ,
3246 5285 3355 5328 act.
3382 5289 3437 5339 ι,
3460 5272 3633 5328 Hera-

370 5375 482 5429 tus,
520 5364 819 5423 Bubastico
844 5376 900 5422 et
936 5366 1231 5423 Busiritico
1270 5368 1584 5425 ﬂuminibus
1630 5374 1943 5440 conclusus,
2055 5372 2196 5427 clius
2249 5371 2634 5427 Ptenelbensis
2676 5380 3018 5423 memoratur
3070 5365 3114 5421 ⁸.
3171 5367 3451 5437 Quidquid
3504 5366 3631 5432 sit,

368 5458 422 5509 in
454 5458 740 5513 meridiem
771 5474 1005 5529 vergens
1028 5501 1043 5522 ,
1074 5458 1233 5526 cujus
1268 5463 1567 5538 meminere
1601 5464 1941 5535 Herodotus,
1981 5450 2023 5505 Β
2050 5465 2445 5522 Alexandriam
2490 5464 2769 5534 profectus
2816 5462 3169 5525 Valentinus,
3200 5462 3274 5516 ibi
3310 5460 3628 5517 Gut-corum

368 5549 463 5603 lib.
501 5566 563 5613 ll,
602 5568 725 5619 cap.
766 5553 887 5616 166;
922 5554 1143 5618 Strabo,
1172 5556 1267 5607 lib.
1311 5570 1445 5617 xvn;
1482 5553 1714 5623 Plinius,
1747 5560 1844 5614 lib.
1870 5578 1938 5630 ν,
2053 5561 2265 5617 artibus
2315 5573 2422 5612 non
2480 5558 2828 5613 mediocriter
2873 5556 3162 5610 institutus
3210 5564 3316 5608 est.
3359 5553 3625 5609 Doctissiv

369 5652 494 5707 cap.
517 5641 573 5692 9.
613 5642 721 5695 Sed
762 5660 959 5698 vereor
1003 5658 1060 5699 ut
1100 5644 1262 5713 hujus
1293 5647 1441 5701 nomi
1483 5649 1621 5703 situs
1651 5663 1773 5704 cum
1807 5653 1935 5724 Epi-
2052 5675 2196 5716 mum
2229 5655 2376 5713 enim
2401 5653 2575 5711 fuisse
2594 5653 2789 5711 scribit
2820 5650 3191 5722 Hieronymus
3220 5649 3277 5705 iu
3304 5646 3464 5717 Osee,
3499 5662 3622 5717 cap.

446 5753 471 5789 ⁸
508 5754 806 5828 Epipbali.,
840 5757 985 5853 licet.
1019 5760 1107 5827 3i,
1135 5759 1165 5832 δ
1192 5759 1244 5814 2.
1321 5762 1365 5838 _’
1406 5761 1625 5835 Epiph.,
1658 5764 1789 5824 ibid.
