3954 6352
421 290 487 343 27
1220 291 1813 349 DISSERTATIONES
1853 294 2150 350 PREVL‘E
2187 295 2254 351 IN
2292 295 2548 353 ῙΒΕΝᾹΞΙ
2588 298 2852 356 LIBROS.
3594 308 3659 360 28

412 400 654 457 lrenaus
682 400 776 459 lib.
810 419 892 468 tn,
922 420 1040 473 cap.
1074 406 1129 471 5,
1165 416 1222 459 ut
1256 407 1345 460 diu
1380 410 1585 465 vixisse
1628 411 1982 483 Polycarpum
2016 417 2058 472 A
2087 426 2256 481 retur,
2292 417 2613 471 catholicam
2670 418 2828 470 (idem
2869 416 3141 485 abiecerat
3164 459 3181 481 ,
3212 419 3256 471 si
3299 427 3479 474 tamen
3514 422 3653 491 abie-

414 491 640 555 indicet.
667 493 857 547 eodem
902 494 1067 547 verbo
1114 497 1409 568 παρέμεινε
1468 502 1675 556 utitur:
1715 506 1808 558 ἐπὶ
1858 505 1990 560 πολὺ

414 581 528 653 γὰρ
588 583 911 654 stupeas-vs,
943 587 1187 640 multum
1218 592 1360 642 enim
1394 597 1771 659 perseveravit,
1814 595 1989 662 idest,

417 672 511 728 diu
541 675 705 729 vixit.
742 676 1127 734 Emendandns
1155 696 1288 751 ergo
1338 682 1709 739 Tertullianus
1745 687 1992 743 scribens

416 766 511 821 lib.
550 765 629 820 De
680 769 977 837 pra’script.
1030 772 1185 836 hiem,
1250 789 1369 843 cap.
1428 776 1517 842 50,
1550 776 1877 833 Marcionem
1934 790 1990 835 et

420 857 765 913 Valentinum
796 875 959 928 neque
1007 862 1137 915 adeo
1161 863 1285 916 olim
1335 864 1524 934 fuisse,
1575 868 1830 922 Antonini
1880 869 1989 938 fere

410 952 748 1019 principatu,
798 962 851 1005 et
899 955 953 1005 in
987 952 1272 1009 Catholicae
1326 958 1497 1026 primo
1539 961 1838 1015 doctrinam
1877 979 1990 1017 cre-

410 1042 611 1096 didisse
646 1045 791 1112 apud
825 1043 1119 1100 Ecclesia»:
1150 1048 1553 1119 Romanensem,
1584 1056 1680 1108 sub
1721 1057 1987 1125 episcopa-

412 1145 471 1187 tu
521 1135 814 1190 Eleutherii
846 1139 1104 1192 benedicti
1128 1158 1147 1205 ;
1172 1143 1337 1196 donec
1366 1146 1426 1197 ob
1457 1147 1739 1214 inquietam
1785 1167 1989 1218 semper

409 1244 590 1281 eorum
620 1231 1001 1296 curiositatem,
1052 1250 1208 1302 quam
1243 1237 1438 1304 fratres
1488 1255 1693 1308 quoque
1727 1242 1982 1307 vitabant,

416 1318 578 1371 semel
602 1329 651 1372 et
682 1323 873 1374 iterum
902 1324 1081 1392 ejecli,
1118 1325 1358 1381 Marcion
1404 1330 1609 1393 quidem
1642 1347 1758 1383 cum
1790 1333 1985 1386 ducen-

408 1410 476 1462 tis
503 1413 778 1477 sestertiis,
806 1430 925 1482 qua:
962 1413 1216 1472 Ecclesia:
1255 1420 1541 1482 intulerat,
1596 1424 1880 1477 novissime
1928 1427 1983 1479 in

406 1514 708 1568 perpetuum
768 1508 1053 1561 discidium
1102 1510 1351 1580 relegati,
1386 1530 1581 1568 venena
1612 1516 1981 1570 doctrinarum

405 1608 624 1645 suarum
676 1595 1175 1652 disseminaverunt.
1221 1601 1277 1655 Si
1317 1603 1461 1656 enim
1514 1619 1685 1673 usque
1721 1607 1784 1658 ad
1818 1607 1979 1660 Eleu-

410 1685 572 1740 tberii
613 1696 827 1742 atatem
869 1692 1211 1756 pervenisset
1271 1692 1622 1760 Valentinus,
1680 1699 1731 1751 id
1788 1700 1980 1769 procul

405 1777 572 1832 dubio
605 1795 707 1834 non
732 1782 1008 1836 omisisset
1038 1783 1294 1848 Irenaus,
1322 1787 1413 1853 qui
1445 1788 1544 1841 sub
1570 1787 1674 1844 hoc
1721 1792 1977 1858 pontiiice

403 1868 625 1923 tertium
658 1870 857 1925 librum
906 1889 1063 1928 suum
1100 1877 1416 1944 scribebat;
1461 1894 1581 1933 cum
1620 1883 1853 1934 maxime
1880 1897 1977 1934 no-

406 1979 533 2018 vum
591 1965 720 2021 hinc
779 1968 948 2023 robur
993 1970 1315 2025 accessisset
1363 1981 1731 2041 argumento,
1768 1974 1911 2041 quod
1945 1990 1975 2026 a

405 2056 646 2111 novitate
673 2058 1055 2115 hareticornm
1088 2063 1346 2117 doctrina
1374 2063 1613 2131 petebat,
1674 2078 1812 2132 quos
1841 2081 1975 2133 apo-

402 2149 566 2203 stolis
611 2151 776 2205 multo
823 2153 1125 2220 posterius,
1156 2154 1509 2210 mediantibus
1542 2157 1661 2227 jam
1726 2157 1979 2213 Ecclesia:

401 2243 720 2312 temporibus
754 2284 769 2309 ,
820 2246 1171 2300 insurrexisse
1212 2247 1268 2300 in
1307 2260 1460 2300 suam
1515 2253 1829 2304 sententiam
1884 2254 1977 2307 de-

400 2338 760 2391 monstrabat.
820 2338 951 2405 Qua
1005 2339 1168 2394 etiam
1231 2341 1309 2393 ait
1363 2341 1415 2394 in
1467 2341 1794 2400 Prafatione
1850 2346 1972 2400 libri

400 2429 601 2495 primi,
646 2445 706 2484 se
761 2428 1033 2484 Valentini
1076 2432 1468 2500 discipulorum
1525 2439 1875 2504 sententiam,
1908 2448 1974 2494 de

398 2536 504 2588 qua
548 2522 796 2576 dicturus
829 2532 971 2588 erat,
1004 2524 1341 2592 exitloratam
1391 2528 1593 2583 habere
1623 2538 1733 2582 tum
1761 2545 1790 2583 a
1825 2546 1975 2585 com-

399 2615 685 2669 tnentariis
714 2655 728 2678 ,
782 2626 893 2670 tum
944 2634 973 2671 a
1016 2621 1402 2690 congressibus
1449 2637 1636 2676 eorum
1665 2665 1680 2690 ,
1715 2624 1807 2692 qui
1839 2638 1977 2677 nunc

400 2701 551 2757 aliud
576 2705 784 2770 docent,
831 2705 1107 2762 Ptolemaei
1159 2709 1412 2764 videlicet
1444 2712 1773 2766 asseclarum
1799 2756 1812 2777 ,
1860 2714 1973 2782 jam

400 2805 512 2850 tum
553 2797 905 2854 Valentinum
955 2801 1006 2853 in
1065 2801 1202 2855 vivis
1250 2803 1602 2871 superstitem
1651 2821 1757 2859 non
1808 2806 1977 2861 fuisse

398 2885 807 2946 demonstrant.
845 2888 951 2945 Sed
975 2890 1196 2944 demum
1230 2892 1359 2961 quin
1406 2892 1775 2950 Tertullianus
1824 2899 1972 2965 gravi

395 2978 802 3033 anachronismi
823 2979 975 3048 culpa
997 2990 1265 3047 teneatur,
1288 2982 1537 3037 dubitare
1561 3001 1657 3039 nos
1688 3003 1795 3041 non
1819 2988 1974 3051 sinit,

395 3068 540 3135 quod
577 3068 831 3123 Antonini
870 3070 1236 3139 principatum
1277 3087 1401 3127 cum
1437 3075 1727 3131 Eleutherii
1761 3079 1970 3147 episco-
1998 3084 2039 3139 ε
2073 3071 2374 3136 lentiniani,
2426 3070 2746 3123 Basilidiani
2772 3109 2787 3134 ,
2833 3070 3191 3124 Saturniliani
3217 3111 3231 3131 ,
3294 3082 3339 3122 et
3400 3071 3496 3122 alii
3541 3074 3661 3125 alio
3750 3084 3759 3093 '

400 3166 530 3224 patu
574 3168 897 3228 componat;
970 3177 1091 3215 cum
1138 3173 1337 3217 tamen
1366 3176 1580 3220 constet
1638 3166 1971 3222 Antoninum

397 3250 580 3305 vivere
603 3251 831 3306 desiisse
856 3254 1011 3308 annis
1034 3254 1226 3308 saltem
1252 3258 1661 3324 quatuordeeim
1683 3270 1970 3329 antequam

398 3340 700 3396 Romanam
729 3343 913 3397 sedem
945 3346 1333 3401 conscenderit
1365 3348 1738 3405 Eleutherius.
1770 3352 1974 3408 Vereor

396 3448 527 3504 ergo
551 3442 610 3489 ut
643 3435 939 3504 Septimius
971 3438 1230 3490 memoria
1257 3437 1442 3507 lapsus
1472 3440 1822 3498 Valentinum
1874 3459 1974 3514 pro

397 3524 644 3581 Cerdone
692 3528 996 3595 scripserit.
1030 3528 1160 3593 Qua
1201 3530 1343 3584 enim
1392 3530 1469 3586 illi
1520 3534 1748 3599 tribuit,
1780 3539 1970 3592 eadem

398 3616 484 3669 isti
516 3616 748 3671 ascribit
804 3617 1061 3683 lrenaus,
1098 3618 1196 3673 lib.
1246 3635 1328 3685 tu,
1374 3635 1423 3674 c.
1470 3621 1524 3680 4.
1561 3622 1670 3679 Nec
1726 3633 1970 3680 veterum

397 3708 689 3776 quisquam
751 3708 893 3763 alius
956 3709 1235 3764 memoria
1294 3710 1554 3777 prodidit,
1619 3711 1971 3769 Valentinum

398 3799 584 3854 Roma
611 3798 732 3867 plus
789 3802 956 3855 semei
1013 3800 1258 3855 Ecclesia
1311 3802 1524 3871 pulsum
1568 3803 1774 3871 fuisse;
1828 3808 1969 3875 quod

396 3890 637 3947 Cerdoui
681 3894 981 3964 contigisse
1009 3903 1221 3948 certum
1256 3903 1363 3949 est.
1418 3895 1741 3964 Quanquam
1788 3906 1970 3952 tamen

398 3986 444 4039 si
478 3986 600 4056 quis
665 3986 986 4041 Tertulliani
1045 3987 1231 4043 verbis
1288 3988 1603 4057 religiosius
1662 3991 1969 4057 adbarens,

398 4078 745 4133 Valentinum
779 4079 865 4134 bis
889 4092 955 4132 ex
984 4079 1224 4133 Ecclesia
1266 4079 1513 4135 Romana
1542 4082 1774 4151 ejectum
1802 4084 1973 4137 fuisse

395 4168 771 4231 contenderet,
801 4169 967 4223 semel
993 4170 1207 4224 scilicet
1232 4173 1335 4225 sub
1360 4172 1713 4239 pontificatus
1767 4172 1967 4244 Hygini

400 4262 583 4324 tinem,
619 4260 813 4314 iterum
871 4263 999 4313 vero
1032 4260 1132 4313 sub
1176 4259 1294 4325 Pio,
1350 4276 1456 4316 non
1502 4262 1642 4316 adeo
1694 4278 1971 4333 repugna-

401 4354 633 4408 rem.At
672 4369 795 4407 eum
828 4354 884 4407 in
914 4353 1190 4408 catholica:
1230 4356 1411 4424 primo
1456 4354 1755 4409 doctrinam
1811 4358 1974 4411 credi-

396 4448 538 4501 disse
561 4447 703 4515 apud
752 4447 1045 4501 Ecclesiam
1097 4445 1476 4500 Romanensem
1504 4483 1520 4509 ,
1553 4445 1737 4515 ibique
1778 4448 1972 4502 deinde

396 4542 572 4609 prima
604 4541 873 4595 bareseos
893 4540 1244 4593 fundamenta
1269 4539 1496 4607 jecisse,
1529 4540 1686 4608 quasi
1718 4555 1746 4593 a
1783 4543 1970 4595 catho-

398 4633 503 4687 lica
530 4630 634 4685 (ide
656 4635 893 4687 nandum
932 4633 1249 4687 recessisset
1282 4647 1405 4687 cum
1459 4632 1690 4686 Romam
1718 4633 1970 4697 advenit,

410 4736 510 4778 nec
534 4723 660 4779 alibi
696 4732 964 4776 terrarum
993 4732 1153 4774 antea
1186 4721 1403 4790 agnitus
1428 4719 1624 4776 fuisset
1651 4720 1968 4785 hareticus;

395 4813 650 4882 quisquis
674 4826 739 4866 ex
765 4811 1127 4877 Tertulliano,
1157 4810 1241 4865 vel
1296 4825 1421 4864 cum
1453 4809 1796 4865 Tertulliano
1827 4811 1970 4865 intu-

398 4905 545 4970 lerit,
598 4920 659 4958 ea
717 4915 930 4959 asserat
993 4920 1215 4961 necesse
1258 4912 1343 4960 est
1376 4919 1496 4973 qua:
1557 4918 1681 4958 eum
1730 4903 1971 4959 historia

399 4986 631 5051 veritate
665 5005 927 5067 pugnent.

469 5089 526 5144 ὁ.
562 5089 897 5158 Epiphanius
960 5089 1223 5157 expositis
1289 5086 1562 5144 Valentini
1630 5086 1975 5155 dogmatibus

401 5181 676 5252 subiungit
702 5181 729 5253 §
760 5184 811 5245 7,
847 5182 993 5235 hunc
1024 5197 1086 5235 ea
1122 5198 1175 5235 ιιι
1210 5180 1444 5252 Egypto
1471 5194 1824 5251 pr0pagasse,
1856 5187 1968 5231 tum

403 5277 632 5332 Romam
656 5274 961 5345 profectum
1013 5289 1257 5329 errorem
1301 5289 1460 5329 suum
1492 5274 1545 5326 in
1582 5288 1645 5327 ea
1692 5271 1826 5325 urbe
1860 5270 1971 5324 dis-

401 5368 647 5437 sipasse,
690 5383 753 5421 ac
786 5369 1003 5421 demum
1038 5367 1102 5419 ad
1139 5365 1374 5435 Cyprum
1416 5365 1677 5430 deiatutn,
1727 5363 1971 5416 ultimum

403 5459 524 5514 tidei
559 5458 901 5529 naufragium
927 5456 1126 5511 ibidem
1166 5470 1416 5523 passum,
1462 5455 1704 5509 animum
1751 5452 1976 5507 omnino

404 5555 753 5623 depravasse.
790 5552 885 5604 Diu
918 5564 1049 5619 ergo
1076 5558 1364 5616 antequam
1395 5547 1621 5601 Romam
1662 5545 1977 5615 proﬁcisce-

586 5729 626 5762 "
659 5726 892 5794 Justiu.,
929 5727 1060 5783 Dial.
1093 5742 1213 5797 pag.
1250 5725 1379 5793 255,
1410 5724 1492 5780 ed.
1528 5722 1699 5779 Paris.
1732 5722 1885 5778 1636.

1971 5720 2011 5751 η
2034 5717 2163 5787 Pag.
2200 5717 2323 5773 549.

2096 510 2238 563 cisse
2262 510 2522 563 dicendus
2557 517 2660 573 est,
2710 508 2857 579 quod
2894 510 3034 565 forte
3080 526 3353 579 nunquam
3399 518 3657 582 suscepit.

2095 600 2430 653 Crediderim
2478 601 2623 654 enim
2664 600 2812 654 illius
2884 599 3125 653 animum
3157 600 3538 656 Gnosticorum
3582 604 3658 657 fa-

2094 691 2234 745 bulis
2259 690 2372 757 jam
2403 691 2470 744 ab
2512 691 2673 746 initio
2703 690 3044 744 Alexandria
3094 692 3383 759 imbutum,
3418 693 3487 749 de
3518 709 3657 747 nova

2096 782 2399 851 ltypothesi,
2434 797 2537 850 qua
2572 782 2675 836 sibi
2731 797 2929 836 nomen
2959 780 3187 845 laceret,
3225 782 3541 838 fabricanda
3569 786 3654 839 ci-

2094 873 2198 926 tius
2226 871 2517 942 cogitasse,
2542 887 2704 941 quam
2730 874 2795 927 de
2832 876 2998 928 veleri
3029 874 3287 943 religione
3330 876 3651 944 proﬁtenda,

2092 964 2297 1019 Saltem
2334 965 2671 1034 Epiphanius
2694 964 2805 1033 jam
2844 982 2964 1020 eum
2992 967 3060 1019 ab
3095 966 3349 1037 Egypto,
3376 969 3465 1022 ubi
3495 978 3657 1023 natus

2089 1067 2142 1109 et
2175 1057 2435 1110 educatus
2490 1055 2613 1120 fuit,
2647 1058 2963 1111 bareticum
3018 1059 3263 1124 exhibet,
3313 1060 3653 1113 Catbolicum

2089 1162 2373 1216 nusquam.
2407 1147 2577 1212 Quam
2632 1147 2795 1217 igitur
2825 1148 3073 1202 baresim
3111 1149 3180 1201 ibi
3231 1150 3413 1203 animo
3446 1163 3653 1205 conce-

2086 1248 2264 1308 perat,
2298 1240 2367 1293 ibi
2388 1250 2441 1292 et
2472 1254 2731 1308 spargere
2758 1240 2945 1308 cmpit,
2979 1240 3103 1293 licet
3134 1240 3273 1295 forte
3304 1250 3413 1295 tum
3443 1242 3651 1295 rudiori

2087 1330 2343 1398 penicillo
2369 1328 2716 1385 delineatam.
2756 1329 2865 1384 Nec
2894 1329 3117 1400 .IEgypti
3160 1330 3361 1385 ﬁnibus
3392 1332 3651 1385 conclusa

2087 1420 2242 1475 stetit
2276 1432 2546 1473 venenata
2592 1421 2837 1473 doctrina
2866 1439 2880 1475 :
2916 1423 3156 1475 manavit
3184 1425 3366 1476 statim
3401 1438 3497 1493 per
3520 1424 3655 1477 vici—

2084 1528 2183 1567 nas
2214 1514 2480 1583 regiones,
2514 1514 2820 1582 multasque
2846 1512 3086 1569 Orientis
3113 1516 3655 1583 etAsiaprovincias

2083 1607 2411 1674 occupavit,
2458 1606 2573 1659 sive
2631 1623 2659 1659 a
2709 1606 3001 1661 Valentino
3054 1606 3186 1675 ipso,
3245 1622 3366 1659 cum
3418 1606 3650 1673 Romam

2083 1698 2541 1765 proﬁcisceretur,
2597 1699 2711 1753 sive
2742 1713 2772 1752 a
2809 1698 3093 1769 discipulis
3122 1701 3238 1769 ejus
3262 1701 3648 1756 (iiSsemtha.

2080 1788 2306 1842 Constat
2335 1787 2620 1855 siquidem,
2650 1802 2771 1841 cum
2823 1788 3073 1843 Justinus
3107 1802 3319 1860 martyr
3369 1790 3651 1862 Dialogum

2080 1892 2237 1932 Suum
2275 1898 2392 1937 cum
2434 1881 2705 1952 Trypltone
2741 1881 3046 1945 scriberet,
3088 1879 3200 1947 jam
3230 1890 3342 1934 tum
3376 1884 3662 1936 exstitisse

2080 1970 2133 2023 in
2162 1969 2305 2022 Asiae
2343 1970 2641 2037 provinciis
2676 1980 2884 2025 certam
2919 1981 2973 2026 et
3017 1975 3367 2026 constitutam
3415 1974 3655 2028 Valenti-

2079 2062 2367 2116 nianorum
2441 2073 2682 2129 sectam,
2730 2064 2970 2118 auctoris
3026 2065 3244 2119 nomine
3276 2066 3648 2135 conspicuam.

2081 2151 2222 2223 [XV]
2250 2153 2678 2223 Disputationem
2730 2153 2874 2206 illam
2910 2169 3039 2207 cum
3086 2153 3377 2225 Tryphone
3439 2154 3653 2219 Judao,

2078 2260 2197 2312 qua
2248 2245 2518 2299 scribendi
2580 2244 2793 2314 Dialagi
2852 2248 3194 2301 occasionem
3241 2246 3412 2312 dedit,
3453 2246 3653 2316 Ephesi

2079 2336 2317 2390 habitam
2353 2335 2539 2399 fuisse,
2570 2347 2795 2391 testatur
2818 2340 2928 2407 ipse
2955 2337 3206 2393 Justinus
3236 2340 3392 2393 initio
3416 2340 3480 2392 ιδ.
3511 2340 3655 2393 Cum

2081 2429 2132 2481 in
2166 2429 2395 2482 decursu
2426 2428 2695 2481 sermonis
2718 2428 3017 2495 ohjecisset
3042 2428 3298 2500 Trypho,
3328 2432 3542 2484 audisse
3565 2448 3647 2493 sc,

2078 2522 2253 2590 plures
2275 2536 2463 2574 eorum
2487 2521 2577 2590 qui
2606 2537 2662 2573 se
2700 2519 2883 2574 Iesum
2910 2521 3149 2589 proﬁteri
3186 2522 3388 2589 dicunt,
3421 2533 3476 2574 et
3499 2522 3655 2574 (ΣΙιτέι

2078 2614 2239 2667 stiani
2276 2613 2644 2676 nominantur,
2668 2612 2974 2665 simulacris
3001 2622 3232 2665 mactatu
3279 2616 3605 2665 nmmlucare
3634 2654 3649 2675 ,

2077 2716 2125 2757 et
2154 2702 2287 2757 nihil
2309 2720 2363 2757 se
2384 2719 2448 2755 ex
2476 2719 2537 2756 eo
2566 2719 2751 2769 capere
2767 2703 3068 2754 detrimenti
3095 2703 3289 2764 dicere,
3334 2718 3441 2755 non
3485 2714 3661 2771 negat

2077 2795 2323 2850 Justinus
2347 2836 2360 2856 ,
2390 2796 2498 2847 imo
2539 2796 2746 2847 fatetur
2790 2794 2927 2847 tales
2954 2809 3075 2847 esse
3102 2795 3245 2863 apud
3277 2794 3653 2855 ChriSIianos,

2079 2889 2171 2958 qui
2204 2889 2277 2943 ita
2302 2888 2571 2942 sentirent
2591 2894 2645 2940 et.
2675 2895 2921 2957 agerent.
2947 2885 3013 2939 Et
3044 2897 3165 2939 sunt
3186 2902 3369 2939 eorum
3401 2887 3649 2956 quidam;

2081 2983 2278 3051 inquit,
2310 2981 2403 3050 qui
2431 2990 2687 3033 vocantur
2732 2978 3099 3042 Marcionita;
3130 2980 3345 3047 quidam
3382 2996 3500 3031 vero
3546 2978 3655 3032 Vu-

2074 3164 2287 3232 pra’diti
2309 3162 2538 3226 nomine,
2568 3179 2599 3213 a
2634 3162 2869 3230 principe
2887 3163 3163 3215 sententia:
3198 3163 3417 3231 quisque
3461 3180 3662 3216 nomen

2075 3255 2335 3308 obtinens.
2360 3253 2559 3322 thuid
2577 3251 2986 3306 Valentinianos
3015 3267 3199 3306 coram
3221 3255 3437 3306 hemine
3461 3251 3661 3305 ludam

2076 3345 2273 3413 Ephesi
2328 3353 2436 3398 tum
2482 3353 2856 3399 commorante
2884 3381 2899 3405 ,
2951 3343 3004 3396 in
3067 3343 3278 3398 Gracia
3324 3356 3504 3398 autem
3539 3385 3554 3407 ,
3589 3358 3653 3398 et.

2074 3437 2345 3501 Corinthi,
2379 3446 2438 3491 ut
2491 3438 2607 3506 ipse
2640 3438 2751 3501 ait,
2796 3437 3113 3507 plerumque
3144 3446 3361 3505 agente,
3396 3438 3657 3505 protulis-

2075 3542 2155 3586 set
2183 3530 2455 3593 Justinus,
2490 3531 2592 3586 nisi
2652 3531 2702 3583 in
2732 3532 2796 3585 iis
2848 3530 3164 3600 regionibus
3190 3544 3343 3597 aque
3373 3532 3485 3583 noti
3516 3530 3655 3581 t‘uis-

2075 3632 2216 3686 sent,
2238 3630 2293 3675 et.
2342 3622 2394 3675 in
2430 3630 2633 3675 sectam
2674 3620 3031 3684 coaluissent,
3067 3632 3133 3671 ae
3158 3619 3340 3672 caeteri
3376 3632 3514 3686 quos
3547 3632 3651 3670 uo-

2076 3713 2277 3766 minat?
2305 3710 2516 3765 Paucos
2564 3726 2634 3765 ex
2684 3709 2990 3763 notioribus
3037 3707 3313 3761 Gnosticis
3374 3705 3654 3775 appellare

2074 3804 2210 3860 satis
2238 3803 2305 3857 ad
2332 3804 2635 3857 institutum
2690 3800 2907 3855 fuisset.
2935 3799 3108 3854 Porro
3150 3798 3399 3853 habitum
3423 3814 3486 3851 ac
3518 3800 3659 3852 scri-

2076 3905 2224 3963 ptum
2251 3893 2420 3948 fuisse
2461 3892 2743 3961 Dialogum
2795 3907 2937 3944 anno
2988 3891 3211 3946 circiter
3268 3888 3472 3943 Christi
3522 3890 3655 3953 155,

2077 3985 2266 4055 paucis
2298 3985 2458 4038 annis
2492 3994 2781 4053 postquam
2835 3985 3071 4052 priorem
3125 3980 3439 4051 Apologiam
3478 3982 3656 4035 Anto-

2075 4080 2205 4134 nino
2252 4078 2351 4134 Pio
2375 4076 2686 4140 obtulisset,
2721 4076 2934 4145 vulgata
2978 4076 3166 4143 cpia-io
3214 4086 3316 4129 est.
3378 4074 3658 4130 Monuisse

2075 4168 2341 4237 siquidem
2374 4183 2434 4223 se
2463 4167 2694 4221 aliirznat
2731 4168 2796 4233 ",
2830 4168 2881 4220 itt
2936 4168 3153 4221 laudato
3190 4166 3433 4235 Dialogo,
3471 4166 3657 4220 Casa-

2078 4276 2212 4325 rem,
2240 4259 2617 4313 Samaritanos
2648 4259 2957 4327 imposturis
2987 4259 3170 4312 seduci
3195 4259 3248 4311 in
3276 4274 3531 4320 errorem,
3557 4260 3657 4324 qui

2077 4350 2280 4404 Simoni
2314 4351 2480 4419 gentis
2502 4365 2611 4402 sua:
2649 4364 2800 4417 mago
2829 4358 3109 4414 parerent:
3151 4362 3303 4415 quem
3353 4344 3507 4398 deum
3538 4361 3657 4397 esse

2077 4456 2238 4506 supra
2269 4440 2625 4507 principatum
2646 4448 2693 4489 et
2720 4446 3031 4505 potestatem
3062 4444 3110 4488 et
3143 4437 3384 4488 virtutem
3434 4449 3644 4487 omnem

2076 4533 2283 4586 dicunt.
2310 4528 2434 4584 Hac
2464 4545 2593 4584 vero
2620 4545 2743 4583 cum
2768 4529 2819 4582 in
2849 4529 3015 4583 citata
3045 4526 3304 4595 Apologia
3330 4537 3653 4591 occurrant,

2076 4623 2278 4677 nemini
2303 4623 2527 4677 dubium
2577 4636 2699 4676 esse
2744 4630 2944 4691 potest,
2977 4620 3110 4689 qttin
3165 4627 3288 4688 post
3336 4616 3655 4685 Apologiam

2074 4718 2314 4771 oblatam
2365 4717 2602 4784 scriptus
2655 4714 2726 4768 sit
2771 4712 3053 4781 Dialogus.
3087 4711 3237 4766 Hanc
3278 4724 3455 4765 autent
3498 4709 3654 4764 obia-

2078 4818 2185 4861 tam
2213 4806 2400 4861 volunt
2431 4820 2576 4859 anno
2613 4804 2816 4861 Christi
2877 4803 2995 4857 I50.
3048 4803 3262 4858 Asserit
3302 4802 3447 4856 enim
3475 4798 3652 4854 Justi-

2082 4914 2184 4951 nus
2220 4898 2287 4963 ιτ,
2345 4903 2457 4950 tum
2516 4910 2640 4949 cum
2702 4894 2997 4958 scriberet,
3046 4902 3170 4946 ante
3228 4909 3393 4945 annos
3439 4905 3654 4946 centum

2081 4978 2471 5059 quinquaginta
2515 4987 2862 5043 Christianos
2894 5001 3193 5040 asseverare
3236 4984 3508 5038 Christum
3556 4989 3654 5038 sub

2083 5082 2305 5151 Cyrenio
2331 5090 2511 5133 natum
2538 5094 2670 5131 esse.
2699 5078 2805 5131 Sed
2837 5091 2959 5131 cum
2989 5091 3053 5131 ea
3108 5074 3360 5142 loquendi
3415 5073 3655 5129 formula

2083 5189 2190 5228 non
2238 5173 2375 5226 adeo
2424 5180 2633 5225 certum
2696 5186 2963 5224 annorum
3024 5185 3308 5224 numerum
3358 5169 3654 5237 exprimat,

2082 5266 2210 5335 quin
2252 5264 2375 5317 addi
2399 5262 2675 5330 quidpiam
2702 5271 2797 5315 aut
2825 5261 3035 5315 detrahi
3074 5261 3266 5328 possit,
3302 5275 3403 5313 nec
3428 5260 3657 5313 aliunde

2084 5364 2299 5411 constet
2321 5370 2429 5423 quo
2461 5354 2688 5423 Augusti
2723 5354 2937 5424 imperii
2965 5368 3106 5407 anno
3156 5361 3342 5406 natum
3372 5351 3655 5406 Christum

2086 5450 2244 5503 vellet
2273 5447 2374 5501 SS.
2409 5457 2617 5515 martyr
2640 5487 2653 5508 ,
2683 5448 2942 5514 scriptam
2983 5443 3295 5513 Apologiam
3337 5457 3480 5497 anno
3532 5459 3657 5495 arae

2086 5541 2331 5610 vulgaris
2382 5539 2525 5604 150,
2588 5540 2712 5592 hinc
2768 5538 2974 5607 liquido
3032 5536 3278 5594 cont-ludi
3333 5552 3489 5607 posse
3550 5551 3665 5591 non

2409 5717 2446 5747 ⁸⁷
2480 5716 2732 5791 Ρίιεηὸὗ.
