3954 6352
276 323 345 379 29

1194 329 1651 387 DiSSERTATiU
1690 333 1730 395 l,
1772 333 1937 389 ΛΒΤ.
1980 334 2018 398 Ι,
2057 336 2143 391 DE
2188 336 2599 392 VALENTINO.

3456 342 3528 398 ὅθ

275 440 428 494 video
460 455 620 494 .cum
663 442 903 497 maxime
932 459 1117 498 verum
1141 445 1345 501 Christi
1400 448 1638 503 natalem
1689 451 1849 505 anuis
1876 459 1923 514 Α
1954 457 2180 525 proinde
2206 473 2328 511 cum
2363 456 2449 510 vix
2480 457 2643 510 citius
2667 456 2841 510 scribi
2866 458 3105 527 potuerit
3136 460 3417 530 Apologia,
3459 478 3527 515 eo

273 540 500 602 quatuor
524 533 723 588 solidis
774 549 939 589 atram
993 537 1273 607 vulgarem
1338 549 1706 607 antevertere,
1733 543 1846 611 jam

271 635 473 679 eertum
500 626 572 680 sit
594 627 740 695 apud
771 627 1037 683 eruditos.

335 716 391 770 5.
431 714 606 773 Citius
631 734 765 787 ergo
797 721 1061 790 scriptam
1106 723 1418 792 Apologiam
1447 726 1712 789 arbitror,
1741 740 1847 779 non

267 808 481 878 quidem
502 826 651 866 anno
674 811 800 876 111,
840 823 900 867 ut
950 814 1062 868 vult
1123 815 1395 873 Eusebius
1455 818 1508 871 in
1560 818 1845 881 Chronico,

270 903 359 955 sed
388 918 534 957 anno
566 904 798 958 circiter
823 904 945 959 H5.
968 906 1125 961 Plura
1150 910 1416 978 siquidem
1441 910 1583 966 hanc
1600 920 1847 966 nostram

268 994 644 1065 coniecturam
676 998 901 1054 ﬁrmare
942 1001 1217 1056 videntur.
1249 1001 1491 1058 Primum
1520 1004 1664 1074 quod
1696 1006 1849 1059 Anti-

269 1092 351 1144 noi
378 1106 575 1146 recens
617 1092 672 1146 in
716 1093 945 1148 deorum
1001 1112 1290 1151 numerum
1348 1100 1537 1165 relati,
1575 1099 1849 1154 Ἀντινόου

265 1185 353 1240 τοῦ
386 1184 484 1238 νῦν
512 1188 911 1259 γεγενημένου,
934 1192 1265 1247 meminerit.
1294 1192 1701 1249 PorroAntinoi
1720 1211 1849 1264 apo-

269 1272 473 1336 theosis
504 1275 575 1327 ab
610 1281 855 1337 Adriano
906 1282 1046 1337 facta
1098 1295 1182 1339 est
1227 1300 1371 1341 anno
1402 1284 1613 1340 Christi
1646 1287 1770 1350 150,
1802 1289 1847 1343 εἰ

270 1368 485 1424 Eusebii
548 1368 841 1438 Chronico,
868 1373 976 1429 .vel
1013 1375 1136 1440 151,
1167 1385 1260 1429 aut
1296 1376 1417 1441 152,
1446 1378 1638 1433 sialiis
1671 1378 1843 1442 ﬁdes;

278 1464 506 1517 recentis
541 1464 779 1532 proinde
830 1469 1132 1529 memoriae.
1172 1470 1219 1523 si
1242 1468 1515 1524 Justinum
1568 1486 1711 1526 anno
1744 1472 1848 1527 145

276 1552 556 1621 scripsisse
610 1570 1011 1630 supponamus.
1061 1559 1306 1629 Denique
1348 1560 1493 1629 quod
1534 1560 1589 1614 in
1622 1560 1870 1635 Dialogo,

274 1654 389 1709 post
408 1645 752 1717 Apologiam,
788 1658 847 1703 ut
881 1651 1157 1717 duximus,
1191 1653 1359 1719 edito,
1389 1653 1609 1723 Trypho
1646 1668 1849 1709 nomen

269 1751 321 1796 et
352 1756 523 1813 genus
544 1757 855 1812 exponens,
914 1742 1125 1813 Trypho
1199 1744 1446 1813 inquit“,
1486 1761 1663 1800 vocor.
1713 1746 1845 1801 Sum

270 1847 443 1888 autem
500 1851 569 1888 ea:
626 1835 1028 1891 circumcisione
1074 1836 1355 1904 Hebraeus,
1392 1856 1457 1894 ex
1486 1856 1685 1908 nupera
1714 1840 1848 1894 bello

269 1925 765 1997 ργοίυςιιεάφυγὼν
789 1927 881 1980 τὸν
914 1926 1009 1981 νῦν
1034 1930 1319 2001 γενόμενον
1349 1933 1600 2004 πόλεμον.
1624 1934 1685 1987 Et
1703 1943 1849 2001 post-

268 2035 329 2073 ea
360 2020 538 2073 refert
587 2020 843 2074 Justinus
883 2020 947 2089 ¹⁹,
993 2022 1138 2090 quod
1176 2023 1489 2095 Tryphonis
1534 2007 1752 2081 sodales
1794 2028 1846 2081 in

268 2113 441 2167 stadio
489 2112 638 2181 quod
692 2113 745 2167 in
798 2125 956 2183 xysto
1008 2118 1246 2171 medium
1293 2128 1434 2179 erat,
1479 2122 1750 2185 sedentes,
1786 2120 1849 2174 de

270 2204 399 2260 bello
428 2206 666 2261 Iudaico
700 2208 945 2277 agebant,
986 2210 1114 2281 περὶ
1144 2210 1238 2263 τοῦ
1273 2212 1415 2266 κατὰ
1444 2212 1544 2283 τὴν
1588 2213 1848 2267 Ἰουδαίαν

267 2297 557 2368 γενομένου
574 2299 814 2371 πολέμου
832 2300 1125 2355 διελάλουν.
1146 2301 1286 2368 Quin
1313 2304 1511 2358 bellum
1529 2304 1597 2359 ab
1610 2306 1849 2359 Adriano

271 2392 365 2445 sub
387 2390 609 2459 imperii
642 2392 805 2448 linem
831 2393 1059 2462 ludatis,
1086 2396 1444 2453 Bareocheba
1475 2400 1636 2463 duce,
1671 2398 1848 2453 rebel-

273 2483 427 2548 iibus,
456 2486 702 2551 illatum,
742 2502 997 2558 annoque
1022 2489 1246 2544 circiter
1281 2490 1385 2545 136
1409 2491 1721 2546 confectum
1759 2492 1849 2547 hic

274 2576 629 2646 intelligatur,
668 2578 907 2634 dubitari
942 2597 1051 2636 non
1079 2590 1280 2650 potest.
1319 2582 1390 2638 Ut
1424 2583 1569 2637 enim
1601 2584 1668 2637 ad
1699 2585 1848 2638 aliud

269 2669 568 2737 quidpiam,
607 2688 717 2741 quo
733 2670 948 2727 Iudaeos
984 2674 1180 2727 iterum
1216 2674 1447 2729 rebelles
1477 2676 1699 2745 petierit
1733 2678 1848 2731 An-

271 2762 484 2817 toninus
515 2761 651 2818 Pius
686 2763 803 2818 haec
833 2766 1092 2829 referam,
1116 2766 1264 2835 quod
1294 2767 1473 2821 innuit
1500 2768 1849 2822 doctissimus

270 2852 648 2909 Tillemontius
674 2856 728 2909 in
764 2857 811 2888 ”
834 2858 982 2911 notis
1003 2858 1071 2912 ad
1091 2857 1538 2914 Marcionitarum
1569 2860 1847 2924 haeresim,

269 2948 513 3003 obtinere
553 2964 585 3002 a
639 2964 726 3003 me
762 2966 867 3005 non
910 2965 1149 3019 possum.
1194 2951 1258 3005 Et
1309 2951 1557 3020 quamvis
1586 2950 1847 3020 Capitoli-

270 3054 364 3093 nus
402 3042 472 3070 ²⁰’
506 3050 723 3096 asserat
743 3041 1042 3093 Antonium
1065 3056 1159 3112 per
1178 3041 1346 3097 duces
1366 3057 1496 3096 suos
1530 3042 1840 3098 Judazorum

1880 1810 1924 1866 Β

1948 549 2137 603 saltem
2172 564 2316 603 anno
2340 550 2599 617 scriptam
2638 547 2806 604 fuisse
2827 565 2927 618 par
2952 565 3074 605 esse
3105 553 3352 605 credere.
3381 552 3527 606 Cum

1949 656 2079 711 ergo
2112 642 2611 697 Valentinianorum
2637 651 2801 698 sectae
2839 644 3154 698 meminerit
3193 642 3441 698 Justinus
3470 648 3522 698 iu

1950 735 2196 805 Di'alogo,
2226 737 2354 790 hinc
2379 737 2627 806 sequitur
2652 735 2766 805 jam
2809 744 2938 789 ante
2971 751 3174 790 annum
3192 736 3396 791 Christi
3424 737 3525 789 150

1949 830 2219 884 celebrem
2280 830 2465 895 fuisse,
2507 846 2571 883 ac
2609 828 2765 899 longe
2800 830 3016 900 lateque
3046 829 3298 884 diﬁusam
3335 844 3525 885 eorum

1951 921 2224 977 haeresim.
2268 923 2408 989 Quid
2433 923 2477 975 si
2513 923 2599 977 his
2624 923 2887 978 addamus
2918 923 3115 977 librum
3147 938 3310 992 quem
3336 926 3524 977 adver-

1949 1028 2044 1069 sus
2070 1014 2306 1068 haereses
2336 1029 2529 1068 oumes
2558 1014 2931 1080 composuisse
2982 1031 3041 1070 se
3090 1016 3380 1084 proﬁtetur
3407 1014 3529 1071 Jus-

1952 1105 2097 1158 tinus
2121 1104 2171 1157 in
2203 1103 2462 1174 Apologia
2494 1104 2535 1136 ²¹
2570 1104 2594 1157 ?
2644 1102 2799 1157 Hunc
2840 1113 3020 1157 autem
3064 1104 3239 1171 ipsum
3276 1118 3423 1167 esse,
3466 1103 3523 1157 in

1949 1206 2058 1260 quo
2090 1190 2597 1247 Valentinianorum
2630 1194 2885 1262 dogmata
2924 1194 3236 1262 prodidisse
3277 1204 3333 1247 et
3379 1202 3529 1248 retu-

1950 1285 2093 1340 disse
2128 1286 2209 1340 ait
2247 1284 2622 1340 Tertullianus
2665 1300 2787 1354 cap.
2812 1284 2846 1338 5
2880 1284 3003 1339 libri
3036 1285 3290 1339 adversus
3335 1284 3530 1339 Valen-

1950 1382 2212 1445 tinianos,
2255 1380 2507 1435 dubitare
2529 1394 2629 1434 nos
2656 1394 2763 1433 non
2793 1379 2922 1433 sinit
2942 1378 3257 1448 Hieronymi
3285 1378 3529 1434 auctori-

1952 1485 2034 1529 tas
2064 1476 2117 1530 in
2145 1473 2424 1545 Catalogo.
2452 1474 2570 1541 Quo
2591 1489 2723 1529 vero
2738 1488 2904 1537 anno,
2935 1481 2991 1527 et
3019 1486 3126 1539 quo
3160 1473 3210 1525 iu
3240 1470 3358 1526 loco
3381 1486 3530 1526 com-

1948 1567 2159 1638 positus
2185 1567 2372 1630 fuerit,
2412 1567 2518 1622 dici
2550 1582 2655 1621 non
2685 1574 2911 1637 potest:
2948 1574 3005 1618 at
3059 1563 3325 1632 scriptum
3358 1562 3528 1616 fuisse

1949 1674 2075 1717 ante
2089 1662 2398 1733 Apologiam
2414 1670 2625 1716 certum
2650 1671 2732 1715 est
2753 1679 2768 1727 ;
2790 1674 2889 1714 nec
2902 1658 3127 1729 proinde
3148 1656 3531 1727 probabilitate

1949 1765 2131 1819 vacat,
2163 1756 2267 1809 sub
2288 1752 2502 1822 imperii
2526 1753 2752 1807 Adriani
2788 1751 2973 1814 ﬁnem,
3005 1758 3060 1805 ut
3089 1749 3262 1803 tradit
3320 1748 3527 1803 ϐοᾶτε.

1953 1865 2074 1904 nus.
2111 1848 2419 1917 Hisitaque
2445 1847 2833 1917 temporibusa
2874 1845 3058 1900 radice
3120 1843 3256 1898 adeo
3300 1842 3531 1913 pullula-

1953 1953 2036 1997 rat
2098 1941 2483 1996 Valentiniana
2540 1937 2788 2001 haeresis,
2844 1944 2925 2001 ut,
2970 1951 3036 1990 ne
3070 1934 3235 1996 latius
3259 1942 3528 2002 serperet,

1955 2037 2097 2091 hanc
2126 2034 2349 2102 scriptis
2374 2035 2658 2100 exagitare
2686 2046 2921 2087 necesse
2956 2028 3213 2084 habuerit
3257 2025 3527 2081 Justinus.

2021 2132 2075 2183 7.
2109 2128 2183 2182 Eo
2215 2136 2397 2180 autem
2435 2133 2685 2194 spectant
2738 2125 3017 2179 hactenus
3056 2122 3226 2184 dicta.
3269 2129 3328 2173 ut
3368 2118 3532 2189 liqui-

1952 2222 2020 2275 do
2070 2216 2496 2278 concludamus,
2537 2212 2883 2266 Valentinum
2930 2212 3118 2265 Romae
3167 2210 3389 2280 quidem
3447 2207 3529 2262 Pii

1954 2307 2293 2377 temporibus
2326 2306 2573 2375 agnitum
2612 2304 2781 2359 fuisse
2801 2302 3143 2365 liaireticum;
3168 2301 3420 2357 haeresim
3444 2315 3533 2354 au-

1955 2417 2059 2460 tem
2095 2404 2212 2471 ejus
2247 2416 2348 2455 nec
2400 2399 2481 2453 ibi
2520 2397 2691 2461 nasci,
2742 2410 2844 2451 nec
2890 2395 3209 2450 adolescere
3242 2394 3529 2465 potuisse;

1955 2503 2138 2562 utpote
2181 2506 2302 2561 quae
2334 2492 2448 2560 jam
2491 2497 2652 2541 antea
2688 2485 2817 2539 alibi
2854 2494 3126 2539 terrarum
3171 2493 3298 2538 nota
3326 2484 3534 2553 (itnoet

1952 2588 2095 2641 forte
2125 2583 2329 2646 Romte,
2359 2578 2611 2650 quamvis
2638 2588 2831 2633 auctor
2871 2575 2946 2630 ibi
2982 2575 3164 2630 minus
3196 2573 3380 2638 notus)
3405 2574 3531 2627 doc-

1954 2690 2126 2733 torum
2161 2673 2559 2729 catholicorum
2588 2670 2729 2739 stylu
2752 2667 2968 2723 conﬁxa
3003 2667 3203 2720 fuerat.
3238 2665 3294 2719 in
3328 2662 3531 2734 Egyp-

1954 2784 2007 2826 to
2045 2771 2283 2837 primum
2317 2766 2684 2825 eﬂ'urmatam,
2722 2763 2924 2815 dnihim
2967 2768 3261 2827 antequam
3298 2757 3528 2812 Romani

1952 2863 2395 2931 proﬁcisceretur
2429 2860 2556 2923 (nec
2578 2855 2723 2910 enim
2750 2869 2819 2909 ex
2847 2867 2907 2907 ea
2952 2853 3085 2905 urbe
3115 2852 3167 2904 in
3206 2849 3526 2919 E‘gyptuta,

1952 2958 2096 3010 hanc
2124 2968 2335 3007 veneno
2360 2967 2460 3005 suo
2500 2948 2837 3003 iniecturum
2892 2944 3146 3009 rediisse,
3203 2941 3356 2996 nllibi
3391 2941 3529 3011 legir

1954 3046 2063 3117 tur)
2095 3044 2351 3111 superius
2404 3057 2469 3095 ex
2531 3036 2834 3109 Epiphanio
2870 3035 3126 3089 vidimus.
3160 3034 3225 3087 Et
3278 3033 3531 3101 quamvis

270 3128 549 3183 rebellium
588 3131 875 3185 audaciam
935 3133 1262 3196 contudisse,
1312 3136 1427 3188 tunc
1467 3134 1533 3188 de
1566 3135 1841 3204 inquieto-
1869 3140 1915 3198 ε
1950 3154 2057 3207 quo
2086 3147 2328 3204 tempore
2355 3136 2555 3189 factum
2593 3133 2685 3197 sit,
2717 3131 2861 3185 haud
2898 3129 2987 3183 ille
3019 3126 3532 3189 tradiderit,avero

268 3237 379 3275 rum
402 3224 770 3292 quorumdam
820 3225 1100 3278 hominum
1148 3226 1384 3280 motibus
1414 3227 1600 3281 statim
1636 3242 1847 3296 repres-

266 3314 358 3375 sis,
414 3313 605 3381 potius
658 3330 821 3382 quant
866 3315 934 3368 de
973 3324 1211 3385 pugnato
1260 3316 1403 3370 bello
1441 3331 1550 3386 quo
1608 3316 1853 3386 ﬁagrarit

257 3400 465 3467 Judzea,
502 3404 858 3475 intelligenda
900 3415 1065 3459 sunt:
1102 3406 1265 3475 hujus
1318 3408 1621 3477 siquidem,
1665 3419 1851 3477 utpote

261 3498 582 3561 incelebris,
617 3499 708 3551 vix
742 3499 881 3553 alios
915 3500 1164 3567 reperias
1197 3500 1289 3569 qui
1326 3501 1698 3556 meminerint.
1732 3503 1847 3557 Non

261 3604 438 3647 tamen
478 3606 545 3644 ex
578 3592 737 3646 citati
780 3590 1000 3661 Dialogi
1035 3593 1216 3647 verbis
1271 3593 1461 3647 inferri
1496 3594 1678 3661 velim,
1717 3606 1848 3651 tunc

258 3684 545 3751 temporis,
570 3699 696 3736 cum
728 3681 927 3751 Ephesi
978 3683 1237 3751 degerent
1258 3682 1504 3737 Justinus
1527 3695 1581 3738 et
1604 3683 1846 3756 Trypho,

256 3775 399 3829 bello
431 3776 641 3829 arsisse
663 3772 930 3836 iudicaui,
957 3785 1013 3828 ut
1046 3774 1173 3829 hinc
1214 3791 1337 3829 cum
1384 3774 1665 3846 Scaligero
1708 3794 1841 3831 cutt-

256 3869 475 3920 cludam
522 3868 793 3935 scriptum
835 3866 1120 3936 Dialogum
1165 3869 1265 3921 sub
1299 3867 1583 3923 Adriano:
1639 3869 1845 3923 editum

254 3962 396 4016 hunc
422 3970 550 4029 post
594 3958 941 4027 Apologiam,
984 3974 1049 4013 ac
1103 3960 1331 4027 proinde
1389 3960 1490 4014 sub
1542 3960 1845 4025 Antonino,

249 4070 359 4121 ,am
391 4052 798 4108 demonstravi.
852 4051 965 4105 Nec
998 4066 1221 4106 necesse
1252 4063 1456 4121 putem,
1493 4067 1592 4122 pro
1623 4053 1847 4123 γενόμε-

252 4163 340 4199 νον
368 4157 417 4201 et
445 4146 775 4215 γενομένου,
806 4145 947 4214 apud
978 4142 1251 4198 Justinunt
1270 4143 1455 4214 legere
1481 4146 1847 4215 γεγενημένον

252 4251 304 4292 et
334 4238 737 4308 γεγενημένου,
761 4236 903 4306 quod
934 4235 1043 4288 vult
1063 4236 1402 4291 clarissimus
1440 4237 1843 4293 Tilletnontius.

252 4330 619 4398 Participium
648 4330 943 4400 γενόμενος
978 4343 1083 4381 non
1111 4329 1400 4397 praesentis
1447 4330 1632 4394 modo,
1658 4331 1751 4386 sed
1789 4341 1846 4385 et

251 4422 518 4490 praeteriti
548 4422 815 4489 temporis
843 4433 988 4488 szepe
1025 4422 1224 4490 sapius
1254 4420 1718 4490 signiﬁcationem
1745 4424 1841 4477 ha-

248 4518 398 4582 bere,
417 4526 476 4570 et
494 4513 822 4584 particulam
843 4512 940 4566 νῦν
958 4528 1055 4583 pro
1072 4530 1237 4583 nuper
1256 4513 1529 4567 interdum
1543 4512 1841 4582 accipi,no-

250 4624 360 4664 tum
386 4617 571 4671 est,et
595 4607 864 4675 exemplis
887 4606 1052 4673 proba
1065 4608 1105 4659 ri
1125 4605 1286 4661 facile
1321 4616 1522 4676 posset.
1548 4605 1720 4674 igitur
1749 4608 1839 4660 τὸν

246 4703 340 4755 νῦν
391 4700 541 4755 κατὰ
592 4700 694 4769 τὴν
737 4698 997 4751 Ἰουδαίαν
1034 4698 1324 4767 γενόμενον
1354 4698 1610 4767 πόλεμον,
1641 4699 1836 4753 bellum

250 4796 554 4863 signiﬁcat,
594 4809 701 4846 non
736 4794 881 4862 quod
922 4802 1050 4845 tunc
1092 4792 1351 4860 temporis
1392 4803 1700 4862 gereretur,
1738 4796 1835 4849 sed

247 4905 424 4958 nuper
480 4888 538 4941 in
598 4883 841 4939 Judzeam
900 4893 1132 4954 gestum,
1187 4886 1413 4953 jamque
1479 4884 1833 4953 confectum;

246 4982 507 5050 quodque
540 4994 669 5033 cum
704 4977 906 5032 Judwis
940 4975 1076 5030 adeo
1099 4976 1262 5031 fatale
1296 4978 1639 5045 exstitisset,
1661 4993 1727 5032 eo
1750 4980 1832 5030 al-

247 5074 357 5128 tius
386 5075 610 5128 illorum
636 5070 836 5124 animis
864 5070 1090 5124 infixum
1136 5069 1379 5125 haerebat
1414 5082 1468 5125 et
1493 5072 1835 5140 frequentius

244 5172 295 5223 in
317 5185 419 5223 ore
454 5164 807 5230 versabatur,
829 5180 939 5235 quo
972 5166 1248 5219 recentior
1273 5174 1391 5219 erat
1417 5166 1591 5234 plaga.

312 5264 371 5317 6.
397 5261 531 5317 Haec
552 5262 598 5316 si
624 5277 770 5315 anno
805 5260 1025 5315 circiter
1053 5260 1157 5315 M5
1184 5261 1389 5315 editam
1427 5262 1664 5330 priorem
1705 5261 1831 5317 Jus—

244 5356 338 5410 tini
391 5354 751 5423 Apologiam,
784 5368 847 5407 ac
890 5352 1052 5421 paulo
1098 5360 1220 5421 post
1271 5352 1553 5423 Dialogum
1589 5354 1830 5408 conscri-

250 5461 399 5518 ptum
426 5449 603 5503 fuisse
621 5450 825 5503 diserte
840 5464 949 5502 non
970 5448 1617 5516 probant,demnnstrant
1635 5448 1829 5501 saltem
1844 5506 1857 5521 ,

249 5545 538 5612 utriusque
558 5552 780 5614 tempus
813 5558 978 5612 quam
1006 5544 1232 5611 propius
1258 5542 1369 5598 ﬁeri
1390 5544 1587 5613 poterit
1618 5544 1684 5596 ad
1705 5542 1830 5596 belli

248 5630 755 5690 Barcbochebteani
834 5643 1078 5703 tempora
1128 5637 1504 5705 revocandum
1557 5650 1717 5698 esse;
1772 5649 1835 5687 ac

319 5824 362 5868 ³9
395 5822 528 5892 Pag.
561 5820 693 5879 217.
778 5822 821 5854 π’
848 5820 982 5893 Pag.
1013 5820 1137 5875 2‘27.

1873 4484 1918 4541 D

1218 5823 1260 5853 ³ο
1295 5820 1446 5878 'l'om.
1482 5818 1527 5875 li
1580 5821 1788 5877 (Senum.
1824 5820 1875 5877 in
1912 5817 2048 5874 llist.
2083 5816 2213 5876 cccl.
2245 5817 2307 5849 ’θ’
2330 5814 2384 5869 ln
2427 5814 2716 5868 Antonino.

1953 3224 2165 3295 procul,
2198 3238 2316 3278 mea
2349 3223 2569 3291 quidem
2603 3219 2897 3283 sententia,
2940 3233 3049 3272 non
3095 3216 3393 3271 recesserit
3436 3216 3530 3284 qui

1953 3318 2126 3389 prima
2159 3316 2433 3371 haereseos
2454 3314 2677 3369 exordia
2720 3327 2847 3368 cum
2874 3311 3063 3366 saeculi
3104 3308 3331 3365 secundi
3355 3307 3530 3362 initiis

1950 3410 2317 3483 colligaverit.
2349 3408 2615 3476 liancqne
2643 3404 3021 3472 conjecturam
3065 3403 3201 3456 mire
3235 3401 3530 3455 conﬁrmat

1951 3502 2353 3558 Theodoretus.
2380 3498 2588 3554 Scribit
2612 3497 2755 3550 enim
2793 3496 2888 3548 lib.
2921 3512 2962 3557 ι,
2998 3510 3050 3548 c.
3094 3494 3153 3557 5,
3187 3492 3527 3560 Epiphanem

1952 3595 2300 3666 Carpocralis
2353 3593 2565 3653 filium,
2622 3589 2799 3660 patris
2856 3588 3077 3641 fabulas
3123 3584 3525 3653 ampliﬁeasse;

1951 3690 2197 3745 Adriano
2221 3681 2599 3756 autem[XV|]
2647 3684 2983 3751 impera-nte,
3044 3688 3335 3745 utrumque
3377 3674 3532 3729 nefao

1953 3781 2064 3834 rias
2090 3794 2220 3834 suas
2271 3779 2511 3832 haereses
2557 3773 2960 3836 conﬁrmasse;
3016 3785 3083 3824 ac
3138 3768 3369 3839 proinde
3397 3777 3527 3819 ante

1951 3888 2155 3927 annum
2214 3872 2343 3935 158,
2411 3883 2519 3936 quo
2573 3865 2794 3920 vivendi
2850 3864 3014 3917 linem
3070 3861 3201 3915 fecit
3228 3860 3527 3913 Adrianus.

1952 3967 2330 4024 Constatvero
2363 3979 2431 4017 ex
2453 3962 2736 4017 Clemente
2762 3958 2921 4013 Alex.
2955 3965 3010 4010 et
3043 3953 3365 4024 Epiphanio,
3400 3951 3531 4020 Epi-

1949 4062 2183 4132 phanem
2210 4060 2277 4113 ad
2312 4057 2781 4112 Secundianorum
2818 4094 2832 4118 ,
2902 4050 3173 4106 Valentini
3230 4048 3543 4131 discipuior.

1951 4171 2095 4219 rum,
2132 4160 2340 4208 sectam
2374 4164 2494 4205 sese
2533 4148 2836 4216 applicasse
2868 4162 2883 4210 ;
2942 4144 3087 4213 quod
3142 4141 3359 4211 quidem
3410 4138 3525 4193 ﬁeri

1948 4245 2135 4300 debuit
2160 4244 2261 4299 sub
2286 4239 2550 4296 extremis
2579 4238 2809 4292 Adriani
2837 4236 3199 4306 temporibus,
3217 4242 3310 4287 aut
3332 4231 3523 4286 saltem

1948 4337 2049 4392 sub
2083 4337 2198 4404 ipsa
2226 4334 2382 4388 initia
2406 4331 2669 4386 Antonini
2705 4330 2812 4395 Pii,
2849 4344 2949 4383 nec
2974 4328 3351 4392 tardius;cum
3379 4340 3526 4378 anno

1948 4428 2122 4484 aetatis
2180 4428 2245 4481 17
2311 4427 2623 4480 exstinctus
2669 4424 2741 4478 sit
2805 4423 3137 4493 Epiphanes.
3213 4419 3331 4474 1am
3393 4433 3529 4485 ergo

1946 4520 2188 4574 Adriano
2220 4520 2529 4587 imperante
2560 4524 2669 4569 tam
2704 4516 2811 4569 late
2858 4528 3050 4583 sparsa
3101 4520 3221 4565 erat
3253 4507 3525 4564 Valentini

1946 4621 2121 4676 secta,
2151 4621 2369 4671 tamque
2396 4607 2632 4672 famosa,
2656 4617 2716 4661 ut
2747 4606 3052 4667 Secundus,
3093 4604 3203 4657 imo
3252 4611 3307 4655 et
3341 4600 3524 4655 Ptole-

1943 4718 2134 4766 maeus,
2202 4716 2267 4755 ae
2320 4699 2674 4760 Colorbasus,
2723 4698 2842 4767 ejus
2888 4694 3181 4765 discipuli,
3235 4703 3460 4760 accepta
3490 4708 3519 4745 a

1943 4795 2208 4864 magistro
2237 4791 2464 4846 materia
2496 4789 2755 4861 proprias
2792 4788 2893 4842 sibi
2918 4796 3100 4842 sectas
3119 4784 3519 4843 condidissent.

1946 4887 2077 4951 Qua:
2110 4883 2318 4953 liquido
2352 4883 2608 4951 probant,
2651 4878 2918 4934 Valentini
2954 4879 3229 4948 dogmata,
3254 4875 3346 4929 diu
3370 4882 3525 4927 ante-

1945 4995 2107 5050 quam
2145 4979 2374 5033 Romam
2428 4978 2902 5048 proﬁcisceretur,
2966 4971 3095 5028 alibi
3162 4982 3433 5026 terrarum
3467 4977 3523 5022 et

1945 5083 2071 5129 nota
2107 5083 2164 5127 et
2218 5073 2379 5127 latius
2428 5071 2790 5127 disseminata
2845 5067 3019 5122 fuisse
3050 5083 3063 5119 :
3099 5078 3217 5133 qua:
3252 5077 3374 5116 cum
3410 5076 3519 5113 nun

1946 5166 2185 5222 simulet
2215 5165 2402 5229 semel,
2436 5164 2530 5219 sed
2567 5164 2830 5234 paulatim
2895 5158 3257 5218 obtinuerint,
3294 5166 3525 5208 necesse

1945 5270 2030 5315 est
2064 5264 2285 5314 ineunte
2325 5258 2549 5313 circiter
2592 5255 2794 5312 saeculo
2845 5253 3085 5308 secundo
3134 5246 3426 5317 cmperint.
3454 5243 3517 5298 Et

1947 5366 2120 5418 (erle,
2156 5370 2277 5408 cum
2312 5353 2552 5414 Irenato,
2590 5348 3020 5420 apostolicorum
3040 5354 3342 5409 temporum
3374 5336 3515 5401 viro,

1945 5448 2225 5518 antiquior
2260 5454 2406 5501 esset
2438 5443 2779 5505 Valentinus,
2819 5440 2887 5493 ad
2937 5434 3306 5507 apostolorum
3341 5443 3515 5482 aevum

1942 5544 2168 5614 propius
2235 5540 2536 5595 accessisse
2563 5552 2789 5592 necesse
2830 5542 2933 5593 est.
2964 5532 3136 5591 Hunc,
3190 5535 3250 5579 ut
3305 5522 3437 5585 dixi,
3485 5537 3517 5575 a

1945 5634 2239 5690 Theodade
2264 5634 2522 5703 quodam,
2557 5630 2707 5685 Pauli
2751 5623 2982 5697 apostoli
3025 5621 3313 5692 discipulo,
3354 5614 3516 5671 iusti-

2797 5814 2836 5844 ²¹
2878 5811 3005 5879 [‘ag.
3037 5806 3125 5858 '70.
