3954 6352
422 300 485 353 5|
1239 288 1839 348 DISSERTATIONES
1879 285 2004 341 PIIA

2115 282 2181 338 [Ε
2224 281 2289 335 ΙΝ
2330 280 2586 335 IIIENJ‘ZI
2629 280 2895 336 LIBROS.
3630 276 3705 333 3‘2

425 428 607 473 tutum
635 417 971 485 jactitabant
1004 417 1125 487 ejus
1166 416 1442 486 discipuli.
1497 413 1647 470 Vana
1668 414 1833 479 forte,
1867 410 2007 480 quod
2040 413 2087 469 Δ

435 508 773 566 I'heodadem
828 509 1003 572 illum,
1030 508 1251 564 obscuri
1276 506 1512 562 nominis
1555 507 1855 568 hominem,
1885 518 2013 572 Spe-

421 611 557 668 ctat,
585 619 911 660 vesanorum
941 603 1225 658 hominum
1254 600 1505 671 gloriatio
1532 617 1548 665 ;
1596 614 1702 655 non
1726 595 1883 667 adeo
1935 609 2016 651 ta-

424 711 575 761 men,
609 705 667 751 ut
700 696 827 750 hinc
854 694 1298 764 antiquissimum
1326 692 1494 747 fuisse
1522 690 1853 760 blasphemas
1904 687 2015 742 ba:-

425 807 613 847 reseos
664 790 967 859 principem
1024 786 1218 842 inl'erri
1277 800 1386 841 non
1426 785 1621 855 possit.
1678 781 1812 849 Quis
1864 782 2011 836 enim

421 888 613 940 credat
649 885 865 952 priores
893 880 1328 947 Valentinianus,
1372 878 1665 935 mendaces
1696 875 1847 940 licet,
1900 882 2011 927 tam

422 978 703 1047 perfrictae
745 975 943 1031 frontis
970 975 1269 1037 exstitisse.
1306 982 1365 1027 ut
1416 973 1738 1042 magistrum
1795 981 1953 1022 suum
1979 981 2008 1020 ει

419 1072 576 1128 Pauli
609 1071 893 1142 discipulis
920 1070 1228 1124 institutum
1256 1066 1469 1134 jactare
1497 1063 1614 1118 ausi
1656 1062 1914 1126 fuissent,
1942 1076 2009 1117 ea

421 1162 723 1235 praesertim
754 1170 917 1216 aetate
946 1175 1053 1229 qua
1096 1155 1442 1212 mendacium
1472 1155 1542 1209 ab
1594 1152 1908 1224 apostolicis
1930 1152 2012 1206 vi-

420 1256 499 1311 ris
523 1271 629 1310 non
658 1255 853 1324 paucis
879 1254 935 1309 in
962 1253 1103 1307 vivis
1142 1248 1536 1320 superstitibus
1589 1246 1753 1309 facile
1782 1246 2006 1316 coargui

419 1347 845 1418 potuisset,'nisi
877 1348 1074 1401 saltem
1132 1344 1505 1413 apostolorum
1532 1339 1818 1410 discipulis
1866 1352 2011 1393 com-

420 1458 520 1496 vus
544 1441 782 1496 fuisset?
808 1438 943 1504 Nec,
974 1450 1032 1494 ut
1070 1441 1123 1495 id
1157 1451 1495 1500 asseramus,
1529 1449 1754 1491 necesse
1782 1442 1867 1490 est
1902 1432 2011 1487 Va-

419 1534 610 1590 lentini
668 1535 839 1589 vitam
889 1534 1096 1588 diutius
1144 1545 1307 1602 quam
1334 1544 1436 1599 par
1471 1528 1546 1584 sit
1593 1527 2004 1599 proirabamus.

417 1625 553 1680 Cum
579 1624 723 1679 enim
753 1623 896 1678 diem
949 1624 1155 1679 ohiisse
1182 1624 1285 1679 sub
1336 1623 1567 1678 Aniccto
1606 1629 1816 1674 certum
1837 1618 1931 1683 sit,
1958 1616 2006 1672 si

417 1735 562 1774 anno
589 1720 815 1774 circiter
844 1720 946 1775 l58
974 1729 1272 1785 mortuum,
1314 1728 1502 1773 natum
1553 1732 1683 1773 vero
1715 1731 1863 1772 anno
1885 1715 2005 1786 plus

419 1811 601 1866 minus
627 1810 697 1865 85
728 1811 997 1875 dicamus,
1030 1811 1455 1879 septuagenario
1511 1811 1771 1880 majorem
1811 1824 1843 1865 e
1866 1810 2005 1864 vivis

419 1904 726 1959 decessisse
756 1918 1105 1969 asseremus;
1136 1906 1281 1973 quod
1310 1906 1469 1960 fidem
1494 1921 1603 1961 non
1637 1913 1882 1974 supcrat.
1917 1904 2009 1959 Vi-

418 1997 598 2052 derint
621 2011 772 2051 nuuc
804 1997 1033 2052 Dallasus
1049 2010 1103 2052 et
1128 1998 1544 2064 Blondellus,an
1576 2005 1806 2062 tantum,
1830 2012 2006 2067 quan—

417 2100 531 2145 tum
582 2092 683 2162 ipsi
716 2101 932 2161 putant,
966 2094 1265 2149 abhorreat
1322 2091 1701 2156 averosimili,
1758 2090 2006 2146 Valenti-

418 2201 572 2250 num,
596 2187 688 2257 qui
723 2189 1002 2245 vicenario
1030 2189 1206 2255 major
1243 2204 1367 2244 esse
1411 2188 1611 2258 potuit,
1641 2203 1767 2243 cum
1802 2196 2007 2258 marty-

416 2279 483 2332 rii
513 2279 747 2350 palmam
778 2283 1005 2351 adeptus
1035 2292 1118 2337 est
1146 2280 1411 2352 lgnatius,
1436 2281 1549 2349 jam
1581 2281 1755 2350 prima
1785 2288 2008 2335 senten-

419 2371 509 2425 tia:
536 2387 649 2427 suae
682 2373 989 2429 rudimenta
1016 2390 1222 2445 ponere
1275 2374 1543 2445 potuisse.
1577 2373 1686 2429 Sed
1717 2373 1784 2429 de
1808 2372 2009 2428 Valen-

419 2463 517 2518 tini
544 2465 839 2534 mtatejam
869 2466 1024 2521 satis.

683 2602 772 2658 III.
809 2602 1167 2674 E/I‘undenda:
1195 2603 1457 2658 hwreseos
1500 2601 1727 2656 occasio.

484 2718 539 2774 8.
564 2717 727 2784 Huic,
761 2728 820 2773 ut
844 2727 899 2774 et
929 2718 1115 2775 multis
1145 2719 1267 2775 aliis
1293 2719 1592 2784 haereticis,
1640 2716 1863 2774 effrenis
1891 2732 2005 2772 am-

412 2808 573 2875 bitio,
624 2809 671 2864 si
725 2809 1067 2867 Tertulliano
1125 2810 1264 2867 lides
1289 2812 1359 2877 “,
1412 2811 1584 2866 ruina:
1630 2811 1850 2866 occasio
1881 2810 2003 2865 fuit.

422 2894 734 2972 speraverat
757 2943 773 2969 ,
808 2904 1004 2971 inquit,
1034 2902 1396 2972 episcopatum
1439 2901 1773 2973 Valentinus,
1803 2904 1927 2974 quia
1955 2913 2005 2957 et

417 2996 626 3066 ingenio
680 3007 891 3066 poterat
946 3007 995 3052 et
1024 2998 1271 3068 eloquio;
1318 3000 1410 3054 sed
1452 3000 1616 3053 alium
1666 3016 1731 3054 ea:
1759 2998 2005 3068 martyrii

412 3092 767 3160 praerogativa
792 3091 896 3146 loci
929 3094 1155 3161 potitum
1189 3093 1523 3161 indignatus,
1549 3094 1613 3146 de
1638 3092 1875 3148 Ecclesia
1908 3110 2007 3146 au-
2031 3126 2073 3183 ϐ

415 3182 658 3237 thentica:
683 3183 879 3252 regula:
903 3183 1137 3252 abrupit,
1165 3184 1235 3237 ad
1264 3185 1674 3254 expugnandam
1723 3200 2002 3239 conversus

418 3276 711 3329 reritatem.
742 3275 857 3331 lloc
909 3276 1098 3331 Romae
1129 3275 1334 3332 factum
1387 3277 1610 3348 conjicit
1634 3293 1874 3347 uuperus
1904 3292 2002 3331 au-

414 3374 536 3421 ctor
558 3366 999 3437 conjecturarum
1026 3367 1215 3435 ferax;
1254 3371 1348 3425 sed
1378 3370 1555 3425 sicubi
1612 3369 1839 3434 factum,
1870 3369 2001 3433 alibi

412 3473 575 3527 quam
600 3458 791 3515 Roma:
813 3461 931 3516 lieri
958 3460 1215 3517 debuisse
1248 3464 1626 3517 demonstrant
1654 3477 1775 3531 quae
1810 3464 2000 3518 hacte-

411 3564 516 3604 nus
572 3549 837 3606 diximus.
890 3551 959 3607 Ut
988 3568 1120 3609 vero
1168 3568 1235 3608 ex
1274 3552 1601 3608 Tertulliani
1635 3553 1819 3609 verbis
1878 3555 2000 3610 elici

413 3648 696 3710 utcunque
726 3656 889 3711 posse
918 3652 1125 3713 putem,
1159 3644 1377 3699 Vafrum
1435 3645 1708 3700 hominem
1736 3660 1860 3700 cum
1906 3662 2003 3716 spe

412 3732 746 3802 adipiscendi
798 3736 1188 3807 episcopatus,
1248 3736 1495 3803 larvam,
1533 3753 1641 3808 qua
1684 3739 2002 3797 Catholicos

411 3822 659 3893 fallebat,
694 3826 1054 3897 deposuisse;
1094 3844 1175 3884 sic
1203 3829 1535 3885 catholicam
1577 3830 1738 3885 fidem
1768 3847 1999 3901 usquam

411 3917 632 3974 sincero
663 3919 850 3975 animo
899 3923 1170 3989 tenuisse,
1221 3923 1351 3978 hinc
1379 3933 1537 3980 certo
1585 3925 1807 3995 probari
1840 3941 2003 3997 posse

411 4026 522 4068 non
551 4026 829 4070 censeam.
865 4012 938 4070 Ut
983 4030 1042 4069 ιιι
1065 4015 1161 4082 sit,
1193 4027 1559 4087 eanperatus
1611 4017 1683 4074 ob
1721 4019 1999 4090 repulsam

411 4104 761 4172 Valentinus,
789 4106 836 4162 si
858 4108 1021 4177 quem
1051 4117 1213 4164 antea
1252 4110 1470 4165 modum
1505 4112 1794 4179 tenuisset,
1821 4113 2001 4169 minus

409 4196 674 4266 deinceps
704 4205 903 4263 tenuit,
958 4212 1347 4269 venenumque
1373 4200 1521 4271 quod
1548 4202 1601 4257 iu
1656 4202 1823 4257 corde
1856 4202 2000 4259 late—

410 4289 525 4354 bat,
579 4289 741 4347 paulo
793 4290 1034 4358 apertius
1057 4290 1284 4360 ell‘udit;
1309 4292 1386 4347 ita
1428 4300 1613 4349 tamen
1645 4300 1707 4348 ut
1736 4293 1866 4349 huic
1887 4294 2004 4360 ple-

408 4396 646 4453 rumque
688 4383 1008 4439 cmentitam
1058 4385 1458 4442 catholicorum
1514 4391 1815 4443 verborum
1873 4402 2001 4459 spe-

2570 400 2660 456 IV.
2704 401 2974 455 Valentini
3014 399 3236 467 scripta.

2189 496 2243 551 9.
2286 493 2397 549 Nec
2424 494 2587 549 dictis
2622 496 2803 559 modo,
2831 494 2927 548 sed
2959 502 3014 547 et
3044 490 3265 561 scriptis
3314 490 3574 562 dogmata
3605 507 3702 547 sua

2119 588 2321 659 sparsit
2347 586 2690 640 Valentinus.
2739 583 2935 640 Plures
2977 584 3046 639 ab
3076 600 3143 638 eo
3174 583 3409 653 scriptas
3440 584 3705 654 epistolas

2117 689 2383 734 memorat
2408 678 2659 733 Clemens
2686 676 3094 732 Alexandrinus
3116 677 3185 733 ’⁵.
3212 690 3448 745 quarum
3473 687 3527 730 et
3552 676 3697 747 frag.

2117 782 2300 828 menta
2338 771 2527 829 refert.
2560 772 2773 839 Quibus
2802 769 3080 840 inscripta:
3112 778 3317 836 essent,
3348 768 3533 825 dicere
3560 785 3706 838 prae.-

2118 864 2377 929 termisit,
2433 878 2539 918 una
2601 872 2877 931 excepta,
2940 876 3104 931 quam
3163 861 3235 916 ad
3289 862 3701 933 Agathopodem

2114 955 2405 1027 quemdam
2436 955 2699 1025 scriptam
2738 952 2958 1008 asserit.
2988 952 3232 1007 Duarum
3264 953 3431 1007 etiam
3456 953 3701 1023 ejusdem

2114 1047 2479 1103 Homiliarum
2538 1045 2845 1116 fragmenta
2902 1042 3097 1110 refert,
3140 1044 3369 1100 alterius
3394 1045 3602 1101 scilicet
3646 1046 3703 1100 in

2113 1155 2219 1209 qua
2254 1154 2418 1209 supra
2452 1138 2674 1193 modum
2735 1136 3030 1192 vesaniens
3066 1137 3538 1192 immortalitatem
3586 1137 3704 1191 suis

2114 1233 2435 1303 pollicetur;
2464 1230 2691 1286 alterius
2720 1231 2793 1284 de
2828 1230 3091 1284 amicitia.
3133 1230 3474 1285 Psalmorum
3510 1229 3704 1285 Valen-

2116 1326 2213 1380 tini
2238 1324 2490 1381 meminit
2518 1321 2889 1378 Tertullianus
2944 1323 3039 1378 lib.
3077 1340 3093 1377 ι
3146 1323 3225 1377 De
3252 1340 3416 1378 carne
3474 1322 3703 1389 Christi,

2113 1432 2235 1488 cap.
2283 1419 2377 1473 9.0.
2413 1417 2619 1471 I'Iorum
2646 1431 2777 1472 vero
2810 1414 3020 1470 nullum
3073 1415 3187 1487 jam
3246 1425 3495 1487 superest
3545 1416 3700 1486 frag-

2112 1522 2382 1568 mentum.
2424 1513 2728 1582 Atpartem
2778 1509 3193 1565 Dissertationis
3220 1509 3291 1565 de
3330 1509 3541 1581 origine
3570 1510 3705 1563 ntali

2113 1606 2181 1661 ab
2244 1606 2610 1662 lueresiarcha
2682 1605 2842 1660 editae
2888 1604 3061 1660 habes
3118 1604 3175 1659 in
3230 1602 3453 1674 Dialogu
3512 1614 3705 1658 contra

2114 1697 2491 1764 Marcionitas,
2518 1699 2612 1768 qui
2660 1697 2880 1768 Origeni
2906 1697 3068 1768 vulgo
3094 1698 3416 1764 ascribitur,
3450 1710 3588 1755 sect.
3619 1716 3697 1755 IV.

2109 1790 2246 1846 Sunt
2273 1792 2364 1861 qui
2399 1800 2594 1861 putant
2654 1791 2924 1859 scriptum
2960 1790 3032 1845 ab
3083 1804 3149 1845 eo
3192 1790 3390 1845 librum
3444 1792 3547 1846 sub
3593 1792 3703 1848 hoc

2111 1883 2293 1949 titulo,
2316 1881 2539 1954 Sophia,
2567 1882 2680 1937 nixi
2709 1882 2796 1936 his
2848 1882 3172 1937 Tertulliani
3210 1883 3393 1939 verbis
3424 1887 3548 1939 adv.
3588 1885 3700 1939 Va-

2110 1976 2264 2042 lent.,
2286 1991 2409 2046 cap.
2442 1977 2515 2029 2:
2543 1975 2707 2031 Docet
2736 1979 2854 2046 ipsa
2884 1976 3112 2045 Sophia,
3146 1992 3249 2031 non
3268 1978 3480 2046 quidem
3508 1979 3705 2033 Valen-

2111 2072 2231 2137 tini,
2258 2072 2348 2125 sed
2397 2069 2723 2126 Salomonis.
2773 2069 2881 2125 Sed
2914 2071 3029 2126 haec
3059 2087 3351 2141 perperam
3396 2073 3707 2142 explicant.

2108 2163 2312 2218 Alludit
2342 2164 2488 2218 enim
2540 2164 2931 2230 Tertullianus,
2978 2177 3087 2217 non
3120 2165 3188 2218 ad
3216 2165 3454 2235 aliquem
3504 2164 3705 2221 Valen-

2112 2254 2209 2310 tini
2241 2255 2467 2322 librum,
2500 2257 2593 2311 sed
2625 2257 2694 2312 ad
2747 2257 3036 2327 Sophiam,
3086 2258 3447 2313 novissimum
3500 2275 3704 2315 eorum

2108 2362 2248 2418 quos
2298 2350 2655 2419 excogitavit,
2702 2347 2967 2415 Eanum,
3007 2360 3064 2403 ut
3091 2349 3290 2422 legenti
3328 2353 3557 2421 patebit.
3587 2351 3707 2407 Nec

2110 2438 2315 2506 verius,
2364 2441 2512 2510 quod
2567 2441 2660 2495 alii
2706 2442 3069 2510 contendunt,
3101 2457 3303 2497 novum
3342 2446 3411 2498 ab
3442 2445 3711 2500 haeretica

2108 2533 2311 2588 editum
2336 2533 2715 2605 Evangelium.
2742 2535 2797 2589 Id
2832 2537 3050 2604 quidem
3083 2536 3283 2605 legitur
3316 2538 3455 2606 apud
3481 2536 3711 2591 Tertul-

2111 2625 2313 2679 liauum
2374 2641 2500 2696 cap.
2534 2625 2603 2681 49
2626 2627 2775 2697 _Iibri
2815 2626 2894 2681 De
2914 2632 3188 2698 prtescript
3221 2643 3240 2681 :
3290 2627 3446 2699 Legis
3478 2639 3525 2683 et
3573 2646 3709 2697 pro-

2108 2723 2384 2791 pltetarunt
2446 2724 2691 2791 quoniam
2756 2720 2944 2790 probat
2979 2764 2996 2789 ,
3054 2721 3303 2791 qutedam
3354 2721 3703 2789 improbat...

2110 2813 2459 2884 Erangelium
2488 2812 2646 2867 habet
2691 2814 2850 2866 etiam
2901 2830 3080 2877 suum,
3134 2824 3327 2883 prwter
3352 2815 3460 2868 lucc
3492 2824 3704 2871 nostra.

2110 2907 2217 2962 Sed
2271 2905 2383 2974 jam
2407 2916 2627 2961 constat
2667 2907 2811 2961 inter
2834 2907 3101 2973 eruditos,
3133 2907 3439 2976 posteriora
3501 2922 3710 2963 novent

2109 2999 2287 3069 Capita
2321 2997 2444 3053 libri
2480 2997 2557 3052 De
2602 2999 3098 3068 praescriptionibus
3135 3000 3376 3054 ascititia
3423 3015 3571 3064 esse,
3602 3016 3708 3054 au-

2108 3089 2389 3160 ctorisque
2438 3088 2787 3146 Tertulliano
2833 3091 3077 3161 junioris
3106 3106 3245 3161 opus
3296 3092 3492 3151 videri.
3516 3092 3706 3154 Certe.

2105 3191 2175 3231 ne
2208 3176 2420 3246 longius
2451 3192 2481 3231 a
2512 3180 2789 3248 proposito
2816 3180 3125 3247 deflectam,
3166 3183 3437 3252 genuinus
3482 3182 3703 3237 Tertul-

2106 3269 2285 3323 lianus
2332 3269 2490 3337 hujus
2534 3270 2659 3324 libri
2717 3288 2840 3342 cap.
2873 3273 2943 3328 58
2995 3274 3417 3329 Valentinuut‘a
3466 3276 3709 3330 crimine

2105 3361 2495 3431 suppositionis
2544 3364 2668 3417 novi
2730 3364 3013 3435 Evangelii
3076 3364 3255 3435 palam
3313 3366 3578 3423 absolvit.
3642 3368 3711 3420 ltl

2105 3456 2251 3509 enim
2278 3456 2613 3513 discriminis
2655 3461 2801 3512 inter
2851 3458 2996 3512 hunc
3026 3468 3082 3513 et
3114 3458 3448 3515 lllarcionem
3476 3462 3702 3524 statuit,

2105 3548 2254 3618 quod
2295 3550 2383 3604 hic
2434 3567 2597 3605 manu
2645 3550 2979 3620 Scripturas,
3010 3550 3099 3605 ille
3152 3568 3311 3606 sensu
3348 3553 3708 3620 expositiones

2102 3641 2283 3709 palam
2307 3643 2657 3698 intervenerit
2685 3659 2704 3697 :
2748 3652 2805 3699 et
2827 3643 3079 3714 quamvis
3118 3642 3435 3699 Valentinus
3487 3645 3706 3715 integro

2105 3732 2457 3789 instrumento
2488 3736 2567 3789 uti
2596 3736 2873 3800 videatur;
2917 3735 3199 3790 callidiore
3230 3746 3412 3792 tamen
3461 3739 3704 3807 ingenio,

2103 3841 2263 3894 quam
2296 3824 2646 3892 Marcionem,
2674 3844 2867 3882 manus
2908 3828 3150 3882 intulisse
3187 3829 3413 3882 veritati.
3451 3827 3709 3883 Marcion

2103 3919 2268 3983 enim,
2300 3918 2472 3985 addit,
2503 3928 2676 3973 exerte
2692 3929 2740 3973 et
2756 3918 2937 3988 palam
2960 3921 3248 3985 machazra,
3283 3936 3386 3973 non
3404 3921 3540 3990 ston
3571 3939 3705 3976 usus

2104 4018 2224 4074 est;
2250 4011 2505 4080 quoniam
2549 4013 2620 4065 ad
2656 4014 2940 4067 materiam
2972 4029 3127 4067 suam
3153 4017 3349 4069 caulem
3390 4015 3708 4084 Scriptura-

2108 4118 2226 4155 rum
2264 4102 2530 4173 confecit:
2568 4102 2883 4159 Valentinus
2916 4116 3098 4160 autem
3128 4108 3403 4176 pepercit;
3443 4112 3708 4179 quoniam

2105 4196 2303 4250 nonad
2364 4197 2640 4251 materiam
2694 4196 3005 4265 Scripturas
3035 4238 3051 4265 ,
3110 4201 3206 4254 sed
3271 4200 3551 4254 materiam
3627 4209 3709 4257 ad

2103 4285 2415 4357 Scripturas
2441 4289 2760 4358 excogitavit
2788 4304 2808 4345 :
2836 4297 2885 4343 et
2922 4299 3098 4344 tamen
3136 4289 3258 4360 plus
3303 4291 3545 4357 abstulit,
3576 4295 3708 4360 plus

2103 4381 2342 4449 adierit,
2388 4381 2637 4451 auferens
2691 4383 3048 4452 proprietates
3110 4384 3443 4455 singulorum
3492 4402 3710 4457 quoque

407 4471 549 4527 ciem
582 4472 901 4541 induceret;
936 4472 1043 4531 nisi
1089 4475 1230 4531 forte
1256 4475 1309 4529 iu
1342 4490 1443 4532 eos
1474 4476 1744 4534 incideret
1773 4478 1867 4547 qui
1912 4477 1994 4532 vel
2028 4483 2073 4541 ι)
2103 4475 2402 4542 verborum,
2432 4484 2483 4530 et
2514 4474 2776 4544 adjiciens
2812 4475 3183 4545 dispositiones
3232 4494 3336 4532 non
3385 4494 3710 4548 comparen-

406 4565 800 4634 stmpliciores,
844 4567 932 4624 vel
968 4568 1198 4624 auribus
1239 4569 1571 4638 prurientes,
1609 4571 1695 4626 vel
1737 4572 2003 4643 captiosis

408 4659 809 4726 quaistiouibus
845 4659 959 4728 jam
980 4660 1219 4728 seducti,
1242 4662 1513 4731 quoslibet
1535 4661 1843 4718 fabularqu
1866 4678 1998 4719 ven-

409 4762 495 4809 tos
519 4762 743 4818 captare
772 4756 947 4824 parati
981 4765 1142 4810 erant
1168 4773 1184 4823 ;
1215 4756 1415 4826 quibus
1464 4757 1694 4812 seorsim
1726 4759 1876 4814 omni
1906 4774 1995 4815 re.-

407 4854 557 4902 ruotu
594 4845 723 4901 fuco
756 4848 1075 4917 mysterium
1108 4848 1416 4918 iniquitatis
1456 4848 1749 4917 pandebat.
1775 4850 1823 4905 Is
1849 4850 1995 4905 enim

406 4947 528 4994 erat
562 4939 870 4996 istiusmodi
911 4941 1218 5006 hominum,
1256 4943 1470 4997 artibus
1525 4943 1739 4998 callidae
1771 4943 1996 4999 simula-

410 5030 575 5084 tionis
598 5030 939 5086 eruditorum
988 5031 1168 5099 dolus,
1195 5042 1251 5088 ut
1277 5048 1476 5088 vanam
1520 5047 1670 5103 spem
1710 5034 1999 5105 perfectio-

408 5124 483 5178 ris
531 5123 797 5189 scientim,
820 5140 984 5194 quam
1013 5126 1413 5194 pollicebantur
1433 5167 1449 5194 ,
1492 5126 1997 5197 catholicorumque

410 5216 702 5272 verborum
728 5217 988 5274 corticem
1022 5218 1375 5290 objicientes,
1424 5220 1674 5277 curiosos
1718 5236 1783 5277 ac
1815 5221 1998 5278 incau-

410 5318 495 5365 tos
547 5310 841 5367 allicerent
871 5351 887 5375 ,
944 5312 1120 5383 iisque
1166 5309 1369 5367 lethalc
1423 5328 1693 5369 venenum
1738 5314 2000 5383 paulatim

408 5403 761 5460 iustillarent.
794 5404 1045 5463 Nefarias
1095 5422 1284 5463 eorum
1325 5418 1475 5463 artes
1509 5409 1709 5478 passim
1737 5408 2000 5463 describit

410 5513 474 5552 ac
508 5499 703 5570 retegit
731 5500 969 5559 lreumus
995 5503 1063 5570 ⁸³,
1088 5512 1143 5558 et
1186 5512 1309 5572 post
1336 5517 1462 5557 eum
1484 5510 1648 5572 atque
1673 5517 1740 5557 ex
1770 5518 1835 5557 eo
1862 5500 2001 5557 Ter-

412 5589 679 5647 tulliauus
711 5593 781 5646 ".

480 5685 814 5758 “‘A'I‘ertull”
846 5690 969 5747 adv.
1004 5692 1146 5757 Val.,
1189 5708 1235 5748 c.
1284 5693 1338 5747 4.
1416 5693 1463 5725 ⁸³
1503 5692 1673 5756 Iren.,
1721 5691 1879 5747 Praef.
1930 5691 2022 5747 lib.

2111 4568 2246 4622 tium
2300 4582 2500 4622 rerum.
2532 4566 2666 4633 Quae
2695 4567 2917 4635 quidem
2971 4576 3030 4623 ut
3084 4567 3320 4638 probant
3348 4567 3706 4626 Valentinum

2108 4659 2292 4731 pravis
2333 4658 3145 4729 expositionibus,Scripturas
3196 4661 3264 4716 ad
3314 4672 3707 4732 argumentum

2108 4769 2267 4810 suum
2299 4752 2519 4810 obtorto
2546 4752 2685 4808 collo
2715 4752 2989 4816 traxisse;
3028 4754 3106 4807 sic
3130 4753 3336 4808 Canoni
3374 4755 3506 4809 nihil
3545 4757 3711 4812 addi-

2107 4847 2272 4913 disse,
2298 4856 2391 4901 aut
2430 4846 2742 4901 detraxisse
2792 4846 2979 4915 palam
3015 4847 3336 4903 ostendunt.
3389 4848 3710 4921 Discipulos

2105 4938 2322 5007 quidem
2352 4936 2622 4991 Valentini
2661 4935 2971 4989 exsistentes
3015 4948 3166 4990 extra
3196 4952 3401 4990 omnem
3432 4938 3709 5005 timorem,

2105 5047 2231 5085 suas
2285 5029 2701 5097 conscriptiones
2744 5027 3091 5098 proferentes,
3141 5028 3303 5097 plura
3354 5026 3544 5083 habere
3589 5030 3719 5097 glo-

2106 5126 2257 5188 riari,
2276 5139 2436 5195 quam
2459 5122 2561 5176 sint
2577 5122 2690 5189 ipsa
2710 5118 3016 5190 Evangelia,
3040 5133 3230 5175 narrat
3255 5119 3448 5193 {XVII}
3465 5121 3706 5182 Ircuzeus

2103 5219 2200 5276 lib.
2257 5235 2343 5284 tu,
2393 5234 2511 5289 cap.
2547 5220 2634 5286 Il,
2683 5236 2740 5277 n.
2787 5219 2841 5275 8.
2900 5216 2970 5270 In
3013 5229 3219 5271 tantum
3265 5219 3525 5289 siquidem
3574 5234 3707 5285 pro-

2106 5320 2372 5367 cesserant
2408 5312 2672 5377 audaciw,
2704 5320 2762 5365 ut
2794 5325 2991 5365 novum
3026 5309 3401 5380 Evangelium,
3437 5311 3582 5379 quod
3618 5328 3679 5365 re

2111 5405 2287 5459 ritatis
2320 5404 2729 5473 nuncupabant,
2772 5402 3192 5459 conﬂuxissent.
3252 5402 3323 5456 At
3362 5402 3467 5473 ipsi
3497 5401 3705 5457 Valeria

2075 5482 2225 5555 'tiuo
2278 5497 2415 5553 nihil
2459 5498 2641 5554 simile
2684 5514 2918 5569 usquam
2966 5499 3216 5554 ascribit.
3257 5498 3372 5556 luto
3431 5508 3546 5554 tum
3584 5499 3708 5553 loco

2116 5608 2239 5648 mox
2270 5592 2395 5658 cit.,
2418 5602 2528 5648 tum
2553 5592 2645 5649 lib.
2676 5609 2855 5663 t,cap.
2874 5596 2906 5650 8
2930 5604 2984 5648 et
3006 5592 3062 5659 9,
3083 5601 3138 5647 et
3160 5592 3287 5648 alibi
3308 5593 3535 5664 passim,
3563 5596 3702 5649 satis

2074 5707 2090 5744 ι
2131 5700 2186 5743 et
2225 5688 2319 5741 Iih.
2370 5704 2452 5754 Ill,
2485 5705 2532 5743 c.
2574 5689 2640 5743 I9
2668 5704 2724 5743 et
2754 5691 2837 5743 l7.
2914 5687 2959 5719 “
2993 5686 3249 5751 Tertull.,
3287 5688 3336 5740 iu
3379 5686 3519 5751 Val.,
3556 5704 3605 5739 ι’.
3650 5688 3697 5739 l.

409 5757 454 5845 ’κ’
492 5756 664 5845 (λιιθέῐλ
708 5756 940 5845 “exul.
969 5756 1357 5839 IIStront.,ed.
1386 5772 1579 5840 l‘aris.,
1607 5791 1655 5845 [ι.
1679 5769 1804 5833 575,
1840 5769 1961 5834 ιυυ,
1999 5768 2004 5823 1

2111 5776 2148 5830 I,
2187 5778 2237 5832 ιι.
2275 5758 2412 5830 ιὸυς
2448 5761 2537 5818 lib.
2576 5777 2627 5819 ιν
2673 5759 2902 5829 Strom.,
2967 5775 3017 5829 p.
3052 5760 3187 5828 509;
3244 5759 3338 5814 lib.
3378 5774 3425 5812 vt
3460 5758 3705 5827 Strmu.,

414 5844 462 5897 ιι.
503 5826 601 5886 641
