3954 6352
238 299 307 353 55
1163 306 1627 367 DISSERTATIO
1667 313 1708 378 l,
1752 311 1913 368 ΛΒΤ.
1957 314 1998 380 1,
2040 314 2127 369 DE
2166 317 2585 377 VALENTINO.
3288 370 3293 375 .
3449 331 3518 386 54

237 416 501 486 signiﬁcat
538 417 963 476 Valentinianus
1017 421 1120 477 sibi
1165 438 1380 480 ceteros
1433 428 1512 483 sic
1549 444 1813 485 canouem
1847 433 1888 489 Δ
1920 441 2059 496 lem,
2107 448 2287 488 mares
2330 445 2387 490 et
2431 434 2605 491 libros
2646 435 2903 503 attinent,
2943 448 3208 508 quantum
3255 458 3322 498 ex
3367 458 3517 501 vete-

235 510 638 580 Scripturarum
665 528 805 567 novo
833 512 1129 585 Evangelia
1146 517 1388 582 auxisse,
1414 530 1474 574 ut
1498 521 1629 576 nihil
1656 524 1819 593 quid-

230 619 415 673 quam,
477 604 688 661 nullum
741 606 941 662 librum
990 608 1282 680 integrum,
1334 613 1540 667 nullam
1574 614 1817 683 ejusdem

231 707 435 766 partem
481 698 670 769 (quod
708 699 973 757 Marciani
1019 719 1126 759 non
1166 707 1335 760 semel
1369 710 1719 781 exprobrat),
1750 713 1820 766 ah

226 807 287 846 co
316 791 692 861 ahjecissent,
728 795 825 849 sed
856 794 935 849 vel
960 798 1243 865 parabolas
1274 799 1604 868 Dominicas,
1629 803 1707 857 vel
1732 806 1818 858 di-

225 890 416 941 ctiones
457 890 823 959 propheticus,
872 903 965 945 aut
1019 911 1283 950 sermones
1341 898 1693 965 apostolicos,
1747 901 1813 955 ad

226 982 575 1051 hypothcsim
610 1000 767 1040 suam
799 996 990 1054 aptare
1018 998 1265 1053 conatos,
1305 991 1634 1045 calumniam
1668 993 1813 1047 intu-

227 1075 349 1131 lisse
384 1078 725 1147 Scripturis.
754 1078 916 1134 Falsa
945 1081 1112 1151 igitur
1134 1097 1255 1152 qua:
1292 1085 1485 1139 scribit
1520 1096 1712 1142 auctor
1737 1089 1812 1142 ci-

226 1177 364 1223 tatus
389 1169 781 1239 additamenti,
815 1172 959 1241 quod
989 1173 1056 1227 ad
1081 1174 1285 1231 calcem
1313 1176 1438 1231 libri
1456 1177 1530 1232 De
1562 1182 1815 1242 prtescri-

222 1262 478 1327 ptianibus
536 1263 786 1329 legitur:
835 1264 989 1336 Legis
1022 1276 1069 1321 et
1120 1265 1509 1339 Prophetarum
1562 1274 1811 1341 quwdam

221 1360 425 1423 probat,
450 1358 702 1423 quedam
728 1359 1059 1429 improbat...
1083 1360 1430 1434 Evangelium
1460 1365 1617 1419 habet
1651 1368 1809 1422 etiam

224 1462 398 1512 suam,
430 1458 620 1515 prater
649 1449 765 1503 ha’c
788 1461 968 1503 nostra
994 1468 1015 1517 ;
1043 1452 1085 1506 si
1117 1452 1232 1508 haec
1255 1454 1323 1508 ad
1346 1452 1694 1509 Valentinum
1725 1472 1809 1512 re-

224 1537 455 1593 ferantur
481 1578 497 1603 ,
531 1552 665 1595 vera
707 1540 874 1608 forte,
900 1543 945 1598 si
972 1544 1039 1600 de
1068 1544 1337 1600 Valentini
1366 1545 1670 1619 discipulis,
1696 1564 1805 1605 non

222 1631 484 1700 prioribus
513 1634 759 1703 quidem,
782 1635 1105 1704 quibuscum
1133 1638 1249 1706 egit
1270 1638 1529 1708 lrenteus,
1570 1643 1666 1698 sed
1700 1657 1805 1713 pa-

218 1726 561 1781 stcrioribus.
623 1727 690 1781 Et
732 1727 924 1784 eadem
983 1730 1144 1787 modo
1207 1731 1531 1802 explicanda
1590 1745 1796 1805 putem,

220 1834 329 1888 quae
353 1821 498 1888 apud
553 1819 1009 1892 Chrysostomum
1061 1824 1318 1893 leguntur
1367 1826 1463 1881 lib.
1512 1844 1566 1882 tv
1610 1827 1687 1883 De
1714 1846 1802 1883 sa-

218 1913 373 1975 cerd.,
404 1929 532 1983 cap.
560 1915 595 1967 4
623 1932 639 1968 :
666 1915 771 1968 Τὸν
800 1916 907 1970 ὑπὸ
942 1916 1036 1970 τοῦ
1065 1917 1197 1971 Θεοῦ
1237 1918 1463 1973 δοθέντα
1484 1919 1562 1992 τῷ
1590 1922 1798 1994 Μωῦσῇ

218 2003 365 2073 νόμον
394 2008 444 2056 οἱ
476 2006 576 2075 τὴν
607 2007 967 2061 Οὐαλεντίνου
1000 2010 1091 2063 καὶ
1120 2011 1446 2082 Μαρκίωνος
1481 2012 1798 2085 διαδεξάμε-

214 2112 283 2146 νοι
312 2096 764 2167 φρενοϐλάϐειαν,
796 2100 893 2152 καὶ
941 2102 1055 2154 ὅσοι
1091 2100 1159 2155 τὰ
1184 2103 1322 2157 αὐτὰ
1378 2106 1625 2159 νοσοῦσιν
1655 2108 1800 2161 ὲκεί-

212 2206 331 2253 νοις,
364 2191 459 2243 τοῦ
492 2191 801 2262 καταλόγου
830 2194 940 2247 τῶν
970 2194 1128 2249 Θεξων
1160 2196 1482 2252 ἐκϐάλλουσι
1517 2201 1749 2273 Γραφῶν
1778 2220 1793 2257 τ

214 2280 386 2352 Legem
414 2302 579 2353 quam
622 2285 799 2356 Moysi
833 2290 975 2342 dedit
1010 2288 1173 2353 Deus,
1198 2308 1285 2360 qui
1316 2294 1369 2346 in
1422 2291 1696 2350 Valentini
1732 2314 1797 2351 ac

216 2378 494 2432 Marcionis
528 2380 780 2434 insanum
808 2382 1003 2449 dogma
1057 2397 1437 2452 successerunt,
1481 2398 1529 2441 et
1569 2391 1794 2457 quicun-

216 2490 307 2541 que
333 2475 520 2527 cadent
574 2492 695 2528 cum
726 2476 854 2545 ipsis
897 2478 1109 2533 insania
1145 2479 1411 2547 laborant,
1435 2500 1461 2537 e
1494 2486 1793 2539 divinarum

223 2566 600 2635 Scripturarum
631 2568 875 2638 catalogo
902 2569 1094 2624 delent.
1122 2571 1270 2638 Haac,
1300 2590 1369 2628 ex
1408 2576 1789 2647 Chrysostomi

214 2669 396 2723 urente,
431 2659 501 2713 ad
526 2661 871 2730 posteriores
902 2661 1319 2721 Valentinianos
1365 2680 1625 2736 spectare
1657 2686 1786 2740 per-

207 2749 378 2815 spicue
400 2749 789 2803 demonstrant
822 2766 1000 2816 voces,
1042 2754 1239 2822 quibus
1297 2758 1489 2823 utitur,
1513 2760 1613 2832 τὴν
1648 2763 1793 2815 Οὐα-

208 2839 425 2894 λεντίνου
460 2841 845 2913 διαδεξάμενοι
902 2845 1349 2916 φρενοϐλάϐειαν,
1372 2853 1461 2920 qui
1508 2853 1562 2906 in
1602 2852 1791 2909 Valen-

208 2934 292 2986 tini
320 2935 573 2988 insanum
598 2937 801 3005 dogma
831 2948 1213 2995 successerunt.

269 3027 345 3081 lO.
373 3027 574 3083 Exstat
628 3031 769 3098 apud
802 3029 1188 3099 Epipltanium,
1230 3032 1257 3105 ς
1304 3034 1359 3099 5,
1394 3035 1786 3108 Fragmentum

1929 526 2082 581 tibus
2112 526 2466 584 monimentis
2491 544 2692 587 eruere
2718 532 2894 597 licuit,
2924 535 3226 603 expositis;
3274 541 3345 591 ad
3369 538 3513 594 alte-

1926 632 2046 672 rum
2088 620 2502 676 Dissertationis
2534 633 2737 680 nostra:
2774 636 2959 695 caput,
2994 628 3159 699 idque
3206 629 3367 699 longe
3394 647 3513 688 mo-

1923 710 2140 779 lestius,
2192 713 2436 769 hominis
2476 714 2739 771 nimirum
2789 720 3141 793 hypothesim
3202 732 3371 793 atque
3414 726 3517 782 (ιο-

1921 816 2129 874 gmata,
2180 822 2366 862 sermo
2403 808 2515 877 jam
2556 815 2984 870 convertendus.
3035 814 3091 870 Si
3143 818 3363 886 quidem
3392 821 3511 876 hate

1920 897 2183 954 historico
2210 916 2361 956 more
2384 904 2704 974 simpliciter
2724 906 3044 964 describere
3068 912 3202 965 satis
3220 920 3387 977 esset,
3420 928 3511 968 res

1923 1005 2030 1043 non
2095 990 2233 1045 adeo
2284 1007 2550 1062 operosa;
2602 998 2918 1052 summatim
2964 1001 3108 1055 enim
3158 1001 3343 1057 relatis
3384 1020 3508 1075 qua:

1918 1077 2110 1136 fusiori
2158 1084 2298 1155 stylo
2349 1098 2758 1157 prosequuntur
2804 1091 3061 1157 lrentcus,
3114 1092 3506 1161 Tertullianus,

1917 1172 2301 1232 Theodoretus
2331 1186 2384 1233 et
2412 1181 2550 1247 ,alii,
2601 1182 2716 1252 jam
2749 1182 2928 1240 officio
2981 1184 3153 1241 functi
3191 1187 3507 1244 discedere-

1915 1283 2056 1324 mus.
2084 1271 2156 1325 At
2187 1270 2603 1339 periculosioris
2632 1274 2765 1329 aleae
2807 1277 3026 1345 plenum
3071 1294 3211 1349 opus
3255 1291 3500 1336 tractan-

1913 1361 2087 1427 dum;
2138 1360 2654 1421 Valentinianorum
2693 1370 3075 1439 ματαιολογίαι
3116 1373 3185 1426 ad
3229 1374 3499 1445 originem

1912 1452 2056 1507 unde
2103 1468 2534 1525 pramanarunt,
2567 1463 2913 1530 revocandae,
2949 1473 3002 1518 et
3039 1466 3303 1535 quidquid
3354 1467 3500 1523 male

1910 1541 2173 1599 feriatum
2221 1555 2388 1617 caput
2432 1551 2713 1616 parturire
2766 1554 2946 1622 potuit
2991 1556 3334 1624 deliriarum,
3377 1569 3499 1615 arte

1911 1637 2150 1706 quadam
2178 1649 2233 1694 et
2259 1643 2521 1699 methodo
2566 1644 2999 1715 discutiendum,
3033 1651 3236 1719 faxque
3270 1651 3495 1708 lectori-

1910 1728 2013 1781 bus
2047 1731 2401 1800 antiquitatis
2430 1733 2818 1793 ecclesiastiete
2843 1740 3103 1797 studiosis
3128 1742 3493 1811 praeferenda.

1908 1830 1965 1875 ut
2016 1819 2235 1879 facilior
2284 1825 2354 1881 iis
2387 1828 2586 1882 evadat
2640 1832 2882 1888 auctoris
2927 1834 3099 1890 nostri
3137 1835 3325 1895 lectio.
3357 1836 3495 1898 .Nec

1906 1920 2088 1968 tamen
2120 1918 2375 1987 estquod
2405 1920 2701 1991 quisquam
2742 1924 2794 1979 in
2830 1924 3081 1983 obscuris
3112 1937 3167 1982 et
3212 1929 3493 1987 intricatis

1903 2007 2042 2061 adeo
2067 2008 2234 2063 rebus
2263 2026 2292 2064 a
2332 2012 2496 2068 nobis
2528 2023 2711 2069 certas
2738 2016 2828 2073 hic
2850 2020 3037 2091 exigat
3069 2023 3494 2078 demonstratio-

1902 2116 2042 2165 nes;
2081 2102 2219 2159 satis
2245 2104 2351 2158 erit
2380 2107 2425 2160 si
2447 2106 2631 2163 dubiis
2669 2119 2724 2163 et
2752 2110 2854 2179 ipsi
2887 2114 3139 2169 manibus
3167 2116 3311 2170 viam
3344 2132 3490 2187 pra:-

1904 2200 2208 2261 tentantes,
2242 2195 2591 2265 conjecturas
2633 2200 2951 2268 aﬂ‘eramus,
2976 2221 3206 2275 quarum
3243 2209 3488 2264 omnium

1899 2285 2156 2341 collectio
2184 2304 2308 2343 eum
2342 2289 2487 2346 forte
2522 2293 2930 2360 probabilitatis
2954 2301 3182 2365 gradum
3216 2302 3487 2373 attigerit,

1899 2381 1989 2448 qui
2018 2395 2045 2431 a
2080 2395 2214 2434 vero
2236 2393 2290 2436 et
2321 2393 2476 2437 certo
2508 2400 2615 2439 non
2648 2387 2784 2441 adeo
2817 2390 3007 2457 procul
3041 2390 3306 2449 discedet.

1969 2472 2057 2525 12.
2086 2471 2280 2528 Totam
2311 2474 2583 2531 Valentini
2627 2493 2693 2533 ac
2726 2480 3124 2551 discipulorum
3156 2486 3275 2555 ejus
3322 2490 3489 2561 hypo-

1901 2563 2099 2618 thesim
2152 2566 2324 2622 tribus
2366 2569 2468 2623 niti
2504 2570 2808 2639 capitibus,
2855 2585 3043 2630 notum
3080 2586 3186 2634 est.
3234 2579 3484 2639 Primum

1897 2655 2259 2727 l’leramatis,
2290 2676 2389 2715 seu
2426 2660 2799 2721 Plenitudinis
2838 2682 3023 2722 rerum
3057 2673 3363 2731 divinarum
3396 2693 3488 2733 ex-

1894 2749 2250 2819 plicationem
2281 2756 2686 2825 complectitur.
2715 2761 2964 2816 Alterum
3010 2764 3157 2819 circa
3206 2784 3269 2823 ea
3300 2786 3485 2826 versa-

1896 2850 1983 2893 tur
2006 2856 2125 2910 qua)
2152 2853 2305 2896 extra
2354 2843 2612 2899 Pleroma
2653 2851 3027 2919 contigerunt.
3056 2854 3303 2914 Tertium
3328 2862 3483 2917 deni-

1893 2945 2001 2999 que
2041 2934 2224 2988 mundi
2264 2934 2425 3004 hujus
2475 2942 2839 3008 aspectabilis
2868 2946 3143 3016 originem
3175 2961 3229 3005 ct
3267 2956 3481 3008 consti-

1893 3024 2159 3079 tutionem
2184 3030 2430 3097 exponit.
2466 3029 2522 3086 In
2557 3034 2732 3101 prima
2766 3046 2925 3106 parte
2952 3055 3038 3096 res
3071 3044 3386 3112 superiores
3415 3062 3478 3102 ac

204 3121 483 3187 quoddam,
511 3123 658 3189 quod
690 3137 758 3176 ex
783 3123 969 3194 aliqua
997 3124 1269 3182 Valentini
1294 3128 1436 3184 libro
1466 3131 1779 3203 decerptum

1890 3115 2082 3173 divinae
2130 3130 2570 3193 pertractantur;
2618 3128 2672 3182 in
2720 3139 2997 3199 postrema
3046 3151 3137 3191 res
3182 3137 3383 3194 intimae
3414 3150 3474 3195 et

204 3216 473 3269 existimat
502 3213 848 3271 Blondellus.
882 3218 989 3273 Sed
1022 3229 1213 3290 aperte
1240 3234 1507 3294 repugnat
1536 3225 1782 3297 Epipha-

204 3308 309 3361 nius
336 3317 453 3362 tum
488 3308 681 3374 initio,
714 3318 828 3364 tum
876 3310 1008 3380 line,
1040 3314 1425 3384 depromptum
1467 3333 1721 3377 asserens
1752 3337 1783 3376 e

206 3397 742 3467 Valentinianorum,
788 3403 842 3457 id
894 3413 1043 3460 este
1089 3411 1458 3475 quorumdam
1505 3410 1780 3471 Valentini

198 3492 583 3560 discipulorum
632 3494 807 3560 libris,
840 3496 940 3568 τῆς
978 3499 1160 3552 αὐτῶν
1190 3500 1404 3573 βίϐλου,
1431 3504 1503 3558 τὰ
1534 3505 1643 3559 ἀπὸ
1670 3506 1781 3562 τῶν

194 3584 584 3639 Οὐαλεντίνων.
618 3585 910 3657 Repugnat
941 3598 997 3643 et
1030 3601 1140 3645 tota
1177 3594 1450 3649 orationis
1481 3598 1675 3664 series,
1708 3616 1776 3655 ex

191 3692 286 3744 qua
329 3678 658 3749 Fragmenti
712 3680 868 3735 istius
915 3685 1159 3740 auctoris
1205 3690 1554 3756 sententiam,
1585 3693 1656 3748 ab
1711 3710 1775 3749 ea

190 3785 341 3837 quam
414 3773 592 3842 paulo
645 3782 776 3828 ante
823 3774 1112 3832 Valentino
1167 3780 1376 3848 tribuit,
1413 3793 1469 3839 et
1514 3786 1776 3856 explicuit

190 3862 549 3933 Epiphanius.
587 3866 865 3922 diversam
904 3883 1026 3925 esse
1058 3870 1247 3940 liquet.
1284 3872 1523 3932 Ulenim
1555 3878 1659 3933 alia
1696 3889 1777 3935 ta-

186 3972 349 4021 ceam.
404 3968 629 4013 certum
672 3969 776 4024 est,
830 3964 1129 4019 secundum
1165 3964 1436 4023 Valentini
1484 3982 1539 4026 et
1586 3971 1767 4029 Ptole-

185 4051 471 4108 maitarum
506 4052 883 4124 hypothesim,
916 4070 945 4109 a
965 4055 1113 4127 Lago
1143 4069 1198 4114 et
1223 4060 1334 4117 Zoe
1362 4064 1619 4120 emissum
1651 4082 1771 4123 esse

184 4142 464 4200 llotninem
501 4157 559 4201 et
595 4145 902 4202 Ecclesiam
932 4165 947 4214 ;
980 4159 1037 4204 at
1078 4151 1132 4205 in
1158 4150 1519 4225 Fragmenta,
1550 4158 1770 4215 inverso

180 4238 384 4304 ordine,
413 4236 640 4293 Homini
672 4248 727 4293 et
758 4238 1017 4297 Ecclesiae
1046 4241 1222 4315 Lagos
1243 4255 1296 4301 et
1316 4246 1424 4303 Zoe
1458 4249 1767 4319 subjiciun-

182 4342 297 4393 tur;
363 4330 522 4401 quod
579 4333 948 4400 quorumdam
1020 4333 1295 4394 Valentini
1373 4341 1764 4413 discipulorum

180 4424 365 4494 dogma
411 4424 545 4479 fuit.
583 4423 649 4478 Hi
677 4425 852 4492 enim,
891 4436 947 4482 ut
994 4428 1049 4483 in
1083 4431 1226 4485 notis
1268 4432 1336 4487 ad
1379 4449 1505 4503 cap.
1541 4437 1601 4491 11
1638 4438 1760 4495 libri

181 4529 191 4565 ι
228 4515 420 4571 lreumi
456 4517 900 4585 observavimus,
924 4535 954 4574 a
981 4519 1262 4579 Gnosticis
1301 4525 1426 4583 aliis
1452 4530 1668 4598 moniti,
1706 4534 1763 4588 in

180 4609 319 4663 baca
357 4610 637 4679 magistro
672 4610 1027 4679 deiecerunt;
1063 4613 1358 4672 absurdum
1396 4621 1500 4675 rati
1524 4637 1554 4675 a
1585 4624 1766 4683 Verbo

172 4692 451 4754 "nminem
492 4700 701 4766 emitti,
738 4702 1050 4771 rationique
1107 4705 1281 4775 magis
1330 4722 1763 4773 consentaneum

177 4806 294 4845 esse
326 4804 383 4847 ut
406 4792 484 4847 ab
504 4791 739 4847 Homine
776 4794 1005 4864 prodeat
1035 4795 1298 4853 Verbum.
1337 4798 1404 4855 Et
1437 4801 1567 4858 hinc
1596 4806 1762 4862 etiam

178 4884 506 4939 Dndwellum
548 4885 599 4917 "
641 4884 964 4956 redarguas,
997 4888 1091 4958 qui
1122 4887 1220 4943 hoc
1266 4888 1651 4963 Fragmentum
1686 4900 1758 4954 ad

178 4973 485 5029 I'talemaici
565 4972 1027 5034 Valentinianismi
1073 4983 1430 5038 characterem
1535 4990 1754 5060 propius

171 5085 319 5134 quam
347 5071 419 5123 ad
444 5071 590 5124 alias
629 5068 1025 5128 Valentiniana:
1066 5086 1221 5131 sectte
1262 5079 1577 5150 disciplinas
1607 5101 1758 5139 acce-

174 5166 278 5216 dere
312 5173 492 5231 putat.
532 5162 654 5216 Non
689 5166 837 5219 enim
870 5164 1188 5223 Ptolemaici
1221 5170 1292 5224 ab
1317 5171 1549 5229 Homine
1571 5185 1625 5231 et
1646 5177 1750 5232 Ec-

172 5256 323 5309 clesia
357 5256 543 5327 Logan
578 5267 634 5311 et
670 5255 843 5321 Zaeu,
874 5260 969 5313 sed
1014 5261 1192 5328 potius
1230 5262 1515 5320 Hominem
1563 5276 1619 5323 et
1650 5269 1751 5327 Ec-

172 5347 381 5401 clesiam
415 5366 447 5402 a
481 5347 629 5420 Lago
658 5360 713 5406 et
744 5350 855 5405 Zoe
891 5355 1116 5422 produci
1146 5359 1486 5415 asserebant.

176 5457 224 5515 ν.
284 5461 673 5531 Valentiniet
742 5464 1130 5542 discipulorum
1198 5468 1313 5538 ejus
1377 5471 1631 5542 dogmata
1698 5483 1746 5527 et

794 5535 1115 5606 hypothesis.

228 5627 312 5681 lt.
360 5627 459 5683 His
490 5643 625 5684 vero
654 5644 779 5699 quae
826 5630 898 5685 ad
942 5629 1216 5690 Valentini
1267 5649 1578 5705 personam,
1612 5648 1744 5694 aeta-
1788 5644 1792 5649 '

1889 3214 2244 3282 corporales;
2280 3216 2331 3269 in
2358 3221 2598 3275 secunda
2645 3237 2732 3277 res
2784 3223 2932 3279 inter
2971 3236 3231 3299 utrasque
3256 3232 3470 3289 mediae.

1886 3300 2071 3359 Prima
2101 3308 2319 3377 triginta
2348 3309 2611 3379 lEanum,
2643 3329 2877 3385 quorum
2906 3321 3219 3388 quindecim
3247 3326 3476 3381 masculi

1885 3411 1939 3456 et
1967 3402 2188 3457 tatidem
2213 3404 2444 3471 femina),
2474 3408 2671 3464 seriem
2707 3411 2955 3480 exhibet,
2986 3415 3040 3468 in
3079 3416 3265 3472 varias
3295 3418 3468 3473 veluti

1883 3500 2084 3569 stirpes
2117 3500 2375 3567 divisam,
2420 3518 2651 3573 quarum
2703 3508 2952 3562 omnium
2996 3522 3162 3579 caput
3206 3513 3278 3566 sit
3328 3528 3471 3569 unus

1885 3597 2051 3660 Deus,
2084 3597 2404 3665 invisibilis,
2428 3601 2825 3672 sempiternus,
2872 3604 3143 3675 ingenitus
3170 3617 3226 3663 et
3264 3609 3475 3663 incom-

1881 3689 2300 3757 prehensibilis,
2329 3707 2491 3761 quem
2538 3693 2877 3762 Proarchen,
2923 3698 3250 3768 Propatora,
3276 3712 3326 3757 et
3365 3704 3470 3774 By-

1882 3781 2036 3844 thon,
2063 3796 2155 3836 seu
2186 3782 2421 3851 primum
2467 3785 2819 3856 principium,
2856 3790 3097 3859 primum
3138 3792 3385 3861 Patrem,
3414 3806 3470 3849 et

1878 3873 2321 3931 Profunditatem
2350 3888 2622 3933 vocabant
2651 3897 2664 3943 ;
2718 3883 2804 3936 cui
2838 3883 3088 3953 conjugis
3124 3885 3246 3942 loco
3289 3890 3471 3943 socia-

1874 3968 2007 4023 bant
2039 3968 2331 4037 Ennteam,
2378 3986 2473 4026 seu
2514 3972 2942 4044 Cogitationem,
2982 3995 3144 4049 quam
3181 3982 3345 4036 etiam
3378 3981 3467 4038 Si-

1872 4076 1977 4127 gen
2008 4071 2065 4116 et
2092 4061 2319 4127 Charin,
2348 4062 2643 4119 Silentium
2683 4076 2737 4121 et
2768 4066 3017 4123 Gratiam
3044 4075 3462 4143 nuncupabant.

1874 4152 2000 4209 llaac
2039 4165 2294 4226 suscepto
2323 4172 2351 4210 a
2392 4156 2572 4226 Bytho
2597 4159 2808 4215 semine
2849 4163 3071 4230 gravida
3104 4167 3292 4234 genuit
3315 4165 3460 4233 Non,

1872 4246 1926 4300 id
1963 4255 2049 4302 est
2082 4247 2342 4314 Mentem,
2406 4248 2785 4320 Unigenitum,
2816 4264 2874 4307 et
2908 4252 3127 4308 Patrem
3165 4265 3220 4311 et
3247 4256 3464 4312 Princi-

1868 4338 2017 4408 pittm
2056 4340 2327 4403 omnium,
2363 4351 2417 4395 et
2462 4357 2567 4396 una
2606 4358 2731 4398 cum
2762 4359 2829 4399 eo
2874 4345 3171 4414 Alethiam,
3226 4350 3330 4403 hac
3375 4360 3463 4406 est

1876 4431 2194 4487 Veritatem.
2252 4431 2378 4487 Haec
2420 4435 2723 4505 primigena
2754 4439 3120 4506 quaternitas,
3155 4441 3307 4494 radix
3338 4458 3459 4495 om-

1870 4524 2043 4578 nium.
2069 4524 2149 4577 Ex
2171 4523 2275 4578 hac
2313 4527 2493 4594 erupit
2518 4526 2691 4581 altera
2723 4538 2918 4593 tetras,
2946 4530 3077 4599 Logi
3120 4540 3172 4586 et
3206 4532 3365 4592 Zoes.
3402 4535 3454 4588 id

1864 4627 1951 4670 est
1983 4615 2149 4671 Verbi
2174 4627 2230 4671 et
2259 4614 2415 4682 Vitae,
2436 4626 2489 4672 et
2516 4617 2792 4690 Anthropi
2822 4637 2917 4676 seu
2958 4621 3222 4687 Hominis,
3256 4640 3321 4680 ac
3354 4625 3460 4684 Ec-

1862 4706 2085 4773 clesiae;
2137 4721 2205 4762 ex
2251 4706 2551 4780 Unigenito
2592 4713 2816 4780 quidem
2860 4712 3093 4769 Verbum
3123 4725 3178 4770 et
3210 4716 3357 4779 Vita.
3384 4736 3453 4775 ex

1862 4797 1949 4852 his
1973 4812 2106 4854 vero
2130 4797 2302 4853 Homo
2334 4812 2389 4855 et
2418 4800 2665 4855 Ecclesia
2695 4818 2711 4867 ;
2743 4818 3061 4874 quanquam
3094 4806 3185 4860 alii
3219 4807 3289 4862 ab
3324 4807 3456 4864 Uni-

1862 4890 2051 4958 genito
2101 4891 2336 4960 primum
2383 4890 2675 4947 Hominem
2725 4903 2781 4947 et
2828 4893 3156 4961 Ecclesiam,
3215 4908 3328 4953 tum
3382 4903 3453 4955 ab

1862 4982 2096 5039 Homine
2121 4994 2178 5039 et
2220 4984 2465 5041 Ecclesia
2498 4986 2740 5043 Verbum
2784 4999 2841 5044 et
2874 4988 3056 5045 Vitam
3105 4993 3448 5049 derivarent.

1858 5073 1937 5128 Ex
1970 5086 2203 5145 utraque
2247 5079 2461 5133 tetrade
2513 5080 2763 5150 ogdoada
2813 5082 3147 5151 conflabant,
3191 5100 3357 5156 quam
3394 5096 3451 5141 et

1858 5166 2030 5237 ipsam
2082 5168 2443 5240 primigenam
2490 5173 2766 5242 ogdoada,
2812 5178 3057 5232 radicem
3092 5187 3147 5232 et
3188 5178 3448 5234 substan-

1860 5259 1991 5313 tiam
2022 5262 2268 5316 omnium
2308 5261 2581 5318 dicebant.
2623 5264 2711 5320 Uti
2756 5268 2903 5322 enim
2936 5269 3112 5339 prima
3165 5280 3336 5325 tetras
3360 5288 3446 5324 se-

1858 5355 2095 5410 cundam
2143 5355 2452 5420 etluderat;
2502 5355 2583 5411 sic
2633 5362 2874 5415 secunda
2926 5372 3141 5417 eteterts
3185 5364 3445 5432 deinceps

1857 5448 2126 5506 IEonibus
2149 5462 2329 5506 ortum
2374 5452 2629 5521 praebuit.
2660 5452 2730 5507 Et
2760 5454 2893 5509 hinc
2940 5452 3119 5524 Logos
3154 5466 3444 5524 postremae

1856 5545 2121 5615 caput,",
2151 5543 2316 5600 Pater
2339 5546 2576 5600 omnium
2610 5562 2792 5601 eorum
2819 5546 2911 5616 qui
2940 5556 3055 5617 post
3079 5563 3136 5600 se
3166 5546 3335 5613 futuri
3364 5562 3443 5601 es-

1854 5648 1989 5707 sent,
2022 5638 2411 5717 et-initittm-et
2432 5639 2687 5710 formatio
2716 5639 2951 5695 universi
2984 5637 3310 5695 Pleromatis
3346 5655 3443 5694 vo-

235 5813 277 5842 “
306 5812 579 5885 Dodwel,
613 5815 850 5873 Dissert.
878 5830 931 5872 tv
962 5815 1015 5872 in
1045 5814 1211 5886 Iren.,
1250 5816 1279 5888 §
1312 5817 1366 5871 ϐ.
1392 5818 1679 5890 ,f'lrenq
1710 5819 1805 5876 lib.
1842 5834 1883 5892 ι,
1917 5834 1965 5878 c.
2002 5818 2055 5885 l,
2082 5834 2137 5874 n.
2175 5820 2225 5877 1.
2570 5876 2585 5905 κ
2673 5878 2687 5893 1,
