3954 6352
483 268 553 324 55
702 332 703 335 η
1300 263 1891 323 DISSERTATIONES
1928 263 2050 317 PRA

2156 262 2231 316 ’ᾸΞ
2273 260 2341 315 IN
2386 257 2641 314 lREN/EI
2676 256 2946 345 LIBROS.
3674 258 3743 314 36

480 386 734 441 cabatur.
764 384 806 436 A
830 381 977 453 Logo
1008 382 1278 453 siquidem
1314 384 1606 453 pullulavit
1655 399 1791 439 nova
1820 383 2058 438 Eonum
2090 388 2137 445 Α
2164 381 2385 435 Christo
2436 391 2487 432 et
2526 378 2731 447 Spiritu
2771 385 2983 441 sancto,
3027 373 3189 428 Patre
3227 387 3443 443 quoque
3471 373 3741 432 calculum

479 479 664 537 deeas.
707 476 939 548 Bythius
965 477 1221 532 videlicet
1254 486 1312 531 et
1350 477 1531 542 Mixis,
1579 478 1845 547 Ageratos
1873 485 1930 530 et
1963 476 2065 529 lle.

483 572 659 635 nosis,
689 569 1003 639 Autophyes
1029 579 1083 623 et
1108 568 1353 636 Iledone,
1380 570 1642 624 Acinetus
1672 579 1725 622 et
1754 568 2062 637 Syncrasis,

482 662 815 731 Monogenes
841 671 895 717 et
928 661 1162 716 Macaria
1205 677 1219 714 :
1254 663 1321 715 ab
1352 662 1586 716 Homine
1613 670 1667 715 et
1698 660 1935 715 Ecclesia
1968 661 2064 714 do-

476 755 664 818 decas,
716 755 1029 809 Paracletus
1060 764 1115 809 et
1147 751 1342 818 Pistis,
1374 754 1620 808 Patricos
1658 762 1715 807 et
1756 753 1928 823 Elpis,
1960 754 2063 808 Me.

478 847 649 899 tricos
681 855 735 899 et
763 847 968 915 Agape,
1014 844 1193 900 IEnus
1242 857 1298 899 et
1342 847 1590 918 Synesis,
1646 838 2061 901 ‘Ecclesiasticos

474 947 530 989 et
555 937 901 1003 Macariotes,
933 938 1190 992 Thelelos
1230 948 1280 992 et
1304 938 1546 1008 SOphia;
1582 938 1806 993 totidem
1841 940 2058 993 nomina

473 1028 686 1092 Gneca,
736 1046 969 1098 quorum
1015 1030 1320 1102 significata
1374 1032 1614 1100 reperies
1662 1031 1715 1084 in
1761 1031 2058 1085 Glossariis

472 1122 676 1176 nostris
712 1124 777 1174 ad
805 1123 1011 1177 calcem
1058 1122 1266 1192 operis.
1311 1121 1373 1175 Hi
1400 1122 1627 1193 triginta
1666 1122 1873 1177 Aiones
1915 1124 2052 1176 adeo

471 1214 788 1279 decantati;
838 1215 940 1269 hoc
991 1212 1497 1269 Valentiuianorum
1541 1215 1790 1270 Pleroma
1846 1216 1898 1268 iu
1952 1216 2053 1268 tria

470 1306 618 1359 velut
647 1307 860 1375 agmina
889 1307 1150 1369 divisum,
1184 1307 1236 1360 in
1262 1308 1536 1378 ogdoada,
1563 1308 1764 1361 decada
1795 1316 1850 1362 et
1889 1308 2056 1361 dode-

472 1399 604 1453 cada
631 1439 646 1461 .
680 1398 872 1471 [XVII]
932 1415 1162 1469 quorum
1215 1401 1367 1469 prius
1410 1401 1639 1454 ducebat
1683 1399 1887 1470 Bythus
1930 1416 2053 1454 cum

468 1488 615 1563 Sige,
673 1496 970 1547 secundum
1014 1491 1193 1564 Logos
1233 1509 1357 1547 cum
1400 1486 1532 1557 ‘Zoe,
1571 1494 1841 1563 posterius
1884 1491 2054 1548 Homo

465 1600 587 1640 cum
614 1585 880 1640 Ecclesia.

538 1674 626 1728 15.
654 1674 915 1741 Quamvis
962 1685 1149 1728 autem
1196 1674 1289 1729 uni
1324 1684 1378 1730 et
1412 1675 1588 1729 eidem
1622 1674 1826 1743 stipiti,
1872 1667 2051 1744 Bytho

467 1766 749 1829 nimirum,
785 1767 1051 1836 originem
1082 1776 1364 1835 acceptam
1402 1766 1673 1821 referrent
1699 1765 1904 1820 Aioues
1928 1780 2050 1820 om-

466 1874 588 1925 nes,
618 1874 725 1913 non
760 1876 864 1913 una
892 1868 1073 1913 tamen
1094 1869 1150 1914 et
1178 1862 1368 1914 eadem
1397 1857 1499 1914 fuit
1524 1860 1766 1914 omnium
1790 1859 2048 1923 conditio,

466 1951 559 2005 sed
585 1952 790 2020 dispar.
831 1950 944 2005 Soli
1004 1950 1107 2018 No,
1142 1962 1332 2019 utpote
1383 1952 1776 2020 primogenito,
1838 1950 2050 2003 indulta

466 2042 709 2115 perfecta
746 2060 867 2099 cum
922 2045 1096 2114 Bytho
1143 2047 1496 2109 communio;
1542 2046 1641 2098 soli
1674 2044 1854 2111 pervia
1894 2044 2053 2113 hujus

465 2136 800 2205 magnitudo,
828 2137 1046 2191 cazteris
1080 2137 1378 2189 inaccessa.
1407 2134 1543 2189 Hinc
1569 2135 1622 2187 in
1651 2135 1773 2188 aliis
1797 2135 2052 2189 omnibus

464 2228 827 2296 cognoscendi
876 2228 1055 2281 Patris
1095 2236 1278 2290 aestus,
1304 2242 1368 2281 ac
1400 2226 1796 2296 pi-Opcmodum
1839 2227 1892 2280 in
1924 2226 2048 2282 Nun

465 2320 683 2373 invidia:
707 2320 876 2385 livor;
912 2317 1089 2385 major
1120 2333 1250 2371 vero
1284 2319 1335 2370 in
1374 2320 1666 2372 noviSslma
1692 2318 1930 2373 Eanum
1957 2321 2053 2376 So-

462 2412 609 2481 phia,
635 2428 757 2482 qum
801 2409 1068 2481 praecipiti
1104 2410 1492 2478 exquisitionis
1539 2412 1739 2481 impetu
1778 2413 1907 2480 lata,
1950 2415 2049 2469 ab-

462 2515 648 2575 sorpta
701 2505 815 2558 fere
853 2502 1066 2566 fuisset,
1111 2512 1166 2556 et
1217 2502 1268 2554 in
1321 2503 1633 2557 universam
1682 2504 2047 2560 substantiam

464 2599 757 2668 dissipata,
802 2597 905 2650 nisi
943 2598 1266 2665 tempestive
1290 2596 1622 2651 occurrisset
1658 2592 1827 2663 Huro,
1874 2600 1926 2653 id
1967 2609 2052 2654 est

465 2691 755 2757 Termino,
781 2692 984 2746 Virtuti
1018 2691 1092 2744 illi
1121 2691 1188 2744 ab
1219 2692 1367 2745 omni
1393 2689 1646 2761 conjugio
1681 2692 1891 2760 liberte,
1926 2708 2050 2762 quae

462 2785 645 2839 omnia
695 2784 875 2849 fulcit,
920 2794 973 2838 et
1018 2793 1172 2838 extra
1231 2782 1559 2837 ineﬂabileni
1620 2785 2047 2855 magnitudinem

467 2878 750 2941 custodit;
778 2894 805 2929 a
833 2893 939 2946 qua
971 2878 1187 2931 demum
1222 2891 1499 2946 repressa,
1537 2876 1778 2941 suffulta,
1812 2886 1864 2931 et
1888 2877 1953 2930 ad
1991 2891 2050 2932 se

464 2970 635 3039 ipsam
679 2980 957 3036 revocata,
1005 2970 1245 3040 priorem
1304 2971 1687 3038 cogitationem
1736 2971 1892 3023 simul
1924 2987 2045 3025 cum

2170 473 2495 539 adjiciente,
2552 470 2820 538 quidquid
2869 468 3131 537 optimum
3178 474 3245 520 ac
3289 460 3740 522 ﬂorentissimum

2168 568 2450 621 habebant
2508 564 2704 633 singuli
2758 564 3140 627 conferentes,
3202 572 3435 633 apteque
3496 565 3744 634 compin-

2165 670 2375 730 gentes,
2410 658 2595 713 .Iesum
2631 657 2686 711 in
2723 657 2881 726 Bythi
2927 655 3157 724 gloriam
3190 665 3245 710 et
3278 655 3545 709 honorem
3577 656 3745 710 emit-

2168 752 2308 816 tunt,
2345 766 2443 804 ceu
2482 749 2943 819 perfectissimum
2977 746 3303 802 Pleromatis
3347 746 3500 801 sidus
3531 752 3585 801 et
3628 747 3748 801 fru-

2165 855 2338 907 ctum,
2371 838 2720 897 Sa'lvalorem
2767 843 2954 907 etiam,
2985 851 3038 893 et
3069 837 3327 905 Verbum,
3360 849 3417 894 et
3437 839 3743 904 Christum,

2162 951 2224 990 ac
2246 936 2439 991 Omnia
2466 937 2702 1004 denique
2736 944 3106 1004 nuncupatum
3127 976 3141 999 ,
3178 948 3339 1001 quem
3374 934 3579 1005 angelis
3603 947 3744 1003 quo.

2163 1044 2268 1098 que
2304 1028 2635 1082 satellitibus
2669 1028 2897 1097 stipant.
2949 1027 3152 1081 Christi
3193 1036 3249 1081 et
3284 1027 3524 1097 Spiritus
3554 1026 3737 1081 sancti

2160 1130 2341 1174 ortum
2395 1121 2555 1173 aliter
2588 1120 2896 1189 explicabat
2931 1116 3281 1174 Valentinus.
3327 1118 3481 1173 Hunc
3516 1118 3739 1188 quidem

2159 1214 2228 1266 ab
2258 1206 2497 1267 Ecclesia
2535 1212 2857 1281 productum
2908 1213 3096 1276 fuisse,
3141 1212 3208 1265 ad
3255 1202 3489 1266 [Eonum
3527 1210 3740 1265 exami-

2161 1306 2423 1358 nationem
2472 1314 2527 1357 et
2561 1304 2953 1357 fecunditatem
2994 1304 3246 1371 dicebat;
3284 1304 3433 1358 illum
3462 1318 3591 1359 vero
3624 1318 3736 1357 non

2160 1401 2226 1453 ab
2269 1400 2335 1452 iis
2368 1397 2637 1453 ASonibus
2689 1397 2781 1465 qui
2827 1397 2878 1449 in
2930 1396 3235 1450 Pleromate
3273 1396 3455 1450 sedem
3508 1396 3736 1461 habent,

2158 1493 2252 1546 sed
2298 1508 2326 1544 a
2374 1490 2544 1545 Matre
2579 1490 2734 1543 illinc
2765 1488 3009 1554 esclnsa,
3063 1488 3360 1542 secundum
3394 1487 3737 1542 recordatio-

2157 1599 2278 1638 nem
2314 1583 2600 1636 meliorum
2626 1592 2973 1653 procreatum
3007 1581 3194 1647 fuisse,
3224 1596 3323 1635 nec
3348 1581 3463 1635 sine
3494 1580 3735 1650 quadam

2156 1670 2369 1730 umbra.
2406 1675 2608 1729 Verum
2646 1676 2938 1744 ingratum,
2976 1690 3100 1729 cum
3134 1674 3410 1729 masculus
3443 1678 3610 1737 esset,
3643 1688 3739 1727 ex-

2156 1771 2272 1824 cisa
2317 1786 2344 1822 a
2396 1785 2457 1824 se
2506 1768 2723 1832 umbra,
2759 1768 2825 1821 ad
2876 1767 3125 1822 Pleroma
3176 1766 3513 1830 recurrisse,
3555 1764 3736 1819 Matre

2155 1878 2262 1917 una
2295 1877 2416 1916 cum
2458 1862 2650 1915 umbra
2698 1858 2884 1916 relicta
2919 1876 2982 1915 ac
3016 1859 3249 1929 spiritali
3297 1859 3603 1914 substantia
3638 1874 3736 1910 nr—

2154 1956 2298 2009 bata.
2333 1948 2517 2008 Iesum
2554 1963 2734 2007 autem
2768 1954 3037 2007 interdum
3070 1964 3138 2007 ex
3171 1948 3418 2016 Theleto,
3455 1953 3733 2005 interdum

2154 2061 2223 2101 ex
2276 2047 2518 2109 Christo,
2558 2059 2945 2114 nonnunquam
2979 2060 3046 2099 ex
3101 2043 3334 2100 Homine
3373 2050 3429 2097 et
3482 2042 3734 2098 Ecclesia

2154 2146 2337 2191 ortum
2371 2137 2680 2193 asserebat.
2717 2137 2827 2192 llas
2858 2138 2925 2191 de
2962 2138 3122 2191 rebus
3158 2136 3360 2190 divinis
3404 2151 3575 2207 nugas
3598 2151 3738 2189 ven-

2152 2229 2404 2285 ditabant
2453 2240 2789 2286 veteratores
2842 2230 2971 2298 isti;
3014 2239 3068 2284 et
3127 2230 3243 2285 hzec
3303 2230 3477 2299 prima
3531 2228 3736 2284 fabulae

2152 2337 2299 2393 pars.

2226 2417 2314 2470 15.
2354 2417 2540 2469 Altera
2570 2417 2624 2469 in
2660 2430 2750 2485 ns,
2780 2428 2899 2485 qua}
2932 2414 3352 2469 e‘xtraPleroma
3389 2423 3536 2484 gesta
3576 2425 3730 2480 sunt,

2154 2508 2456 2562 referendis
2495 2518 2766 2562 versatur.
2803 2507 3120 2577 Superioris
3154 2508 3348 2575 nempe
3374 2507 3591 2575 Sophia:
3626 2507 3735 2561 En-

2154 2603 2418 2671 thymesis
2467 2600 2787 2671 (Aehamoth
2824 2602 2890 2654 ab
2924 2600 3189 2655 Hebraica
3228 2615 3359 2655 voce
3416 2600 3727 2661 hmnSa-

2149 2694 2351 2762 pientia
2384 2693 2695 2762 vocabant),
2716 2709 2876 2762 quam
2914 2702 3066 2747 extra
3092 2691 3336 2746 Pleroma
3371 2707 3493 2747 cum
3526 2706 3735 2761 appen-

2153 2784 2270 2842 dice
2298 2787 2539 2855 passione
2573 2787 2865 2856 relegatam
2902 2785 3160 2850 diximus,
3208 2785 3262 2839 in
3322 2785 3511 2838 umbra
3546 2795 3598 2837 et
3631 2801 3733 2836 va-

2152 2890 2277 2945 cuo,
2312 2879 2523 2946 formaa,
2559 2880 2744 2949 figura:
2784 2894 2848 2933 ac
2883 2878 3104 2932 luminis
3138 2892 3351 2947 expers,
3402 2878 3601 2932 misere
3644 2876 3734 2945 ja-

2152 2972 2332 3024 cebat.
2370 2971 2545 3039 Ipsius
2578 2971 2890 3024 calamitate
2912 2980 3218 3025 commotus
3254 2971 3509 3039 superior
3560 2966 3738 3025 Chri-

461 3076 524 3115 ea
559 3061 827 3131 passione,
875 3078 998 3132 qua:
1041 3078 1109 3117 ex
1156 3062 1429 3132 stupende
1475 3062 1567 3117 illo
1615 3062 1879 3116 miraculo
1923 3075 2043 3117 orta
2074 3067 2115 3124 C
2151 3073 2289 3125 stus,
2325 3064 2376 3117 vi
2410 3079 2506 3118 sua
2543 3063 2773 3118 formam
2816 3063 3034 3132 quidem
3069 3064 3117 3117 ei
3157 3063 3372 3127 indidit,
3407 3064 3499 3116 sed
3534 3076 3736 3116 secun-

462 3165 608 3217 erat,
645 3155 867 3223 abjecit.
898 3157 968 3207 At
1003 3155 1280 3209 desiderio
1312 3156 1385 3209 rei
1424 3156 1781 3224 impossiliilis
1808 3157 2046 3225 gravidae

460 3246 550 3300 vix
582 3247 721 3314 potis
769 3258 911 3311 erat,
939 3248 1066 3315 quin
1097 3247 1333 3317 impetus
1379 3247 1626 3300 abortum
1673 3247 1914 3304 afferret.
1949 3248 2048 3301 At-

464 3335 588 3389 tulit
607 3351 757 3401 vero,
782 3337 1244 3407 immaturumque
1266 3337 1431 3391 fetum
1464 3338 1665 3408 abegit,
1689 3340 2045 3397 substantiam

463 3429 720 3485 videlicet
739 3429 1029 3483 informem
1058 3447 1072 3494 ;
1105 3430 1260 3497 cujus
1288 3430 1549 3500 generis?
1574 3431 1717 3484 haud
1746 3436 1879 3486 satis
1907 3432 2048 3487 inter

463 3518 667 3573 fabula:
731 3522 1068 3575 architectos
1135 3522 1538 3587 conveniebat,
1592 3538 1692 3576 nec
1739 3521 1895 3577 Matri
1947 3524 2046 3592 ipsi

463 3613 775 3667 constabat.
810 3612 939 3668 lmle
986 3615 1199 3667 miserae
1242 3615 1537 3680 mestitiae,
1575 3616 1758 3681 timor,
1809 3632 2048 3670 summa-

468 3720 577 3772 que
606 3707 964 3776 perplexitas,
1007 3707 1254 3775 pristiam
1293 3706 1645 3775 cogitationis
1696 3708 2043 3775 appendices,

465 3800 891 3868 necessariaque
934 3800 1100 3853 veluti
1154 3799 1495 3854 consectaria
1532 3815 1545 3850 ;
1583 3814 1611 3851 a
1654 3799 1850 3867 quibus
1895 3798 2045 3863 Ilori,

464 3905 625 3959 quem
675 3891 936 3957 diximus,
968 3907 1133 3959 opera
1177 3900 1523 3961 perpurgata,
1548 3890 1805 3959 conjugio
1833 3890 2047 3943 demum

464 3997 530 4035 ac
554 3981 845 4037 Pleromati
894 3985 1148 4037 restituta
1189 3983 1333 4048 fuit;
1383 3984 1498 4052 ipsa
1529 3983 1645 4052 ejus
1696 3981 2045 4052 Entbymesi,

465 4073 714 4127 abortivo
745 4073 837 4127 illo
867 4072 977 4127 fetu
1029 4073 1222 4128 forma:
1266 4090 1328 4129 ac
1381 4075 1567 4143 figura:
1596 4085 1839 4142 experte,
1871 4083 1924 4126 et
1956 4086 2050 4141 ap-

469 4166 699 4241 pendice
723 4168 966 4234 passione
995 4178 1150 4222 extra
1180 4165 1430 4220 Plcroma
1468 4166 1741 4234 relegatis.

540 4261 629 4316 Ii.
660 4260 737 4314 Ne
772 4277 903 4314 vero
940 4260 1178 4314 similem
1211 4275 1399 4314 casum
1433 4259 1681 4313 subirent
1708 4258 1886 4312 caeteri
1922 4256 2049 4312 Ᾱῖυ-

468 4372 586 4421 nes,
612 4356 842 4407 alterum
873 4370 977 4423 par
1005 4352 1243 4407 ZEonum
1272 4368 1368 4423 per
1386 4352 1739 4422 Unigenitum
1765 4366 2050 4420 supremus

2148 3156 2275 3210 dum
2296 3155 2657 3210 substantiam
2689 3165 3044 3219 tantum,non
3074 3154 3370 3209 secundum
3404 3155 3729 3210 scientiam:

2147 3246 2443 3315 statimque
2496 3246 2777 3301 subtracta
2813 3246 3016 3301 virtute
3066 3246 3133 3300 ad
3186 3261 3383 3315 supera
3434 3246 3732 3310 recedens,

2148 3338 2420 3394 infelicem
2451 3340 2716 3402 deseruit,
2761 3339 3021 3392 nonnullo
3060 3349 3239 3393 tamen
3291 3339 3726 3409 incorruptibili-

2151 3435 2278 3489 tatis
2304 3434 2470 3488 odore
2493 3433 2792 3502 perfusam.
2826 3434 2899 3487 Ea
2924 3447 3049 3487 vero
3077 3433 3189 3502 jam
3219 3431 3453 3486 formata
3489 3449 3550 3489 ac
3581 3448 3739 3487 men-

2151 3528 2221 3580 tis
2253 3541 2475 3594 compos
2503 3525 2721 3592 effecta,
2755 3524 2952 3578 acriori
2988 3524 3260 3579 desiderio
3287 3524 3606 3593 exquirendi
3645 3525 3735 3577 lu—

2150 3617 2335 3679 minis,
2377 3617 2522 3685 quod
2572 3631 2694 3670 eam
2743 3615 3041 3681 defecerat,
3080 3600 3410 3670 idcenditur.
3444 3615 3549 3670 Sed
3574 3630 3731 3679 ecce,

2152 3708 2431 3764 festinanti
2490 3710 2834 3778 importunus
2882 3709 3168 3763 intercedit
3225 3707 3428 3774 Herus,
3487 3716 3735 3763 temera-

2152 3803 2403 3870 rinmque
2439 3812 2656 3856 coercet
2688 3802 2965 3868 impetum.
2997 3801 3135 3855 Hinc
3152 3804 3393 3856 animum
3428 3802 3735 3871 despondet

2150 3893 2262 3953 illa.
2287 3895 2545 3962 omnique
2571 3895 3000 3965 perturbationis
3017 3894 3203 3963 generi
3224 3894 3565 3960 succumbit;
3597 3908 3737 3947 mo:-

2155 3987 2265 4039 rori
2290 3988 2531 4054 quidem,
2551 3987 2694 4054 quod
2721 3987 2857 4040 votis
2885 3986 3179 4049 frustrata;
3217 3987 3407 4052 metui,
3442 4002 3507 4041 ne
3540 4001 3737 4056 quem-

2151 4079 2440 4134 admodum
2509 4079 2620 4146 lux,
2667 4079 2738 4132 ita
2781 4089 2836 4132 et
2870 4079 2978 4132 vita
3037 4093 3156 4133 eam
3202 4079 3498 4147 deficeret;
3558 4081 3735 4134 animi

2151 4171 2387 4239 denique
2427 4171 2685 4225 anxietati
2723 4186 2787 4224 ac
2837 4170 3128 4240 lacrymis;
3161 4186 3349 4239 parum
3379 4170 3454 4236 id,
3482 4172 3583 4225 nisi
3610 4186 3735 4225 om-

2153 4264 2236 4317 nis
2286 4279 2464 4317 rerum
2521 4265 2789 4333 ignoratio
2842 4272 2921 4316 tot
2974 4262 3485 4332 perturbationibus
3540 4262 3734 4325 mista,

2151 4356 2363 4425 pondus
2397 4357 2663 4412 auxisset.
2708 4357 2984 4411 Interdum
3022 4365 3223 4420 tamen,
3258 4355 3501 4424 priorum
3535 4354 3735 4421 oblita,

468 4450 631 4504 Pater
678 4447 900 4510 emittit,
940 4444 1217 4500 Christum
1261 4453 1316 4498 et
1365 4443 1630 4513 Spiritum
1685 4453 1962 4506 sanctum,
2016 4457 2046 4495 a
2080 4428 2125 4485 D
2152 4446 2503 4517 lmninisque,
2540 4450 2683 4517 quod
2726 4463 2845 4502 eam
2882 4449 3221 4509 deseruerat,
3258 4446 3729 4515 pulchritudinem

468 4541 668 4609 quibus
688 4539 781 4592 alii
817 4539 1066 4593 numeris
1091 4539 1349 4593 omnibus
1382 4537 1815 4592 absolverentur.
1844 4536 2046 4593 Christi

468 4633 615 4686 enim
645 4630 885 4687 officium
920 4642 1039 4686 erat
1061 4629 1270 4685 IEones
1305 4631 1627 4684 immensam
1651 4628 1831 4683 Patris
1861 4629 2051 4683 altitu-

470 4726 656 4777 dinem
690 4726 941 4790 edocere,
978 4725 1124 4793 quod
1160 4739 1355 4792 nempe
1379 4738 1479 4777 nec
1505 4723 1732 4791 percipi,
1768 4736 1867 4777 nec
1900 4722 2052 4776 intel-

469 4817 588 4887 ligi,
620 4832 718 4871 nec
755 4817 991 4886 denique
1038 4817 1189 4872 cerni
1225 4825 1321 4870 aut
1350 4816 1555 4881 audiri,
1592 4815 1699 4869 nisi
1732 4815 2050 4887 Mouogenis

472 4910 769 4975 beneficio,
800 4920 1009 4978 posset.
1040 4909 1278 4980 Spiritus
1312 4924 1441 4964 vero
1481 4918 1706 4963 sanctus
1738 4924 1832 4963 eos
1861 4923 2051 4963 omnes

471 5005 618 5057 inter
649 5017 707 5055 se
730 5013 1067 5070 exaequatos,
1096 5005 1300 5072 gratias
1337 5018 1497 5073 agere
1530 5003 1737 5066 docuit,
1770 5015 1833 5055 ac
1864 5015 2049 5055 veram

473 5098 718 5165 requiem
747 5097 981 5151 induxit.
1016 5097 1216 5167 Sicque
1250 5098 1458 5153 1Eones
1484 5112 1675 5153 omnes
1705 5106 1819 5151 tum
1848 5096 2049 5163 forma,

461 5178 587 5242 tum
620 5190 906 5243 voluntate
962 5204 1026 5244 ac
1060 5193 1331 5245 sententia
1377 5205 1540 5261 pares
1574 5190 1855 5245 censtituti
1886 5199 2047 5257 sunt;

474 5279 604 5336 facti
664 5298 854 5336 omnes
907 5284 1052 5351 quod
1111 5284 1509 5353 unusquisque,
1548 5298 1738 5338 omnes
1781 5282 1836 5336 in
1884 5281 2047 5350 Noas,

473 5374 793 5437 Sermones,
847 5373 1109 5430 Homines
1156 5386 1210 5429 et
1254 5376 1507 5431 Christos
1542 5375 1939 5439 transformati,
1995 5384 2051 5430 et

472 5481 594 5533 qua:
636 5466 873 5530 feminae,
924 5468 976 5521 in
1017 5466 1322 5534 Veritates,
1350 5468 1537 5533 Vitas,
1573 5469 1811 5539 Spiritus
1856 5480 1911 5522 et
1944 5468 2047 5521 Ec—

476 5559 697 5612 cicsias.
755 5557 891 5613 Tum
942 5570 1093 5616 tanta
1142 5563 1569 5632 metamorphosi
1625 5564 1946 5633 gaudentes,
1997 5562 2047 5614 in

478 5650 793 5715 Promtoris
845 5651 1031 5708 laudes
1070 5664 1393 5724 erumpunt,
1443 5656 1763 5722 acceptique
1800 5650 2046 5708 beneficii

478 5758 795 5813 meinores,
867 5748 1145 5803 connuuni
1228 5748 1502 5815 consilio,
1584 5745 2048 5810 consentientibus

2154 4546 2336 4592 mente
2362 4540 2670 4601 revolvens,
2722 4539 2911 4592 laetitia
2947 4537 3354 4592 diffundebatur
3400 4552 3463 4590 ac
3494 4536 3731 4590 ridebat.

2154 4631 2261 4685 Sed
2294 4639 2709 4684 momentaneus
2737 4631 2901 4693 risus,
2935 4645 3099 4698 quem
3144 4629 3257 4682 cito
3290 4629 3572 4697 excipiunt
3604 4643 3739 4696 per-

2154 4724 2495 4778 turbationes
2541 4731 2835 4777 consuetae.
2874 4722 2968 4776 His
3003 4721 3104 4775 sibi
3131 4736 3229 4789 per
3257 4721 3403 4775 vices
3436 4721 3738 4775 succeden.

2157 4816 2301 4870 tibus
2327 4815 2558 4885 jaclata,
2591 4815 2812 4867 tandem
2855 4814 3086 4882 seipsam
3119 4812 3401 4881 colligens,
3437 4812 3504 4865 ad
3545 4811 3733 4867 lumen

2153 4910 2300 4979 quod
2326 4908 2439 4976 jam
2470 4908 2828 4970 delibaverat,
2862 4906 2965 4960 hoc
3001 4919 3103 4969 est,
3135 4906 3201 4958 ad
3220 4905 3497 4959 Christum
3533 4918 3735 4975 rogan-

2158 5004 2284 5054 dum
2334 5000 2694 5054 convertitur.
2730 4997 3028 5064 Quorsum,
3083 4997 3287 5067 inquis,
3325 5004 3406 5051 tot
3437 4997 3735 5067 perturba-

2157 5094 2366 5148 tionum
2400 5092 2659 5148 fluctibus
2687 5090 2995 5159 aestuantis,
3044 5105 3146 5145 nec
3185 5092 3469 5159 quiescere
3498 5088 3736 5142 valentis

2156 5188 2321 5241 animi
2380 5186 2594 5241 motus?
2652 5184 2766 5239 Hoc
2814 5184 3013 5238 fabula:
3062 5184 3371 5239 exordium.
3414 5182 3554 5236 Hinc
3578 5182 3731 5236 enim

2156 5281 2421 5343 materize,
2468 5294 2537 5332 ex
2575 5293 2679 5346 qua
2716 5278 2950 5333 mundus
2992 5277 3084 5331 hic
3138 5274 3408 5331 conﬂatus
3441 5283 3545 5341 est,
3598 5276 3736 5328 sub-

2154 5374 2355 5428 stantia
2411 5382 2592 5425 ortum
2667 5371 2838 5440 cepit.
2902 5370 3035 5425 Nam
3097 5385 3165 5424 ex
3227 5370 3628 5432 conversione,
3676 5380 3737 5424 et

2154 5466 2365 5530 mundi,
2395 5476 2448 5518 et
2489 5463 2787 5534 Demiurgi,
2825 5478 3010 5519 rerum
3042 5462 3369 5525 conditoris,
3403 5470 3458 5515 et.
3490 5460 3736 5530 denique

2152 5558 2330 5613 omnis
2370 5557 2476 5611 alia
2511 5558 2691 5611 anima
2736 5558 3003 5625 originem
3043 5556 3315 5623 sumpsit;
3353 5569 3419 5608 ex
3452 5561 3598 5608 metu
3629 5567 3736 5606 au-

2154 5658 2261 5705 tem
2295 5658 2351 5705 et
2381 5664 2634 5715 mmrore,
2672 5650 2878 5719 reliqua
2915 5648 3117 5703 omnia.
3141 5647 3217 5701 Ex
3246 5646 3415 5715 ipsius
3449 5644 3731 5714 siquidem

2156 5744 2410 5816 lacrymis
2461 5744 2663 5815 liquida
2695 5743 2873 5799 omnis
2912 5740 3218 5798 substantia
3248 5740 3462 5795 initium
3495 5737 3692 5793 habuit
3714 5781 3734 5808 ,
