3954 6352
244 238 306 291 31
1166 241 1627 301 DlSSERTA'l‘lO
1669 244 1713 312 ι,
1749 247 1798 301 Α

1903 294 1912 304 .
1954 251 1995 318 1,
2037 252 2122 308 DE
2162 253 2577 311 VALENTINO.
3438 268 3510 330 38

243 371 302 407 ex
331 364 439 408 risu
466 352 663 409 lucida
686 399 703 421 ,
740 371 806 410 ex
835 370 1074 413 mmrore
1110 362 1323 419 tandem
1355 374 1411 419 et
1440 375 1666 436 stupore
1695 383 1817 424 cor-
1851 373 1897 429 Α
1928 370 2084 426 malis
2108 372 2449 440 substantiae,
2495 384 2554 429 ut
2574 376 2771 431 animae
2794 378 3091 434 brutorum‘
3114 372 3508 450 animantium,

238 464 395 516 porca
425 450 619 503 mundi
645 450 941 507 elementa.
980 453 1185 525 Nempe
1205 474 1328 513 cum
1364 462 1670 519 Achamoth
1695 480 1819 536 sup-

238 544 352 611 plex
388 544 455 597 ad
481 543 769 599 Christum
799 562 860 602 se
891 552 1275 615 convertisset,
1313 555 1403 610 hic
1440 556 1815 623 Parncletum,

238 637 331 689 hoc
352 645 438 690 est
468 634 823 693 Salvatorem
857 640 926 696 ad
963 655 1086 696 eam
1127 645 1295 709 misit,
1344 649 1676 707 satellitibus
1714 669 1815 709 an-

234 729 360 798 gelis
391 731 689 799 stipatum,
724 734 818 803 qui
850 735 1101 793 scientiae
1142 739 1375 797 formam
1406 745 1456 817 ei
1500 746 1717 813 indidit,
1760 759 1817 804 et

230 836 258 872 a
282 823 799 890 perturbationibus
829 825 1102 884 liberavit.
1138 830 1249 886 Nec
1276 824 1455 892 tamen
1497 839 1597 895 has
1632 841 1699 896 ab
1746 857 1812 897 ea

230 916 300 968 ita
345 917 617 984 secrevit,
652 928 711 971 ut
743 934 933 975 curam
986 937 1204 980 omnem
1252 943 1442 985 earum
1491 934 1806 1005 abjiceret:

229 996 330 1062 imo
376 1021 634 1065 secretas
692 1014 834 1080 fixit,
882 1017 1266 1085 condensavit,
1314 1033 1367 1078 et
1412 1026 1465 1079 in
1523 1033 1809 1086 materiam

230 1102 671 1169 transformavit,
696 1122 763 1162 ex
808 1123 915 1178 qua
946 1110 1100 1166 fieret
1125 1113 1320 1183 duplex
1347 1118 1654 1176 substantia
1681 1143 1696 1189 ;
1730 1126 1811 1180 al-

230 1206 336 1249 tera
366 1197 535 1259 mala,
568 1214 697 1268 quae
727 1216 793 1255 ex
841 1205 1194 1272 passionibus
1237 1210 1586 1277 exstitisset;
1633 1215 1808 1270 altera

228 1289 576 1353 passionibus
608 1294 880 1361 obnoxia,
917 1311 1041 1363 qua:
1075 1313 1139 1351 ex
1173 1302 1534 1358 conversione
1565 1316 1684 1361 orta
1724 1323 1810 1363 es-

228 1390 331 1433 set.
385 1383 474 1437 Sic
519 1384 683 1438 malis
735 1387 992 1442 omnibus
1033 1390 1281 1459 expedita
1324 1393 1654 1462 Achamoth,
1692 1398 1808 1467 jam

227 1474 425 1541 gaudio
451 1476 718 1543 gestiens,
758 1478 811 1531 in
858 1480 1082 1550 angelos
1116 1480 1423 1542 Salvatoris
1449 1491 1677 1545 comites
1707 1491 1805 1547 de-

229 1566 611 1632 tigitohtutus,
650 1584 884 1636 quorum
926 1572 1213 1641 splendore
1251 1587 1433 1645 capta,
1470 1591 1809 1651 aspectuque

228 1657 537 1719 fecnmlata,
562 1660 808 1728 concipit
836 1664 1087 1734 paritque
1120 1668 1355 1723 fructum
1379 1670 1705 1737 spiritalem,
1740 1673 1806 1727 ad

224 1762 405 1799 eorum
458 1748 759 1819 imaginem
786 1751 1054 1811 ellictum.
1078 1755 1196 1812 1am
1245 1774 1378 1831 ergo
1411 1763 1677 1831 triplicem
1709 1765 1807 1818 ha-

223 1839 405 1893 bemus
422 1842 1185 1909 substantiam,Achamotha:
1223 1851 1423 1921 fetum;
1468 1858 1804 1913 materialem

223 1948 281 1984 ex
304 1932 580 1999 passiOne,
610 1938 904 1992 animalem
929 1954 999 1995 ex
1024 1948 1381 2001 conversione
1417 1960 1471 2001 et
1506 1950 1805 2016 spiritalem

221 2025 717 2095 eximaginatione.
747 2029 856 2085 Nec
880 2033 1344 2091 satiseratrerum
1378 2040 1665 2094 materiam
1707 2042 1807 2096 mi-

222 2120 508 2183 nislrasse,
543 2121 652 2175 nisi
688 2123 859 2176 etiam
899 2123 1128 2180 formam
1162 2128 1412 2197 atl‘erret;
1459 2134 1573 2187 haec
1627 2135 1803 2202 prima

223 2208 576 2266 Achatuothze
604 2228 764 2269 cura.
815 2215 883 2269 Et
913 2234 1035 2271 cum
1063 2219 1207 2274 nulla
1233 2222 1280 2275 ei
1321 2232 1464 2278 esset
1488 2223 1805 2282 substantia:

225 2300 486 2367 spiritalis
524 2304 1095 2380 inlormandaacopia,
1127 2314 1380 2381 quoniam
1405 2316 1648 2385 ejusdem
1681 2333 1803 2372 eum

217 2407 280 2445 ea
303 2398 566 2451 essentia:
593 2408 738 2465 erat,
775 2401 826 2453 in
857 2403 1111 2458 animalis
1145 2404 1521 2462 formationem
1568 2425 1627 2465 se
1673 2426 1806 2465 con-

217 2484 337 2550 fert,
381 2502 448 2542 ex
490 2504 601 2559 qua
648 2491 1007 2562 Demiurgutn
1060 2495 1254 2563 efficit,
1297 2499 1621 2555 ceterarum
1656 2504 1805 2557 deiu-

219 2591 338 2647 ceps
365 2596 553 2634 rerum
583 2584 954 2649 conditorem,
988 2599 1297 2655 parentem,
1327 2589 1496 2664 [XIX]
1535 2608 1719 2665 regem
1749 2604 1804 2649 et

219 2665 400 2725 Deunt.
443 2672 511 2724 Et
535 2674 633 2727 hic
655 2675 888 2730 alterius
920 2677 1119 2732 fabulae
1145 2682 1321 2746 partis
1348 2683 1493 2740 finis.

286 2763 370 2817 l6.
415 2763 693 2835 Sequitur
734 2774 1086 2837 aspectabilis
1139 2776 1303 2845 hujus
1364 2780 1550 2834 mundi
1594 2782 1801 2835 consti-

223 2862 347 2909 tutto
370 2866 426 2911 et
457 2859 646 2927 origo,
678 2876 844 2929 quam
876 2863 961 2917 sic
1005 2870 1383 2932 exponebant:
1415 2872 1676 2927 Conditus
1700 2873 1804 2927 De-

221 2949 456 3019 miurgus
481 2954 551 3003 ad
586 2968 725 3020 opus
745 2969 805 3008 se
833 2958 1105 3027 accingit,
1132 2961 1184 3015 in
1207 2962 1371 3032 idque
1404 2974 1549 3019 totus
1581 2967 1799 3021 incum-

1924 459 2161 516 ferarum
2204 473 2260 518 et
2283 464 2569 521 hominum
2599 485 2614 533 ;
2647 484 2714 523 ex
2746 471 2963 526 tristitia
3002 473 3280 541 spiritales
3310 482 3471 547 nequi
3492 504 3507 517 -

1921 554 2029 618 tite,
2082 555 2260 624 angeli
2311 557 2439 611 mali
2497 568 2552 615 et
2596 560 2913 628 daemones,
2966 580 3197 635 quorum
3253 569 3505 640 princeps

1918 644 2187 713 diabolus,
2216 649 2603 707 Cosmocrator
2657 653 2858 720 dictus,
2889 657 2974 711 cui
3024 659 3183 715 sedes
3220 663 3500 733 assignata

1917 738 2108 794 subtus
2134 740 2483 813 Demiurgum
2511 746 2562 799 in
2595 745 2699 801 hoc
2722 749 2959 814 mundo;
2987 749 3039 802 in
3068 764 3133 806 eo
3162 759 3342 807 tamen
3367 766 3500 824 pro—

1917 831 2038 899 prio
2069 833 2351 889 conditore
2399 837 2611 905 potior,
2646 839 2789 908 quod
2833 855 2954 909 quae
3005 856 3168 911 supra
3208 858 3331 899 eum
3375 855 3503 900 sunt

1915 939 2197 998 perspecta
2232 929 2451 999 haheat,
2478 934 2607 1003 quia
2646 935 2911 1006 spiritalis
2954 940 3199 1009 nequitia
3233 950 3358 1008 est;
3396 945 3499 999 De.-

1914 1021 2159 1090 minrgus
2186 1030 2363 1078 autem
2394 1025 2603 1095 ignoret
2632 1029 2757 1097 quia
2792 1031 3050 1086 animalis
3085 1042 3189 1087 est.
3217 1033 3500 1090 Postremo

1913 1128 1979 1166 ex
2021 1124 2245 1183 stupore
2275 1120 2650 1187 etanxietate,
2691 1136 2789 1176 ceu
2830 1137 2898 1179 ex
2944 1124 3259 1195 ignobiliori
3303 1128 3497 1195 stirpe,

1912 1218 2177 1273 corporea
2245 1208 2429 1262 mundi
2489 1209 2763 1267 elementa
2822 1214 3164 1281 prodierunt.
3227 1217 3498 1274 Omnilrus

1911 1311 2041 1351 vero
2073 1299 2270 1353 insitus
2298 1300 2436 1369 ignis
2462 1304 2710 1374 mortifer
2737 1312 2792 1358 et
2834 1307 3136 1374 exitiosus;
3168 1318 3224 1362 ut
3260 1319 3312 1363 et
3342 1311 3499 1379 igno-

1910 1391 2089 1446 rantia
2122 1392 2402 1461 praedictis
2445 1395 2621 1453 tribus
2651 1400 3163 1468 perturbationibus
3206 1402 3391 1479 abdita
3441 1414 3497 1456 et

1908 1477 2211 1533 occultata.

1982 1570 2071 1625 l8.
2100 1571 2433 1629 Condendus
2461 1588 2747 1644 supererat
2778 1580 2964 1645 homo,
3004 1583 3191 1637 mundi
3225 1583 3386 1651 hujus
3406 1584 3495 1640 ιιι-

1912 1660 2130 1718 ferioris
2162 1678 2292 1733 pars
2325 1666 2580 1720 nobilior.
2615 1665 2929 1723 Fabricavit
2972 1671 3119 1728 hunc
3165 1674 3493 1743 Demiurgus

1908 1768 1974 1806 ex
2007 1752 2152 1809 fusili
2189 1770 2252 1809 ac
2279 1754 2441 1809 liuida
2477 1757 2819 1829 substantia;
2862 1771 2916 1817 et
2947 1763 3034 1818 hic
3071 1764 3233 1819 homo
3260 1766 3490 1820 choicus

1909 1860 2003 1899 seu
2034 1853 2306 1913 terrenus,
2338 1850 2391 1903 in
2429 1865 2590 1920 quem
2626 1852 2929 1909 insulﬂatus
2961 1856 3217 1911 animalis
3250 1866 3307 1911 ut
3338 1858 3493 1912 sinti-

1908 1941 2191 1997 litudinem
2219 1953 2271 1998 et
2296 1944 2591 2015 imaginem
2626 1946 2906 2002 Creatoris
2926 1948 3492 2006 exhiberet.Circum-

1907 2033 2082 2102 posita
2115 2034 2241 2088 dein
2269 2043 2489 2090 terreno
2518 2037 2748 2105 pellicea
2782 2041 2985 2105 tunica,
3020 2042 3122 2097 hoc
3151 2051 3257 2107 est,
3288 2058 3490 2112 corpus

1907 2125 2051 2193 quod
2094 2126 2145 2179 in
2197 2140 2421 2181 sensum
2448 2129 2615 2181 cadit.
2648 2127 2847 2184 Parum
2895 2140 3033 2199 erat,
3075 2134 3184 2188 nisi
3225 2134 3492 2203 spiritalis

1908 2216 2091 2283 homo,
2125 2218 2299 2272 inscio
2354 2219 2669 2288 Demiurgo,
2707 2236 2811 2274 una
2863 2236 2987 2275 cum
3030 2225 3197 2293 ipsius
3250 2226 3484 2283 insufﬂa-

1909 2308 2053 2363 tione
2083 2310 2367 2377 inspcrsus
2406 2326 2435 2363 a
2468 2310 2641 2365 Matre
2668 2311 2888 2368 fuisset.
2935 2315 3133 2369 Semen
3169 2318 3301 2374 illud
3329 2323 3491 2389 spiri-

1908 2400 2013 2455 tale
2037 2410 2140 2465 est,
2175 2403 2318 2469 quod
2346 2416 2415 2455 ex
2455 2402 2768 2471 angelorum
2815 2406 3273 2474 contemplatione
3300 2422 3488 2477 protu-

1903 2491 1968 2547 lit
1991 2495 2320 2557 Achamoth,
2355 2495 2564 2548 dictum
2613 2495 2748 2549 alias
2774 2495 3045 2561 Ecclesia,
3077 2501 3360 2569 speculum
3390 2519 3487 2557 su~

1904 2586 2138 2654 perint-is
2189 2585 2466 2639 Ecclesiae.
2500 2585 2718 2655 Triplex
2784 2586 2951 2655 igitur
3005 2588 3057 2641 in
3103 2604 3212 2645 uno
3268 2590 3507 2646 homine

1909 2678 2095 2741 homo,
2130 2695 2223 2733 seu
2252 2689 2363 2734 tres
2396 2680 2559 2733 unius
2603 2677 2960 2749 ejusdemque
3006 2681 3244 2737 hominis
3282 2695 3487 2753 partes,

1906 2770 2226 2835 materialis,
2277 2769 2531 2824 animalis
2574 2780 2626 2824 et
2678 2771 2965 2840 spiritalis,
3012 2790 3245 2843 quarum
3302 2776 3489 2847 dispar

1904 2879 2023 2918 sors
2054 2874 2108 2916 ct
2132 2866 2333 2918 exitus.
2362 2863 2526 2917 Prior
2546 2863 2690 2916 omni
2725 2866 3267 2935 incorruptibilitatis
3298 2866 3488 2923 alllatu

1904 2959 2224 3019 destitutus,
2268 2955 2579 3009 necessario
2616 2957 2789 3025 perit;
2837 2960 3112 3026 posterior
3155 2962 3489 3030 quibuscun-

218 3040 332 3103 bit;
387 3058 578 3097 caecus
635 3054 817 3100 tamen
850 3050 978 3118 (hoc
1008 3054 1275 3125 stupeas),
1327 3064 1384 3109 et
1436 3058 1565 3126 quid
1614 3058 1869 3127 ager-etc
1904 3063 2008 3116 que
2062 3049 2280 3101 tandem
2312 3046 2531 3117 ﬂagitiis
2561 3064 2625 3103 ac
2672 3048 2976 3106 sceleribus
3024 3068 3144 3107 sese
3188 3055 3483 3124 mancipet,

224 3134 455 3189 nescius.
486 3138 561 3190 At
588 3138 732 3191 clam
766 3142 987 3207 regebat
1011 3143 1202 3213 Mater,
1224 3148 1325 3200 sub
1356 3148 1652 3204 Salvatoris
1684 3167 1802 3205 mo-

221 3226 534 3293 deramine,
584 3244 698 3299 quo
757 3232 1053 3304 instigante
1119 3239 1420 3305 superioris
1473 3241 1799 3298 Pleromatis

221 3319 503 3386 imaginem
537 3330 597 3374 et
631 3320 719 3377 hic
746 3326 979 3393 exprimi
1020 3329 1259 3385 curavit.
1290 3331 1596 3388 Achamoth
1624 3335 1797 3405 siqui-

222 3410 331 3462 dem
374 3411 683 3481 Demiurgo
708 3416 899 3485 ignota
946 3418 1203 3490 Bythum,
1236 3425 1564 3497 Demiurgus
1591 3427 1795 3495 Unige-

222 3502 412 3567 nitmn,
446 3506 634 3574 angeli
679 3517 733 3561 et
788 3511 1104 3581 archangeli
1153 3530 1182 3569 a
1246 3516 1538 3588 Demiurgo
1591 3523 1795 3577 conditi

218 3607 435 3652 ceteros
464 3598 675 3655 .‘Eones
718 3603 1048 3663 referebant.
1082 3607 1173 3664 Sic
1212 3610 1393 3681 itaque
1424 3622 1634 3670 tantum
1664 3631 1798 3686 opus

219 3689 437 3744 molitur
486 3693 698 3749 inscius
748 3696 839 3751 ille
898 3697 1243 3772 Demiurgus.
1299 3704 1580 3773 Separatis
1630 3719 1795 3777 atque

219 3781 509 3851 distinctis,
542 3787 813 3844 hactenus
847 3792 1080 3849 confuse
1126 3797 1425 3865 permistis,
1476 3802 1697 3857 animali
1743 3812 1796 3858 et

216 3893 241 3925 ιι
265 3877 479 3930 ateriali
511 3881 776 3946 essentia,
810 3897 875 3935 ex
910 3884 976 3938 iis
1015 3887 1255 3942 coelestia
1302 3891 1463 3946 simul
1490 3904 1545 3947 et
1578 3903 1792 3950 terrena

213 3971 491 4035 condidit;
526 3972 923 4045 fabricatisque
963 3989 1171 4048 septem
1209 3983 1363 4039 caelis
1398 3974 1561 4054 (qu'os
1585 3987 1792 4043 intelli-

208 4066 386 4129 gentia
426 4066 717 4134 praeditos,
751 4068 862 4123 imo
887 4080 942 4124 et
969 4073 1188 4142 angelos
1226 4088 1345 4129 esse
1377 4078 1673 4151 volebant),
1707 4097 1795 4137 se-

209 4159 323 4211 dem
354 4150 464 4213 sib'i
491 4175 660 4229 supra
690 4163 982 4227 septimum
1014 4164 1233 4236 delegit,
1258 4168 1430 4225 Matre
1457 4174 1790 4241 superiorem

209 4250 379 4303 locum
405 4263 744 4321 occupante,
783 4257 1025 4311 medium
1055 4260 1203 4314 inter
1249 4248 1499 4317 Pleroma
1542 4276 1601 4318 et
1638 4265 1791 4320 Murt-

208 4346 348 4397 dum.
409 4345 721 4414 Eapropter
768 4348 860 4403 ille
911 4350 1087 4405 dictus
1135 4361 1220 4407 est
1274 4353 1619 4420 Hebdomas,
1672 4359 1787 4414 haec
1821 4395 1863 4448 ο

206 4436 419 4504 Ogdoas
455 4455 475 4491 :
509 4452 622 4505 quo
648 4453 906 4506 suprema
930 4442 1018 4496 illa
1049 4459 1111 4499 ac
1138 4446 1437 4516 primigena
1464 4448 1786 4505 Pleromatis

206 4529 407 4596 ogdoas
439 4532 957 4598 exprimeretur.At
985 4538 1178 4606 supina
1214 4540 1487 4611 Demiurgi
1516 4544 1787 4611 ignoratio

208 4621 501 4674 immanem
533 4624 745 4689 peperit
766 4638 1033 4680 errorem.
1059 4626 1193 4681 Cum
1232 4631 1376 4683 enim
1417 4642 1560 4687 tanta
1593 4636 1785 4688 condi-

208 4713 391 4776 disset,
450 4730 556 4769 nec
601 4717 870 4784 spiritalia
906 4720 1178 4790 attingere
1217 4723 1434 4788 valeret,
1480 4725 1563 4779 sui
1617 4727 1786 4795 ipsius

209 4822 269 4857 ac
302 4808 515 4869 matris,
545 4810 720 4863 multo
740 4812 914 4881 magis
951 4814 1245 4882 superioris
1281 4815 1603 4873 Pleromatis
1639 4822 1787 4889 igna-

208 4912 321 4961 rus,
352 4915 410 4953 se
440 4901 623 4953 solqu
650 4917 772 4956 esse
820 4903 986 4959 Deum
1034 4907 1390 4973 existimavit,
1420 4924 1484 4964 ac
1516 4926 1615 4981 per
1654 4928 1784 4980 pro-

208 4991 389 5054 phetas
436 4993 580 5046 dixit
622 5012 636 5047 :
686 4991 800 5063 Ego
854 4994 1025 5060 Deus,
1071 5008 1121 5052 et
1177 5008 1370 5067 prwter
1419 5019 1501 5057 me
1556 5020 1662 5059 non
1708 5016 1784 5060 est

206 5084 336 5138 alia;
363 5086 431 5137 “.
458 5084 571 5138 Sed
605 5088 671 5140 ad
712 5105 825 5144 rem
854 5092 1156 5149 redeamus.

268 5179 350 5231 l7.
395 5180 673 5245 Quoniam
711 5184 1012 5240 materialis
1032 5187 1269 5242 essentia
1309 5190 1583 5247 extribus
1638 5192 1778 5247 al'l'e-

206 5276 375 5329 ctibus
395 5276 641 5330 conﬂata
670 5289 812 5342 erat,
842 5293 909 5332 ex
943 5293 1109 5349 metu,
1137 5294 1373 5339 maerore
1391 5295 1446 5339 et
1473 5286 1779 5353 anxietate;

203 5383 261 5419 ex
288 5379 433 5423 metu
464 5379 521 5424 et
555 5372 919 5425 conversione
944 5387 1008 5427 ea
1042 5376 1247 5440 omnia,
1278 5392 1399 5447 quae
1433 5379 1615 5432 anima
1645 5395 1783 5447 prae-

205 5458 300 5510 dita
349 5469 502 5524 sunt,
528 5469 917 5530 coagmentata
940 5462 1198 5529 fuerunt;
1232 5465 1559 5536 Demiurgus
1583 5481 1780 5535 nempe

204 5563 256 5599 ex
288 5551 673 5615 conversione,
708 5566 778 5606 ex
804 5561 951 5608 metu
976 5554 1237 5626 quidquid
1261 5556 1531 5625 reliquum
1555 5566 1638 5615 est
1660 5559 1780 5613 ani-

264 5728 305 5757 ”
330 5726 436 5780 lsa.
493 5740 623 5793 va,
651 5725 747 5781 22.

1902 3149 2110 3193 certam
2143 3140 2374 3193 salutem
2436 3140 2668 3207 recipit;
2700 3143 2987 3211 animalis,
3020 3146 3165 3198 inter
3193 3156 3486 3215 tttrumqtt':

1904 3233 2133 3295 medius,
2169 3232 2252 3286 vel
2305 3235 2639 3299 materialis,
2666 3235 2749 3288 vel
2789 3235 3273 3303 spiritalisexitum
3316 3239 3486 3292 sorti-

1902 3335 2009 3392 tur,
2036 3338 2196 3396 prout
2226 3328 2310 3381 Vel
2345 3328 2397 3380 in
2438 3328 2601 3391 hanc,
2630 3327 2712 3381 vel
2738 3328 2790 3382 in
2818 3327 2964 3382 illam
2992 3339 3203 3397 partem
3238 3329 3483 3385 declina-

1900 3420 2062 3474 verit.
2099 3417 2165 3473 Ut
2204 3431 2385 3473 autem
2421 3420 2509 3475 hic
2543 3420 2775 3475 salutem
2804 3420 3232 3489 adipisceretur,
3256 3425 3489 3479 sensibi-

1900 3515 2043 3570 libus
2089 3512 2397 3583 disciplinis
2447 3513 2758 3582 indigebat,
2798 3528 2864 3568 ac
2906 3513 3135 3582 proinde
3193 3510 3483 3569 Salvatore

1900 3606 1988 3661 hic
2014 3621 2149 3676 opus
2203 3615 2345 3660 erat.
2382 3603 2488 3661 Sed
2525 3605 2712 3674 quali?
2753 3606 2853 3671 Qui
2895 3605 2997 3659 sibi
3030 3607 3484 3661 accommodatus

1897 3708 2063 3762 esset,
2094 3697 2312 3751 animali
2345 3696 2601 3750 nimirum
2644 3707 2699 3750 et
2739 3696 2998 3767 spiritali,
3020 3713 3253 3767 corpore
3292 3707 3479 3753 tamen

1899 3792 2119 3857 induto,
2151 3801 2208 3845 ut
2237 3791 2489 3846 sensibus
2530 3800 2761 3859 pateret.
2810 3790 3093 3846 Materiale
3126 3799 3306 3846 autem
3346 3793 3479 3858 nihil

1896 3885 2138 3953 suscepit
2162 3923 2178 3949 ,
2204 3900 2264 3939 ea
2292 3884 2438 3937 enim
2472 3882 2739 3937 duntaxat
2767 3884 3081 3953 assumpsit,
3114 3885 3309 3953 quibus
3337 3884 3482 3940 salu-

1901 3986 2007 4032 tem
2032 3979 2409 4047 impertiturus
2438 3986 2592 4032 erat:
2626 3987 2683 4030 at
2725 3978 2955 4031 materia
2987 3976 3179 4032 salutis
3223 3977 3478 4045 incapax.

1894 4068 1999 4123 Per
2040 4067 2263 4121 Mariam
2310 4068 2433 4136 ille,
2486 4070 2710 4139 perinde
2746 4078 2911 4138 atque
2951 4083 3093 4137 aqua
3133 4083 3231 4137 per
3262 4068 3478 4133 tubum,

1896 4162 2272 4229 transmeavit,
2298 4163 2365 4217 ab
2383 4178 2445 4216 ea
2472 4163 2609 4216 nihil
2639 4161 2937 4232 quidquam
2960 4162 3238 4229 accipiens
3266 4177 3280 4225 ;
3310 4171 3475 4232 atque

1895 4251 1949 4307 in
1966 4252 2301 4320 ipsum,cum
2318 4251 2572 4319 baptismi
2596 4265 2733 4319 aqua
2761 4251 3083 4320 tingeretur,
3100 4249 3261 4306 Jesus
3280 4250 3367 4306 ille
3380 4265 3475 4305 seu

1894 4344 2170 4407 Salvator,
2208 4344 2303 4412 qui
2350 4343 2417 4397 de
2470 4341 2781 4396 Pleromate
2825 4354 2975 4407 erat,
3010 4352 3064 4397 et
3104 4359 3174 4398 ex
3221 4345 3477 4398 omnibus

1893 4448 2071 4491 ortum
2107 4445 2372 4501 traxerat,
2405 4436 2505 4490 sub
2544 4436 2814 4490 columba:
2854 4438 3027 4491 forma
3059 4436 3361 4490 descendit.
3407 4436 3477 4490 Ut

1890 4532 2024 4585 adeo
2070 4530 2334 4584 Dominus
2386 4537 2576 4583 noster
2610 4544 2679 4583 ex
2736 4538 2972 4598 quatuor
3014 4530 3163 4583 hisce
3207 4527 3477 4582 conflatus

1890 4631 2056 4685 esset,
2088 4636 2155 4675 ex
2212 4620 2495 4691 spiritali,
2545 4623 2689 4689 quod
2740 4620 2808 4674 ab
2851 4619 3153 4673 Achamoth
3205 4628 3366 4673 erat:
3408 4635 3475 4672 ex

1890 4711 2137 4777 animali,
2191 4712 2333 4783 quod
2384 4728 2415 4768 a
2462 4712 2790 4782 Demiurgo;
2853 4726 2920 4766 ex
2964 4725 3225 4779 corpore,
3263 4712 3408 4780 quod
3445 4728 3474 4763 a

1890 4806 2331 4875 dispensatione;
2366 4821 2436 4861 ex
2465 4804 2757 4860 Salvatore
2807 4818 3049 4864 acutum,
3089 4804 3235 4872 quod
3264 4814 3383 4858 erat
3411 4820 3473 4859 ea

1890 4912 2009 4968 quze
2039 4900 2323 4953 descendit
2368 4898 2422 4952 in
2461 4898 2610 4952 illum
2665 4897 2942 4951 columba.
2985 4896 3064 4950 Ex
3092 4899 3296 4966 quibus
3327 4898 3475 4951 solus

1887 4989 2186 5060 psychicus
2203 5005 2405 5058 passus
2431 4998 2517 5044 est
2554 4990 2831 5054 Christus,
2866 4997 2923 5043 et
2951 4989 2997 5043 is
3027 4989 3118 5059 qui
3155 5005 3222 5043 ex
3254 4989 3474 5056 dispen-

1886 5084 2097 5139 satione
2146 5085 2377 5155 mystico
2422 5083 2583 5137 modo
2629 5084 2886 5138 conditus
2914 5081 3469 5150 fuerat:perpessio-

1886 5179 1971 5234 nis
2022 5180 2343 5248 expertibus
2395 5176 2741 5233 manentibus
2789 5176 3096 5239 Salvatore,
3127 5185 3182 5227 et
3239 5174 3470 5244 spiritali

1885 5273 2123 5333 Christo,
2161 5281 2217 5325 et
2237 5286 2266 5323 a
2296 5271 2527 5325 Domino
2558 5269 2913 5323 avolantibus
2952 5282 3074 5321 cum
3100 5266 3277 5320 Pilato
3307 5266 3469 5319 siste-

1885 5375 2056 5420 retur.
2108 5364 2200 5418 Sic
2233 5374 2345 5418 tota
2390 5363 2587 5418 salutis
2617 5371 2820 5417 nostra:
2850 5361 3183 5425 teconomia,
3210 5368 3267 5413 et
3296 5360 3472 5427 quod.

1883 5472 2099 5527 cunque
2149 5458 2217 5511 de
2269 5455 2430 5511 Verbi
2476 5456 2645 5510 divini
2695 5454 3101 5517 lncarnatione,
3151 5452 3471 5519 Christique

1883 5550 2117 5618 meritis,
2151 5558 2328 5605 morte
2357 5557 2409 5604 et
2435 5547 2814 5605 satisfactione
2842 5547 2978 5603 fides
3010 5548 3190 5612 docet,
3219 5546 3271 5598 in
3296 5542 3471 5598 ariles
