3954 6352
468 284 538 338 ‘59
1280 279 1878 337 DISSERTATIONES
1914 280 2051 335 PRA

2157 279 2220 337 ,Ε
2262 278 2329 334 ΙΝ
2360 278 2628 337 ῘΒΕΝᾹΞΙ
2668 280 2941 338 LIBROS.
3679 295 3755 351 ιο

469 398 684 457 fabulas
707 398 1048 470 ridiculaque
1076 410 1387 456 commenta
1416 410 1589 456 totum
1620 402 1754 457 abit.
1788 402 1895 457 Sed
1928 402 2053 456 andi
2086 405 2132 462 Α
2162 400 2307 454 unde
2344 398 2730 470 proﬂuxerint,
2766 401 3152 471 inquirendum
3185 364 3455 473 superest.
3478 401 3555 461 Ac
3572 410 3755 478 primo

470 506 687 553 cetera.

543 590 633 645 l9.
685 587 906 659 Triplex
959 586 1239 641 hominum
1278 603 1450 658 genus
1501 589 1909 646 Valentinianus
1939 593 2053 647 dis-

470 682 699 736 tinxisse
739 682 850 751 jam
902 682 1255 735 notavimus:
1319 683 1596 747 choicum,
1624 683 1766 752 quod
1817 684 2051 741 salutem

469 776 749 846 percipere
780 775 933 829 nullo
978 776 1139 829 modo
1169 776 1355 841 valet;
1387 777 1643 844 animale,
1690 779 1836 846 quod
1876 781 2053 849 perci-

466 884 595 936 pere
618 877 834 939 potest,
864 868 949 922 vel
996 885 1099 921 non
1139 878 1342 938 potest,
1385 880 1549 939 prout
1601 871 1758 926 bonis
1785 872 1868 929 vel
1893 874 2052 927 malis

467 962 798 1027 adhceserit;
825 961 1077 1030 spiritale
1099 962 1515 1032 denique,qnod
1541 980 1569 1016 a
1600 964 1777 1018 salute
1799 965 2053 1021 excidere

466 1071 747 1126 nunquam
805 1062 1006 1124 potest.
1038 1053 1122 1107 Ad
1168 1054 1465 1108 secundum
1522 1070 1693 1124 genus
1741 1056 2051 1112 Catholicos

468 1150 820 1206 revocabant.
854 1148 951 1202 llis
992 1146 1153 1201 ﬁdem
1196 1154 1250 1199 et
1300 1147 1440 1201 bona
1480 1162 1683 1214 npera,
1722 1157 1783 1201 ut
1814 1150 2048 1204 salutem

462 1246 923 1312 adipiscerentur,
956 1243 1271 1299 necessaria
1292 1256 1416 1296 esse
1442 1241 1692 1297 dicebant
1718 1258 1733 1308 ;
1766 1243 1868 1298 sibi
1895 1259 2045 1310 vero,

461 1336 555 1406 qui
606 1337 675 1389 ad
708 1337 930 1390 tertium
978 1350 1151 1407 genus
1192 1335 1567 1405 pertinebant,
1619 1335 1956 1406 spiritalibus
1994 1347 2049 1393 et

465 1424 743 1495 perfectis,
788 1438 980 1497 utpote
1029 1427 1265 1497 spiritali
1294 1428 1505 1484 semine
1532 1427 1831 1484 Achamoth
1863 1430 2050 1485 fecun-

464 1517 630 1580 datis,
662 1517 776 1571 hrec
809 1516 1082 1587 superﬂua
1102 1532 1228 1572 esse
1250 1518 1572 1587 iactabant;
1601 1532 1723 1572 eam
1748 1519 1893 1573 enim
1927 1534 2050 1576 esse

463 1606 787 1675 spiritalium
823 1607 1104 1662 hominum
1142 1617 1419 1674 naturam,
1453 1619 1532 1676 ut,
1567 1610 1828 1681 quidquid
1861 1625 2047 1683 agant,

464 1698 965 1769 incorruptionem
1018 1710 1074 1756 et
1113 1701 1395 1755 interitum
1445 1704 1645 1757 cedere
1698 1702 1846 1758 nullo
1889 1705 2049 1759 modo

464 1792 715 1860 possint:
751 1806 929 1864 neque
955 1794 1102 1847 enim
1146 1795 1393 1850 actiones
1439 1796 1650 1851 aditum
1691 1795 1759 1851 ad
1802 1795 2051 1853 Pleroma

468 1887 708 1951 munire,
739 1886 835 1940 sed
887 1884 1066 1941 solum
1120 1886 1368 1958 spiritale
1412 1902 1620 1944 semen.
1650 1887 1719 1944 Et
1749 1889 1889 1945 lhinc
1925 1904 2056 1946 con-

463 1976 656 2033 l’ractis
681 1980 939 2034 omnibus
994 1981 1271 2047 claustris,
1303 1984 1371 2037 ad
1411 1984 1621 2039 scelera
1668 1985 1897 2056 quaevis,
1931 2002 2053 2040 om-

464 2071 665 2140 niaque
696 2072 950 2126 vitiorum
995 2088 1196 2141 genera
1235 2074 1503 2129 latissima
1530 2073 1675 2130 facta
1716 2077 1827 2131 via.
1854 2077 1911 2131 In
1961 2093 2055 2131 cu-

463 2163 668 2217 mulum
702 2166 935 2219 accessit
964 2175 1019 2218 et
1062 2166 1189 2219 illud
1218 2167 1550 2236 principium
1585 2183 1693 2222 non
1738 2168 1918 2224 minus
1944 2170 2055 2223 exi-

466 2256 667 2309 tiosum
689 2297 704 2322 ,
736 2258 946 2309 animas
975 2256 1238 2325 quasdam
1266 2267 1463 2311 natura
1497 2257 1667 2313 bonas
1700 2274 1819 2315 esse
1842 2302 1857 2325 ,
1888 2275 2055 2330 quas-

462 2347 585 2399 dam
638 2357 833 2399 natura
889 2348 1086 2399 malas.
1139 2346 1316 2400 Bonas
1363 2348 1579 2416 quidem
1623 2364 1717 2402 eas
1760 2365 1902 2414 esse,
1931 2366 2055 2421 quae

462 2440 688 2495 seminis
711 2455 943 2509 capaces
971 2439 1180 2494 effectae
1210 2440 1355 2506 sint;
1383 2456 1475 2495 eas
1508 2452 1688 2496 autem
1718 2458 1837 2511 quae
1858 2453 2052 2500 natura

463 2534 623 2587 make
668 2542 817 2598 sunt,
867 2534 940 2587 ita
992 2549 1113 2589 esse
1159 2547 1529 2604 comparatas,
1580 2546 1640 2589 ut
1686 2552 1874 2591 semen
1920 2537 2053 2592 illud

468 2641 745 2694 nunquam
775 2627 1063 2695 recipiant.
1097 2628 1252 2695 Quod
1306 2629 1591 2699 gentilium
1636 2628 1806 2682 fatum
1835 2630 2055 2683 induce-

468 2718 585 2769 hat.
637 2717 701 2770 Et
741 2718 867 2773 inde
906 2721 1072 2772 etiam
1127 2721 1455 2775 latissimum
1506 2722 1851 2776 intervallum
1911 2722 2055 2791 quod

464 2806 789 2863 Catholicos
842 2810 909 2864 ab
965 2811 1031 2865 iis
1082 2811 1634 2884 Pseudospirilalibns
1691 2813 2052 2883 disjungehat,

467 2916 572 2952 non
610 2910 821 2954 tantum
849 2903 995 2970 quod
1033 2903 1159 2958 illos
1204 2904 1491 2969 animales,
1513 2920 1572 2959 se
1598 2920 1729 2959 vero
1759 2905 2054 2975 perfectos,

463 2986 737 3054 spiritales
781 3002 846 3042 ac
907 2990 1122 3044 semina
1166 2992 1456 3049 electionis
1485 2996 1719 3064 superbe
1762 3007 2053 3063 vocarent;

2155 495 2373 564 quidem
2426 511 2598 552 vanas
2649 496 2788 552 Galli
2830 496 3114 567 cujusdam
3172 498 3498 555 recentioris
3556 501 3752 571 conje-

2155 588 2424 642 ctationes
2484 602 2592 642 non
2649 603 2853 651 moror,
2894 587 2985 658 qui
3038 596 3100 641 ut
3132 587 3485 645 Valentinum
3517 591 3754 662 ejusque

2156 680 2453 750 discipulos
2492 680 2544 733 in
2593 682 2871 750 plerisque
2918 680 3182 737 doctrinae
3225 696 3340 738 sute
3381 683 3657 753 capitibus
3680 685 3753 738 ab

2156 773 2349 827 hmresi
2382 774 2646 840 vindicet,
2675 773 2936 845 mysticos
2965 776 3228 845 quosdam
3265 790 3457 831 sensus
3484 776 3585 831 sub
3611 778 3750 831 aeni-

2155 866 2399 935 gmatico
2422 868 2716 921 verborum
2743 868 2955 922 cortice
2970 867 3380 932 delitescentes,
3409 868 3623 937 sibique
3648 869 3752 924 soli

2155 960 2432 1015 revelatos
2459 959 2757 1014 extrahere
2779 967 3030 1024 conatur,
3063 974 3126 1014 ac
3163 959 3430 1014 mendacii
3486 960 3751 1033 probrum

2156 1051 2435 1106 veteribus
2491 1052 2745 1111 omnibus
2795 1051 3047 1106 Patribus
3090 1052 3146 1105 in
3183 1065 3247 1105 os
3312 1052 3606 1121 ingerere,-
3637 1052 3752 1106 imo

2150 1153 2207 1199 et
2254 1158 2351 1199 eos
2399 1144 2674 1198 interdum
2732 1145 3046 1214 imposturte
3093 1158 3349 1214 arguere,
3400 1145 3751 1214 absurdaqne

2154 1234 2426 1293 Valentini
2471 1237 2538 1291 de
2595 1236 2759 1291 Verbi
2799 1236 3158 1307 generatione
3200 1246 3509 1292 commenta
3559 1240 3747 1293 aureis

2149 1330 2445 1386 Athanasii
2498 1339 2551 1384 et
2600 1329 2796 1384 Hilarii
2844 1331 3288 1400 expressionibus
3320 1331 3479 1402 longe
3515 1342 3751 1401 antepo-

2151 1437 2281 1479 nere
2299 1437 2405 1477 non
2437 1431 2678 1477 veretur.
2700 1418 2825 1474 Nm!
2862 1422 3272 1493 sagaeissimum
3294 1424 3593 1489 hominem,
3627 1425 3752 1493 qui,

2150 1525 2275 1586 post
2314 1515 2629 1587 quindecim
2666 1514 2895 1570 circiter
2922 1516 3117 1570 saecula
3138 1555 3155 1580 ,
3183 1516 3235 1571 id
3270 1518 3373 1572 sibi
3403 1516 3751 1572 notissimum

2156 1616 2332 1679 putet,
2386 1606 2530 1676 quod
2576 1605 2769 1661 Patres
2815 1606 3088 1662 haereticis
3121 1608 3229 1663 illis
3254 1619 3349 1663 aut
3391 1622 3604 1665 coaevos
3651 1620 3755 1663 aut

2154 1714 2422 1769 suppares
2452 1698 2609 1769 fugit.
2634 1698 2762 1755 Hzec
2791 1698 2933 1755 forte
2968 1700 3304 1756 Achammha
3339 1701 3608 1771 quapiam
3639 1699 3757 1754 Ila-

2158 1800 2241 1845 ter
2272 1804 2303 1846 e
2336 1791 2552 1861 sepulto
2591 1790 2797 1847 dudum
2846 1791 3122 1848 Valentini
3157 1792 3463 1849 Pleromate
3502 1793 3753 1850 rediviva

2154 1886 2224 1940 ad
2257 1884 2517 1940 neoterici
2553 1883 2700 1938 illius
2746 1897 2910 1939 aures
2956 1883 3346 1950 insusurravit,
3375 1900 3497 1956 quae
3519 1884 3619 1941 soli
3664 1885 3752 1940 illi

2154 1972 2338 2029 {erant
2374 1974 2468 2045 qui
2500 1972 2746 2043 ejusdem
2773 1973 2967 2031 Matris
2996 1975 3206 2032 semine
3235 1976 3467 2046 inspersi
3493 1975 3703 2031 fuerint
3730 1994 3747 2039 ;
3804 2038 3809 2049 η,

2155 2066 2453 2136 ειριοάιιιιῑ
2481 2081 2612 2123 vero
2644 2068 2959 2137 quicunque
3000 2068 3167 2124 sobrii
3192 2068 3501 2123 veneranda
3553 2065 3751 2122 Bisto-

2158 2160 2252 2213 τίω
2285 2158 2445 2213 simul
2506 2173 2572 2214 ac
2617 2152 2934 2216 traditionis
2973 2159 3358 2216 ecclesiasticae
3392 2159 3752 2216 fundamenta

2156 2266 2424 2305 concussa
2457 2266 2568 2306 non
2596 2251 2789 2307 velint.
2853 2296 2859 2304 .

2224 2341 2314 2396 2|.
2351 2341 2464 2397 Nec
2493 2342 2668 2413 magis
2690 2341 2942 2398 audiendi
2970 2343 3087 2413 qui,
3136 2351 3194 2397 ut
3241 2341 3482 2398 Joannes
3511 2341 3753 2396 Franci-

2159 2450 2286 2490 scus
2320 2435 2605 2500 Bnddaeus,
2628 2437 2740 2507 jam
2776 2437 2998 2496 citatus,
3029 2437 3082 2490 in
3112 2452 3209 2491 sua
3242 2438 3309 2491 de
3335 2434 3751 2492 baeresiValen-

2159 2526 2367 2580 tiniana
2427 2525 2837 2592 Dissertatione,
2888 2527 3395 2581 Valentinianorum
3440 2527 3639 2595 placita
3675 2540 3749 2581 ex

2158 2617 2499 2689 philosophia
2566 2618 2915 2674 Hebraeorum
2987 2618 3356 2674 KabhaliStiea
3426 2620 3747 2684 derivant;

2157 2725 2353 2779 eaque,
2408 2721 2468 2764 ut
2526 2710 2824 2773 emolliant,
2887 2712 2954 2764 ad
3006 2713 3317 2766 reconditos
3369 2712 3556 2765 nescio
3606 2726 3754 2780 quos

2160 2817 2352 2857 sensus
2383 2804 2735 2871 detorquent,
2762 2813 3005 2857 veterum
3037 2805 3255 2873 scriptis
3284 2804 3393 2858 vim
3422 2803 3749 2873 inlerentes,

2160 2895 2271 2951 imo
2304 2895 2566 2949 invidiam
2607 2908 2811 2953 temere
2861 2899 3152 2954 facientes.
3202 2897 3275 2951 lis
3305 2899 3451 2952 enim
3493 2897 3749 2952 auctori-

2162 2989 2263 3042 bus
2302 2988 2351 3042 id
2399 2990 2570 3058 gratis
2608 3006 2922 3061 supponere
2953 2992 3175 3061 placuit,
3226 2990 3370 3060 quod
3410 2991 3478 3043 ab
3513 2990 3633 3060 ipso
3680 2989 3751 3044 li-

462 3076 557 3130 sed
579 3076 725 3148 quod
755 3078 955 3133 vellent
980 3097 1079 3136 nos
1109 3083 1160 3136 in
1192 3085 1417 3153 ancipiti
1450 3101 1547 3139 usu
1593 3086 1821 3156 gratiam
1856 3086 1936 3142 sic
1962 3102 2051 3145 ac-

2162 3080 2309 3135 mine
2335 3083 2679 3151 probandum
2711 3092 2855 3145 erat,
2884 3081 3186 3138 Kabbalam
3212 3083 3388 3152 primo
3415 3093 3469 3137 et
3499 3082 3750 3138 secundo

462 3163 666 3229 cipere,
711 3172 771 3218 ut
799 3181 859 3219 ea
894 3168 1053 3223 nobis
1090 3170 1460 3238 adimeretur;
1488 3190 1547 3229 se
1587 3190 1716 3230 vero
1747 3177 1895 3231 illam
1924 3193 2050 3249 pro-

464 3255 588 3322 prio
615 3256 781 3311 veluti
808 3258 931 3327 jure
971 3261 1045 3314 ita
1080 3264 1384 3329 possidere,
1414 3276 1473 3319 ut
1520 3282 1738 3337 semper
1772 3284 2051 3324 accresce-

464 3356 572 3408 ret,
590 3346 937 3404 decresceret
960 3368 1265 3423 nunquam,
1291 3366 1385 3409 aut
1412 3357 1677 3412 emueret.
1708 3359 1777 3413 At
1801 3374 2048 3428 quaenam

464 3437 793 3505 spiritalium
828 3443 1055 3497 istorum
1086 3448 1303 3515 gratia?
1330 3450 1459 3518 quid
1507 3451 1754 3520 spiritale
1793 3452 1922 3507 illud
1966 3469 2053 3509 se-

462 3532 632 3586 men?
660 3534 808 3587 aliud
841 3538 979 3590 nihil
1010 3554 1172 3607 quam
1208 3541 1473 3610 Spiritalis
1522 3545 1751 3614 agnitio,
1783 3562 2051 3617 superno-

463 3639 584 3677 rum
619 3624 947 3681 Pleromatis
977 3644 1306 3686 arcanorum
1342 3634 1597 3701 scientia,
1629 3652 1734 3706 qna
1770 3648 2052 3712 tantopere

461 3716 1061 3792 gloriabantur,etqua
1082 3725 1185 3779 sibi
1207 3724 1591 3783 Gnoslicorum
1637 3747 1833 3787 nomen
1878 3738 2055 3790 ascri«

461 3806 683 3863 b‘ebaut.
725 3810 850 3865 "me
885 3830 912 3865 a
961 3812 1135 3871 Matre
1167 3818 1271 3872 sibi
1310 3818 1504 3884 indita,
1552 3823 1747 3892 pusilla
1776 3827 1998 3895 quidem
2022 3842 2052 3882 e

464 3904 721 3972 supernis
768 3905 926 3961 initio
967 3910 1371 3975 emittitur,hic
1414 3923 1595 3969 autem
1630 3918 1889 3986 paulatim
1923 3921 2053 3974 ado-

461 3993 635 4049 lescat
658 4006 712 4049 et
748 3998 1068 4065 perﬁciatur
1091 4016 1312 4058 necesse
1342 4012 1445 4059 est.
1474 4005 1608 4061 Cum
1644 4018 1826 4063 autem
1864 4026 2053 4065 nume—

464 4086 541 4139 ris
572 4087 829 4142 omnibus
874 4089 1122 4147 absoluta
1170 4094 1363 4163 fuerit,
1403 4101 1930 4156 consummationem
1972 4104 2055 4155 fn-

466 4188 645 4232 turam
679 4183 1035 4250 asserebant;
1068 4196 1307 4257 tuncque
1338 4188 1646 4244 Achamoth
1678 4206 1710 4245 e
1745 4192 2054 4248 medietatis

468 4269 584 4324 loco
623 4272 675 4325 in
711 4262 962 4328 Pleroma
988 4277 1369 4347 migraturam,
1392 4296 1592 4349 sponso
1620 4282 1770 4357 [XX]
1799 4301 1897 4341 suo
1929 4286 2053 4341 Sal-

464 4365 637 4418 vatori
679 4375 973 4434 nupturam
1004 4386 1019 4423 :
1051 4369 1329 4438 spiritales
1372 4383 1579 4440 autem,
1612 4378 1809 4431 animis
1842 4378 2052 4431 anima-

2156 3182 2277 3238 post
2309 3172 2585 3227 Christum
2613 3184 2799 3227 uatum
2822 3173 3021 3229 saeculo
3051 3184 3231 3227 notam
3257 3174 3443 3229 fuisse.
3475 3174 3756 3241 Quarnvis

2155 3280 2187 3320 ιι
2209 3264 2415 3321 Christi
2446 3277 2610 3322 aetate
2636 3266 2809 3321 Judaei
2843 3282 2873 3319 a
2920 3281 3049 3320 vera
3082 3276 3300 3337 patrum
3335 3284 3560 3337 suorum
3608 3268 3740 3322 sim-

2154 3361 2401 3431 plicitate
2429 3362 2749 3429 degeneres,
2776 3363 2887 3433 jam
2918 3362 3121 3418 fabulis
3146 3373 3381 3418 mentem
3416 3371 3743 3432 pascereut,

2156 3457 2394 3511 nondum
2432 3466 2610 3508 tamen
2661 3470 2726 3510 eo
2774 3464 2947 3525 usque
2980 3455 3165 3510 delusa
3218 3454 3421 3521 fuerat,
3455 3466 3512 3507 ut
3545 3454 3751 3523 Sepbi-

2155 3546 2357 3601 roticas
2389 3546 2700 3610 chimmras,
2753 3546 3155 3603 Kabbalisticos
3193 3547 3446 3609 mundos,
3492 3546 3751 3599 insanas-

2154 3651 2268 3708 que
2295 3638 2475 3708 potius
2509 3654 2679 3709 quam
2724 3639 2985 3710 mysticas
3029 3639 3340 3694 litterarum
3392 3654 3454 3692 ac
3484 3651 3748 3692 numero-

2156 3744 2276 3784 rum
2332 3729 2754 3800 copulationes,
2817 3730 3153 3800 peperisset,
3215 3730 3415 3799 quibus
3476 3726 3749 3783 ludificati

2157 3819 2518 3881 recentiores,
2544 3819 2682 3873 alios
2716 3819 3061 3888 postmodum
3106 3820 3370 3876 ludiﬁcati
3399 3828 3549 3875 sunt.
3578 3818 3752 3874 Certe

2155 3913 2371 3969 Iustino
2431 3915 2678 3985 martyri,
2727 3913 2974 3983 Origeni,
3018 3913 3373 3986 Hieronymo,
3411 3913 3745 3983 Epiphanio,

2157 4005 2392 4073 aliisque
2434 4005 2692 4061 Patribus
2739 4007 3000 4075 antiquis,
3049 4021 3149 4075 pro
3184 4022 3250 4060 eo
3297 4007 3440 4076 quod
3495 4003 3750 4059 cInnJu-

2157 4100 2286 4155 dmis
2314 4101 2629 4156 intercessit
2670 4101 2802 4169 ipsis
2837 4103 3192 4165 commercio,
3237 4110 3524 4170 perspecta
3558 4108 3614 4152 et
3644 4111 3749 4151 ex-

2157 4194 2367 4262 plorata
2402 4201 2522 4246 erat
2569 4192 2785 4265 illorum
2836 4193 3128 4259 doctrina;
3176 4196 3242 4249 de
3281 4192 3599 4249 nominibus
3643 4187 3745 4245 Dei

2158 4288 2453 4341 secundum
2496 4286 2753 4342 Hebraeos
2788 4288 3059 4342 interdum
3107 4290 3490 4347 disseruerunt
3524 4317 3535 4348 :
3572 4308 3750 4351 vanas

2158 4376 2471 4432 Judzeorum
2501 4379 2847 4441 traditiones,
2877 4380 3160 4449 anilesque
3192 4380 3403 4437 fabulas
3434 4399 3536 4437 non
3574 4389 3749 4443 semel

462 4454 607 4510 libus
660 4466 874 4521 exutos,
909 4460 1255 4531 spiritusque
1304 4464 1671 4535 intelligentes
1700 4467 1908 4534 factos,
1938 4470 2051 4524 Ple-
2087 4452 2131 4507 D
2161 4473 2410 4526 insectati
2436 4482 2594 4535 sunt;
2626 4473 2693 4527 de
2733 4472 3118 4529 Kabbalisticis
3163 4490 3295 4529 vero
3328 4478 3511 4544 nugis,
3548 4489 3604 4533 et
3642 4478 3747 4538 Dei

463 4560 617 4599 roma
648 4548 836 4602 itidem
888 4550 1217 4613 subeuntes,
1254 4552 1308 4607 in
1354 4569 1583 4624 sponsas
1619 4558 1957 4627 assignatum
1985 4560 2050 4613 iri

463 4635 671 4705 angelis
727 4637 1031 4693 Salvatoris
1083 4642 1453 4708 satellitibus;
1501 4646 1851 4717 Demiurgum
1895 4665 2049 4713 vero,

463 4744 586 4783 cum
612 4727 885 4797 justorum
936 4734 1266 4788 animalibus
1310 4739 1511 4791 animis
1546 4738 1599 4792 in
1649 4741 1826 4793 locmn
1862 4740 2052 4797 Matris

461 4822 795 4886 Achamoth,
838 4826 1189 4881 medietatem
1224 4826 1514 4892 videlicet,
1542 4830 1929 4900 migraturum,
1974 4833 2049 4887 ibi

464 4915 692 4981 perenni
745 4916 931 4983 quiete
977 4918 1313 4975 donandum.
1366 4919 1553 4990 Neque
1602 4923 1747 4976 enim
1802 4923 2048 4993 psychiei

462 5005 761 5075 quidquam
809 5009 955 5061 intra
997 5009 1250 5065 Pleroma
1279 5014 1515 5067 admitti.
1547 5013 1684 5067 Tum
1711 5029 1838 5070 vero
1867 5017 2049 5084 ignem

467 5113 618 5162 eum,
659 5102 751 5167 qui
792 5100 843 5154 in
890 5103 1094 5157 mundo
1119 5104 1271 5169 latet,
1316 5114 1661 5175 erupturum,
1693 5107 2054 5178 confectaque

464 5189 614 5243 omni
640 5190 896 5253 materia,
926 5193 1127 5248 mundo
1153 5196 1313 5249 simul
1345 5206 1399 5251 et
1437 5198 1661 5253 ludicra:
1686 5199 1813 5254 huic
1849 5198 2053 5255 Valen-

470 5282 800 5335 tinianorum
827 5282 1024 5338 fabula:
1056 5286 1215 5340 linem
1241 5288 1645 5357 impositurum.

537 5373 628 5428 ‘20.
675 5373 869 5429 Paucis
904 5378 1017 5430 luet:
1047 5381 1316 5448 complesi
1350 5396 1568 5450 smnus;
1600 5385 1760 5453 idque
1790 5387 1925 5442 satis
1949 5402 2050 5458 pro

467 5465 724 5519 instituto
768 5466 891 5520 fuit.
937 5465 1154 5521 Fusiori
1206 5471 1349 5539 stylo
1400 5475 1751 5543 prosequitur
1816 5476 2053 5530 lrenaeus

472 5562 566 5617 lib.
596 5578 780 5633 t,cap.
810 5563 833 5617 l
870 5575 927 5619 et
994 5581 1145 5635 seqq.
1180 5566 1235 5621 Si
1269 5568 1400 5634 quid
1449 5583 1582 5622 vero
1632 5569 1966 5626 dillicultatis
1996 5572 2049 5629 in

469 5656 651 5712 verbis
686 5660 990 5713 occurrerit
1012 5701 1025 5723 ,
1062 5661 1163 5715 hoc
1190 5662 1241 5714 iu
1275 5672 1418 5715 notis
1442 5662 1719 5731 explicare
1749 5663 1931 5717 conati
1956 5679 2051 5718 su-

471 5766 610 5807 mus.
665 5755 781 5816 Quo
821 5752 926 5807 iam
960 5756 1181 5810 tendant
1242 5765 1559 5823 portentosa
1610 5757 1698 5812 illa
1753 5758 2049 5825 deliria,ct

2156 4562 2376 4615 nomine
2407 4577 2505 4632 per
2539 4565 2847 4629 duodecim,
2894 4580 2990 4634 per
3018 4564 3108 4628 42,
3146 4580 3244 4634 per
3285 4565 3354 4618 72
3403 4566 3615 4623 litteras
3647 4583 3751 4624 cx-

2156 4652 2381 4720 plieato,
2417 4653 2650 4725 aliisque
2678 4655 2946 4723 ejusmodi
2986 4657 3196 4723 naaniis,
3232 4671 3301 4711 ne
3334 4660 3499 4712 verbo
3522 4659 3748 4728 quidem

2156 4745 2544 4807 meminerunt,
2572 4756 2669 4800 aut
2709 4747 2911 4817 aliquid
2950 4748 3225 4803 audivisse
3253 4764 3312 4805 se
3336 4749 3744 4819 signiﬁcarunt.

2155 4831 2361 4889 Invicto
2412 4846 2737 4906 argumento
2798 4837 3036 4893 nondum
3086 4851 3428 4910 excogitatas
3476 4857 3622 4899 esse.
3676 4844 3747 4898 Et

2154 4938 2307 4983 certe
2328 4929 2577 4999 quisquis
2617 4932 2684 4985 de
2716 4931 2960 4987 Kabbala
3010 4935 3241 5003 mystica
3286 4936 3632 5006 conscriptos
3671 4937 3744 4993 li-

2155 5019 2284 5075 bros
2308 5022 2521 5087 adierit,
2562 5034 2653 5077 aut
2694 5025 2985 5095 peritiores
3025 5040 3057 5081 e
3090 5026 3355 5083 Rabbinis
3382 5031 3742 5096 consuluerit,

2155 5116 2421 5186 evestigio
2487 5116 2860 5188 deprehendet
2920 5119 3210 5174 admodum
3279 5132 3529 5178 recentes
3585 5138 3743 5191 esse,

2156 5210 2358 5279 vixque
2381 5220 2507 5265 ante
2538 5225 2713 5265 annos
2738 5212 3064 5283 quingentos
3094 5224 3187 5267 aut
3213 5224 3505 5270 sexcentos
3527 5220 3745 5271 exat-ari

2158 5305 2419 5372 potuisse.
2456 5303 2570 5358 Non
2606 5318 2693 5359 me
2746 5306 2968 5374 quidem
3024 5307 3154 5361 latet
3180 5306 3460 5363 Philonem
3495 5309 3745 5365 Judaeum

2157 5398 2430 5453 subtiliori
2461 5408 2518 5452 et
2543 5400 2832 5469 argutiori,
2866 5415 3031 5471 quam
3067 5416 3166 5471 par
3198 5410 3340 5462 erat.
3371 5402 3628 5456 methodo
3657 5404 3743 5458 dio

2158 5492 2279 5543 vina
2319 5491 2507 5544 rimari
2543 5507 2607 5546 ac
2633 5502 2976 5562 pertractare
3004 5495 3270 5562 ccepisse;
3305 5495 3398 5549 sed
3421 5510 3583 5564 quam
3611 5512 3744 5566 prn-

2158 5583 2242 5634 cul
2289 5584 2360 5637 ab
2399 5585 2617 5639 arcanis
2664 5586 3023 5656 Sephirarum
3069 5587 3364 5659 mysteriis,
3399 5598 3601 5642 norunt
3645 5591 3739 5659 qni

2156 5672 2527 5745 perlegerunt.
2570 5677 2665 5733 Ille
2686 5693 2788 5746 pro
2819 5677 3202 5749 Egyptiorum
3234 5694 3403 5743 more,
3437 5681 3579 5748 apud
3604 5696 3743 5751 quos

2159 5765 2325 5823 vitam
2360 5769 2575 5836 agebat,
2602 5770 2667 5825 ad
2697 5769 3036 5829 Platonicam
3080 5779 3135 5827 et
3166 5770 3581 5842 Pvtliagoricam
3618 5772 3743 5843 phi-
