3954 6352
264 379 319 431 tt
730 374 737 377 ⁷
1186 373 1643 441 DlSSERTATlO
1682 387 1724 451 l,
1763 384 1922 443 ΛΒΤ.
1963 387 2006 453 I,
2043 386 2131 443 DE
2168 383 2581 445 VALENTINO.

3458 396 3529 453 1J3

261 498 575 567 losophiam,
628 490 870 555 Eusebio
914 492 960 534 θ’
1006 510 1061 555 et
1102 502 1436 575 Hieronymo
1482 506 1527 538 ‘°
1580 506 1831 566 testibus.
1864 511 1913 569 Α
1940 522 2192 575 pugnare,
2223 524 2320 561 sua
2344 509 2560 577 propria
2584 509 2935 575 vindicantes,
2973 519 3022 563 et
3070 511 3237 564 malos
3266 510 3410 581 fures
3441 530 3528 566 eos

260 600 422 645 totum
463 606 523 645 se
557 591 869 647 contulerat
917 592 1082 663 (unde
1127 596 1339 663 tritum,
1378 596 1629 668 ut‘vulgo
1652 600 1833 654 credi-

256 696 357 747 tur,
383 686 450 741 de
473 700 538 740 eo
575 686 952 754 proverbium,
994 687 1025 755 ἢ
1056 687 1228 741 Φίὶων
1260 689 1592 755 πλατονὶζει,
1619 692 1652 765 ἢ
1684 691 1833 746 Πλά-

248 793 350 833 των
390 778 704 850 φιλονξζει),
734 782 800 833 ad
827 781 985 850 cujus
1022 782 1253 851 proinde
1282 784 1547 853 principia
1584 802 1671 841 res
1699 787 1837 841 divi—

254 886 343 922 nas
377 870 633 940 exigens,
676 870 1073 941 opinionesque
1112 872 1515 943 philosophicas
1563 876 1730 930 certis
1769 876 1835 930 li-

253 966 470 1037 brorum
515 978 808 1019 sacrorum
852 963 1220 1034 dogmatibus,
1266 976 1323 1021 et
1363 968 1691 1037 ancipitibus
1734 968 1833 1023 Ju-

254 1059 490 1111 eteorum
518 1056 915 1111 traditionibus
933 1059 1261 1121 admiscens.
1294 1072 1609 1130 compagem
1640 1062 1833 1114 evani-

254 1150 389 1212 dam,
446 1147 707 1215 maleque
742 1147 846 1202 sibi
892 1151 1252 1204 cohaerentem
1291 1152 1488 1204 struxit
1537 1170 1551 1205 :
1591 1152 1727 1206 adeo
1775 1160 1835 1205 ut

251 1243 544 1312 patriorum
569 1244 774 1296 rituum
820 1244 1020 1307 minus,
1062 1260 1221 1313 quam
1272 1244 1662 1313 allegoriarum
1715 1253 1833 1297 stu-

253 1336 451 1397 diosus.
500 1337 555 1388 in
591 1338 914 1408 vulgaribus
955 1347 1010 1393 et
1044 1338 1191 1392 tritis
1228 1353 1337 1391 non
1364 1336 1533 1392 semel
1566 1336 1830 1403 oﬂ‘ensus,

253 1426 603 1481 oliensionem
646 1429 888 1485 incautis
918 1429 1183 1485 attulerit.
1211 1432 1281 1483 At
1309 1430 1575 1485 insulsam
1606 1428 1833 1485 Kabba-

252 1517 490 1573 listarum
522 1521 859 1590 farraginem
893 1521 1166 1576 incassum
1190 1521 1331 1591 apud
1356 1538 1481 1578 eum
1519 1524 1827 1592 quaesieris.

251 1610 354 1665 Nec
380 1610 640 1666 Kabhalaa
667 1613 1013 1683 antiquitatis
1047 1624 1488 1685 pr0pugnatores
1505 1615 1659 1683 juvat
1686 1616 1755 1669 Pa
1767 1634 1829 1670 u-

244 1704 322 1756 lns
363 1701 657 1759 Timotheo
707 1706 994 1770 mandans,
1038 1714 1096 1760 ut
1146 1706 1480 1776 quibusdam
1523 1708 1825 1771 denuntiet,

243 1814 303 1851 ne
346 1798 685 1851 intenderent
718 1797 915 1865 fabulis
950 1808 997 1850 et
1040 1800 1358 1868 genealogiis
1405 1799 1825 1854 intcrminatis“.

244 1889 336 1944 llis
367 1890 552 1953 enim,
608 1889 908 1961 interprete
948 1889 1357 1960 Chrysostomo,
1420 1892 1827 1963 tlteophylacw,

241 1980 494 2050 aliisque,
523 1980 757 2050 digitum
801 1981 1031 2035 intendit
1064 1981 1359 2049 Apostolus
1404 1980 1488 2034 vel
1522 1982 1574 2034 in
1602 1981 1826 2038 stultam

237 2072 545 2127 Judzeorum
579 2072 907 2137 vanitatem,
939 2072 1029 2141 qui
1054 2080 1109 2125 ut
1130 2072 1346 2143 generis
1370 2073 1453 2126 sui
1482 2073 1822 2128 nobilitatem

238 2173 617 2228 ostentarent,
678 2163 901 2234 longam
964 2172 1314 2219 stemmatum
1365 2165 1564 2220 seriem
1612 2181 1821 2221 summa

238 2272 353 2310 cum
386 2256 751 2312 contentione
795 2270 859 2310 ac
910 2255 1048 2311 l'astu
1098 2256 1168 2310 ab
1218 2258 1533 2311 Abraltamo
1566 2272 1822 2312 accerse-

239 2348 380 2411 bant,
404 2348 755 2419 gentilesque
802 2347 868 2402 ad
904 2346 1060 2401 ﬁdem
1088 2361 1387 2402 conversos
1424 2347 1658 2417 superba
1689 2364 1822 2403 avo-

240 2456 351 2496 rum
404 2456 636 2495 suorum
690 2441 1107 2495 enumeratione
1156 2451 1460 2503 vexantes,
1520 2440 1820 2496 Ecclesiam

241 2532 679 2600 conturbabant;
708 2534 794 2587 vel
826 2534 880 2587 in
912 2549 1005 2589 eos
1025 2549 1054 2588 e
1078 2532 1311 2594 Graecis.
1333 2532 1423 2601 qui
1446 2532 1573 2587 licet
1602 2532 1820 2588 Christo

242 2639 428 2679 nomen
460 2624 767 2688 dedissent,
802 2624 856 2679 in
887 2624 1152 2678 fabulosa:
1194 2623 1539 2679 ethnicorum
1574 2622 1820 2694 Theogo-

241 2718 333 2772 nize
375 2714 642 2785 gradibus
679 2716 1068 2785 percensendis
1120 2728 1343 2785 operam
1381 2727 1609 2783 ponere,
1658 2716 1815 2769 simul

238 2818 286 2861 et
306 2806 494 2862 ludere
530 2822 643 2860 non
685 2806 1030 2863 destiterant.
1067 2804 1393 2875 Quanquam
1434 2804 1815 2874 probabilitate

238 2915 331 2952 non
357 2908 539 2963 vacet,
580 2898 669 2952 his
714 2896 962 2966 Apostoli
993 2898 1178 2954 verbis
1222 2900 1509 2956 Gnosticos
1539 2898 1712 2962 feriri,
1759 2905 1815 2950 ut

238 3002 414 3061 postea
460 2991 734 3053 dicemus,
766 3004 1001 3058 quorum
1044 2990 1271 3046 haeresis
1312 2990 1659 3060 Eonumque
1704 3007 1810 3060 μα-

236 3079 501 3146 τιωλογέα
529 3094 560 3131 a
611 3077 834 3131 Simone
861 3076 1041 3146 Mago,
1075 3086 1129 3134 et
1165 3078 1460 3135 Menandro
1491 3090 1809 3151 propagata,

1938 598 2303 652 convincentes
2326 616 2342 664 ;
2367 599 2599 669 optabile
2622 616 2731 654 esse
2762 602 2928 669 magis
2962 602 3237 657 emissioni
3268 603 3526 665 dicentes,

1937 688 2015 740 uti
2036 688 2333 755 verisimile,
2380 707 2445 744 ea:
2468 690 2696 745 Homine
2734 691 2985 757 Verbum,
3009 694 3100 747 sed
3130 710 3236 749 non
3262 710 3327 749 ea:
3361 694 3528 749 Verbo

1939 777 2220 834 Hominem
2247 798 2358 835 esse
2387 784 2656 847 emissum,
2686 794 2733 837 et
2777 801 2886 839 esse
2917 783 3199 841 Hominem
3243 785 3409 841 Verbo
3432 804 3529 839 an-

1937 873 2207 928 teriorem.
2245 872 2369 929 llaec
2395 876 2621 944 proinde
2650 877 2968 933 certaminis
2999 893 3161 933 causa
3183 884 3527 947 :,secundam

1940 964 2206 1019 tetradem
2238 964 2399 1020 Verbi
2431 975 2482 1020 et
2520 967 2679 1032 Vitae,
2711 968 2964 1023 Hominis
2983 978 3040 1024 et
3079 969 3337 1026 Ecclesiae
3364 971 3529 1025 furati

1940 1054 2154 1109 fuerant
2186 1072 2215 1108 τι
2246 1056 2529 1114 Gnosticis
2564 1059 2969 1127 Valentiniani;
3001 1078 3101 1117 nec
3125 1064 3226 1118 hoc
3251 1065 3529 1133 prioribus

1937 1160 2150 1212 grave:
2198 1150 2291 1202 sed
2330 1149 2385 1202 id
2434 1148 2715 1205 ferendum
2758 1152 2983 1208 minime
3030 1153 3347 1219 videbatur,
3382 1158 3527 1226 quod

1938 1238 2076 1291 clam
2128 1244 2524 1297 sttbtluctorum
2560 1244 2614 1298 hi
2664 1247 2916 1300 ordinem
2962 1248 3338 1313 invertissent,
3390 1252 3527 1305 Ver-

1938 1330 2062 1384 bum
2096 1341 2151 1385 et
2196 1332 2372 1387 Vitam
2432 1332 2646 1389 Homini
2700 1344 2751 1389 et
2796 1334 3054 1392 Ecclesiae
3094 1341 3523 1407 prtemittentes;

1937 1422 1990 1474 in
2027 1422 2129 1476 hoc
2157 1422 2283 1475 ntali
2309 1423 2478 1487 fures,
2520 1428 2664 1494 qttod
2696 1424 2841 1479 furto
2875 1427 3015 1480 haud
3045 1430 3309 1493 contenti,
3342 1430 3527 1484 ablata

1934 1528 2156 1583 pessum
2206 1515 2497 1571 dedissent.
2536 1516 2633 1571 llis
2665 1518 2824 1582 moti,
2866 1518 3047 1587 plures
3070 1533 3100 1573 c
3132 1519 3402 1574 Valentini
3438 1521 3523 1574 tli-

1936 1606 2179 1675 scipulis,
2214 1608 2457 1677 magistri
2488 1610 2571 1661 sui
2600 1610 2795 1663 ordine
2824 1610 3136 1675 itutnutato,
3171 1610 3311 1666 hanc
3351 1620 3523 1664 tetra-

1935 1697 2055 1749 dem
2089 1695 2141 1748 in
2182 1696 2454 1764 integrum
2502 1696 2880 1761 restituerunt,
2923 1696 3213 1751 Hominem
3242 1706 3293 1754 et
3330 1699 3521 1756 Eccle‘

1936 1791 2073 1843 siam
2104 1799 2229 1845 ante
2259 1790 2499 1847 Verbum
2534 1803 2589 1848 et
2618 1793 2796 1849 Vitam
2835 1807 3185 1865 reponentes.

1962 1886 1965 1893 “
2006 1886 2097 1939 25.
2132 1885 2327 1938 Merito
2368 1887 2531 1955 igitur
2562 1886 2935 1943 Theodorctus
2957 1928 2972 1951 ,
3007 1902 3131 1941 cum
3163 1888 3397 1943 luereses
3431 1889 3521 1945 δῖα

1933 1977 2129 2042 monis,
2167 1976 2473 2043 Menandri,
2507 1978 2809 2043 Saturnini,
2841 1980 3116 2046 Basilidis,
3142 1981 3519 2050 Carpucratis,

1934 2070 2263 2139 l'rodicique
2292 2071 2593 2139 explicatas
2632 2074 2904 2138 dedisset,
2937 2075 3132 2129 infert:
3175 2092 3240 2129 ea:
3277 2076 3360 2129 Itis
3408 2094 3522 2129 om-

1930 2160 2081 2211 nibus
2122 2159 2410 2214 hteresibus
2438 2158 2776 2214 Valentinum
2818 2166 3098 2218 materiam
3143 2167 3517 2233 accipientem,

1925 2248 2105 2303 λαϐὼν
2134 2248 2390 2321 ἀφορμὰς
2411 2291 2425 2314 ,
2456 2252 2868 2307 interminabiles
2906 2255 3117 2323 fabulas
3141 2261 3515 2325 composuisse.

1929 2339 2122 2394 Merito
2159 2349 2214 2396 ct
2240 2341 2480 2395 Irenzeus
2502 2357 2623 2396 cum
2662 2344 2975 2399 eorumdem
3005 2347 3383 2403 hazreticorum
3410 2351 3521 2418 upi-

1926 2432 2175 2485 nrttiones
2218 2431 2411 2487 ordine
2455 2432 2857 2500 percurrisset,
2887 2436 3169 2491 concludit
3202 2438 3297 2491 lib.
3326 2455 3365 2505 1,
3393 2456 3517 2508 cap.

1926 2523 2047 2581 ult..
2084 2538 2138 2576 n.
2177 2523 2247 2577 δε
2281 2521 2326 2574 Α
2353 2523 2544 2577 talibus
2588 2526 2846 2579 matribus
2876 2538 2923 2581 et
2956 2529 3197 2596 patribus
3229 2542 3275 2584 et
3309 2532 3515 2595 proavis

1922 2632 2007 2667 eos
2038 2615 2128 2685 qui
2156 2631 2187 2666 a
2226 2613 2506 2669 Valentino
2544 2625 2702 2679 sunt,
2735 2618 2872 2672 sicut
2917 2629 2968 2673 et
3009 2621 3138 2689 ipsa:
3166 2630 3436 2679 sententia:
3466 2630 3518 2679 et

1924 2705 2117 2774 regula:
2144 2708 2424 2761 ostendunt
2457 2724 2569 2775 eos,
2597 2711 2953 2763 necessarium
2982 2712 3083 2781 fuit
3114 2714 3393 2782 manifeste
3421 2734 3516 2770 ar-

1919 2812 2094 2865 guere.
2122 2794 2273 2849 Adeo
2302 2806 2535 2863 certum,
2564 2800 2787 2853 easdem
2833 2804 3083 2871 utrisque
3114 2803 3281 2860 fuisse
3306 2819 3518 2863 senten-

1918 2887 2019 2939 tias
2045 2895 2090 2939 et
2116 2886 2344 2955 regulas.
2411 2886 2479 2940 Et
2536 2896 2831 2962 eapropter
2893 2892 2945 2945 in
3008 2892 3338 2950 Prtel'atione
3386 2894 3512 2955 libri

1918 2980 2141 3033 secundi
2164 2979 2417 3047 spondet,
2438 2994 2756 3035 eversurum
2791 2997 2847 3035 se
2863 2981 3246 3039 Guosticorum
3270 2990 3511 3046 omnium

1915 3071 2277 3136 sententiam,
2324 3072 2828 3143 dissoluturumque
2880 3076 3217 3132 absconditos
3276 3081 3512 3149 ipsorum

236 3172 601 3239 apostolorum
647 3187 765 3225 ωνο
800 3172 942 3227 anas
966 3170 1078 3240 jam
1107 3171 1325 3227 radices
1356 3182 1563 3244 εδει-ει,
1601 3173 1709 3229 sed
1744 3175 1812 3230 de
1841 3192 1881 3247 ρ
1919 3164 2346 3235 conjugationes,
2382 3180 2409 3218 a
2442 3165 2617 3236 Bytho
2647 3168 2823 3238 capite
2852 3167 2996 3224 facto
3032 3170 3203 3226 initio.
3240 3172 3433 3229 Merito
3456 3186 3513 3232 et

235 3262 466 3316 Kabbala
498 3278 569 3318 ne
604 3263 825 3333 quidem
855 3264 1129 3333 cogitasse
1154 3263 1378 3319 Paulum
1401 3279 1501 3334 pro
1530 3276 1815 3335 comperto

235 3357 407 3412 haberi
436 3356 628 3411 debet.
665 3356 901 3413 Aliunde
922 3372 1051 3427 ergo
1084 3359 1382 3427 repetenda
1414 3356 1814 3415 Valentiniancc

232 3450 508 3507 haereseos
530 3451 834 3522 principia.

290 3544 376 3597 εξ.
431 3543 733 3598 Valentino
780 3544 1002 3614 quidem
1082 3544 1226 3599 viam
1280 3544 1542 3600 stravisse
1604 3545 1814 3613 priores

230 3633 537 3697 Gnosticos,
572 3635 859 3705 primaque
899 3634 1042 3690 male
1084 3636 1367 3691 constituti
1399 3637 1711 3705 systematis
1742 3635 1812 3688 li—

229 3737 508 3783 neameuta
542 3741 828 3791 exarasse,
857 3726 1146 3796 perspicue
1192 3726 1358 3780 tradit
1398 3727 1671 3781 lrenteus:
1710 3725 1814 3792 Qui

226 3830 291 3871 est
310 3820 539 3886 primus,
595 3819 771 3887 inquit
797 3819 892 3871 lib.
927 3833 966 3884 ι,
993 3834 1111 3887 cap.
1147 3819 1235 3883 ll,
1273 3821 1337 3872 ab
1381 3836 1443 3874 ea
1471 3835 1589 3890 qua:
1619 3820 1817 3872 dicitur

226 3909 475 3965 Gnostica
506 3913 745 3976 hwresis,
773 3914 1017 3976 antiquas
1048 3912 1104 3965 in
1130 3928 1286 3964 suum
1330 3911 1685 3965 characterem
1720 3914 1814 3965 do-

222 4006 411 4057 ctrinas
477 4003 809 4071 transferens
868 4001 1205 4068 Valentinus,
1262 4004 1340 4056 sic
1391 4002 1644 4071 deﬁnivit.
1695 4003 1814 4059 Non

219 4111 342 4165 ergo
370 4096 555 4165 prima
583 4096 866 4149 lttrreseos
915 4110 1025 4148 suae
1069 4094 1427 4149 fundamenta
1458 4095 1671 4161 iecerat
1702 4096 1812 4149 Va-

217 4188 480 4248 lentinus,
500 4188 599 4241 sed
625 4203 652 4240 a
699 4186 974 4241 veteribus
1002 4185 1281 4242 Gnosticis
1306 4186 1452 4254 jacta
1502 4201 1809 4257 repercrat;

212 4280 407 4349 quibus
454 4292 660 4333 novam
704 4278 921 4332 aedilicii
967 4279 1163 4333 molem
1210 4279 1661 4348 superimponeus
1688 4320 1704 4346 ,
1750 4296 1811 4335 ea

214 4372 307 4425 sibi
335 4371 562 4441 propria
593 4368 745 4433 fecit,
779 4379 835 4423 et
864 4369 930 4423 ad
957 4369 1237 4438 proprium
1270 4370 1579 4423 institutum
1601 4385 1814 4424 accom-

216 4463 472 4516 modavit.
512 4461 653 4519 [line
686 4460 783 4516 lib.
836 4474 899 4524 tt,
939 4476 1057 4529 cap.
1097 4462 1185 4525 l5,
1234 4474 1521 4533 postquam
1564 4461 1814 4516 emissio-

1922 3260 2254 3328 [Epiphanius
2282 3260 2391 3323 ait,
2430 3258 2697 3312 Valentini
2729 3260 3025 3314 doctrinam
3066 3278 3101 3315 α
3144 3266 3377 3330 speciosa
3414 3270 3512 3321 illa

1922 3348 2299 3406 Gnosticorum
2343 3352 2670 3422 professione
2714 3355 3007 3421 prodiisse,
3039 3354 3137 3424 τὴν
3166 3357 3329 3410 αὑτοῦ
3360 3358 3509 3411 διδα-

1918 3442 2148 3497 σκαλίαν
2165 3446 2262 3515 τὴν
2288 3445 2397 3497 ἀπὸ
2412 3445 2508 3515 τῆς
2528 3444 2769 3516 μεγάλης
2791 3443 2991 3516 ταύτης
3008 3449 3313 3520 γνωςτικῆς
3340 3452 3511 3520 ἑπαγο

1917 3535 2106 3603 τελέας
2136 3538 2506 3610 ὑπάρχουσαν.
2534 3537 2600 3590 Ει
2638 3538 2764 3592 hinc
2792 3539 3037 3609 quinque
3058 3541 3218 3596 libris
3245 3544 3508 3598 adverSus

1921 3630 2333 3684 Valentinianus
2381 3630 2450 3685 ab
2501 3640 2725 3685 auctore
2758 3641 2947 3687 nostro
2976 3636 3299 3702 conscriptis
3329 3638 3508 3704 prtuli-

1922 3738 2017 3775 \‘llS
2065 3720 2285 3784 titulus,
2328 3720 2580 3792 Ἐλέγχου
2608 3722 2700 3774 καὶ
2737 3722 3051 3793 ἀνατροπῆς
3096 3724 3195 3794 τῆς
3234 3726 3508 3795 ψευδωνύ·

1920 3831 2021 3883 μου
2052 3813 2667 3883 γνώσεως,ὐειεειὶοηὶε
2693 3824 2742 3866 et
2764 3816 3045 3869 eversionis
3063 3816 3199 3885 falso
3222 3819 3507 3874 nominati:

1918 3907 2240 3974 agnitionis,-
2275 3906 2400 3974 quia
2451 3920 2643 3960 omnes
2705 3905 3032 3971 Gnosticos,
3085 3908 3138 3961 id
3180 3918 3261 3962 est
3300 3910 3505 3965 intelli-

1918 4007 2104 4064 gctrtes
2134 4013 2228 4051 seu
2255 3998 2517 4065 scientes,
2554 4013 2613 4053 se
2646 4001 3021 4066 venditabant,
3055 4015 3117 4054 ac
3141 4003 3383 4073 mystica:
3408 4020 3503 4058 cu-

1912 4090 2125 4156 jusdam
2162 4092 2403 4146 scientia:
2444 4091 2602 4145 titulo
2633 4091 3029 4162 gloriabantur.
3064 4093 3211 4149 Idem
3242 4100 3500 4154 omnibus

1916 4181 2188 4245 Pleroma,
2247 4184 2452 4237 eaedem
2506 4184 2694 4253 primae
2728 4184 2963 4240 [Eanum
3015 4188 3273 4259 syzygim,
3308 4192 3496 4245 eadem

1920 4275 2037 4328 ﬁdei
2071 4291 2135 4328 ac
2182 4289 2391 4329 morum
2423 4276 2729 4345 corruptio,
2764 4278 2953 4333 eadem
2982 4279 3223 4349 supremi
3256 4281 3435 4337 Patris
3466 4301 3494 4337 ιι

1917 4368 2101 4420 mundi
2133 4366 2327 4436 opiﬁce
2370 4367 2651 4422 distinctio
2706 4386 2770 4424 ac
2818 4374 3123 4439 separatio.
3172 4384 3230 4427 ut
3263 4391 3331 4429 ex
3382 4386 3498 4430 toto

1918 4458 2119 4513 Irenaeo
2146 4468 2306 4527 patet.
2338 4458 2475 4514 Hinc
2505 4460 2802 4531 Gregorius
2825 4462 3224 4531 Nazianzenus,
3243 4468 3492 4534 orat.23,

216 4569 326 4607 nem
356 4551 477 4606 Νοῦ
500 4561 557 4607 et
602 4551 887 4622 Ἀληθείας
916 4567 943 4606 a
969 4550 1147 4624 Bytho
1182 4564 1237 4609 ct
1286 4555 1490 4608 Enuma
1517 4554 1804 4609 evertisset
1838 4534 1881 4587 Ῐ)
1911 4553 2141 4620 Simoni,
2178 4552 2464 4617 Marciani,
2497 4554 2800 4623 Valentino,
2832 4557 3077 4622 Basilidi,
3101 4558 3359 4625 Cerdoni,
3390 4562 3493 4618 Cen

216 4644 468 4709 lrenzeus,
504 4643 817 4711 rationique
856 4657 887 4698 e
924 4642 1195 4699 diametro
1231 4645 1517 4699 adversam
1571 4646 1800 4699 demon-

214 4748 459 4799 strasset,
499 4735 783 4790 concludit
813 4752 964 4790 num.
996 4738 1052 4803 8,
1081 4738 1349 4791 hactenus
1376 4738 1544 4801 dicta,
1576 4752 1679 4792 non
1708 4735 1803 4791 atl-

213 4841 402 4883 versus
425 4827 858 4881 Valentinianus
888 4828 1069 4893 modo,
1102 4832 1199 4883 sed
1232 4838 1287 4883 et
1313 4829 1578 4884 adversus
1604 4846 1690 4883 eos
1710 4830 1801 4899 qui

214 4939 243 4973 α
271 4920 511 4975 Basilide
547 4931 698 4986 sunt,
738 4931 783 4973 et
821 4920 1071 4975 adversus
1105 4920 1335 4989 reliquos
1384 4917 1663 4976 Gnosticos
1704 4938 1798 4976 va-

214 5015 346 5080 lere;
373 5017 442 5068 ab
471 5014 561 5068 his
599 5012 870 5081 siquidem
904 5014 1021 5067 illos
1054 5014 1207 5067 initia
1239 5013 1595 5069 etnissionutn
1632 5028 1792 5069 acce-

212 5109 368 5175 pisse.
398 5109 846 5162 demonstratum
880 5106 1020 5160 libro
1053 5107 1230 5178 primo
1260 5106 1447 5160 fuisse.
1476 5105 1792 5160 Communis

214 5203 388 5272 itaque
422 5212 479 5256 et
508 5202 598 5256 his
626 5208 681 5256 et
705 5200 812 5254 illis
851 5200 1062 5268 primus
1088 5201 1223 5254 ordo
1256 5199 1587 5263 emissionis,
1629 5213 1788 5268 quem

214 5294 508 5364 impugnat,
559 5294 872 5349 communis
909 5280 1157 5361 utrisque
1207 5292 1382 5360 prima
1444 5301 1633 5344 tetras.
1680 5290 1792 5345 Nec

214 5385 319 5440 haec
348 5396 588 5449 tantum,
628 5387 722 5439 sed
750 5395 803 5439 et
824 5384 1086 5439 secunda.
1118 5384 1279 5439 Istam
1308 5385 1453 5437 enim
1499 5383 1585 5436 ubi
1639 5382 1790 5435 siuti.

211 5476 325 5534 liter
345 5480 595 5535 excussit
627 5475 889 5541 lrenaeus,
923 5475 1089 5551 [XXI]
1119 5479 1395 5534 subnectit
1419 5494 1570 5532 num.
1606 5478 1696 5540 10,
1725 5478 1789 5530 de

211 5576 431 5627 secunda
460 5572 745 5627 emissione
784 5569 1034 5625 Hominis
1080 5581 1128 5624 et
1159 5569 1409 5625 Ecclesia:
1452 5566 1790 5623 Valentinia-

212 5682 387 5721 norum
412 5675 596 5734 patres
626 5664 765 5732 falso
788 5663 1181 5731 cognominatos
1204 5660 1481 5715 Gnosticos
1506 5676 1633 5715 cum
1665 5659 1788 5715 [iliis

270 5788 311 5817 ’³
340 5787 571 5849 Euseh.,
608 5786 702 5838 lib.
737 5800 773 5837 ιι
807 5783 945 5836 Hist.
998 5784 1159 5847 ecc!.,

214 5854 297 5911 ἰι
340 5858 486 5912 Tim.
529 5877 569 5915 t.
604 5858 654 5909 4.

518 5955 774 6012 Ρλτειοι.
849 5952 969 6012 Gtt.
1024 5944 1161 6012 "ll.

1213 5800 1332 5852 (κιρ.
1366 5785 1417 5838 ι.

1899 4646 2082 4700 rintho
2108 4655 2162 4699 et
2194 4644 2511 4715 Carpocrati
2538 4662 2600 4701 ex
2628 4662 2786 4719 tequo
2804 4649 3123 4718 exprobrat,
3140 4652 3283 4720 quod
3309 4669 3490 4710 rerum

1899 4737 2143 4792 omnium
2196 4736 2365 4792 Deum
2399 4749 2682 4803 secarent,
2719 4740 3030 4811 bellumque
3080 4758 3177 4811 pro
3211 4743 3356 4798 Βιιιιο
3384 4746 3486 4798 ad-

1898 4850 2093 4889 versus
2128 4835 2448 4890 Creatorem
2484 4844 2757 4905 gererent.
2785 4836 2866 4889 Ad
2895 4852 3053 4906 quem
3091 4837 3270 4893 locum
3298 4842 3487 4897 obsera

1898 4935 1988 4981 vat
2019 4927 2165 4981 Elias
2195 4926 2473 4983 Cretensis
2500 4968 2513 4990 ,
2557 4928 2898 4982 octonarium
2934 4942 3148 4985 summo
3194 4930 3246 4983 in
3279 4932 3487 4987 honore

1898 5032 1927 5070 a
1958 5015 2295 5073 Simonianis
2322 5017 2501 5087 (idem
2534 5018 2599 5070 de
2622 5019 2837 5073 caeteris
2863 5017 3141 5075 Gnosticis
3168 5023 3483 5092 dicendum)

1898 5107 2143 5162 habitum
2180 5108 2380 5173 fuisse,
2416 5111 2485 5163 ob
2521 5118 2647 5162 octo
2682 5109 2803 5165 illos
2839 5113 3087 5181 magistri
3123 5114 3205 5167 sui
3248 5111 3481 5180 Eones,

1896 5202 2127 5274 Bythum
2158 5211 2213 5256 et
2246 5200 2434 5270 Sigeo,
2460 5201 2694 5257 Mentem
2729 5216 2779 5259 et
2812 5203 3133 5268 Veritatem,
3161 5208 3481 5262 Sermonem

1894 5306 1946 5347 et
1978 5295 2175 5357 Vitam,
2221 5294 2509 5348 Hominem
2546 5297 2763 5349 demum
2791 5304 2845 5349 et
2872 5295 3192 5365 Ecclesiam,
3225 5314 3361 5367 quos
3385 5316 3480 5354 co-

1897 5386 2101 5449 lebant,
2131 5395 2184 5440 et
2213 5400 2242 5439 a
2282 5385 2483 5454 quibus
2525 5387 2711 5441 mundi
2760 5387 3011 5457 opiﬁcem
3046 5389 3476 5458 distinguebant.

1894 5478 2024 5543 Quae
2048 5480 2235 5531 eadem
2264 5481 2486 5532 adamat
2518 5478 2734 5535 Nicetas
2764 5482 2831 5535 ad
2860 5491 3002 5534 orat.
3030 5481 3121 5535 44.
3149 5482 3215 5537 Et
3241 5483 3328 5537 his
3357 5498 3479 5537 υιιιυ

1894 5569 2054 5623 nibus
2088 5570 2324 5639 it|,quod
2349 5568 2624 5636 volumus,
2651 5570 2855 5640 liquido
2887 5571 3200 5639 coniicitur,
3234 5572 3477 5628 Valenti-

1896 5675 2022 5712 num
2047 5661 2384 5729 systetuatis,
2402 5662 2548 5731 quod
2570 5662 2638 5716 ab
2666 5678 2732 5718 eo
2759 5678 2954 5718 nomen
2980 5666 3211 5735 accepit,
3238 5666 3476 5735 primum

1496 5785 1539 5815 ”
1571 5784 1819 5851 "ieram,
1855 5784 2015 5855 epist.
2064 5784 2133 5837 85
2219 5784 2281 5836 ad
2365 5783 2501 5854 Mag.
2556 5794 2698 5838 orat.
2744 5783 2927 5850 llom.,
2970 5794 3007 5838 t.
3045 5784 3112 5839 lV
3143 5803 3270 5839 nov.
3334 5786 3470 5841 edit.

3118 5951 3159 6008 2
