3954 6352
393 321 468 383 ’13

1198 313 1792 373 DISSERTATIONES
1833 309 2136 365 PILIEYIE
2179 308 2242 361 IN
2288 306 2544 362 IRENIEI
2585 302 2852 361 LIBROS.

3595 293 3670 348 46

403 455 680 500 auctorem
705 458 766 496 ac
793 442 1132 494 inventorem
1159 453 1266 491 non
1298 437 1486 501 fuisse,
1518 437 1613 490 sed
1640 435 1705 488 iis
1733 432 1984 501 quaejam
2016 437 2062 488 Α
2091 427 2399 482 lectualium
2435 426 2655 486 virium,
2679 419 3028 492 quamgctiam
3060 414 3328 485 parabolae
3353 412 3529 468 decem
3563 413 3673 464 vir-

403 543 798 594 adinvenerant
829 533 1077 589 Cnostici
1119 532 1330 602 priores
1368 529 1658 588 addidisse,
1687 533 1750 580 ac
1792 539 1982 592 supre'

401 647 545 686 mam
580 645 798 684 manum
836 625 1162 680 admovisse.
1200 623 1404 692 Nempe
1440 621 1614 690 prima
1656 614 1982 672 Pleromatis

401 725 605 794 ogdoas
630 719 885 775 omnibus
909 714 1253 771 communis:
1283 714 1408 767 huic
1430 727 1555 766 vero
1582 706 1980 778 aliquantulum

404 818 723 877 immutatae,
761 810 968 866 decada
1001 819 1056 864 et
1087 808 1362 862 dodccada
1396 807 1460 859 de
1490 818 1589 857 suo
1611 798 1851 864 addidit;
1879 798 1984 852 sic-

402 913 508 975 ‘que
543 915 695 959 vetus
733 902 978 956 Pleroma
1014 899 1206 969 viginti
1237 907 1291 951 et
1334 896 1546 950 duobus
1575 890 1848 945 [Eonibus
1891 905 1986 942 au-

403 999 484 1052 xit
525 1013 588 1050 ac
616 992 988 1063 locopletavit.
1021 989 1215 1044 Totam
1253 988 1416 1040 etiam
1450 981 1804 1037 Achamothae
1831 979 1986 1033 {alm-

401 1090 538 1153 lam,
568 1102 690 1142 cum
725 1083 989 1154 spiritalis
1030 1079 1252 1134 seminis
1282 1076 1514 1145 origine,
1545 1075 1673 1129 huic
1707 1072 1985 1143 propriam

406 1193 570 1252 puto;
604 1193 829 1234 czeteras
852 1175 1221 1247 hypolheseos
1247 1179 1451 1239 partes,
1471 1167 1695 1220 mutatis
1716 1163 1984 1218 interdum

406 1274 743 1336 nominibus,
781 1270 962 1322 hausit
991 1281 1022 1320 e
1051 1265 1240 1333 putido
1271 1261 1663 1317 Gnosticorum
1701 1257 1876 1311 fonte.

477 1365 567 1420 24.
597 1363 705 1417 Nec
735 1375 956 1416 movere
993 1370 1322 1425 quemquam
1362 1353 1540 1416 debet,
1573 1348 1715 1420 quod
1754 1349 1987 1402 lrenaeus

405 1469 650 1511 veterum
682 1453 1070 1508 Gnosticorum
1107 1445 1413 1502 sententias
1453 1455 1766 1505 recensens,
1801 1439 1988 1509 primae

405 1553 640 1612 Eanum
663 1547 926 1616 ogdoadis
961 1544 1030 1598 ab
1057 1542 1124 1596 iis
1159 1539 1374 1594 traditae
1399 1539 1544 1592 haud
1581 1547 1840 1604 expresse
1875 1545 1990 1584 me-

408 1643 647 1699 minerit.
703 1641 888 1709 Neque
922 1637 1068 1691 enim
1097 1674 1114 1701 ,
1149 1640 1208 1686 ut
1243 1641 1395 1686 recte
1443 1638 1595 1684 notat
1641 1625 1990 1682 doctissimus

407 1733 740 1790 Pearsouius
770 1770 785 1794 ,
832 1737 974 1799 part.
1011 1740 1050 1779 It
1105 1721 1348 1790 Vindic.,
1402 1737 1524 1790 cap.
1566 1719 1600 1774 6
1652 1719 1763 1788 (ubi
1800 1715 1987 1770 fusiori

2085 523 2266 590 ginum
2281 525 2654 586 attemperant:
2676 525 2727 567 ut
2743 509 3158 582 quinquestulta:
3169 523 3356 562 sensus
3369 503 3673 574 corporales

2087 613 2452 683 ﬁguraverint,
2477 607 2667 662 stultos
2710 604 2982 666 videlicet,
3021 601 3146 669 quia
3183 597 3424 665 deccptui
3452 593 3672 664 faciles,

2086 707 2347 772 sapientes
2362 717 2533 757 autem
2551 696 2985 754 intellectualium
3000 703 3178 746 notam
3195 693 3385 746 virium
3401 703 3678 756 expresse-

2090 798 2213 861 rint,
2250 794 2567 864 sapientiam
2587 790 2809 854 scilicet,
2828 786 2952 857 quia
2970 783 3383 853 contingentium
3403 781 3678 833 ceritatem

2087 883 2232 936 illam
2263 897 2515 935 arcanam
2544 921 2557 943 ,
2588 889 2635 932 et
2678 891 2982 944 supernam,
3009 884 3058 926 et
3095 871 3240 944 apud
3267 868 3517 923 Pleroma
3549 886 3681 922 con-

2087 979 2362 1039 stitutam;
2432 973 2808 1027 hwreticarum
2861 970 3106 1022 idearum
3170 973 3543 1020 sacramenta:
3578 962 3680 1014 hoc

2088 1069 2225 1123 enim
2247 1078 2367 1121 sunt
2396 1076 2443 1120 et
2477 1064 2705 1128 Αἰῶνες,
2737 1073 2785 1115 et
2821 1059 3140 1132 genealogiw
3164 1056 3404 1110 illorum.
3439 1053 3680 1125 Idipsum

2089 1169 2215 1214 ante
2241 1158 2637 1213 Tertullianum
2667 1163 2953 1209 monuerat
2985 1153 3226 1206 lrenazus
3247 1151 3314 1215 ³⁸,
3344 1146 3686 1203 Valentinia-

2093 1267 2188 1307 uos
2213 1266 2278 1306 ex
2309 1249 2543 1305 ethnicis
2591 1247 2765 1315 poetis
2804 1245 3118 1316 systematis
3147 1242 3403 1304 formam,
3435 1255 3464 1293 e
3496 1238 3681 1307 philo-

2093 1343 2280 1410 50phis
2307 1341 2592 1394 materiam
2626 1339 2870 1401 eruisse;
2907 1337 3099 1389 horum
3139 1333 3340 1402 quippe
3367 1331 3514 1383 dicta
3544 1346 3683 1382 con-

2090 1443 2362 1506 gregantes
2385 1473 2402 1498 ,
2431 1442 2478 1485 et
2524 1430 2677 1501 quasi
2713 1437 2984 1482 centonem
3029 1444 3096 1481 ex
3138 1425 3320 1479 multis
3361 1434 3409 1477 et
3436 1423 3682 1493 pessimis

2089 1525 2391 1596 panniculis
2416 1522 2824 1586 consarcicntes,
2852 1519 3073 1587 ﬂuctum
3109 1517 3451 1587 superﬁcium
3494 1514 3684 1570 subtili

2092 1622 2297 1690 eloquio
2322 1619 2422 1674 sibi
2446 1619 2573 1689 ipsis
2601 1616 3007 1686 prwparavissc.
3034 1613 3180 1666 Inter
3201 1625 3294 1666 eos
3324 1609 3688 1690 philosophos

2093 1725 2372 1768 enumerat
2389 1711 2666 1766 Thaletem
2682 1708 2967 1772 Milesium,
2985 1705 3470 1766 Anaximandrum,
3490 1689 3686 1774 [XXII]

409 1773 740 1790 ..ηυδυυηω
770 1773 785 1794 ,
1013 1773 1049 1779 --
1410 1773 1523 1790 --.Γ
1579 1773 1589 1774 ,
1657 1773 1670 1788 ι
3498 1773 3504 1774 γ

409 1826 552 1897 ston
583 1822 925 1891 exsequitur,
956 1819 1098 1888 quod
1134 1831 1231 1871 nos
1264 1814 1503 1869 breviori
1538 1773 2065 1880 complectimur),B
2095 1789 3690 1872 Anaxagoram,l)emocritum,Epicurum,Platonem,Em-

409 1919 651 1986 integras
678 1913 923 1969 omnium
953 1909 1300 1980 genealogias
1329 1903 1641 1974 singulatim
1669 1912 1998 1954 enumerare

410 2009 702 2076 omniaque
731 2004 969 2058 onnum
1009 2001 1229 2055 nomina
1281 1999 1510 2052 recitare
1545 1995 1748 2048 lrenmo
1781 1992 1999 2046 animus

412 2111 551 2164 erat,
581 2113 684 2153 nec
713 2111 836 2150 esse
867 2094 1118 2148 debebat.
1151 2086 1558 2158 Explicatajam
1580 2100 1608 2136 a
1629 2083 1822 2152 primis
1850 2082 2001 2149 capi-

416 2193 558 2248 tibus
581 2187 1050 2246 Ptolemaitarum,
1074 2183 1162 2249 qui
1192 2182 1400 2249 primas
1428 2177 1478 2228 iu
1509 2174 1780 2229 Valentini
1811 2172 1998 2227 schola

415 2284 708 2346 tenebant,
756 2276 1063 2337 sententia,
1115 2282 1170 2327 et
1224 2284 1435 2326 summa
1471 2282 1660 2320 eorum
1706 2265 1999 2331 doctrinae,

413 2389 537 2429 cum
563 2369 816 2427 omnibus
843 2368 1086 2434 ipsorum
1119 2359 1390 2415 IEouibus
1413 2367 1469 2410 et
1497 2355 1731 2410 :Eonum
1764 2352 2003 2408 nomini-

415 2468 542 2528 bus,
583 2459 922 2528 reliquisque
951 2469 1072 2524 quaa
1121 2452 1191 2504 ad
1236 2463 1430 2504 eorum
1463 2446 1718 2500 haeresim
1765 2445 2005 2514 pertine-

413 2559 574 2623 baut,
595 2552 754 2610 simul
784 2561 838 2605 et
866 2550 967 2606 sub
990 2560 1099 2600 uno
1121 2543 1277 2613 quasi
1305 2549 1527 2610 aspectu
1554 2537 1784 2606 positis;
1813 2546 2001 2606 postea

415 2647 826 2709 Gnosticorum,
857 2658 885 2697 a
933 2641 1132 2711 quibus
1163 2647 1259 2692 sna
1290 2635 1617 2696 hauserant,
1651 2639 1706 2687 et
1732 2629 2004 2685 Valentini

419 2740 594 2811 ipsius
626 2745 680 2792 et
725 2736 876 2790 illius
909 2731 1304 2803 discipulorum
1337 2729 1645 2798 singulares
1682 2721 2006 2784 sententias,

417 2841 474 2886 et
496 2830 627 2900 quid
659 2828 858 2895 cuique
884 2826 1167 2894 proprium
1199 2830 1371 2885 esset,
1403 2833 1516 2888 quo
1549 2817 1617 2873 ab
1654 2815 1775 2870 aliis
1801 2813 2010 2867 discre-

420 2931 602 2993 paret,
638 2920 885 2976 breviter
916 2904 1196 2986 exponere
1222 2915 1359 2970 satis
1393 2923 1544 2976 erat;
1583 2926 1686 2966 nec
1715 2925 1854 2981 opus
1888 2917 2013 2964 erat

422 3012 638 3082 singula
684 3010 978 3080 attingere,
1012 3016 1068 3064 et
1111 3023 1231 3078 quae
1278 3016 1440 3062 antea
1485 3005 1702 3060 dixerat
1735 3013 2009 3072 repetere.

421 3105 587 3160 Certe
612 3102 868 3158 Basilidis
890 3101 1158 3170 integram
1185 3097 1555 3167 genealogiam
1581 3093 1648 3149 ab
1671 3094 1876 3149 Irenaao
1903 3109 2010 3148 non

426 3194 688 3263 describi,
715 3192 804 3247 vel
837 3207 901 3246 ex
935 3206 1000 3246 eo
1029 3191 1219 3260 liquet,
1253 3189 1396 3258 quod
1425 3186 1862 3250 Basilides,teste
1887 3184 2014 3240 Cle-

426 3295 610 3342 tuente
635 3282 924 3347 Alexand.,
957 3280 1152 3336 Strom.
1191 3282 1286 3334 lib.
1313 3296 1384 3341 Iv,
1425 3277 1783 3350 Δικαιοσύνην
1814 3295 1873 3330 τε
1923 3276 2020 3331 καὶ

423 3380 524 3449 τὴν
553 3375 828 3446 Θυγατέρα
854 3374 1024 3445 αὐτῆς
1054 3374 1152 3446 τὴν
1188 3372 1420 3444 Εἰρήνην
1454 3370 1822 3441 ὑπολαμϐάνει
1849 3373 1906 3424 ὲν
1930 3370 2022 3439 ὀγ-

423 3469 572 3524 δοάδι
626 3467 809 3540 μένειν
849 3466 1310 3536 διατεταγμένας,
1368 3473 1478 3517 tum
1531 3461 1845 3527 Justitiam,
1908 3473 2021 3516 tum

430 3563 602 3633 ﬁliam
635 3562 752 3632 ejus
788 3560 984 3614 Pacem
1016 3570 1167 3628 putat
1200 3560 1254 3612 in
1286 3559 1522 3625 ogdoade
1555 3576 1767 3613 manere
1798 3560 2022 3629 disposi-

433 3664 548 3708 tas:
574 3666 715 3722 quas
743 3651 885 3721 apud
913 3649 1176 3704 Irenzeum
1206 3649 1406 3703 frustra
1435 3650 1738 3718 quaesieris.

511 3770 606 3826 25.
651 3767 722 3826 Ut
771 3781 902 3824 vero
956 3781 986 3819 a
1036 3763 1313 3820 Gnosticis
1366 3763 1661 3817 maximam
1711 3763 2020 3834 dogmatuin

434 3876 648 3938 partem
707 3869 1040 3933 acceperunt
1075 3857 1483 3921 Valentiniani,
1523 3857 1604 3911 sic
1635 3857 1906 3926 utrisque,
1938 3857 2024 3912 his

437 3960 808 4030 potissimum,
835 3956 1028 4010 rudem
1061 3954 1227 4008 veluti
1267 3952 1453 4016 telam,
1480 3967 1640 4020 quam
1679 3952 1844 4005 variis
1877 3950 2025 4006 colo-

437 4053 592 4108 ribus
633 4067 700 4106 ex
747 4047 1060 4104 Christiana
1105 4046 1368 4115 religione
1408 4045 1588 4098 ductis
1631 4044 2024 4107 distinxerunt,

435 4143 820 4198 ministrarum
846 4138 1048 4194 ethnici
1075 4135 1412 4207 philosophi,
1436 4134 1782 4205 Pythagorici
1805 4148 2030 4202 praeser-

434 4238 533 4289 tim
567 4249 630 4288 ac
657 4232 949 4298 Platonici,
973 4229 1326 4300 [Egyptiique
1347 4235 1401 4282 et
1423 4226 1660 4282 Chaldaei
1692 4225 1988 4295 mystagogi
2012 4247 2024 4279 :

436 4332 574 4385 adeo
597 4339 655 4382 ut
679 4337 786 4382 tota
807 4341 870 4381 ea
897 4325 1220 4395 hypolhesis
1249 4323 1323 4377 sit
1348 4336 1518 4392 purus
1548 4330 1818 4390 putusque
1848 4319 2028 4372 ethni-

440 4422 646 4476 cismus
696 4417 852 4473 varie
899 4414 1290 4485 interpolatus,
1320 4422 1374 4468 et
1419 4412 1575 4466 novis
1621 4411 2029 4465 accessionibus

438 4528 503 4566 ex
550 4508 868 4566 Christiana
919 4507 1190 4574 religione
1239 4514 1454 4558 auctus.
1501 4503 1643 4573 Ipsa:
1676 4503 1918 4566 htereses,
1951 4505 2028 4558 ait

440 4603 814 4658 Tertullianus
839 4601 907 4664 ³³,
943 4619 974 4653 a
1005 4597 1340 4666 philosophia
1387 4596 1768 4649 subornantur.
1808 4595 1940 4648 Inde
1980 4605 2026 4648 et

440 4693 641 4749 JEottes
669 4706 714 4746 et
735 4694 946 4762 fomite,
971 4691 1148 4744 nescio
1172 4698 1377 4758 qua‘,el
1403 4687 1619 4740 trinitas
1642 4688 1867 4740 hominis
1889 4689 2026 4755 apud

454 4785 826 4838 Valentinum:
854 4781 1166 4834 Platonicus
1187 4780 1384 4848 fuerat.
1404 4778 1470 4830 Et
1494 4776 1622 4829 alibi
1643 4776 1714 4828 ³³ε
1749 4775 1864 4828 Vult
1891 4777 2025 4831 enim

443 4877 606 4930 Plato
637 4891 746 4928 esse
770 4874 1028 4943 quasdam
1063 4871 1389 4926 substantias
1435 4869 1743 4935 invisibiles,
1782 4869 2027 4938 incorpo-

442 4969 582 5023 rales
603 5009 618 5030 ,
662 4965 1139 5035 supermundiales,
1173 4965 1375 5017 divinas
1401 4972 1450 5014 et
1490 4971 1749 5015 retentas:
1781 4976 1910 5030 quas
1941 4978 2033 5030 ap-

442 5062 600 5130 pellat
635 5060 804 5122 ideas,
830 5058 887 5109 id
913 5068 990 5110 est
1034 5057 1235 5124 formas
1261 5054 1586 5120 exemplares
1632 5069 1680 5107 et
1715 5070 1903 5108 causas
1938 5070 2033 5107 na-

445 5151 704 5203 turalium
731 5150 951 5202 istorum
971 5146 1466 5216 manifestorum,et
1490 5143 1876 5215 subjacentium
1913 5161 2033 5198 cor-

445 5242 716 5311 poralibus
744 5240 1084 5305 scnsibus;et
1107 5239 1230 5292 illas
1263 5241 1477 5308 quidem
1507 5253 1618 5291 esse
1645 5238 1904 5301 veritates,
1924 5237 2034 5292 ha'c

446 5345 621 5387 autem
651 5333 908 5402 imagines
960 5330 1202 5384 illarum.
1245 5329 1562 5383 Relucentnc
1610 5329 1730 5398 jam
1787 5329 2033 5383 hwretica

445 5425 646 5478 semina
678 5423 1047 5478 Gnosticorum
1079 5433 1125 5478 et
1169 5421 1700 5475 Valentinianorum?
1730 5419 1866 5473 Hinc
1896 5423 2031 5475 enim

446 5516 713 5584 arripiunt
745 5515 1104 5584 diﬂerentiam
1139 5514 1494 5581 corporalium
1529 5529 1771 5565 sensuum
1803 5525 1848 5564 et
1877 5513 2032 5563 int-tl-

516 5695 563 5727 "
597 5695 712 5748 Lib.
744 5693 809 5747 de
837 5691 1147 5760 Praescrip.,
1181 5706 1298 5761 cap.
1338 5691 1392 5746 6.

449 5763 494 5799 ³⁸
525 5767 646 5821 Lib.
695 5780 712 5820 ι
764 5764 976 5834 Antiq.,
1017 5778 1137 5834 cap.
1180 5764 1233 5817 7.
1285 5817 1288 5820 Α

2060 4458 2103 4511 D

1468 5692 1511 5724 ³³
1539 5689 1657 5748 Lib.
1702 5693 1768 5750 de
1799 5692 2003 5751 Auim.,
2044 5703 2160 5758 cap.
2189 5689 2273 5743 17.

2096 1893 2402 1964 pellat-lem,
2422 1900 2474 1943 et
2497 1889 2894 1960 Pythagoram.
2917 1887 2983 1942 Et
3007 1887 3133 1941 hinc
3155 1881 3484 1938 Philastrius
3503 1884 3686 1940 notat,

2099 1986 2446 2042 Valentinum
2474 1983 2894 2053 Pythagoricum
2929 1980 3100 2049 magis
3135 1977 3306 2032 fuisse
3337 1987 3502 2045 quam
3525 1969 3692 2025 Chri-

2100 2080 2362 2134 stianum.
2405 2077 2742 2147 Porphyrius
2781 2087 2912 2136 vero
2947 2073 3001 2126 in
3045 2069 3163 2124 Vita
3208 2066 3410 2121 Plotini
3459 2061 3690 2126 scribit,

2101 2171 2392 2227 Cuosticos
2436 2185 2502 2224 ex
2553 2168 2775 2236 antiqua
2831 2163 3176 2236 philosophia
3224 2158 3538 2214 emersisse.
3579 2152 3690 2222 Qui

2103 2264 2320 2334 quidem
2357 2261 2658 2317 Alexandri
2703 2259 2917 2334 Libyci,
2949 2254 3280 2318 Philocomi,
3314 2245 3684 2319 Demostrati,

2103 2356 2258 2428 Lydi,
2278 2357 2541 2426 plurimos
2561 2353 2730 2409 libros
2753 2350 3232 2413 circumferentes,
3254 2355 3308 2403 et
3325 2341 3695 2404 revelationes

2104 2449 2368 2518 quasdam
2402 2447 2707 2503 Zoroastris
2745 2444 2925 2516 (cujus
2961 2444 3161 2499 librum
3190 2444 3260 2498 ab
3292 2443 3360 2500 iis
3388 2442 3693 2499 conlictum

2106 2554 2226 2596 esse
2245 2539 2567 2606 contendit),
2591 2537 2886 2602 Zostriani,
2910 2533 3178 2598 Nicothei,
3203 2534 3500 2606 Allogenis,
3532 2534 3694 2602 Mosi,

2111 2633 2454 2703 aliorumque
2471 2631 2742 2700 ejusmodi
2772 2629 2947 2700 palam
2973 2629 3341 2695 ostendentes,
3358 2629 3698 2698 deceperunt

2109 2727 2334 2791 multos,
2360 2725 2570 2796 priores
2601 2724 2706 2795 ipsi
2740 2723 2990 2793 decepti;
3045 2731 3364 2777 asserentes
3402 2719 3696 2776 Platonem

2111 2817 2471 2888 intelligibilis
2489 2816 2744 2870 essentize
2765 2814 3093 2884 profundum
3115 2814 3337 2870 minime
3351 2821 3697 2883 penetrasse.

2112 2910 2259 2974 Ouos
2283 2909 2528 2965 Plotinus
2558 2909 2798 2978 scriptis,
2819 2921 2939 2980 quae
2963 2907 3139 2962 adhuc
3169 2914 3483 2976 supersunt,
3509 2903 3698 2974 palam

2115 3002 2452 3066 confutavit;
2487 3001 2849 3072 probavitque
2899 3010 3064 3055 totam
3112 3013 3303 3054 eorum
3351 2998 3701 3061 doctrinam,

2041 3119 2087 3182 ρ
2117 3095 2315 3149 additis
2337 3091 2849 3147 duntaxatvocibus
2872 3090 3196 3160 quibusdam
3230 3091 3405 3155 novis,
3437 3088 3704 3158 falsisque

2123 3187 2430 3249 sententiis,
2449 3201 2479 3239 a
2503 3185 2728 3240 Platone
2741 3185 3027 3255 desumpta
3038 3199 3088 3235 ιιι
3115 3183 3306 3238 fuisse.
3323 3181 3536 3248 Quibus
3557 3181 3706 3236 mire

2123 3280 2517 3337 conﬁrmantur
2543 3293 2664 3348 quae
2699 3291 2820 3331 mox
2845 3275 3104 3340 diximus,
3131 3273 3572 3330 Valentinianam
3599 3273 3706 3343 hy-

2124 3371 2390 3442 pothesim
2440 3370 2584 3424 aliud
2635 3368 2768 3424 nihil
2800 3384 2924 3423 esse
2954 3383 3115 3438 quam
3165 3367 3503 3422 inconditam
3537 3363 3709 3420 Chal-

2125 3467 2424 3530 daicorum,
2451 3463 2960 3534 Pythagoricorum,
2989 3461 3506 3529 Platonicorumque
3531 3458 3710 3529 placi-

2127 3567 2304 3611 torum
2354 3556 2720 3624 farraginem,
2759 3554 3090 3609 Christianis
3142 3552 3489 3624 dogmatibus
3525 3553 3709 3606 inter-

2124 3647 2490 3704 mistam.Sed
2510 3649 2622 3702 haec
2641 3646 2797 3718 paulo
2841 3645 3180 3701 enucleatius
3223 3645 3501 3715 explicare
3524 3643 3710 3716 juvat,

2124 3756 2351 3812 remque
2385 3757 2414 3795 a
2447 3742 2628 3812 capite
2654 3751 2929 3808 repetere.

2195 3834 2288 3889 26.
2319 3832 2772 3902 Philosophorum
2804 3831 3047 3885 omnium
3094 3829 3460 3900 antiquissimi
3495 3843 3675 3884 memo
3695 3858 3710 3870 -

2127 3935 2321 3981 rantur
2350 3940 2380 3979 a
2417 3923 2684 3979 Cicerone
2710 3920 2754 3954 ³⁵
2779 3921 3040 3985 Chaldaei,
3068 3935 3097 3975 a
3126 3923 3327 3992 quibus
3350 3921 3416 3975 ad
3446 3920 3716 3977 barbaras

2126 4021 2360 4090 primum
2393 4019 2643 4073 nationes
2670 4018 2771 4088 (sic
2795 4027 2948 4070 extra
2976 4013 3243 4070 Graeciam
3273 4023 3328 4068 et
3353 4012 3562 4068 Italiam
3591 4013 3716 4069 siue

2129 4114 2509 4183 vorabantur).
2542 4122 2656 4166 tum
2691 4111 2758 4166 ad
2786 4111 3006 4165 Graecos
3041 4119 3095 4164 et
3123 4109 3350 4163 Latinos
3379 4107 3709 4162 transmissa

2129 4209 2474 4278 philosophia
2505 4218 2610 4262 est.
2633 4208 2678 4261 A
2708 4203 2980 4259 Chaldaeis
3020 4203 3162 4258 enim
3197 4205 3261 4256 ad
3296 4201 3622 4273 Babylonios
3654 4209 3718 4256 et.

2133 4303 2388 4372 Assyrios
2414 4300 2675 4363 manavit,
2692 4311 2750 4350 ut
2772 4307 2964 4352 auctor
2990 4305 3073 4350 est
3092 4293 3441 4358 Aristoteles,
3462 4293 3545 4347 vel
3571 4291 3718 4348 alius

2133 4394 2379 4465 quisquis
2412 4392 2632 4461 scripsit
2681 4391 2916 4457 librum,
2952 4390 3043 4460 qui
3082 4382 3712 4454 inscribiturMartxdr,

2135 4497 2188 4542 et
2217 4487 2409 4542 Sotion
2441 4487 2494 4539 in
2526 4484 2677 4539 libris
2702 4484 2799 4555 τῆς
2828 4482 3101 4553 διαδοχῆς,
3133 4488 3273 4534 teste
3297 4478 3537 4533 Laertio.
3581 4475 3718 4532 Sive

2136 4595 2268 4635 vero
2293 4597 2321 4633 a
2353 4578 2621 4634 Chaldteis
2649 4575 3050 4646 philos-cpitium
3086 4575 3310 4628 edoctus
3349 4571 3515 4625 fuerit
3539 4567 3722 4621 Abra-

2137 4676 2350 4736 hamus,
2384 4674 2519 4738 sive,
2545 4672 2688 4740 quod
2730 4670 2888 4739 longe
2937 4665 3274 4738 probabilius
3320 4678 3441 4718 cum
3474 4660 3720 4730 Josepho

2137 4781 2424 4821 censemus
2447 4765 2515 4830 3“,
2537 4767 2602 4817 ab
2628 4764 2937 4816 Abrahamo
2961 4759 3271 4827 acceperint
3296 4755 3561 4819 Chaldaei;
3589 4768 3716 4808 cer-

2135 4867 2250 4913 tum
2283 4867 2364 4912 est
2407 4874 2506 4927 per
2539 4856 2911 4910 Abrahamum
2946 4853 3013 4907 ad
3046 4852 3387 4911 Palaestinos,
3423 4850 3540 4902 sive
3566 4846 3717 4902 Cha-

2137 4967 2376 5018 nana—zos,
2404 4960 2592 5021 postea
2620 4950 2782 5002 etiam
2809 4948 2873 5000 ad
2897 4946 3182 5017 Egyplios
3209 4942 3517 4998 devenisse.
3540 4939 3720 4994 Abra-

2137 5044 2354 5096 hamum
2408 5040 2677 5110 siquidem
2725 5054 2907 5094 rerum
2956 5037 3447 5092 astronomicarum
3490 5031 3720 5102 peritis-

2138 5136 2336 5190 simum
2357 5134 2547 5200 fuisse,
2569 5133 2883 5187 fatebantur
2905 5127 3421 5199 ipsimetgentilinm
3445 5122 3720 5192 antiquis-

2136 5229 2282 5295 simi,
2299 5227 2531 5282 Berosus
2551 5227 2601 5279 in
2619 5223 2808 5294 primis
2827 5240 2853 5274 a
2868 5221 3103 5290 .losepho
3118 5234 3240 5273 mox
3257 5217 3426 5273 citato
3439 5213 3719 5268 laudatus.

2136 5321 2246 5376 Nec
2300 5319 2522 5376 dubium
2571 5319 2699 5387 quin
2755 5316 2950 5372 iisdem
3000 5312 3248 5370 scientiis
3301 5325 3434 5380 quas
3472 5308 3724 5376 apprime

2138 5415 2388 5481 callebat,
2415 5414 2657 5485 gentium
2688 5412 2828 5484 apud
2860 5424 2996 5480 quas
3030 5409 3342 5464 diversatus
3369 5414 3475 5472 est,
3509 5403 3726 5457 animos

2141 5509 2418 5564 imbuerit.
2462 5507 2704 5574 Cumque
2731 5521 2759 5558 a
2803 5502 3124 5559 Chananaeis
3172 5499 3239 5553 ad
3276 5495 3592 5567 Egyptios,
3620 5508 3724 5547 ur-

2351 5689 2396 5720 ³⁵
2435 5687 2553 5744 Lib.
2600 5705 2663 5754 tt,
2715 5701 2834 5755 cap.
2883 5684 2948 5738 H
3048 5683 3091 5716 ³⁸
3127 5681 3244 5735 Lib.
3303 5696 3318 5734 ι
3359 5679 3434 5733 De
3485 5675 3718 5732 divinat.
