3954 6352
314 309 384 363 45
1240 317 1706 377 DISSERTATIO
1744 321 1786 386 l,
1830 322 1864 375 Λ

1971 322 1992 376 ‘.
2037 322 2078 387 I,
2121 322 2209 377 DE
2248 318 2668 379 VALENTINO.
3520 314 3590 369 ιο

308 439 467 494 gente
507 429 674 495 fame.
720 443 779 487 ut
818 436 985 490 refert
1018 436 1256 494 Historia
1310 456 1464 496 sacra
1499 443 1565 506 ⁸⁷,
1595 444 1895 511 transierit,
1926 446 1973 503 Α
1998 444 2297 500 thnicite
2325 461 2389 500 ac
2418 445 2590 516 Syriae
2621 450 2806 513 partes
2830 440 3129 495 inviserat:
3164 435 3250 490 ubi
3288 435 3589 507 prepheta-

310 523 406 575 hos
438 523 632 578 iisdem
672 527 1271 601 disciplinis,.losepbo
1297 542 1434 590 teste
1460 536 1528 600 ³⁸,
1560 537 1894 593 informavit.

316 612 381 667 Et
433 617 563 671 hinc
623 619 1026 689 philosophiam
1087 627 1391 680 traductam
1445 629 1787 685 aCbaIdaeis
1828 634 1895 687 ad

303 704 613 775 Egyptios,
639 718 767 763 ante
783 702 1334 785 Josepbum,.scripsit
1357 718 1653 775 Diodorus:
1686 738 1713 774 a
1734 722 1895 777 Chal-

298 796 428 853 dteis
478 800 684 869 quippe
736 812 920 856 ortum
978 805 1211 859 ducebat
1237 808 1536 865 Abraham.
1580 811 1890 877 Phtnnices.

296 892 653 947 scientiarum
707 894 857 950 fama
915 905 1027 951 t0ta
1072 899 1405 968 antiquitate
1442 904 1710 972 celebres,
1747 908 1889 963 nihil

299 1000 504 1049 moror,
523 997 715 1057 utpote
742 990 837 1058 qui
860 991 1225 1049 aCbauanzeis
1248 999 1521 1065 prognati,
1546 1000 1890 1072 Ahrahmque

294 1079 525 1146 posteris
558 1083 920 1148 contermini,
958 1096 1067 1139 tum
1098 1102 1127 1139 a
1167 1092 1509 1156 parentibus,
1549 1102 1659 1146 tttm
1687 1110 1715 1147 a
1754 1096 1887 1149 vici-

294 1171 694 1241 nis,quidquid
730 1176 937 1230 scirent
966 1179 1217 1235 derivare
1245 1182 1401 1235 facile
1433 1194 1748 1251 potuerunt.
1778 1188 1887 1245 Nec

294 1263 673 1331 improbabile,
724 1269 871 1336 quod
916 1272 1255 1345 eruditorum
1311 1275 1556 1345 plerique
1602 1280 1881 1347 sentiunt,

294 1352 582 1410 Persarum
646 1375 837 1429 magos
887 1380 916 1415 a
973 1362 1266 1420 Zoroastre
1322 1368 1641 1438 institutos,
1694 1387 1760 1427 ex
1816 1374 1884 1429 iis

298 1447 673 1503 Chaldzeorutn
709 1450 978 1517 fontibus,
1006 1458 1284 1512 naturales
1317 1461 1659 1527 disciplinas,
1686 1466 1793 1520 imo
1824 1478 1882 1522 et

301 1542 623 1611 theologiam
661 1545 932 1602 hausisse.
961 1548 1014 1602 Id
1051 1551 1094 1605 si
1131 1566 1235 1605 non
1267 1556 1617 1621 persuadere,
1648 1561 1880 1616 suadere

293 1634 475 1687 saltem
509 1637 736 1690 videtur
766 1640 1039 1696 maximus
1071 1645 1358 1715 utriusque
1387 1650 1564 1717 gentis
1594 1649 1645 1703 in
1680 1654 1876 1721 praeci-

289 1727 403 1791 puis
434 1727 706 1782 doctrinm
754 1732 1031 1800 capitibus
1076 1751 1404 1793 consensus.
1431 1742 1581 1796 Adeo
1610 1752 1667 1796 ut
1708 1745 1871 1798 Chal-

287 1818 437 1871 daica
469 1821 818 1891 philosophia
846 1824 968 1879 fons
993 1828 1308 1881 uberrimus
1339 1833 1638 1900 exstiterit,
1665 1851 1727 1889 cx
1758 1852 1868 1906 quo

285 1910 516 1976 primum
549 1914 808 1979 poculum
833 1916 937 1968 sibi
969 1917 1292 1973 haurientes
1308 1920 1614 1992 Babylonii,
1635 1928 1870 1998 Assyrii,

287 2000 583 2058 Chananaci
612 2046 626 2068 ,
678 2004 1001 2075 Pbtenices,
1030 2009 1275 2081 ngyptii
1331 2024 1384 2067 et
1438 2014 1636 2081 Persm,
1666 2018 1873 2077 Grccms

285 2094 631 2158 pOsttttoduul
677 2096 947 2153 infudere.
996 2100 1108 2155 Hoc
1138 2105 1357 2169 ipsimet
1392 2122 1423 2160 e
1446 2107 1652 2162 Graacis
1677 2114 1872 2165 corda-

283 2185 480 2249 tiores,
508 2186 741 2243 Laertio
796 2198 937 2246 teste
975 2193 1027 2247 in
1062 2193 1307 2251 Proteu).
1334 2213 1439 2251 non
1472 2199 1871 2269 diliitebantur;

279 2277 643 2348 philosophia:
699 2296 811 2337 suae
845 2283 998 2337 initia
1049 2286 1302 2342 barbaris
1345 2301 1569 2356 accepta
1603 2309 1873 2349 memores

281 2373 627 2427 referebant:
665 2391 765 2430 nec
801 2377 1100 2448 quidquam
1134 2382 1414 2438 efﬁcacius
1439 2386 1506 2440 ad
1550 2398 1872 2444 czeterorum

278 2464 597 2530 superbiam
629 2465 983 2536 frangendum
1011 2472 1293 2541 prioribus
1312 2476 1571 2531 Ecclesiae
1595 2477 1871 2546 Patribus,

276 2552 525 2619 Tatiano,
544 2556 871 2627 TheopbiIo,
894 2563 1157 2620 Clementi
1194 2566 1591 2634 Alexandrino,
1617 2569 1872 2638 Eusebio,

272 2646 507 2716 aliisque
522 2649 701 2703 visum
726 2660 1000 2720 est,quam
1026 2666 1078 2710 ut
1111 2672 1207 2711 eos
1236 2659 1301 2711 ad
1330 2660 1715 2725 scientiarum,
1746 2665 1874 2733 qui-

273 2740 371 2793 bus
418 2742 685 2796 tumidius
732 2743 1139 2816 eﬂ‘erebantur,
1179 2754 1476 2820 primordia
1527 2767 1871 2812 revocarent.

339 2851 430 2905 27.
477 2852 545 2907 Et
598 2867 748 2909 certe
797 2872 865 2912 ne
915 2859 1097 2928 plures
1131 2876 1161 2917 e
1192 2865 1470 2919 veteribus
1518 2868 1860 2939 philosophis

269 2942 475 2999 Graecis
501 2948 555 2999 in
587 2950 825 3003 medium
852 2952 1167 3020 proferam;
1203 2968 1469 3024 quantum
1494 2960 1860 3032 Pythagoras,

266 3053 293 3089 a
326 3054 433 3106 quo
464 3040 815 3112 philosophia
855 3060 1051 3099 nomen
1086 3049 1229 3117 apud
1264 3048 1485 3107 Graecos
1533 3056 1702 3124 cepit,
1730 3055 1859 3109 bar-

2005 553 2125 592 rum
2147 537 2326 593 Mochi
2351 550 2754 599 successorum,
2775 533 3123 600 aliorumque
3144 528 3442 583 Phoenicia:
3479 527 3593 581 Iiie-

2001 627 2393 696 ropbantarum
2422 625 2603 681 factus
2628 622 2871 686 auditor,
2897 635 3053 676 sacra
3085 618 3272 672 omnia
3295 616 3593 686 diligenter

1998 720 2378 790 investigarat,
2417 734 2481 773 ac
2518 734 2615 787 pro
2663 730 2814 770 more
2864 713 3041 788 gentis
3092 711 3433 782 perfecerat;
3487 721 3590 763 nec

1996 814 2297 885 quidquam
2324 816 2468 868 scitu
2496 822 2549 868 et
2582 811 2871 866 observato
2902 809 3127 879 dignum
3169 806 3225 860 in
3254 804 3482 860 deorum
3506 817 3592 856 ar-

1994 907 2148 961 canis
2173 916 2227 961 et
2252 906 2541 961 sacriﬁciis
2571 904 2750 971 ipsum
2784 901 3020 972 fugerat.

2062 1020 2167 1074 28.‘
2191 1020 2393 1073 Eadem
2422 1019 2535 1073 fere
2562 1019 2628 1072 de
2656 1017 2885 1071 Platone
2909 1014 3172 1081 dixerim,
3193 1012 3283 1083 qui
3310 1030 3429 1067 cum
3452 1019 3586 1066 esset

1990 1113 2357 1175 Atheniensis,
2396 1121 2453 1166 ut
2482 1111 2675 1166 scribit
2706 1109 3051 1176 Augustinus
3081 1106 3148 1173 ”,
3182 1108 3405 1160 honesto
3439 1104 3584 1173 apud

1988 1224 2115 1261 suos
2144 1207 2258 1260 loco
2286 1215 2467 1271 natus,
2506 1215 2554 1259 et
2584 1205 2798 1273 ingenio
2829 1200 3068 1255 mirabili
3108 1199 3264 1267 longe
3292 1215 3420 1252 suos
3452 1213 3585 1249 con-

1987 1300 2277 1368 discipulos
2304 1301 2558 1364 anteiret,
2597 1314 2787 1363 parum
2816 1305 2994 1348 tamen
3025 1304 3220 1361 putans
3243 1292 3585 1361 perﬁcienda:

1984 1391 2328 1461 philosOphiw
2370 1392 2600 1459 sufﬁcere
2644 1390 2910 1457 seipsum,
2946 1404 3009 1441 ac
3060 1386 3391 1441 Socraticam
3424 1385 3586 1436 disci-

1982 1484 2205 1551 plinam,
2229 1500 2389 1553 quam
2418 1482 2572 1549 longe
2601 1482 2810 1550 lateque
2848 1481 3024 1549 potuit
3073 1480 3440 1548 peregrinatus
3480 1485 3580 1541 est,

1981 1591 2397 1645 quaquaversum
2448 1590 2563 1628 eum
2590 1574 2822 1643 alicujus
2852 1572 3127 1626 nobilitate
3168 1570 3402 1624 scientia:
3430 1568 3584 1636 fama

1982 1668 2237 1737 rapiebat.
2260 1667 2451 1737 Itaque
2476 1678 2521 1721 ct
2542 1667 2854 1735 itt-/Egypto
2884 1679 3209 1735 qutt'cunque
3238 1661 3349 1715 illic
3385 1676 3583 1730 magna

1980 1761 2307 1813 habebantur
2354 1769 2511 1824 atque
2556 1760 2908 1820 docebantur,
2935 1769 2982 1810 et
3020 1758 3143 1810 imle
3179 1757 3233 1808 in
3274 1771 3364 1808 eas
3394 1752 3580 1806 Italia:

1976 1865 2149 1922 partes
2176 1854 2407 1917 veniens,
2428 1854 2517 1906 ubi
2540 1851 3008 1922 l’ythagorworum
3027 1849 3172 1917 fama
3190 1847 3578 1911 celebrabatur,

1976 1947 2233 2016 quidquid
2279 1946 2492 1999 Italiae
2526 1945 2873 2013 philosophia:
2919 1952 3043 1995 tunc
3089 1942 3344 2011 ﬂorebat,
3374 1940 3578 1994 auditis

1976 2040 2413 2095 eminentioribus
2464 2039 2517 2090 in
2567 2054 2629 2090 ea
2677 2035 3005 2098 doctoribus,
3036 2033 3292 2102 facillime
3338 2047 3579 2100 contpre-

1976 2132 2176 2185 hendit.
2204 2129 2280 2182 Ita
2307 2129 2780 2198 Augustinus,qui
2812 2143 2998 2181 secum
3034 2126 3454 2181 consentientes
3481 2125 3581 2178 ha-

1978 2222 2071 2275 bet
2121 2219 2413 2288 Diogenem
2464 2216 2782 2279 Laertium,
2832 2216 3145 2283 Apuleium,
3191 2215 3441 2284 aliosque
3480 2214 3577 2283 qui

1980 2311 2224 2366 Platonis
2248 2318 2369 2362 acta
2395 2308 2614 2376 scriptis
2642 2306 3125 2361 tradiderttnt.Hie
3154 2306 3345 2375 itaque
3374 2307 3579 2362 auditis

1979 2405 2233 2465 Socrate,
2283 2410 2397 2452 tttm
2449 2398 2677 2467 Craton
2724 2396 2987 2452 Heracliti
3032 2396 3325 2467 discipulo,
3371 2398 3576 2453 deinde

1981 2495 2323 2563 Hermogene
2356 2489 2704 2544 Parmenidis
2742 2499 3014 2543 sectatore
3037 2531 3054 2557 ,
3095 2490 3316 2544 demum
3351 2491 3577 2546 Euclide

1979 2583 2195 2637 seniore
2227 2597 2254 2634 a
2287 2596 2394 2649 quo
2420 2579 2696 2649 Megarica
2726 2589 2879 2634 secta
2910 2579 3131 2633 initium
3160 2582 3418 2650 sumpsit,
3447 2581 3576 2637 inde

1978 2673 2246 2745 Cyrenem
2292 2671 2571 2740 profectus
2603 2685 2632 2722 a
2665 2669 2955 2726 Theodoro
2986 2672 3377 2727 mathematico
3409 2672 3576 2726 Insti-

1981 2775 2129 2819 tutus
2172 2773 2276 2818 est.
2304 2762 2411 2818 Sed
2456 2763 2834 2836 Pythagorica:
2884 2763 3272 2833 pbilosotihim,
3306 2779 3427 2834 quae
3455 2774 3575 2822 tum

1979 2868 2211 2913 cteteras
2238 2867 2418 2912 sectas
2440 2856 2581 2910 fama
2614 2853 2934 2925 superabat,
2960 2854 3030 2909 ob
3066 2854 3444 2912 sublimiorem
3480 2871 3576 2915 res

1979 2950 2195 3003 divinas
2228 2948 2500 3002 tractandi
2536 2948 2855 3002 methodum
2894 2962 3083 3003 amore
3108 2958 3324 3020 captus,
3354 2951 3422 3005 ad
3448 2966 3572 3007 eam

1982 3044 2147 3097 Italia:
2173 3044 2475 3113 regionem,
2501 3057 2622 3112 qua:
2662 3041 2855 3113 Magna
2890 3041 3099 3098 Graecia
3134 3045 3440 3111 dicebatur,
3474 3061 3575 3117 ap-

263 3133 415 3186 baris
447 3135 669 3198 debeat,
695 3137 951 3191 omnibus
980 3150 1189 3195 notum.
1228 3143 1595 3215 Pherecydcm
1630 3147 1854 3217 Syrum,

1971 3136 2192 3204 pellens,
2222 3138 2480 3206 Archytae
2524 3135 2779 3196 senioris,
2814 3136 3022 3202 Eurici,
3050 3136 3267 3202 Timzei,
3302 3138 3565 3207 Philolai,

262 3224 632 3295 Pythagoram
666 3239 721 3282 et
754 3226 1060 3295 Thaletem,
1089 3233 1181 3302 qui
1208 3236 1367 3303 primi
1399 3238 1467 3292 de
1502 3240 1663 3293 rebus
1692 3242 1859 3297 coele-

258 3322 439 3374 stibus
463 3332 519 3374 et
542 3322 743 3376 divinis
770 3325 1175 3394 disseruerunt,
1207 3331 1420 3401 seipsos
1449 3332 1857 3403 Chaldaeorum,

258 3410 761 3482 Egyptiorumque
790 3415 1084 3488 discipulos
1114 3421 1165 3473 in
1203 3423 1308 3475 hoc
1339 3426 1650 3493 agnovisse,
1689 3431 1858 3485 tradit

254 3500 528 3572 Iosephus
555 3506 607 3559 in
637 3509 818 3577 primo
839 3521 1010 3563 contr.
1034 3512 1260 3582 Appian.
1281 3514 1565 3573 Cousentit
1594 3521 1861 3580 Isocrates

258 3594 309 3645 iu
346 3595 605 3650 Busiride
630 3599 905 3665 scribens,
928 3601 1299 3671 Pythagoram
1327 3607 1381 3661 in
1407 3607 1703 3681 {Egyptutn
1732 3629 1860 3683 pro-

254 3683 494 3749 fectum,
540 3689 612 3743 ab
644 3690 922 3761 IEgyptiis
953 3694 1332 3766 phil050pbitc.
1364 3703 1760 3757 sacrificiorum
1795 3720 1860 3759 ac

252 3780 435 3834 cultus
467 3784 698 3835 deorum
733 3786 1077 3855 disriplinam
1108 3792 1408 3858 accepisse,
1435 3808 1597 3863 quam
1634 3798 1754 3850 dein
1792 3800 1858 3853 ad

250 3872 481 3928 Graecos
512 3877 782 3931 traduxit.
822 3878 1148 3952 Πυθαγόρας
1190 3884 1218 3934 ὁ
1265 3886 1603 3957 ἀφικόμενος
1643 3892 1723 3953 εἰς
1762 3891 1857 3943 Αἵ-

250 3984 316 4033 γυ
327 3984 486 4031 πτον,
506 3971 604 4021 καὶ
633 3970 883 4041 μαθητὴς
907 3974 1130 4027 ἐκείνων
1153 3978 1464 4048 γενόμενος,
1484 3984 1583 4053 τήν
1605 4001 1662 4035 τε
1690 3984 1858 4059 ἄλλην

248 4059 578 4129 φιλοσοφίαν
630 4060 849 4132 πρῶτος
893 4067 971 4127 εἰς
1009 4069 1131 4131 τοὺς
1161 4068 1428 4141 Ἕλληνας
1458 4075 1681 4144 ἐκὸμίσε
1711 4116 1724 4139 ’
1767 4080 1858 4132 καὶ

248 4154 377 4224 περὶ
406 4154 511 4216 τὰς
548 4153 739 4218 Θυσίας
766 4173 825 4207 τε
860 4159 951 4210 καὶ
982 4157 1079 4222 τὰς
1101 4161 1402 4228 ἁγιστείας,
1434 4165 1533 4229 τὰς
1566 4168 1623 4219 ὲν
1648 4172 1761 4233 τοῖς
1786 4173 1859 4223 ἱε-

247 4248 382 4315 ρεῖς,
419 4249 854 4320 ἐπιφανέστερον
884 4250 988 4302 τῶν
1024 4251 1196 4306 ἄλλων
1237 4255 1554 4311 ἐσπούδασε.
1596 4260 1670 4313 Ibi
1711 4264 1857 4317 Son-

244 4339 401 4393 chedi
442 4342 877 4409 archipmphcta
936 4355 1278 4414 prmceptore
1331 4365 1499 4413 usus,
1542 4362 1680 4407 teste
1729 4355 1855 4411 Cle-

246 4444 432 4487 mente
457 4433 787 4494 Alexandr..
819 4435 912 4491 lih.
942 4452 957 4489 ι
990 4435 1215 4503 Strom.,
1235 4442 1590 4510 symbolicam
1618 4445 1849 4501 docendi

246 4529 517 4581 rationem
555 4528 769 4594 didicit,
800 4539 859 4581 ut
883 4540 1072 4585 auctor
1099 4542 1182 4587 est
1206 4530 1547 4590 Jamblichus
1586 4539 1721 4594 lih.t
1775 4542 1850 4595 De

248 4618 370 4675 Vita
402 4622 553 4691 ejus,
598 4638 720 4689 cap.
750 4622 803 4675 5.
840 4623 949 4676 Imo
975 4633 1029 4677 et
1080 4628 1552 4699 μετεμιζιυχὼσεως
1605 4648 1846 4690 errorem

244 4713 362 4769 inde
402 4716 664 4769 hausisse
689 4756 703 4779 ,
739 4716 883 4769 haud
922 4716 1157 4773 obscure
1196 4720 1491 4789 colligitur.
1533 4723 1843 4781 Herodotus

242 4809 383 4858 enim
445 4807 500 4859 in
553 4804 787 4873 Euterpe
821 4810 977 4876 dicit,
1013 4826 1133 4864 eam
1181 4813 1248 4867 ab
1282 4813 1555 4885 Egyptiis
1604 4818 1841 4887 primum

150 4956 155 4959 ,
243 4901 644 4970 excogitatam,
666 4918 693 4952 a
715 4900 920 4955 Gra‘cis
944 4914 1129 4971 postea
1153 4917 1468 4975 susceptam
1492 4907 1677 4964 fuisse.
1705 4908 1838 4963 Cuut

240 5006 365 5045 vero
398 4994 551 5061 apud
583 4992 876 5061 Egyptios
912 4994 1103 5061 viginti
1139 5006 1195 5051 et
1232 4997 1367 5051 duos
1397 5013 1586 5062 annos,
1623 5001 1666 5052 si
1696 5000 1847 5057 Jam-

242 5084 422 5137 hIit-ho
475 5086 652 5137 citato
700 5085 856 5148 lides,
885 5088 1105 5155 egisset,
1139 5089 1316 5143 sacris
1362 5104 1549 5143 eorum
1590 5093 1844 5147 omnibus

239 5176 510 5242 initiatus,
548 5179 675 5231 inde
710 5179 1038 5249 Babylonem
1067 5196 1093 5232 a
1127 5181 1414 5251 Cambysis
1453 5184 1720 5240 militibus
1748 5189 1843 5240 ab-

238 5271 459 5331 ductus,
486 5286 613 5323 cum
647 5271 1029 5327 Chaldaeorum
1064 5273 1471 5344 Persarumque
1500 5280 1673 5347 magis
1701 5296 1835 5334 cou-

236 5376 488 5417 versatus
519 5373 625 5430 est,
664 5366 717 5418 in
760 5366 1118 5436 ipsorumque
1168 5370 1445 5438 mysteriis
1479 5369 1620 5423 haud
1649 5373 1833 5439 segni-

238 5466 311 5507 tct-
347 5456 605 5510 eruditus
663 5455 783 5512 fuit.
829 5455 945 5511 Jam
982 5471 1139 5513 antea
1163 5501 1177 5525 ,
1217 5461 1396 5529 inquit
1432 5462 1573 5515 idetn
1604 5461 1834 5533 Jambli-

232 5550 359 5601 chus
410 5564 535 5617 cap.
568 5548 602 5601 5
625 5587 639 5609 ,
670 5547 929 5603 Sidonciu
955 5592 969 5616 ,
1005 5549 1231 5621 Tyrum,
1276 5552 1503 5621 Byhlum
1580 5553 1831 5623 aliasque

294 5772 337 5805 ³¹¹
386 5774 590 5831 Geues.
636 5792 733 5847 stt,
764 5777 848 5832 10.

926 5778 1181 5853 δθὶΑιΙὶίίί.
1216 5793 1257 5846 r,
1291 5777 1342 5833 8.
1418 5781 1465 5813 ³⁹
1498 5780 1619 5853 Lib.
1660 5796 1752 5836 vtn
1795 5780 1866 5836 De
1922 5778 2103 5846 civit.,
2135 5792 2247 5849 cap.
2292 5776 2323 5832 6

1967 3229 2301 3298 Epicharmi,
2315 3229 2655 3299 aliorumque
2671 3228 3157 3300 Pythagoricorum
3178 3230 3394 3303 [XXIII]
3412 3231 3571 3288 disci-

1965 3323 2125 3392 pliutc
2148 3324 2386 3391 seipsum
2410 3322 2653 3376 tradidit.
2679 3322 2781 3376 Cui
2801 3324 3023 3391 quidem
3056 3323 3418 3394 philosophiae
3438 3340 3566 3381 cum

1964 3421 2227 3475 diutinam
2267 3420 2697 3488 diligentemque
2744 3434 2968 3487 operam
3025 3432 3316 3489 navasset,
3357 3420 3568 3492 Pytha-

1964 3527 2150 3582 goram
2176 3513 2497 3580 magistrum
2527 3512 2767 3566 imitatus
2790 3511 2860 3575 ‘°,
2896 3511 3119 3582 Αἲξ]ωηὶ
3142 3530 3348 3583 quoque
3382 3530 3565 3568 sacer-

1964 3605 2111 3656 dotes
2136 3604 2462 3672 ndiit,atque
2478 3619 2656 3657 eorum
2687 3620 2885 3655 arcana
2922 3604 3567 3671 perdidicit.Commuuis

1962 3708 2044 3753 est
2067 3697 2255 3761 etiam,
2301 3712 2400 3751 nec
2442 3696 2819 3763 ituprobahilis
2878 3707 3122 3749 veterum
3178 3694 3401 3748 Patrum
3432 3712 3566 3751 sen-

1965 3790 2152 3852 tentia,
2178 3788 2399 3843 Jndteos
2424 3804 2450 3838 a
2478 3784 2705 3839 Platone
2727 3803 2831 3842 non
2856 3790 3155 3857 neglectos,
3174 3790 3289 3844 sive
3314 3789 3559 3844 Judzeam

1964 3883 2078 3951 ipse
2105 3881 2325 3947 adierit,
2359 3882 2474 3935 sive
2502 3880 2720 3935 .lztdueos
2744 3888 2857 3932 tum
2894 3883 2943 3933 in
2974 3880 3211 3952 [Egypto
3238 3881 3560 3951 frequentes

1962 3976 2338 4041 consuluerit,
2395 3986 2451 4031 et
2508 3973 2576 4028 ab
2626 3973 2692 4028 iis
2728 3974 2876 4029 haud
2932 3974 3309 4043 paenitendum
3356 3975 3560 4031 divinte

1961 4068 2207 4122 scientia:
2259 4068 2473 4137 copiam
2526 4068 2841 4137 accepisse,
2877 4082 2980 4136 qua
3031 4066 3203 4121 libros
3250 4082 3381 4123 suos
3431 4068 3557 4123 dein

1960 4161 2265 4214 exornarit.
2324 4160 2415 4213 Sic
2464 4160 2775 4228 omnigenis
2822 4160 3280 4228 philos0phorum
3329 4161 3549 4215 exuviis

1960 4253 2166 4307 affatim
2200 4253 2597 4321 locupletatus,
2629 4254 2850 4306 domum
2887 4266 3145 4307 reversus
3174 4253 3383 4308 veteris
3414 4253 3559 4308 Aca-

1959 4347 2154 4402 demia:
2204 4346 2561 4400 fundamenta
2593 4348 2761 4415 jecit,
2793 4360 3100 4416 novamque
3132 4357 3337 4402 sectam
3366 4348 3556 4402 condi-

1959 4443 2058 4505 dit,
2104 4450 2216 4495 toto
2243 4442 2376 4494 orbe
2402 4441 2675 4495 celebrem
2715 4442 2977 4509 deinceps
3010 4440 3278 4501 futuram.
3308 4442 3557 4511 aliasque

1956 4548 2145 4588 euntes
2192 4549 2330 4603 pene
2363 4534 2804 4586 ohscuraturam.
2840 4531 2938 4585 Hic
2980 4544 3145 4599 porro
3198 4544 3353 4584 nova:
3395 4528 3555 4585 istius

1957 4640 2120 4683 secta:
2151 4629 2460 4692 character,
2487 4638 2543 4680 ut
2578 4627 2890 4680 eommistis
2920 4626 3252 4688 invicem,ut
3284 4626 3359 4678 ait
3382 4624 3554 4681 Lacr-

1957 4722 2082 4784 tius,
2112 4720 2540 4775 IIeracIiteorum
2568 4761 2581 4784 ,
2633 4718 3119 4789 Pythagoricorum
3152 4726 3209 4770 et
3239 4718 3551 4772 Stoicmum

1952 4812 2322 4882 Opinionihus,
2366 4827 2564 4865 novum
2611 4813 2872 4866 doctrina:
2921 4824 3124 4878 corpus
3173 4825 3241 4865 ex
3294 4812 3549 4865 omnibus

1953 4906 2189 4960 solerter
2232 4904 2527 4958 conﬂatum
2577 4906 2837 4957 traderet.
2880 4902 2959 4955 Τὰ
3004 4902 3101 4973 μὲν
3152 4902 3261 4973 γὰρ
3286 4903 3545 4975 αἰσθητὰ,

1950 4998 2071 5052 καθ’
2089 4998 2441 5070 Ἠράκλειτον
2462 5014 2476 5029 ο
2513 4996 2582 5050 τὰ
2607 4998 2664 5049 δὲ
2694 4996 2881 5065 νοητὰ,
2909 4995 3051 5049 κατὰ
3079 4995 3407 5067 Πυθαγόραν
3430 5011 3444 5025 ⁸
3476 4998 3547 5050 τὰ

1945 5090 2001 5143 δὲ
2039 5087 2293 5142 πολιτικὰ
2329 5088 2471 5141 κατὰ
2509 5088 2807 5159 Σωκράτην
2838 5086 3169 5156 ἐφιλοσόφει.
3202 5088 3371 5153 Atque
3396 5088 3451 5140 in
3481 5088 3546 5141 iis

1946 5186 2156 5255 quidem
2188 5200 2309 5254 qute
2339 5184 2580 5237 sensibus
2604 5183 2898 5250 subjacent,
2930 5180 3197 5235 Heracliti
3224 5192 3403 5250 partes
3430 5192 3547 5234 tue-

1947 5278 2133 5341 batur;
2154 5292 2213 5329 ea
2236 5291 2354 5344 qua:
2376 5284 2543 5327 mente
2569 5272 3107 5341 comprehenduntur,
3130 5288 3194 5325 ea:
3223 5270 3543 5341 Pythagora:

1941 5368 2204 5421 sententia
2249 5366 2524 5428 tractavit,
2566 5366 2618 5415 in
2664 5363 2818 5417 rebus
2851 5371 3030 5416 autem
3066 5363 3338 5427 civilibus,
3366 5362 3541 5430 philo—

1938 5459 2260 5527 sOphobatur
2298 5472 2361 5509 ea:
2403 5466 2570 5509 mente
2629 5456 2890 5509 Socratis.
2940 5454 3078 5509 Huic
3130 5471 3265 5509 vero
3291 5454 3540 5525 philoso-

1938 5552 2078 5618 phiae
2127 5562 2237 5619 prae
2278 5547 2490 5601 caeteris
2536 5548 2769 5613 pretium
2824 5546 3077 5608 addidit,
3125 5547 3266 5615 quod
3315 5546 3383 5600 de
3423 5546 3537 5601 Dcu

2412 5779 2466 5837 ,⁸⁸
2498 5774 2754 5845 Quiutil.,
2790 5774 2883 5831 lib.
2920 5791 2958 5843 t,
2996 5789 3118 5841 cup.
3158 5774 3241 5829 I9.
