3954 6352
369 296 438 355 47
1161 296 1758 359 DlSSERTATlONES
1795 301 1968 358 PRE‘

2074 295 2100 358 Ξ
2142 300 2205 356 ΙΝ
2246 297 2504 358 ῙΒΕΝᾸΞῙ
2543 298 2814 360 LIBROS.
3570 304 3675 362 ω’

370 442 596 513 ejusque
633 441 1105 511 proprietatibus,
1143 460 1209 500 ac
1257 446 1326 502 iis
1375 446 1573 516 quibus
1621 445 1954 502 informandi
1985 428 2031 486 Α
2130 424 2218 479 ⁵οο
2256 424 2476 480 Primus
2525 427 2618 496 (ιυῖ
2676 427 2730 481 in
2772 424 3144 482 Alexandrina
3199 427 3391 484 scbola
3441 426 3646 484 famam

371 541 559 589 essent
609 534 891 590 hominum
941 551 1142 600 mores,
1189 537 1312 592 aliis
1354 539 1640 595 sublimius
1676 537 1954 594 disseruit.

372 623 607 690 Agnovit
628 625 775 680 enim
800 625 954 682 Plato
980 643 1146 682 unum
1173 641 1298 684 esse
1323 629 1517 695 Deum,
1543 643 1813 684 summum
1838 630 1959 699 opi-

372 717 532 771 licetn
572 718 810 772 universi
845 718 912 783 δ’,
937 728 988 773 et
1017 736 1192 774 rerum
1225 730 1493 774 auctorem
1527 727 1575 773 et
1605 721 1846 774 veritatis
1891 721 1958 774 il-

372 808 733 875 lustratorem,
753 823 803 864 et
827 811 1173 866 beatitudinis
1201 812 1502 882 largitorem
1524 829 1543 878 ;
1573 827 1637 867 ac
1659 813 1890 883 proinde
1913 813 1957 846 δ’

370 901 530 971 ﬁnem
569 903 691 957 boni
723 919 855 968 esse,
881 905 1168 958 secundant
1209 905 1454 958 virtutem
1485 905 1675 968 vivere,
1700 915 1750 959 et
1776 905 1826 959 ei
1856 905 1958 960 soli

369 997 576 1053 evenire
601 1014 754 1066 posse
779 999 871 1070 qui
900 1000 1148 1052 notitiam
1182 997 1273 1051 Dei
1299 998 1485 1051 habeat
1510 1008 1556 1053 et
1585 998 1957 1068 imitationem,

373 1107 470 1144 nec
495 1107 609 1144 esse
637 1089 802 1143 aliant
827 1091 889 1143 ob
921 1106 1137 1144 causam
1171 1091 1402 1144 beatum.
1432 1091 1561 1145 Haec
1587 1093 1771 1162 itaque
1793 1110 1956 1146 causa

378 1181 476 1251 fuit
499 1199 594 1235 cur
631 1182 761 1236 istos
794 1182 999 1235 crrteris
1030 1183 1368 1251 prmtulerint
1393 1184 1565 1240 Judaei
1601 1193 1766 1256 atque
1800 1186 1961 1242 Chri-

375 1273 624 1340 stiani";
659 1274 781 1342 quia
818 1289 934 1326 cum
967 1273 1061 1326 alii
1101 1274 1404 1342 philosophi
1447 1276 1658 1346 ingenia
1702 1294 1801 1332 sua
1840 1290 1957 1333 stu-

375 1365 567 1435 diaque
609 1365 949 1418 contriuerint
993 1365 1044 1417 in
1093 1366 1418 1436 requirendis
1460 1384 1636 1422 rerum
1677 1371 1873 1435 causis,
1907 1379 1958 1424 et

380 1457 600 1528 quinam
624 1459 813 1512 modus
848 1443 980 1511 essét
1010 1457 1247 1512 discendi
1280 1469 1436 1529 atque
1462 1461 1701 1526 vivendi;
1738 1462 1828 1516 isti
1850 1461 1960 1518 Deo

373 1553 581 1619 cognito
612 1559 918 1617 repererunt
946 1549 1035 1602 ubi
1054 1563 1186 1604 esset
1204 1567 1366 1605 causa
1383 1539 1680 1607 constituta:
1703 1555 1960 1608 universi-

374 1641 502 1694 tatis
549 1650 596 1694 et
649 1639 744 1693 lux
789 1640 1142 1709 percipienda:
1184 1643 1440 1711 veritatis,
1473 1655 1519 1699 ct
1551 1643 1671 1713 fons
1725 1645 1960 1701 bibenda

371 1730 670 1800 fclicitatis.
714 1730 769 1783 ln
823 1734 925 1784 huc
967 1740 1149 1785 tamen
1197 1735 1410 1787 caeteris
1454 1737 1677 1805 gravius
1702 1738 1960 1806 'peccavit

370 1823 558 1889 Plato,
608 1824 752 1894 quod
803 1823 934 1878 licet
966 1839 1132 1878 unum
1173 1840 1367 1880 verum
1401 1826 1570 1881 Deum
1614 1840 1960 1899 agnosceret,

373 1918 477 1972 diis
513 1925 694 1969 tamen
725 1914 978 1984 plurimis
1023 1932 1139 1970 esse
1168 1933 1325 1970 sacra
1373 1917 1620 1984 facienda
1658 1931 1866 1990 putaret
1897 1921 1962 1975 “.

369 2006 506 2062 Nam
546 2019 751 2077 praeter
779 2023 902 2062 eum
933 2007 1126 2061 statuit
1156 2008 1287 2063 deos
1317 2011 1456 2066 alios
1491 2011 1799 2078 inferiores,
1832 2027 1968 2084 quos

369 2112 424 2156 et
455 2103 626 2157 sacris
652 2101 756 2156 coli
775 2100 961 2169 jussit.
1000 2101 1206 2170 Sicque
1236 2102 1406 2155 variis
1431 2104 1675 2171 gentium
1705 2107 1968 2173 supersti«

371 2193 634 2259 tionibus,
662 2193 982 2258 sacriﬁciis,
1007 2193 1295 2248 sceleratis
1319 2193 1619 2262 mysteriis,
1649 2196 1968 2268 artibusque

369 2285 620 2354 magicis,
655 2279 1058 2340 Platonicorum
1088 2299 1194 2338 non
1235 2285 1417 2338 minus
1446 2300 1610 2354 quam
1642 2298 1966 2342 cancrorum

372 2376 645 2442 defamata
678 2376 882 2431 mansit
911 2375 1278 2444 philosophia.

441 2468 534 2523 29.
586 2469 663 2522 Ex
697 2468 869 2521 veteri
927 2467 1166 2521 Platonis
1199 2466 1497 2521 Academia
1538 2467 1791 2541 prodiere
1830 2485 1965 2524 nova

370 2569 426 2616 et
451 2561 651 2624 media,
683 2560 883 2629 quibus
911 2559 1118 2612 addunt
1150 2557 1395 2610 nonnulli
1427 2567 1676 2626 quartam
1721 2570 1774 2613 et
1807 2560 1971 2630 quin-

372 2662 506 2720 tam,
567 2669 803 2724 quarum
851 2653 1096 2706 omnium
1172 2648 1494 2706 discrimina
1542 2653 1798 2708 omnibus
1841 2665 1968 2707 nota

370 2747 505 2802 nihil
569 2748 632 2800 ad
676 2760 904 2816 sc0pum
945 2753 1191 2800 nostrum
1227 2744 1536 2800 conferunt.
1589 2743 1696 2798 Sed
1754 2745 1968 2800 demum

370 2849 496 2910 post
527 2840 710 2894 varias
737 2854 878 2907 quas
909 2847 1135 2910 experta
1177 2847 1262 2893 est
1298 2837 1598 2892 Academia
1635 2838 1972 2893 vicissitudi-

371 2948 495 2997 nes,
551 2933 646 3002 qui
696 2931 946 2988 Platonis
1001 2931 1350 3000 dogmatibus
1417 2930 1667 2987 strictius
1721 2932 1972 2986 adhaere-

372 3024 523 3090 bant,
565 3035 752 3095 spreto
775 3024 1233 3080 Academicorum
1266 3023 1508 3090 nomine,
1537 3023 1679 3094 quod
1712 3024 1971 3080 Arcesilae

2061 517 2367 572 obtinuisse
2406 529 2771 585 memoratur,
2820 518 3112 586 Potamon,
3153 518 3394 576 Caesaris
3418 523 3650 589 Augusti

2061 615 2118 662 et
2155 606 2358 661 Tiberii
2395 608 2750 677 temporibus,
2785 606 2951 663 Suida
2979 618 3139 676 teste,
3168 608 3404 664 ﬂorebat
3431 628 3447 664 :
3472 611 3652 666 Ποτά-

2063 716 2181 770 μων
2231 698 2610 771 Ἀλεξανδρεὺς
2655 699 2941 770 φιλόσοφος
2980 700 3222 770 γεγονὼς
3268 703 3388 757 κατ’
3445 700 3654 771 Αὔγου-

2062 811 2207 857 στον,
2239 794 2334 846 καὶ
2365 794 2482 864 μετ’
2509 793 2692 847 αὐτόν.
2721 793 2842 858 llic,
2864 793 2908 846 si
2942 794 3121 848 eidem
3154 795 3336 849 Suidm
3374 794 3530 857 fides,
3562 809 3654 848 re-

2061 885 2220 952 liquit
2249 887 2327 948 εἰς
2355 883 2452 947 τὰς
2500 883 2788 947 Πλάτωνος
2814 881 3087 947 πολιτείας
3130 881 3447 956 ὑπόμνημα,
3495 882 3656 938 Cont-

2061 981 2423 1033 mentariosin
2457 977 2617 1030 libros
2666 975 2910 1030 Platonis
2940 977 3005 1030 de
3051 976 3352 1045 Republica.
3418 975 3477 1032 Si
3525 977 3654 1048 quid

2062 1075 2209 1128 aliud
2271 1074 2594 1144 scripserit,
2655 1080 2868 1142 tempus
2924 1071 3063 1126 edax
3126 1086 3305 1126 rerum
3336 1070 3420 1126 vel
3481 1072 3653 1140 ipsam

2061 1165 2379 1219 memoriam
2453 1162 2760 1233 posteritati
2842 1162 3054 1218 invidit.
3140 1161 3400 1228 Quamvis
3470 1171 3654 1216 autem

2063 1256 2332 1311 Potamon
2411 1256 2757 1325 potissimum
2806 1255 2909 1309 sibi
2979 1255 3172 1310 ducem
3234 1253 3489 1323 elegisset
3533 1253 3656 1308 Pla-

2062 1359 2274 1414 tonem,
2329 1349 2488 1418 cujus
2546 1348 2771 1416 vestigia
2825 1357 3119 1418 premeret,
3176 1363 3285 1401 non
3327 1356 3534 1401 temere
3581 1356 3657 1398 ta-

2063 1458 2186 1497 men
2254 1442 2306 1496 in
2362 1440 2609 1510 magistri
2663 1440 2829 1494 verba
2889 1439 3144 1509 quaelibet
3197 1437 3492 1507 jurandum
3549 1438 3655 1494 sibi

2061 1535 2236 1588 duxit.
2269 1531 2386 1587 lmo
2430 1542 2596 1588 cauto
2635 1533 2772 1602 pede
2829 1531 2910 1586 sic
2964 1541 3182 1586 secutus
3231 1539 3336 1591 est.
3391 1539 3448 1584 ut
3484 1529 3657 1585 libere

2063 1626 2132 1679 ab
2175 1625 2322 1679 illius
2379 1624 2676 1688 sententis,
2720 1621 3046 1678 melioribus
3095 1622 3424 1691 perspectis,
3473 1621 3656 1676 disce-

2064 1723 2235 1776 deret.
2274 1715 2481 1773 Novum
2507 1715 2758 1786 proinde,
2810 1715 3141 1782 liberiusque
3176 1728 3339 1783 quam
3389 1712 3654 1768 hactenus

2071 1812 2268 1877 ister-at,
2330 1809 2384 1863 in
2454 1807 2700 1864 scholam
2755 1805 3180 1860 Alexandrinam
3229 1801 3654 1874 philosophandi

2069 1919 2241 1975 genus
2275 1901 2578 1956 introduxit
2610 1917 2623 1953 :
2663 1915 2767 1967 quo
2794 1897 3144 1967 perpurgatis
3178 1895 3417 1951 Platonis
3438 1895 3658 1964 opinio-

2073 1999 2252 2058 nibus.
2285 1997 2550 2066 ablegatis
2582 1992 3059 2062 itnprobabilibus,
3089 1991 3428 2060 resectisque
3470 1988 3653 2056 nugis,

2071 2091 2268 2160 quibus
2304 2087 2636 2142 luxuriantia
2682 2084 3076 2155 discipulorum
3128 2082 3347 2153 ingenia
3401 2079 3656 2150 magistri

2071 2181 2377 2237 doctrinam
2407 2178 2751 2241 obliverunt;
2779 2189 3121 2246 quaecunque
3159 2173 3380 2229 veriora
3410 2182 3505 2226 aut
3524 2187 3658 2226 vero

2072 2271 2340 2327 similiora
2384 2270 2745 2331 videbantur,
2794 2267 2944 2322 nullo
3003 2274 3284 2321 auctorum
3333 2264 3665 2319 discrimine

2071 2365 2283 2429 habito,
2329 2363 2527 2418 ascivit
2569 2361 2982 2430 substituitque.
3037 2358 3405 2423 Ἐκλεκτικὺν,
3442 2356 3666 2411 Latinis

2071 2456 2372 2519 elcctivum,
2405 2457 2609 2507 dictum
2649 2461 2731 2506 est
2771 2452 2875 2506 hoc
2895 2450 3312 2521 philosophandi
3341 2463 3509 2517 genus
3530 2465 3545 2514 ;
3570 2461 3665 2501 se-

2073 2556 2316 2601 ctatores
2343 2560 2472 2599 vero
2498 2543 2828 2607 ὲκλεκτικοὶ,
2879 2542 3084 2596 ειεειὶυἱ
3129 2556 3225 2596 seu
3277 2538 3564 2602 electores;
3600 2547 3668 2592 ut

2072 2641 2336 2710 optimum
2370 2650 2424 2695 et
2449 2638 2905 2703 laudatissinnnn,
2935 2636 3016 2690 sic
3043 2635 3290 2689 omnium
3333 2644 3486 2690 certe
3515 2631 3665 2686 ἀίω-

2074 2734 2357 2799 cillimum,
2389 2748 2498 2802 quo
2521 2732 2836 2801 dogmatum
2865 2731 3113 2784 omnium
3151 2726 3667 2799 philosophicorum

2073 2828 2288 2883 delectu
2325 2827 2495 2890 facto,
2527 2823 2579 2878 id
2616 2823 2887 2877 duntaxat
2913 2823 3271 2893 probabatur,
3303 2820 3448 2888 quod
3471 2819 3538 2872 ad
3569 2831 3670 2870 ra-

2075 2921 2240 2976 tionis
2287 2933 2536 2973 normam
2582 2925 2858 2976 exactum,
2913 2914 3112 2969 melius
3142 2911 3467 2981 quadrabat.
3504 2906 3669 2962 Hanc

2077 3016 2252 3069 iniere
2285 3013 2430 3066 viam
2467 3019 2740 3081 quotquot
2773 3008 3035 3077 deinceps
3066 3021 3095 3059 e
3120 3003 3305 3059 schola
3330 2999 3666 3056 Alexandri-

373 3091 744 3174 sectatoribus
778 3118 1052 3185 relictum,
1086 3117 1220 3172 illud
1259 3091 1668 3172 Platonicorum
1704 3117 1809 3172 sibi
1847 3119 1966 3172 vin-
1995 3126 2037 3183 ς,
2077 3122 2145 3163 na
2179 3120 2375 3162 nomen
2403 3103 2504 3158 sibi
2545 3108 2956 3171 compararunt,
2987 3109 3046 3151 ut
3088 3095 3433 3152 Ammonius.
3456 3091 3668 3185 Neroni

373 3212 652 3277 dicarunt,
682 3225 998 3280 novumque
1022 3210 1373 3279 splendorem
1398 3207 1509 3277 jam
1545 3210 1598 3263 in
1633 3225 1802 3263 unum
1835 3224 1968 3264 coa-

373 3303 624 3366 lescenti,
663 3317 785 3370 qua:
813 3303 968 3370 prius
1007 3301 1179 3354 scissa
1201 3307 1339 3364 erat,
1367 3298 1570 3352 schola:
1601 3298 1845 3354 Platonis
1869 3301 1968 3355 ad-

374 3395 653 3452 diderunt.
688 3394 1002 3448 Ellloruisse
1033 3392 1289 3446 videntur
1336 3392 1460 3445 novi
1507 3392 1581 3446 illi
1629 3390 1894 3448 Platonici
1939 3409 1971 3449 e

374 3491 563 3546 schola
596 3491 990 3553 Alexandrina,
1019 3504 1182 3558 quam
1217 3488 1546 3544 Ptolemams
1579 3487 1972 3558 Philadelphus

375 3583 826 3656 φιλογράμματος
867 3583 1202 3636 instituerat.
1230 3581 1298 3637 Ut
1335 3583 1477 3636 enim
1512 3582 1818 3636 litterarum
1854 3591 1972 3636 stu-

376 3658 461 3732 dia
479 3684 847 3744 promoveret,
863 3674 1221 3743 scholamque
1239 3689 1392 3728 suam
1409 3683 1522 3729 toto
1549 3675 1681 3730 orbe
1699 3675 1970 3730 celebrem

377 3770 656 3833 redderet,
705 3775 873 3822 totam
901 3767 1289 3837 {Egyptiorum
1331 3765 1659 3834 sapientiam
1707 3766 1973 3821 hactenus

375 3857 794 3928 hicrophantis,
875 3857 1316 3928 Egyptiacoqtte
1383 3857 1633 3911 idiomati
1707 3855 1974 3910 duntaxat

377 3953 776 4015 concreditam,
806 3966 928 4004 cum
956 3951 1130 4007 sacris
1159 3950 1474 4006 Judteorum
1515 3949 1690 4013 libris,
1731 3957 1788 4001 ut
1815 3947 1974 4016 vulgo

378 4044 654 4108 creditur,
687 4045 740 4097 in
792 4041 1048 4098 Graecum
1085 4043 1217 4114 (quo
1246 4043 1497 4115 plurimis
1539 4043 1886 4097 innotescere
1909 4052 1974 4092 ac

377 4137 644 4208 prodesse
667 4136 913 4206 possent)
963 4136 1208 4191 converti
1236 4145 1561 4200 curaverat;
1592 4133 1974 4190 bibliothecam

378 4245 488 4284 non
518 4229 828 4299 paenitenda
851 4229 1117 4282 librorum
1136 4227 1476 4297 supellectile
1507 4227 1872 4293 instruxerat;
1905 4228 1979 4280 vi-

381 4338 472 4377 ros
506 4323 674 4376 totius
701 4322 856 4377 orbis
883 4323 1254 4387 doctissimos,
1303 4318 1544 4384 .ludaeos,
1577 4319 1816 4380 Graecos.
1871 4319 1980 4373 Ro-

383 4431 605 4480 manos,
632 4424 768 4480 etc.,
824 4416 1147 4480 advocarat,
1189 4415 1536 4486 amplissima:
1578 4414 1843 4468 mercedis
1883 4426 1977 4482 spe

383 4506 630 4562 allectos.
650 4506 724 4562 Eo
742 4505 1057 4560 conﬂuxere
1075 4506 1352 4558 variarum
1380 4507 1622 4576 gentium
1643 4506 1973 4575 philosophi,

355 4601 652 4656 doctrina:
687 4600 990 4668 specimina
1045 4601 1249 4654 daturi.
1283 4599 1393 4654 Sed
1443 4598 1650 4669 primas
1685 4598 1842 4652 facile
1893 4607 1976 4652 te-

386 4705 556 4744 nuere
599 4691 890 4758 Platonici,
937 4690 1210 4762 IEgyptiis
1263 4692 1500 4745 maxima
1542 4704 1665 4745 cum
1713 4691 1978 4758 dogmati-

385 4781 488 4836 bus
525 4797 716 4836 eorum
745 4782 1009 4836 alIinitate
1060 4798 1169 4851 pra:
1203 4784 1418 4838 caeteris
1453 4784 1852 4849 commendati;
1888 4791 1977 4836 ut-

391 4886 520 4946 pote
550 4889 670 4943 quze
701 4873 855 4926 Plato
885 4883 996 4927 tum
1031 4890 1096 4928 ex
1123 4875 1506 4943 frequentibus
1528 4889 1668 4944 quos
1710 4876 1977 4930 habuerat

392 4983 517 5022 cum
559 4965 896 5036 mysmgogis
942 4980 1136 5019 eorum
1168 4967 1573 5036 congressibus,
1609 4976 1719 5020 tum
1773 4983 1840 5021 ex
1890 4968 1978 5034 iis,

391 5077 532 5132 quos
561 5059 1244 5128 audicrat,Pythagoricis,
1266 5059 1456 5114 sedulo
1478 5060 1802 5114 edidicerat.
1824 5059 1879 5113 lu
1898 5059 1983 5114 di-

391 5155 536 5209 vinis
554 5153 823 5221 siquidem
850 5154 1257 5220 pertractnttdis
1284 5153 1704 5223 Pythagoricam
1751 5154 1977 5208 docendi

389 5246 686 5307 rationem,
700 5246 947 5298 eamdem
973 5257 1112 5312 pene
1131 5256 1254 5295 cum
1273 5240 1974 5314 Egyptiacaﬁequebatur,

392 5352 453 5420 pt
484 5355 605 5393 mox
634 5353 698 5392 ex
733 5335 956 5390 Laertio
985 5335 1244 5390 diximus.
1288 5333 1531 5405 Hincque
1567 5335 1770 5390 factum
1798 5343 1850 5388 ut
1881 5331 1982 5387 1E-

391 5432 595 5503 gyptiis
625 5439 777 5484 tanto
806 5430 858 5484 in
894 5429 1079 5498 pretio
1104 5429 1272 5482 fuerit
1303 5427 1582 5482 Platonica
1609 5427 1976 5498 philosophia,

390 5524 607 5594 qualem
657 5521 932 5576 docebant
961 5521 1086 5574 novi
1114 5520 1192 5574 illi
1233 5517 1527 5582 Platonici,
1552 5519 1788 5588 indeque
1823 5519 1978 5589 longe

392 5616 614 5686 lateque
665 5615 810 5686 apud
855 5614 992 5668 alias
1035 5613 1288 5667 nationes
1331 5623 1633 5681 propagata
1664 5611 1854 5666 fuerit.

461 5783 503 5812 ⁶¹
539 5784 702 5852 ειυς..
737 5780 832 5836 lib.
867 5796 960 5835 vtn
995 5779 1068 5833 lle
1100 5780 1273 5845 civit.,
1307 5791 1430 5846 cap.
1481 5773 1538 5828 5.
1615 5773 1659 5804 ι’
1707 5770 1865 5839 lbid.,
1914 5785 1968 5826 ca

2084 5767 2136 5823 s.
2215 5765 2259 5797 ιι
2307 5762 2462 5835 Ῑιοίὰη
2522 5777 2635 5832 ων.
2693 5760 2760 5816 to

2074 3208 2130 3256 et
2158 3197 2496 3266 Vespasiano
2529 3194 2848 3266 σύγχρονος,
2886 3207 2994 3245 non
3028 3189 3118 3244 ille
3152 3188 3410 3258 Origenis
3436 3195 3491 3241 et
3530 3184 3669 3240 Plo-

2072 3293 2200 3359 tini,
2223 3292 2318 3346 sed
2353 3289 2634 3344 Plutarchi
2671 3297 2998 3358 prmceptor,
3029 3283 3188 3352 cujus
3218 3280 3464 3335 meminit
3488 3277 3671 3334 Euna-

2072 3389 2196 3457 pius
2222 3387 2273 3440 in
2307 3383 2600 3438 Prommio.
2630 3379 2737 3436 Sed
2776 3379 3009 3448 majores
3043 3377 3098 3430 in
3130 3390 3193 3429 ea
3227 3387 3550 3445 progressus
3581 3369 3672 3426 fe-

2074 3477 2169 3541 cit,
2221 3487 2536 3542 novumque
2595 3471 2763 3526 decus
2810 3475 3131 3525 restaurator:
3177 3464 3420 3520 Platonis
3455 3463 3671 3519 Acade-

2075 3567 2222 3632 mize,
2246 3565 2499 3620 admistis
2531 3562 2760 3619 aliorum
2792 3560 3261 3630 philosophorum,
3282 3556 3670 3628 Pythagoram-

2076 3679 2194 3718 rurn
2222 3664 2276 3714 in
2303 3660 2516 3729 primis,
2550 3657 2794 3728 placitis,
2846 3654 3053 3711 addidit
3082 3653 3314 3710 celebris
3334 3651 3671 3708 Ammonius

2073 3755 2174 3826 τῆς
2205 3755 2360 3825 ἱερᾶς
2391 3751 2604 3821 γενεᾶς,
2641 3765 2814 3804 sacra:
2851 3748 3146 3803 Platonicae
3176 3746 3538 3801 successionis
3566 3760 3669 3799 ca—

2075 3858 2172 3918 put
2201 3847 2380 3901 dictus
2415 3860 2430 3898 :
2464 3858 2530 3898 ex
2579 3842 2733 3912 cujus
2779 3855 2877 3896 ore
2925 3850 3311 3910 perpurgatam
3349 3840 3489 3894 hanc
3533 3838 3667 3908 phi—

2076 3940 2380 4011 losophiam
2415 3939 2714 3992 hauserunt
2763 3933 3088 3997 llerenuius,
3137 3932 3400 4002 Origenes
3435 3941 3490 3984 et
3535 3928 3670 3984 Plo-

2079 4035 2264 4100 tinus;
2297 4046 2436 4102 quos
2469 4030 2661 4086 deinde
2686 4027 3046 4099 Porphyrius,
3072 4023 3433 4092 Jamblichus,
3469 4023 3670 4077 Hiero-

2077 4129 2210 4194 cles,
2269 4125 2537 4197 Syrianus
2588 4131 2643 4177 et
2697 4120 2949 4184 Proclus,
2997 4119 3117 4173 κατ’
3173 4114 3366 4187 ἐξοχὴν
3434 4122 3667 4168 vocatus

2078 4220 2340 4290 διάδοχος,
2387 4222 2756 4285 exceperunt,
2815 4213 3014 4280 quibus
3057 4209 3351 4264 Maximum
3405 4204 3664 4276 Tyrium,

2080 4315 2390 4378 Alcinoum,
2447 4306 2816 4372 Damascium,
2855 4305 3166 4375 Apuleium,
3216 4299 3558 4356 Chalcidium
3609 4310 3672 4353 et

2084 4408 2222 4463 alios
2256 4407 2558 4477 adjungere
2587 4415 2899 4473 possumus.

2151 4503 2242 4558 5|.
2279 4501 2337 4556 Si
2379 4499 2510 4570 quid
2544 4512 2674 4551 vero
2700 4493 3003 4565 splendoris
3025 4506 3177 4546 nova:
3208 4488 3338 4545 huic
3369 4483 3669 4541 Platonica:

2081 4591 2285 4648 scholae
2322 4591 2566 4646 additum
2599 4603 2667 4642 ex
2700 4586 2935 4639 aliarum
2985 4593 3257 4638 sectarum
3291 4575 3664 4648 opinionibus,

2081 4701 2220 4757 quas
2250 4681 2506 4755 proprias
2549 4681 2654 4735 sibi
2697 4678 2863 4744 fecit;
2917 4678 3079 4744 longe
3120 4673 3292 4742 major
3317 4669 3552 4726 accessit
3597 4683 3662 4757 es

2081 4752 2388 4833 sublimiori
2430 4772 2724 4842 theologia,
2778 4785 2940 4839 quam
2997 4784 3061 4822 ex
3103 4765 3412 4820 Judteorum
3447 4752 3666 4833 [XXIV]

2082 4886 2147 4926 ac
2172 4869 2612 4925 Christianorum
2661 4877 2772 4919 tum
2804 4863 2983 4928 libris,
3032 4869 3144 4913 tum
3186 4855 3530 4912 sermonibus
3571 4855 3672 4907 de-

2085 4963 2371 5033 prompsit.
2419 4959 2557 5014 Cum
2589 4959 2736 5013 enim
2768 4954 2940 5010 Judaei
2988 4952 3102 5022 jam
3156 4964 3187 5003 a
3239 4948 3432 5018 primis
3463 4943 3669 5000 scholae

2086 5053 2233 5108 illius
2247 5050 2492 5106 exordiis
2515 5048 2833 5117 frequentes
2849 5043 2990 5111 apud
3012 5036 3398 5094 Alexandriam
3417 5041 3666 5103 agerent,

2087 5144 2326 5213 librique
2357 5141 2503 5196 sacri.
2531 5141 2584 5194 in
2607 5139 2858 5194 Grarcutn
2887 5146 3195 5188 sermonem
3229 5126 3505 5190 conversi,
3529 5137 3672 5193 gen-

2087 5238 2266 5292 tilium
2318 5235 2566 5289 nianibus
2617 5231 2720 5285 teri
2757 5227 3077 5298 cmpissent,
3109 5239 3215 5279 non
3262 5227 3554 5290 potuerunt
3600 5232 3670 5272 ex

2086 5341 2448 5398 utrorumque
2488 5321 2693 5387 verbis,
2719 5320 2932 5385 sannis,
2971 5315 3239 5378 dicteriis,
3263 5321 3319 5367 et
3340 5310 3555 5364 invictis
3580 5324 3671 5362 ar-

2086 5421 2361 5493 gumentis
2409 5415 2746 5472 recentiores
2791 5413 2864 5466 illi
2913 5407 3179 5465 Platonici
3242 5420 3346 5459 non
3387 5402 3668 5473 colligere,

2087 5529 2250 5584 quam
2279 5525 2470 5566 eorum
2515 5506 2934 5578 polytheismus,
2976 5510 3404 5571 portentosaque
3449 5493 3670 5565 gentili-

1992 5644 1999 5651 -
2091 5608 2222 5663 tatis
2247 5619 2404 5660 sacra
2437 5614 2492 5658 et
2516 5602 2774 5674 mysteria
2812 5614 2842 5652 a
2875 5613 3006 5653 sana
3042 5595 3253 5647 ratione
3279 5591 3668 5656 abhorrerent;

2859 5757 2904 5790 “
2951 5756 3105 5824 Tbid.,
3152 5771 3274 5826 cap.
3323 5754 3406 5809 12.
