3954 6352
284 1093 425 1145 seut!
455 1091 567 1148 Sed
593 1098 845 1157 maluere
876 1103 1123 1176 plerique
1164 1113 1479 1185 anticipatis
1523 1120 1870 1188 opinionibus

280 1183 555 1254 obczeati,
588 1190 797 1249 divina:
845 1196 986 1256 lucis
1023 1202 1289 1273 igniculos
1334 1212 1741 1271 mendaciorum
1786 1218 1871 1273 fu-

281 1292 359 1333 mo
380 1288 437 1334 et
465 1282 715 1342 tenebris
747 1289 1048 1348 obscurare
1076 1313 1091 1351 :
1122 1306 1176 1351 et
1197 1313 1322 1353 cum
1351 1301 1679 1376 theologiam
1711 1324 1866 1366 suam

282 1384 341 1423 ex
365 1374 612 1431 oraculis
639 1379 844 1438 divinis
897 1386 1077 1442 metiri
1133 1389 1474 1461 debuissent,
1517 1398 1630 1454 iure
1684 1405 1866 1471 potius

284 1464 461 1520 ordine
503 1482 850 1542 prteposlcro
882 1480 949 1533 ad
979 1478 1325 1552 Pythagoras,
1352 1464 1702 1562 Platonisque
1743 1497 1863 1566 pla-

284 1558 378 1611 cita
410 1574 676 1619 revocare
717 1567 1067 1630 studuerunt.
1137 1575 1443 1649 EaprOpter
1485 1583 1550 1637 iis
1578 1591 1861 1657 omnibus,

278 1658 612 1718 quacunque
640 1668 709 1708 ex
740 1658 918 1713 sacris
960 1660 1133 1730 libris,
1161 1662 1584 1742 Judzeorumque
1634 1679 1860 1749 dogma-

273 1740 410 1793 tibus
440 1742 738 1814 subripere
780 1760 1095 1820 potuerunt,
1154 1740 1575 1832 Pythagoricam
1616 1740 1860 1830 Plaioni-

269 1844 501 1901 eamque
529 1838 773 1904 speciem
828 1842 1171 1916 iuducentes,
1216 1867 1417 1908 novum
1440 1855 1705 1919 doctrinae
1742 1882 1860 1921 eor-

266 1936 361 1989 pus
430 1940 918 1999 eoagmentarunt,
983 1953 1012 1993 a
1044 1941 1301 1998 crassiori
1327 1947 1545 2015 quidem
1578 1956 1855 2023 gentilita-

262 2016 331 2071 tis
360 2016 500 2074 fazce
532 2032 835 2093 secretum,
870 2033 1126 2089 sordibus
1159 2044 1343 2094 tamen
1370 2042 1549 2098 adhuc
1589 2063 1695 2103 non
1721 2068 1854 2121 pau-

257 2109 337 2163 cis
388 2110 754 2171 lutulentum.
814 2118 936 2177 Jam
984 2126 1206 2194 quidem
1262 2129 1419 2188 Plato
1456 2151 1619 2193 unum
1662 2156 1853 2212 supre-

256 2217 401 2256 mum
433 2209 628 2262 mundi
652 2211 930 2280 opificem,
958 2216 1355 2294 inferioresque
1381 2227 1658 2287 daemones
1680 2250 1852 2306 agno-

254 2306 440 2362 verat;
480 2308 537 2352 at
564 2300 634 2356 de
668 2306 903 2375 angelis,
948 2312 1316 2385 archangelis,
1344 2333 1532 2376 eorum
1566 2328 1851 2387 ordinibus

252 2395 306 2439 et
333 2387 555 2459 Oﬂiciis,
598 2393 667 2449 de
700 2400 930 2468 mystica
968 2407 1161 2461 nescio
1213 2424 1318 2478 qua
1347 2410 1569 2485 Triade,
1617 2420 1851 2493 aliisque

249 2485 553 2551 sexcentis,
592 2488 663 2544 de
692 2492 892 2559 quibus
943 2499 1215 2556 subtiliori
1250 2505 1625 2576 disputatione
1672 2485 1848 2572 disse-

249 2587 484 2632 ruerunt
517 2587 861 2643 recentiores
892 2590 965 2645 illi
1002 2592 1277 2666 discipuli,
1316 2617 1384 2657 ne
1429 2604 1549 2658 κατ’
1577 2605 1711 2679 ὄναρ
1751 2627 1846 2667 eo-

244 2668 529 2735 gitaverat
561 2677 834 2746 magister
865 2702 879 2739 :
915 2685 1049 2742 adeo
1090 2699 1150 2744 ut
1197 2692 1311 2749 ha-c
1347 2694 1412 2751 iis
1444 2700 1577 2757 solis
1605 2707 1844 2762 auctori~

245 2758 345 2813 bus
393 2763 716 2833 prodierint
747 2786 759 2820 :
789 2774 831 2827 si
869 2785 1047 2834 tamen
1090 2794 1345 2842 auctores
1394 2790 1632 2857 dicendi,
1673 2800 1763 2868 qui
1810 2817 1841 2855 a

240 2849 448 2910 Judaais
503 2874 735 2931 accepta
794 2872 1079 2928 ementitis
1139 2878 1415 2939 coloribus
1472 2886 1837 2950 infuscarunt.

238 2946 311 3001 At
334 2949 383 3004 si
409 2954 544 3019 quid
572 2971 602 3008 a
628 2955 832 3016 Judzeis
850 2970 1164 3037 acceperint
1193 2972 1461 3034 Platonici
1489 2980 1669 3047 isti,id
1699 2946 1842 3055 post;

238 3042 458 3098 modum
490 3044 701 3104 Iudaeis
731 3069 855 3108 cum
908 3058 1097 3116 fenore
1140 3068 1509 3127 reddiderunt.
1556 3076 1688 3132 Nam
1715 3096 1836 3138 eum

239 3132 293 3187 bi
326 3150 533 3194 novam
569 3155 693 3197 eam
723 3145 1151 3221 philosophandi
1197 3162 1463 3219 rationem
1489 3132 1835 3241 dogmatibus

234 3232 437 3299 sacris,
474 3235 757 3305 allegoriis
780 3250 837 3296 et
864 3246 1127 3315 symbolis
1178 3251 1564 3325 intermistam,
1590 3266 1834 3323 cwteris-

1218 530 1686 593 DISSERTATIO
1725 542 1767 603 ι.
1809 541 1971 600 ART.
2016 550 2060 613 ι,
2101 546 2190 604 DE
2227 551 2640 614 VALENTINO.

1911 670 1959 730 Α
1987 671 2200 740 ctrina;
2236 673 2399 747 idque
2432 692 2499 734 eo
2530 676 2765 746 facilius,
2801 696 2912 753 quo
2941 684 3294 746 illucescente
3336 691 3578 766 Evange-

3506 570 3576 631 50

1984 764 2041 819 lii
2071 765 2180 831 die,
2213 783 2351 824 nova
2385 774 2707 830 accessione
2738 775 2911 832 ditata
2950 784 3241 853 superbius
3278 802 3441 859 quam
3475 804 3576 846 an-

1981 871 2068 917 tea
2117 879 2240 921 sese
2267 868 2485 924 extulit.
2515 868 2646 927 Nam
2675 890 2739 929 ex
2773 892 2883 946 quo
2908 879 3139 947 apostoli
3175 881 3571 953 apustulicique

1977 950 2080 1005 viri
2110 966 2232 1007 cum
2268 957 2486 1012 ethnica
2520 965 2908 1031 superstitione
2957 970 3232 1026 acerrimo
3266 975 3568 1031 certamine

1975 1040 2329 1112 dimicarunt,
2370 1050 2664 1121 palamque
2708 1056 2776 1111 de
2826 1072 2890 1111 ea
2940 1060 3247 1133 triumphos
3296 1075 3563 1133 egerunt;

1973 1129 2352 1193 imminentem
2385 1140 2511 1198 huic
2544 1142 2756 1199 ruinam
2791 1159 2852 1204 ut
2879 1160 3193 1209 averterent
3233 1154 3563 1228 philosophi,

1972 1226 2039 1282 de
2066 1242 2202 1284 nova
2241 1233 2507 1291 doctrina:
2537 1253 2650 1293 suae
2682 1241 3077 1302 reformatione
3109 1248 3355 1319 cogitare
3380 1266 3565 1322 caspe-

1972 1330 2121 1373 runt.
2157 1320 2422 1381 Perlectis
2446 1329 2628 1400 itaque
2660 1333 2795 1390 Novi
2825 1336 3161 1395 Testamenti
3195 1342 3438 1412 scriptis,
3464 1344 3564 1398 ha—

1969 1410 2211 1483 bitisque
2234 1430 2357 1472 cum
2405 1418 2744 1481 doctissimis
2781 1430 3091 1501 quibusque
3118 1410 3555 1492 Christianorum

1966 1506 2379 1575 congressibus,
2403 1526 2470 1566 ex
2502 1527 2691 1570 eorum
2722 1518 3072 1591 dOgmatibus
3105 1538 3166 1578 ea
3197 1520 3557 1598 collegerunt,

1964 1592 2161 1662 quibus
2216 1600 2453 1657 ethnica:
2507 1606 2755 1678 religioni
2816 1614 3163 1683 splendorem
3211 1627 3267 1673 et
3317 1592 3555 1687 pretium

1963 1685 2269 1758 adderent;
2333 1694 2559 1767 hrecque
2605 1701 2717 1756 suis
2768 1706 3066 1764 artificiose
3111 1707 3442 1778 intexentes,
3498 1724 3556 1771 et

1962 1793 2031 1832 ne
2070 1789 2288 1849 pateret
2322 1784 2552 1855 furtum,
2579 1795 3003 1864 symbolicarum
3050 1801 3350 1859 formarum
3396 1810 3555 1863 invo-

1959 1866 2134 1936 lucro,
2174 1890 2323 1930 more
2358 1876 2667 1949 Platonico,
2706 1897 2973 1958 tegentes,
3034 1908 3232 1949 novam
3272 1898 3544 1969 hypothe-

1959 1960 2061 2016 sim
2093 1963 2427 2028 Christianis
2454 1976 2791 2047 objecernnt,
2827 1999 2947 2053 qua:
2982 1987 3236 2044 simulata
3282 1996 3550 2049 sanctita-

2829 2029 2947 2053 ηπ.
2982 2029 3236 2044 -............
3282 2029 3550 2049 ομηιιιιιι-

1885 2029 1931 2084 Β
1960 2056 2026 2112 tis
2048 2060 2511 2137 sublimitatisque
2542 2074 2725 2142 specie
2756 2076 3044 2148 deciperet
3071 2082 3384 2153 imperitos.
3416 2087 3552 2145 Sus-

1953 2158 2170 2218 ceptum
2197 2156 2489 2211 consilium
2518 2176 2624 2216 non
2669 2180 2861 2233 parum
2903 2174 3175 2239 promovit
3204 2191 3434 2245 magnus
3460 2179 3549 2233 ille

1952 2240 2297 2310 Ammonius,
2322 2246 2573 2319 Origcnis
2602 2265 2655 2309 et
2680 2255 2881 2313 Plotini
2918 2275 3244 2333 praeceptor,
3270 2240 3359 2336 qui
3389 2270 3548 2326 Chri-

1954 2332 2191 2388 stianam
2233 2336 2553 2409 religionem
2590 2344 2892 2414 professus,
2942 2350 3259 2410 inordinato
3302 2357 3548 2416 Platoni-

1950 2437 2027 2477 ca:
2090 2425 2467 2500 philosophize,
2524 2434 2612 2488 cui
2684 2452 2909 2507 Operam
2954 2458 3172 2514 semper
3212 2462 3537 2519 navaverat,

1948 2531 2133 2572 amore
2156 2521 2291 2575 nihil
2324 2539 2431 2578 non
2463 2527 2683 2585 molitus
2714 2543 2820 2598 est,
2856 2545 2915 2591 ut
2937 2538 3005 2592 ad
3051 2538 3195 2594 hanc
3223 2540 3542 2614 Scriptura-

1948 2622 2067 2661 rum
2101 2613 2327 2669 oracula
2370 2630 2679 2677 revocaret.
2719 2622 2891 2681 Malus
2928 2629 3149 2697 quidem
3184 2636 3401 2692 animus
3432 2654 3540 2694 non

1948 2697 2085 2769 fuit;
2119 2704 2243 2762 hinc
2269 2708 2414 2763 enim
2466 2709 2795 2770 Christianae
2826 2718 3071 2790 religioni
3102 2723 3362 2793 majorem
3400 2731 3543 2797 apud

1945 2801 2179 2870 gentiles
2204 2804 2591 2858 auctoritatem
2626 2808 2916 2867 conciliatu
2930 2830 3046 2868 rum
3073 2830 3135 2871 se
3158 2822 3439 2887 sperabat.
3472 2821 3542 2879 Et

1942 2894 1986 2947 si
2020 2895 2244 2963 quidem
2278 2896 2703 2968 philosophiam,
2747 2903 2825 2957 uti
2860 2919 2959 2973 par
2982 2919 3122 2973 erat,
3173 2925 3241 2964 ex
3287 2910 3539 2981 Scriptu-

1942 2985 2015 3039 ris
2049 2984 2371 3051 reformare,
2401 3004 2634 3059 eamque
2674 2992 2817 3047 intra
2850 2995 3133 3069 Evangelii
3164 2999 3369 3058 limites
3400 3019 3534 3058 con-

1942 3078 2163 3134 cludere
2193 3080 2517 3147 studuisset,
2549 3100 2728 3154 operae
2760 3085 2988 3145 forsitan
3024 3092 3258 3160 pretium
3286 3094 3533 3166 fecisset;

1937 3178 1997 3223 at
2033 3171 2375 3226 contrariam
2433 3176 2653 3233 omnino
2708 3179 2975 3235 rationem
3022 3197 3146 3237 cum
3202 3186 3433 3254 iniisset,
3478 3197 3536 3244 et

1938 3261 2271 3318 Christiana:
2298 3266 2583 3337 religioni,
2606 3278 2663 3323 et
2690 3269 3020 3329 Christianis
3053 3276 3184 3344 ipsis
3208 3280 3377 3337 exitio
3403 3280 3527 3337 fuit.

233 3340 338 3394 que
372 3328 664 3396 puriorem
693 3375 708 3399 ,
760 3349 861 3389 nec
888 3339 1026 3393 adeo
1069 3341 1357 3404 divinior-is
1396 3351 1644 3411 scientia;
1684 3360 1837 3427 prin-
1866 3373 1908 3430 (ς
1942 3353 2077 3408 Nam
2108 3369 2138 3409 e
2167 3356 2502 3414 Christianis
2535 3360 2755 3429 plurimi
2803 3365 3061 3437 deinceps
3094 3368 3255 3437 hujus
3282 3371 3528 3441 philoso-

231 3418 392 3486 cipiis
429 3434 839 3493 repugnantem
875 3430 1418 3506 animadvertissent,
1464 3444 1515 3498 in
1561 3447 1703 3503 illius
1731 3454 1831 3507 ad-

230 3512 593 3572 mirationem
639 3522 927 3589 perlracti,
964 3523 1015 3578 in
1066 3527 1184 3597 ejus
1224 3533 1468 3589 studium
1518 3540 1835 3602 incumbere

231 3619 567 3675 coeperunt;
625 3611 731 3667 rati
764 3629 874 3668 non
915 3616 1119 3673 diﬂieili
1159 3628 1384 3694 negotio
1428 3638 1769 3703 purgandam
1799 3656 1832 3696 a

225 3699 509 3766 sordibus,
537 3717 679 3771 quas
714 3704 976 3763 intulerat
1006 3711 1228 3770 ethnica
1263 3699 1602 3794 superstitio,
1643 3731 1829 3788 utilem

229 3786 353 3844 fore
384 3799 455 3844 ad
499 3794 855 3864 explicanda,
877 3807 1314 3881 accuratiorique
1337 3818 1591 3875 methodo
1612 3836 1829 3892 pertra-

222 3884 427 3939 ctanda
452 3901 630 3943 sacra:
646 3891 930 3963 religionis
948 3903 1229 3969 mysteria.
1246 3905 1435 3978 Itaque
1459 3914 1565 3970 huc
1580 3920 1824 3977 animum

221 3976 960 4056 appellentes,divinamque
990 3992 1283 4052 scientiam
1337 4004 1589 4061 subtilius
1653 4025 1817 4078 quam

218 4081 325 4136 par
362 4074 865 4144 erateliquantes,
911 4095 1033 4135 cum
1086 4084 1387 4146 Platonicis
1438 4074 1819 4173 πλατωνέςειν,

220 4175 289 4215 ac
330 4164 665 4231 purissimos
706 4172 955 4229 veritatis
1021 4177 1244 4244 rivulos:
1273 4184 1325 4238 in
1378 4185 1699 4262 Pythagorae
1754 4212 1820 4254 ac

216 4252 740 4314 Platonis-lacunas
782 4264 1032 4322 derivare
1078 4284 1366 4341 coeperunt
1394 4298 1405 4332 :
1434 4296 1633 4349 magno
1680 4299 1819 4341 sane

216 4361 344 4399 cum
392 4348 679 4418 religionis
721 4353 1086 4424 detrimento,
1134 4374 1254 4429 quae
1290 4371 1395 4419 tota
1447 4367 1700 4439 deinceps
1738 4387 1820 4427 ar-

216 4439 425 4508 gutiis,
491 4443 769 4510 numeris,
828 4462 1293 4520 numerorumque
1333 4458 1812 4531 cOpulationibus,

212 4533 486 4604 symbolis
503 4543 558 4589 et
590 4535 869 4603 allegoriis
914 4540 1110 4596 referta
1132 4547 1356 4613 prodiit.
1382 4550 1655 4616 Quantum
1684 4572 1815 4614 vero

213 4623 268 4679 in
302 4639 371 4679 eo
401 4626 714 4696 disciplina:
741 4644 945 4699 genere
973 4634 1309 4704 profeceriut
1339 4641 1533 4712 Judaei,
1570 4645 1812 4705 Helleni-

1942 3447 2104 3516 plﬁa‘,
2135 3463 2256 3518 qua:
2292 3464 2401 3518 pra:
2430 3454 2641 3507 caeteris
2664 3455 2716 3509 in
2746 3460 2921 3527 pretio
2945 3469 3083 3526 erat,
3119 3462 3188 3517 Ob
3209 3460 3527 3520 afﬁnitatem

1936 3553 2097 3606 quam
2130 3554 2252 3593 cum
2284 3540 2587 3612 Scripturis
2628 3546 2832 3604 habere
2878 3551 3184 3620 videbatur,
3216 3557 3397 3611 studio
3438 3558 3529 3611 in-

1935 3631 2287 3698 cumbentes;
2346 3651 2447 3690 nec
2499 3641 2845 3695 attendentes
2914 3644 3178 3713 quidquid
3238 3650 3523 3709 sublimius

1932 3737 2047 3793 pra:
2073 3739 2134 3781 se
2157 3726 2393 3794 ferebat,
2432 3739 2602 3785 totum
2641 3747 2710 3787 ex
2752 3738 3069 3792 earumdem
3108 3737 3521 3810 Scripturarum

1932 3831 2073 3886 penu
2099 3817 2483 3889 depromptum
2518 3823 2704 3891 fuisse,
2737 3826 2878 3882 hanc
2901 3845 3037 3898 pene
3060 3848 3184 3886 cum
3216 3836 3522 3905 Scripturis

1930 3905 2064 3974 ipsis
2093 3907 2411 3977 adaequare,
2440 3920 2494 3965 et
2535 3914 2605 3967 ad
2634 3915 2752 3984 ejus
2790 3918 2966 3988 magis
3007 3934 3169 3988 quam
3204 3924 3270 3977 ad
3301 3926 3519 3980 illarum

1930 3997 2202 4068 principia
2236 4001 2689 4061 ratiocinationes
2718 4022 2849 4061 suas
2872 4010 3091 4082 exigere
3122 4028 3518 4074 aSsueverunt:

1927 4091 2072 4159 quod
2133 4092 2475 4150 infinitarum
2535 4102 2928 4169 propemodum
2984 4120 3259 4173 errorum,
3318 4113 3521 4181 quibus

1926 4184 2297 4239 contaminata
2339 4187 2476 4243 fides
2513 4188 2635 4257 fuit,
2688 4191 2931 4249 fomitem
2983 4199 3336 4259 ministravit.
3385 4205 3519 4262 Eth-

1925 4274 2034 4333 nici
2073 4279 2413 4345 econtrario,
2447 4295 2512 4334 ex
2568 4282 2671 4338 hac
2722 4300 3005 4343 sacrormn
3050 4294 3518 4368 profanorumqne

1924 4368 2241 4440 dogmatum
2293 4372 2569 4439 mistione,
2627 4392 2748 4447 qua:
2801 4381 3204 4454 philosophiam
3255 4392 3510 4459 ornabat,

1925 4474 2112 4537 tOane
2138 4471 2473 4537 portentosis
2505 4472 2788 4529 erroribus
2817 4482 3101 4549 purgabat,
3134 4483 3509 4556 perficieudm,

1919 4554 2353 4630 insolentiusque
2394 4560 2684 4619 efferendae
2724 4567 2985 4624 doctrina:
3016 4585 3131 4627 sua:
3160 4577 3509 4636 occasionem

1915 4661 2221 4717 Opportune
2252 4664 2558 4724 captantes,
2585 4662 2875 4730 superbius
2912 4666 3179 4722 adversus
3228 4667 3508 4729 Christia-

212 4726 313 4769 ³ιῖ
345 4718 680 4785 Ρταῖεετῑίιηι
712 4735 776 4772 εκ
809 4720 1054 4778 Philonis
1086 4728 1308 4797 SCl'iPliS
1349 4732 1538 4789 Videre
1566 4746 1678 4802 est.
1715 4740 1808 4810 (ιιιί
1844 4743 1887 4799 D
1918 4756 2037 4809 nos,
2070 4747 2226 4814 quasi
2258 4746 2499 4807 Platonis
2550 4757 2765 4811 exuviis
2793 4758 3005 4826 seipsos
3030 4762 3321 4827 ditassent,
3358 4765 3509 4819 inso-

218 4808 359 4827 ---Α
764 4812 775 4827 .
952 4824 961 4827 _
1112 4818 1124 4827 .
1306 4820 1359 4827 .-
1480 4826 1486 4827 ,

213 4808 362 4875 quod
400 4807 691 4863 Platonica
744 4812 1000 4882 dogmata
1036 4818 1220 4873 animo
1271 4820 1434 4877 altius
1478 4807 1806 4895 imbibisset,

211 4914 317 4953 ceu
346 4899 483 4954 alter
516 4900 678 4957 Plato
708 4917 739 4956 a
786 4908 1065 4965 veteribus
1097 4910 1318 4968 habitus
1348 4915 1517 4973 fuisse
1554 4920 1803 4991 videtur;

211 4988 367 5057 cujus
404 4996 721 5062 exemplum
782 4998 926 5054 male
976 5003 1214 5059 aemulati
1276 5011 1508 5075 posteri,
1562 5017 1805 5086 argutias

211 5084 444 5153 argutiis
491 5086 843 5155 addiderunt,
891 5094 1156 5165 vanisque
1188 5098 1581 5160 subtilitatibus
1628 5084 1804 5177 aegras

208 5184 417 5229 mentes
444 5187 742 5245 paverunt.
791 5180 1052 5247 Quamvis
1075 5196 1257 5243 autem
1307 5197 1443 5249 adeo
1486 5196 1644 5267 longe
1676 5217 1802 5270 pro-

208 5279 425 5332 gressos
486 5266 660 5325 fuisse
689 5269 929 5339 Judzeos,
964 5278 1056 5346 qui
1112 5280 1164 5334 in
1220 5281 1507 5341 Palaestina
1555 5290 1799 5349 Philonis

206 5368 365 5413 atate
412 5362 710 5433 degebant,
782 5367 930 5422 nulla
986 5371 1364 5433 demonstrent
1419 5395 1792 5454 argumenta;

206 5464 297 5505 eos
333 5462 514 5509 tamen
543 5454 833 5513 Platonica
860 5461 1104 5519 doctrina
1132 5466 1279 5523 haud
1322 5471 1676 5531 mediocriter
1699 5494 1795 5532 cx-

205 5543 377 5599 cultos
420 5548 659 5602 suadent
713 5559 826 5603 tum
872 5552 1131 5623 frequens
1152 5563 1296 5629 quod
1335 5564 1467 5632 ipsis
1495 5566 1793 5626 intercede-

204 5632 295 5690 bat
323 5654 447 5691 cum
492 5640 841 5708 Hellenistis,
894 5645 1166 5719 Egyptiis
1200 5662 1254 5708 et
1300 5653 1481 5727 Tyriis
1522 5676 1791 5719 commer-

205 5728 360 5795 cium,
406 5743 521 5788 tum
554 5735 729 5792 Flavii
765 5737 987 5810 Iosephi
1037 5744 1186 5815 libri,
1228 5749 1405 5805 virum
1457 5753 1512 5808 in
1558 5757 1791 5825 pliilosu~

204 5822 425 5888 phorum
460 5827 700 5884 lectione
729 5848 835 5887 non
876 5851 1067 5905 parum
1102 5850 1377 5897 versatum
1409 5848 1785 5908 ostendentes.

264 5913 350 5969 32.
394 5917 527 5984 Qua:
571 5920 887 5981 Iudaeorum
938 5929 1138 5986 animis
1188 5933 1452 6001 primum,
1496 5939 1686 5994 eadem
1730 5951 1785 5996 et

204 5999 633 6069 Christianorum
689 6024 886 6079 postea
940 6015 1121 6077 fucum
1175 5999 1306 6082 fecit
1358 6024 1633 6087 Platonica
1686 6033 1782 6087 do-

1918 4835 2158 4903 lescere,
2208 4840 2689 4917 Christianamque
2744 4852 3071 4920 religionem
3146 4867 3504 4914 contemnere

1913 4940 2212 4998 coeperunt.
2268 4933 2595 4992 Evanuitex
2638 4955 2827 4994 eorum
2884 4946 3108 5016 scriptis
3155 4963 3215 5002 ea
3271 4949 3500 5005 deorum

1914 5020 2059 5071 nulla
2095 5022 2176 5076 vel
2238 5024 2343 5079 sibi
2385 5029 2640 5094 invicem,
2678 5034 2760 5088 vel
2803 5036 2895 5088 ulli
2950 5040 3267 5106 superiori,
3315 5041 3501 5110 subje-

1908 5111 2089 5165 ctione
2120 5114 2496 5185 colligatorum
2524 5122 2815 5179 multitudo
2846 5142 2860 5180 :
2891 5128 3179 5195 pauciores
3226 5144 3500 5199 apparue-

1908 5214 2058 5270 runt,
2088 5221 2392 5281 omnesque
2416 5212 2507 5267 uni
2540 5229 2809 5285 suprema:
2842 5220 3152 5287 Divinitati,
3184 5224 3497 5293 augustiori

1904 5310 2064 5366 quam
2109 5311 2264 5356 antea
2294 5318 2551 5362 sermone-
2574 5309 2889 5379 celebratae,
2919 5315 3177 5385 subjecti.
3240 5320 3490 5390 Angelis,

1901 5390 2294 5460 archangelis,
2354 5387 2628 5467 mentibus
2684 5404 3049 5474 coelestibus,
3107 5414 3493 5484 sexcentisque

1898 5480 2040 5545 aliis,
2088 5499 2209 5552 qua:
2243 5502 2273 5540 a
2335 5486 2666 5549 Christianis
2721 5500 2950 5552 mutuati
2992 5500 3237 5569 fuerant,
3291 5518 3489 5564 ornata

1897 5574 2155 5646 deinceps
2194 5584 2463 5649 processit
2488 5602 2678 5642 eorum
2735 5591 3007 5664 theologia
3055 5597 3348 5654 naturalis.
3415 5603 3507 5659 De»

1894 5671 2142 5737 corporis
2172 5688 2539 5747 sensuumque
2586 5678 2733 5753 fuga,
2767 5685 2833 5736 de
2855 5698 2987 5737 cura
3021 5688 3215 5757 animi,
3254 5694 3495 5748 tneutis‘

1892 5770 1997 5825 que
2027 5758 2175 5813 cultu
2226 5770 2282 5817 et
2331 5764 2637 5825 elevatione
2695 5772 2747 5825 in
2810 5771 3013 5841 Deum,
3058 5777 3129 5834 de
3186 5780 3497 5841 virtutibus.

1888 5847 2160 5917 colendis,
2206 5854 2654 5930 debellandisque
2701 5865 2848 5918 vitiis
2898 5870 3186 5937 magnifice
3233 5876 3476 5946 scripse-

1888 5950 2056 6007 runt;
2105 5943 2547 6021 intentatumque
2581 5954 2720 6008 nihil
2761 5958 3121 6027 reliquerunt,
3168 5979 3276 6031 quo
3323 5943 3481 6022 fucaq

1890 6045 1996 6092 tam
2030 6036 2289 6097 doctrinae
2321 6045 2613 6112 puritatem
2662 6049 2940 6123 Evangelii
2985 6059 3263 6115 sanctitati
3302 6078 3472 6133 upper
