3954 6352
423 504 486 559 5|
1017 553 1027 562 .
1206 502 1816 583 DISSERTATIONES
1853 500 2158 559 PREVIIE
2197 500 2260 556 IN
2300 499 2562 557 ιιιΕΝΑ-ῑι
2603 499 2868 557 LIBROS.
3610 493 3686 552 52

417 627 634 676 nerent.
668 621 778 674 Duo
813 629 995 674 tamen
1047 620 1293 684 fuerunt,
1325 621 1550 693 quibus,
1577 619 1837 691 quidquid
1869 635 1990 689 age-
2031 621 2078 681 A
2105 617 2249 687 ejus.
2277 615 2574 686 Triplicem
2603 630 2838 684 namque
2867 614 3124 669 mundum
3155 621 3400 669 statuunt
3429 611 3525 677 illi,
3554 610 3688 666 alte-

414 723 567 782 rent,
610 729 768 769 vanae
797 716 1176 771 excusationis
1203 716 1380 770 velum
1419 716 1499 770 sic
1525 715 1720 770 obduci
1756 729 1861 767 non
1907 727 2002 782 po-

417 804 537 870 tuit,
567 804 699 875 quin
724 805 898 870 turpis
921 804 1159 860 infamiae
1187 807 1341 861 labes
1369 821 1556 861 eorum
1584 805 1831 876 religioni
1861 820 2003 860 sem-

412 908 511 962 per
536 902 964 965 aspergeretur:
1015 895 1191 967 magia
1225 895 1500 960 videlicet,
1535 903 1591 950 et
1635 896 1999 950 abominanda

412 982 607 1056 [XXV]
636 999 922 1040 sacrorum
953 986 1240 1058 mysteria,
1274 986 1549 1041 Eleusinia
1582 987 1909 1055 praesertim,
1946 994 2002 1040 et

410 1077 800 1145 Bacchanalia,
827 1087 890 1132 ut
934 1078 1040 1132 alia
1071 1079 1288 1135 sileam.
1321 1079 1402 1133 Ex
1448 1079 1663 1134 Plotino
1705 1081 1994 1149 siquidem,

408 1167 738 1240 Porphyrio,
794 1167 1125 1238 Jamblicho,
1187 1170 1457 1241 Eunapio,
1509 1170 1739 1238 aliisque
1789 1169 1993 1234 videas,

407 1258 785 1330 philosophos,
832 1259 1060 1328 perinde
1107 1267 1271 1329 atque
1338 1270 1712 1331 mystagogos,
1753 1259 1996 1330 magicas

407 1359 555 1404 artes
584 1351 925 1418 exercuisse,
973 1351 1338 1421 nefandisque
1365 1351 1672 1406 dazmonum
1721 1350 1996 1406 evocatio-

407 1436 568 1493 nibus
598 1437 896 1494 studuisse.
927 1440 1129 1494 Eorum
1178 1441 1394 1515 quidem
1429 1440 1713 1496 infamiam
1746 1442 1994 1509 specioso

404 1530 627 1585 nomine
665 1522 953 1603 θεουργίας
985 1542 1040 1588 et
1079 1533 1396 1589 commercii
1435 1535 1576 1588 sacri
1612 1550 1736 1588 cum
1782 1534 1883 1589 diis
1916 1545 1994 1588 te-

401 1636 531 1693 gere
574 1624 689 1678 nixi
721 1633 882 1692 sunt;
934 1627 1029 1682 sed
1077 1635 1230 1683 certe
1284 1626 1600 1698 abstergere
1645 1645 1752 1683 non
1802 1640 1994 1699 potue-

401 1723 552 1769 runt.
580 1715 662 1771 Ad
694 1716 928 1772 scelesta
955 1720 1215 1790 mysteria
1237 1720 1386 1788 quod
1418 1720 1727 1784 attinet,de
1756 1721 1824 1775 iis
1847 1721 1992 1790 apud

399 1806 600 1862 citatos
628 1807 989 1878 philomphos
1019 1823 1088 1864 ne
1116 1811 1340 1866 verbum
1371 1810 1592 1881 quidem
1616 1849 1633 1876 ,
1660 1810 1832 1880 probe
1859 1825 1993 1866 con-

398 1899 547 1953 scios
569 1899 786 1955 scilicet
823 1901 930 1954 ista
970 1900 1114 1956 nulla
1143 1902 1356 1958 ratione
1386 1905 1642 1958 excusari
1672 1918 1852 1973 posse.

2106 726 2224 764 rum
2293 725 2452 780 quem
2505 707 2837 764 invisibilem
2886 715 2941 762 et
2993 706 3222 761 idealem
3276 715 3502 769 vocant,
3557 703 3685 773 quia

2103 817 2285 856 rerum
2336 803 2582 856 omnium
2642 800 2793 854 ideas
2847 799 3132 864 continet;
3181 797 3317 852 nihil
3372 797 3576 866 quippe
3629 796 3683 850 in

2103 894 2304 950 mundo
2334 894 2577 950 inferiori
2613 891 2888 964 corporali
2931 891 3065 945 oriri
3107 899 3331 958 putant,
3383 888 3526 958 quod
3575 903 3683 943 non

2099 987 2152 1042 in
2210 987 2368 1042 ideali
2423 987 2682 1043 invisibili
2739 985 2946 1039 mundo
3005 981 3350 1037 exhibeatur.
3408 979 3681 1040 Alterura,

2102 1095 2268 1148 quem
2332 1080 2570 1135 medium
2623 1077 2828 1142 dicunt,
2876 1078 2967 1146 qui
3011 1072 3254 1128 animam
3298 1087 3395 1127 seu
3430 1070 3684 1142 spiritum

2099 1172 2372 1237 universi,
2433 1171 2620 1226 mundi
2673 1168 2979 1238 corporalis
3054 1175 3110 1222 et
3162 1165 3400 1221 visibilis
3459 1177 3683 1219 causam

2099 1264 2519 1336 complectatur;
2552 1262 2774 1317 tertium
2806 1260 3068 1328 denique,
3110 1256 3371 1311 mundum
3409 1256 3564 1328 hunc.
3591 1256 3684 1309 in-

2097 1358 2386 1422 feriorem,
2433 1368 2752 1425 corporeum
2800 1361 2854 1409 et
2897 1347 3316 1420 aspectabilem.
3370 1347 3445 1401 De
3475 1346 3564 1402 his
3605 1346 3684 1401 ita

2097 1450 2372 1506 Marsilius
2399 1448 2622 1502 Ficinus
2652 1447 2704 1500 in
2735 1443 2983 1502 Platonis
3027 1442 3246 1498 Conviv.
3280 1458 3407 1512 cap.
3437 1441 3470 1496 5
3501 1458 3516 1497 :
3553 1438 3684 1496 Tres

2094 1542 2236 1613 apud
2277 1557 2364 1595 eos
2407 1535 2758 1610 (Platonicos)
2803 1535 2988 1589 mundi
3019 1541 3254 1588 sunt...:
3287 1531 3529 1587 Primum
3573 1545 3687 1582 om-

2097 1638 2242 1691 nium
2293 1643 2369 1688 est
2426 1633 2564 1686 Deus
2617 1632 2980 1684 universorum
3031 1637 3256 1692 auctor,
3305 1625 3446 1691 quod
3500 1625 3686 1693 ipsum.

2097 1729 2287 1782 bonum
2313 1724 2559 1779 dicimus.
2591 1721 2695 1776 Hic
2719 1732 2936 1776 mentem
2961 1721 3134 1790 primo
3165 1728 3310 1774 creat
3343 1716 3686 1787 angelicam;

2094 1821 2281 1875 deinde
2307 1817 2490 1871 mundi
2513 1815 2673 1885 hujus
2699 1816 2952 1876 animam,
2979 1823 3034 1866 ut
3071 1812 3226 1865 Plato
3251 1810 3392 1876 vult;
3413 1818 3685 1879 postremo.

2094 1911 2282 1965 mundi
2317 1925 2530 1978 corpus.
2569 1908 2849 1962 Summum
2883 1905 3035 1960 illum
3059 1904 3246 1970 Deum,
3276 1919 3380 1957 non
3417 1903 3684 1957 mundum.

469 1990 558 2044 55.
596 1990 722 2046 Haec
749 1993 937 2047 omnia
966 2008 1087 2048 mox
1115 1994 1361 2049 dicendis
1389 1995 1722 2065 praemittere
1753 2010 1986 2052 necesse
2015 1994 2058 2049 B
2088 2001 2347 2067 dicimus,
2387 2000 2513 2068 quia
2574 1998 2805 2050 mundus
2866 2005 3234 2052 ornamentum
3289 1992 3561 2064 signiﬁcat
3609 2007 3688 2052 ex,

394 2080 522 2146 fuit,
559 2091 618 2136 ut
663 2083 791 2138 inde
831 2092 1045 2152 pateret
1078 2099 1146 2139 ex
1187 2085 1386 2153 quibus
1431 2085 1673 2141 fontibus
1710 2089 1986 2145 manarint

392 2173 658 2242 pleraque
684 2174 1073 2230 Gnosticorum
1106 2177 1379 2246 dogmata.
1417 2176 1546 2233 Sive
1580 2178 1632 2234 hi
1661 2177 1832 2235 Judaei
1869 2183 1984 2238 nati

391 2273 596 2332 essent,
623 2266 740 2320 sive
769 2268 994 2338 pagani,
1021 2268 1139 2324 sive
1168 2269 1540 2325 Christianam
1570 2271 1888 2341 religionem
1915 2274 1983 2329 ab

391 2354 742 2414 incunabulis
788 2357 1023 2427 professi
1075 2359 1348 2428 fuissent;
1406 2377 1679 2418 novorum
1735 2363 1981 2420 Platoni-

389 2465 579 2504 corum
625 2451 874 2507 doctrina
918 2467 986 2507 eo
1032 2453 1247 2509 facilius
1290 2454 1462 2511 imbui
1510 2466 1830 2527 potuerunt,
1873 2473 1982 2528 quo

384 2544 496 2614 jam
523 2547 666 2615 apud
693 2545 914 2602 Judaeos
944 2546 1297 2614 Hellenisms,
1326 2549 1436 2604 imo
1474 2558 1528 2604 et
1552 2549 1896 2618 Palaestinos,
1925 2564 1982 2608 et

387 2634 442 2689 in
490 2633 733 2707 [Egypto
783 2653 849 2693 ac
903 2638 1127 2694 Oriente
1179 2639 1344 2710 longe
1397 2640 1620 2711 lateque
1669 2654 1978 2714 pr0pagata

387 2724 597 2797 fuerat;
632 2744 702 2784 ex
729 2745 837 2800 quo
863 2731 1172 2799 praesertim
1221 2732 1326 2786 hoc
1363 2733 1781 2805 philosOphandi
1809 2752 1982 2808 genus

386 2820 442 2876 in
489 2821 762 2877 celebrem
807 2831 925 2878 toto
969 2823 1106 2878 orbe
1151 2825 1403 2880 scholam
1441 2826 1871 2882 Alexandrinam
1911 2830 1980 2884 ab

386 2913 680 2972 Amtnonio
725 2914 1102 2972 introductum
1159 2917 1361 2983 fuerat,
1413 2922 1483 2974 ad
1527 2921 1669 2991 quod
1722 2922 1981 2992 deinceps

386 3010 568 3066 studia
598 3025 696 3066 sua
724 3009 1081 3065 contulerunt
1110 3010 1395 3082 Origenes,
1427 3013 1698 3081 Plotinus,
1725 3016 1979 3093 Porphy-

385 3103 523 3169 rius,
551 3101 753 3171 aliique
783 3111 896 3156 tum
923 3101 1248 3169 Christiani,
1280 3113 1391 3160 tum
1420 3107 1646 3163 ethnici.
1680 3109 1814 3164 Cum
1845 3124 1978 3164 vero

387 3193 730 3260 Valentinus,
765 3193 1069 3263 Epiphanio
1102 3204 1263 3265 teste,
1294 3198 1640 3255 Alexandria:
1663 3201 1976 3256 Graecorum

387 3283 602 3340 artibus
648 3282 935 3340 institutus
987 3285 1185 3352 fuerit,
1239 3287 1386 3342 haud
1440 3290 1662 3344 dubium
1715 3292 1846 3361 quin
1900 3292 1976 3347 ibi

384 3375 735 3448 philosophia
765 3377 1051 3433 Platonica
1087 3379 1331 3434 animum
1376 3381 1722 3458 excoluerit;
1772 3399 1895 3439 cum
1922 3385 1973 3439 id

384 3471 664 3542 conceptis
716 3472 906 3530 verbis
959 3483 1178 3529 asserat
1225 3473 1595 3531 Tertullianus
1647 3493 1811 3546 supra
1855 3479 1974 3532 lan-

385 3554 569 3618 datus.
637 3563 718 3619 Ex
778 3579 842 3620 ea
912 3565 1193 3636 praecipua
1260 3581 1494 3637 quasque
1577 3569 1977 3627 Valentiniani:

385 3660 659 3715 haereseos
711 3660 890 3730 capita
929 3660 1281 3732 proﬂuxisse,
1313 3678 1381 3717 ex
1420 3668 1706 3720 enucleata
1751 3680 1975 3720 eorum-

385 3754 508 3808 dem
557 3752 899 3824 expositione
943 3754 1325 3810 demonstrare
1372 3755 1518 3810 haud
1567 3758 1703 3814 adeo
1759 3759 1977 3815 diﬂicile

383 3841 568 3899 luerit.

453 3937 544 3992 54.
579 3938 656 3992 Ac
681 3939 861 4009 primo
892 3937 1109 4009 quidem
1161 3947 1221 3992 ut
1263 3953 1294 3992 a
1325 3939 1711 3997 Gnosticoruui
1754 3944 1976 3999 nomine

382 4027 738 4098 incipiamus,
768 4031 912 4100 quod
942 4032 1276 4101 arrogabant
1306 4032 1411 4086 sibi
1449 4032 1712 4099 Simonis,
1749 4034 1973 4090 Meuan-

383 4121 492 4188 dri,
527 4129 662 4187 etc.,
687 4121 967 4178 Valentini
999 4138 1065 4179 ac
1097 4123 1377 4180 Ptolemaei
1431 4127 1678 4192 asseclae,
1710 4144 1739 4182 a
1777 4127 1976 4198 γνώσει

383 4225 484 4266 seu
526 4211 761 4267 scientia
810 4226 995 4266 rerum
1047 4227 1413 4282 supernarum
1449 4232 1553 4286 qua
1597 4234 1708 4288 prae
1756 4221 1976 4277 caeteris

382 4303 795 4372 gloriabantur,
821 4303 1118 4360 deductum
1147 4321 1297 4374 esse,
1326 4320 1529 4363 norunt
1565 4326 1779 4368 omnes.
1811 4313 1974 4366 Eam-

379 4395 503 4450 dem
530 4396 880 4452 sermonibus
907 4397 1201 4453 ambitiose
1227 4399 1499 4470 iactantes
1527 4401 1796 4456 Platonici
1838 4403 1974 4458 nihil

382 4486 733 4558 lrequentius
760 4489 1040 4547 habebant
1082 4494 1138 4548 in
1175 4508 1272 4548 ore
1308 4509 1468 4562 quam
1513 4495 1975 4564 perfectissimam

379 4576 606 4646 γνῶσιν,
645 4595 832 4635 veram
873 4583 1226 4652 sapientiam,
1273 4583 1527 4637 intimam
1575 4587 1770 4642 animae
1811 4603 1974 4643 umo-

2089 2091 2267 2145 multis
2311 2091 2694 2159 compositum,
2745 2091 2834 2146 ille
2872 2106 2992 2145 vero
3040 2088 3250 2158 penitus
3301 2085 3523 2154 simplex
3559 2099 3676 2138 esse

2085 2188 2233 2240 debet
2280 2202 2298 2240 :
2347 2187 2438 2239 sed
2490 2185 2814 2240 mundorum
2874 2183 3107 2238 omnium
3153 2179 3470 2247 principium
3513 2187 3684 2246 atque,

2085 2284 2241 2352 ﬁnem
2279 2283 2452 2350 ipsum
2480 2278 2786 2334 asserimus.
2817 2275 2969 2330 Mens
3017 2273 3262 2344 angelica
3282 2273 3482 2341 primus
3513 2287 3676 2324 mun-

2083 2376 2183 2428 dus
2227 2384 2304 2429 est
2358 2391 2391 2428 a
2442 2373 2550 2427 Deo
2609 2370 2802 2439 factus,
2853 2366 3118 2424 secundus
3169 2364 3396 2420 uniuersi
3437 2366 3689 2431 corporis.

2085 2467 2289 2532 anima,
2323 2465 2510 2520 tertius
2540 2473 2653 2518 tota-
2685 2464 2822 2526 ltwc,
2862 2476 3022 2532 quam
3066 2459 3352 2522 cernimus,
3391 2455 3686 2517 machina.

2085 2561 2380 2630 Triplicem
2416 2559 2563 2615 hunc
2603 2555 2890 2622 mundum,
2921 2551 3147 2608 mutatis
3187 2551 3455 2605 duntaxat
3493 2549 3688 2604 nonii-_

2085 2652 2266 2716 nibus,
2311 2649 2576 2720 novisque
2631 2645 3045 2704 accessionibus
3098 2643 3494 2713 locupletatum
3546 2656 3682 2710 νην

2085 2743 2264 2812 posuit
2298 2741 2638 2797 Valentinus.
2687 2737 2930 2791 Primum
2964 2737 3228 2791 mundum
3282 2735 3500 2791 vocavit
3553 2731 3680 2787 Ple-

2087 2852 2258 2901 roma,
2291 2835 2417 2904 quia
2461 2843 2628 2889 totam
2655 2831 2964 2886 Divinitatis
2996 2828 3417 2899 plenitudinem,
3454 2842 3680 2882 rerum-

2083 2944 2191 2999 que
2244 2927 2486 2984 omnium
2558 2924 2880 2979 inferiorum
2957 2920 3335 2989 exemplaria,
3400 2919 3553 2976 ideas
3615 2928 3682 2974 et.

2083 3021 2352 3092 imagines
2406 3017 2684 3086 continet;
2735 3016 2921 3085 ibique
2962 3012 3276 3068 Divinitatis
3314 3011 3500 3067 sedem
3536 3026 3680 3066 cou-

2082 3113 2283 3169 stituit.
2319 3111 2636 3167 Communis
2669 3107 2936 3164 sententia
2972 3117 3075 3171 est,
3121 3105 3465 3174 desumptam
3496 3102 3679 3158 fuisse

2083 3221 2270 3261 vocem
2315 3218 2380 3259 ex
2431 3203 2576 3258 dicto
2623 3199 2779 3256 Pauli
2820 3194 2939 3253 Col.
2984 3214 3045 3265 ιι,
3097 3196 3152 3262 9,
3203 3196 3294 3252 ubi
3335 3198 3387 3251 in
3439 3195 3680 3253 Chrislu.

2006 3331 2047 3385 ρ
2080 3298 2282 3352 dicitur
2311 3293 2435 3350 πᾶν
2465 3293 2546 3385 τὸγ
2885 3289 3000 3358 τῆς
3032 3288 3344 3385 Θεότητος,
3378 3295 3488 3385 tota
3521 3285 3679 3385 Pini-

2085 3389 2272 3443 uitatis
2307 3384 2580 3457 plenitudo
2612 3382 2922 3436 inhabitare
2957 3377 3342 3449 corporaliter.
3400 3378 3484 3431 An
3543 3376 3678 3431 inde

2083 3475 2317 3532 mutuati
2367 3474 2572 3529 fuerint
2618 3470 2911 3533 Platonici,
2972 3484 3083 3523 non
3135 3468 3345 3534 dicam;
3402 3467 3495 3524 sed
3549 3481 3678 3521 cer-

2083 3571 2290 3625 tissime
2322 3563 2652 3622 asseruerim
2681 3562 2872 3617 eadem
2898 3575 3051 3625 voce,
3078 3567 3244 3630 atque
3261 3560 3450 3615 eodem
3477 3574 3680 3625 sensu,

2081 3657 2735 3731 atque'Valentinianos,
2792 3667 2921 3707 usos
2958 3651 3148 3717 fuisse,
3208 3652 3346 3706 adeo
3404 3659 3464 3706 ut
3507 3649 3676 3707 valde

2079 3753 2360 3826 probabile
2390 3752 2463 3807 sit
2493 3752 2594 3805 hos
2625 3749 2694 3802 ab
2727 3749 2834 3803 illis
2873 3747 3175 3817 accepisse.
3223 3746 3280 3800 ld
3315 3745 3676 3815 perspicuum

2079 3856 2162 3902 est
2201 3860 2269 3900 ex
2316 3843 2436 3898 istis
2484 3839 2770 3894 Jamblichi
2823 3838 3035 3903 verbis,
3077 3845 3214 3891 sect.
3241 3853 3281 3904 1,
3347 3837 3422 3889 De
3470 3846 3662 3904 myst.,

2079 3954 2200 4008 cap.
2237 3935 2327 3990 8"
2359 3956 2372 3988 :
2401 3937 2462 3988 Oi
2515 3933 2613 4001 μὲν
2675 3929 2838 4000 (Θεοὶ)
2890 3930 3201 4002 κρείττονες
3243 3932 3300 3982 ἐν
3346 3928 3529 3999 αὐτῷ,
3591 3931 3673 3992 ὡς

2079 4031 2184 4084 ὑπὸ
2217 4029 2445 4104 μηδενὸς
2483 4026 2863 4098 περιέχονται,
2911 4023 3005 4076 καὶ
3039 4022 3356 4094 περιέχουσι
3399 4022 3576 4074 πάντα
3606 4025 3673 4074 ὲν

2078 4125 2283 4185 αὐτοῖς.
2320 4122 2401 4176 Τὰ
2449 4120 2506 4173 δὲ
2565 4118 2658 4172 ἐπὶ
2697 4117 2794 4188 τῆς
2833 4116 2937 4187 γῆς
2988 4117 3046 4168 ὲν
3097 4118 3208 4180 τοῖς
3255 4116 3669 4170 ΠΛΗΡΩΜΑΣΙ

2077 4215 2186 4268 τῶν
2215 4213 2352 4268 θεῶν
2409 4211 2603 4282 ἔχοντα
2656 4209 2716 4262 τὸ
2745 4203 2885 4261 εἶναι
2909 4246 2922 4271 ,
2957 4206 3158 4259 ὁπόταν
3211 4205 3491 4278 ἐπιτήδεια
3527 4205 3672 4275 πρὸς

2079 4307 2177 4378 τὴν
2209 4306 2357 4359 Θείαν
2419 4301 2652 4376 μετοχὴν
2689 4302 2937 4371 γένηται,
2995 4299 3155 4362 εὐθὺς
3181 4299 3292 4370 ἔχει
3326 4299 3432 4369 πρὸ
3466 4298 3565 4368 τῆς
3596 4301 3675 4351 oi.-

2079 4379 2232 4462 κείας
2285 4396 2492 4450 ἑαυτῶν
2545 4396 2732 4459 οὐσίας
2787 4393 3236 4465 προϋπάρχοντας
3270 4394 3327 4444 ὲν
3372 4391 3506 4462 αὐτῇ
3538 4391 3674 4454 τοὺς

2082 4491 2257 4557 Θεούς.
2293 4491 2380 4544 Dii
2409 4490 2462 4546 in
2495 4490 2593 4543 hoc
2632 4489 2861 4542 maxime
2889 4485 3217 4556 pra’cellunt,
3261 4483 3399 4553 quod
3440 4499 3472 4535 a
3517 4482 3671 4535 nullo

2081 4589 2474 4649 contineantur,
2527 4583 2629 4652 ipsi
2673 4591 2849 4634 autem
2907 4579 3081 4632 omnia
3131 4578 3186 4629 in
3235 4594 3290 4630 se
3341 4576 3670 4630 contineant.

379 4682 506 4721 nem
535 4684 658 4724 cum
689 4672 823 4738 Deo,
856 4675 1057 4732 mentis
1082 4673 1444 4728 elevationem
1474 4675 1527 4728 in
1558 4675 1748 4742 Deum,
1779 4681 1971 4750 cogni-
2006 4692 2050 4746 ι)
2082 4679 2311 4734 Terrena
2355 4687 2554 4740 autem,
2596 4691 2714 4745 qua:
2755 4676 2809 4726 in
2849 4673 3067 4726 deorum
3101 4667 3526 4726 PLEROMAS!
3569 4667 3672 4719 ha-

379 4761 587 4815 tionem
653 4772 821 4834 atque
879 4766 1166 4821 scientiam
1222 4766 1336 4820 veri
1404 4767 1598 4832 Entis,
1663 4771 1970 4827 caelestium

381 4866 565 4906 rerum
591 4855 1137 4926 contemplationem.
1194 4857 1322 4912 Haec
1343 4861 1486 4928 apud
1515 4859 1821 4929 Platonem,
1849 4863 1974 4919 Plo-

382 4945 582 5011 tinum,
617 4945 1004 5019 Porphyrium,
1048 4950 1442 5014 Jamblichum,
1495 4953 1739 5024 aliosque
1765 4958 1969 5026 passim

378 5050 700 5094 ορρυιτυιιι.

455 5129 546 5184 '55.
578 5130 773 5186 Totam
819 5132 1096 5191 Valentini
1133 5136 1483 5207 hypothesim
1536 5140 1604 5194 ad
1639 5142 1741 5195 tria
1784 5144 1967 5214 capita

380 5222 634 5277 revocari
689 5223 796 5290 iam
843 5225 1082 5282 diximus
1120 5229 1321 5284 :i‘osad
1368 5230 1642 5299 Pleroma,
1690 5237 1834 5305 quod
1881 5253 1970 5294 res

383 5309 599 5368 divinas
625 5315 1040 5385 compleCtitur;
1079 5318 1137 5372 2°
1169 5320 1234 5373 ad
1265 5335 1330 5376 ea
1363 5338 1487 5392 quae
1522 5334 1678 5379 extra
1717 5324 1969 5385 Pleroma

381 5403 758 5476 contigerunt,
778 5409 980 5478 quibus
1010 5425 1099 5466 res
1127 5410 1275 5466 inter
1295 5416 1552 5472 caelestes
1577 5427 1632 5472 et
1661 5421 1970 5477 mundanas

379 5497 576 5553 mediae
601 5502 985 5569 continentur;
1016 5505 1076 5558 3-
1105 5505 1173 5559 ad
1205 5508 1392 5561 mundi
1421 5509 1582 5578 hujus
1615 5515 1969 5582 aspectabilis

380 5587 656 5658 originem
709 5597 764 5644 et
815 5594 1288 5651 conStitutionem.
1346 5596 1472 5653 Haec
1513 5601 1788 5670 ipsrssima
1840 5614 1970 5659 sunt

382 5694 506 5749 quae
538 5680 606 5736 de
639 5681 840 5753 triplici
864 5686 1070 5741 mundo
1105 5697 1213 5742 tam
1245 5703 1478 5758 operose
1508 5692 1787 5760 disputant
1818 5696 1973 5750 Plato

381 5772 440 5829 in
495 5771 720 5840 Timaeo,
775 5787 832 5830 et
888 5776 1226 5847 Epimenide,
1273 5793 1328 5837 et
1371 5792 1498 5853 post
1551 5799 1674 5842 eum
1721 5787 1973 5858 discipuli

457 5929 502 5961 “
547 5929 690 5987 Edit.
740 5931 916 5990 Oxon.
966 5933 1125 5991 1678.

2085 4771 2205 4826 bent
2237 4787 2390 4824 suam
2423 4769 2728 4831 essentiam,
2751 4781 2907 4835 quam
2931 4765 3158 4832 primum
3187 4765 3255 4817 ad
3287 4763 3465 4817 divina
3490 4761 3672 4831 parti-

2082 4864 2310 4935 cipanda
2334 4871 2455 4931 apta
2485 4870 2631 4925 sunt,
2660 4858 2803 4911 illico
2827 4857 2955 4911 deos
2982 4857 3037 4910 in
3066 4873 3162 4910 sua
3195 4856 3488 4910 substantia
3517 4854 3669 4922 prius

2084 4958 2397 5012 exsistentes
2458 4954 2674 5019 habent,
2715 4969 2875 5022 quant
2941 4951 3214 5022 prapriam
3269 4960 3670 5003 naturamsor-

2083 5053 2310 5108 tiantur.
2340 5049 2601 5106 Eamdem
2630 5060 2816 5102 vocem
2853 5045 3061 5116 pariter
3086 5051 3316 5113 usurpat
3351 5041 3672 5096 Datnascius

2081 5161 2187 5201 non
2213 5145 2381 5200 semel

2147 5238 2236 5292 56.
2271 5235 2629 5305 Tripartitum
2673 5240 2796 5287 erat
2833 5227 3340 5285 Valentinianorum
3387 5224 3667 5288 Pleroma,

2078 5328 2131 5382 in
2155 5327 2391 5381 [Eonum
2423 5325 2664 5380 tetradas
2705 5324 2860 5388 duas,
2911 5335 3006 5375 seu
3035 5317 3306 5389 ogdoada,
3343 5317 3397 5370 in
3438 5315 3664 5379 decada,

2074 5426 2128 5471 et
2176 5417 2472 5470 dodecada.
2524 5415 2849 5485 Supremum
2889 5413 3136 5468 omnium
3203 5424 3267 5461 ac
3313 5407 3491 5475 primo
3541 5405 3670 5459 loco

2075 5509 2310 5580 Bythum
2362 5509 2698 5572 statuebant,
2732 5508 2817 5562 cui
2845 5506 3088 5561 Ennoian
3119 5519 3213 5558 seu
3248 5503 3412 5570 Sigea
3440 5497 3670 5566 copula-

2081 5603 2235 5657 bant.
2276 5601 2430 5657 Hunc
2483 5601 2791 5671 excipiebat
2837 5600 2950 5655 Nus
3007 5613 3101 5654 seu
3162 5596 3332 5652 Mens.
3381 5607 3502 5648 cum
3556 5607 3665 5661 qua

2087 5694 2420 5762 Veritatem;
2461 5695 2656 5751 deinde
2693 5693 2954 5760 Verbum,
2999 5705 3122 5746 eum
3156 5703 3264 5759 quo
3292 5686 3502 5751 Vitam;
3545 5693 3669 5737 tum

2087 5787 2284 5856 l-lomo,
2322 5803 2446 5844 cum
2479 5805 2586 5860 quo
2613 5788 2913 5846 Ecclesiam
2952 5785 3301 5856 colligabant.
3335 5781 3574 5849 Quorum
3620 5781 3667 5834 si
