3954 6352
375 371 446 426 55
1162 369 1760 429 DlSSERTATlONES
1800 371 2114 429 PREVIE
2155 372 2223 428 1N
2266 371 2525 429 ΙΒΕΝᾸΞΙ
2560 371 2827 428 LIBROS.
3573 382 3641 436 56

373 494 585 553 ternas,
643 487 949 558 ingenitus,
1022 487 1312 559 Propator,
1372 491 1491 561 ipso
1544 494 1775 563 proinde
1823 493 1946 560 Nu,
1978 501 2030 557 Α

373 592 535 648 quem
568 577 782 633 Patrem
828 590 875 635 et
917 581 1131 635 initium
1173 586 1410 638 omnium
1452 586 1730 652 dicebant,
1782 587 1950 655 prior.

374 669 666 725 Jamblichi
696 670 835 726 Deus
860 670 983 727 fons
1016 673 1258 728 omnium
1282 686 1391 742 est,
1420 685 1477 731 et
1509 678 1665 732 radix
1702 679 1949 732 omnium

373 759 799 831 intelligibilium
836 762 1140 831 primarum
1174 766 1441 834 idearum,
1476 769 1713 836 primum
1750 768 1953 824 intelli-

372 864 526 918 gens,
563 859 619 905 et
657 853 893 921 primum
934 853 1293 924 intelligibile,
1336 862 1413 921 ἐι,
1451 866 1510 911 ut
1543 858 1695 913 aiunt
1728 859 1951 913 oracula

371 939 681 1011 Chaldaica,
705 943 864 1017 Πηγὴ
889 945 1101 1016 πηγῶν,
1124 948 1313 1017 πηγῶν
1336 950 1587 1015 ἁπασῶν,
1628 952 1811 1023 μήτρα
1829 969 1953 1005 συν-

370 1028 572 1102 έχουσα
605 1033 671 1087 τὰ
700 1036 914 1101 πάντα,
965 1036 1109 1093 Fons
1145 1040 1394 1109 fontium,
1444 1052 1495 1095 et
1544 1044 1777 1096 omnium
1831 1043 1953 1111 fon-

369 1125 543 1191 tium,
598 1128 797 1181 matria:
858 1131 1133 1186 continens
1188 1132 1385 1187 omnia.
1445 1133 1951 1189 Valentinianorum

367 1214 535 1281 Deus,
580 1218 791 1286 primus
842 1217 962 1274 l‘ons
1013 1230 1068 1276 et
1122 1222 1281 1276 radix
1336 1223 1526 1293 primae
1561 1222 1778 1291 Mentis,
1813 1223 1949 1290 Νοῦ,

368 1307 633 1363 Veritatis
680 1319 735 1364 et
770 1308 958 1379 Verbi,
1002 1328 1113 1369 uno
1158 1315 1328 1370 verbo
1373 1316 1541 1371 totius
1590 1316 1950 1387 intelligibilis

366 1402 577 1465 mundi,
612 1417 709 1458 seu
742 1403 1089 1461 Pleromatis.
1138 1406 1357 1463 Primus
1396 1408 1561 1474 Deus,
1604 1424 1670 1465 ex
1705 1412 1948 1469 oraculis

367 1493 697 1558 Chaldaicis,
724 1505 811 1552 est
842 1498 1118 1569 quoddam
1156 1498 1521 1570 intelligibile,
1566 1504 1712 1571 quod
1747 1507 1948 1561 mentis

365 1585 497 1642 ﬂore
526 1590 935 1659 percipiendum
970 1600 1083 1658 est;
1120 1592 1187 1645 ad
1219 1592 1363 1662 quod
1393 1594 1799 1662 intelligendum
1834 1599 1949 1653 vio-

363 1676 541 1733 lenter
574 1681 891 1737 enitendum
924 1700 1028 1738 non
1063 1684 1153 1746 sit,
1206 1684 1301 1738 sed
1343 1684 1537 1740 intima
1574 1688 1772 1744 mentis
1803 1690 1944 1757 acie,

364 1785 486 1838 quae
544 1774 729 1829 omnia
797 1777 1052 1842 metitur,
1114 1786 1316 1846 praeter
1381 1778 1731 1850 intelligibile
1794 1781 1946 1835 illud.

2131 494 2223 551 '58.
2263 493 2341 548 Ex
2370 494 2549 563 primo
2575 493 2686 548 Deo
2716 502 2910 563 sponte
2959 496 3254 552 emicuisse
3280 499 3395 553 vult
3415 498 3643 555 Jambli-

2058 583 2194 639 chus
2214 584 2379 637 Deum
2410 584 2513 639 sibi
2548 582 2929 650 sufﬁcientem,
2952 586 3036 638 sui
3064 583 3281 640 Patrem
3318 596 3369 640 et
3400 584 3641 661 [XXVII]

2055 676 2406 746 principium,
2476 674 2711 730 Mentem
2777 676 3015 745 seipsam
3071 676 3496 748 intelligentem,
3577 691 3639 734 et

2055 765 2190 819 alias
2225 764 2622 820 intellectiones
2674 765 2742 819 ad
2800 779 2861 819 se
2894 773 3333 833 convertentem,
3398 766 3642 823 Mentem

2056 857 2349 913 secundam
2394 865 2448 909 et
2501 856 2699 911 Mentis
2748 865 3007 923 mentem,
3068 867 3126 911 ut
3170 870 3375 914 vocant
3416 860 3641 915 oracula

2054 950 2364 1006 Chaldaica.
2388 948 2430 1003 A
2462 947 2968 1004 Valentinianorum
3001 949 3177 1020 Bytho
3215 951 3415 1019 prodiit
3438 966 3637 1006 secun-

2054 1043 2156 1095 dus
2212 1039 2374 1105 IEon,
2429 1055 2596 1109 quem
2632 1041 2798 1095 etiam
2851 1038 2994 1093 Νοῦν
3032 1039 3321 1094 vocabant.
3371 1038 3484 1095 Nus
3526 1037 3643 1095 Va.

2052 1130 2477 1186 lentinianornm
2540 1132 2683 1204 ἀρχὴ
2713 1132 2967 1196 πάντων,
3002 1131 3220 1185 initium
3262 1133 3498 1186 omnium
3546 1133 3642 1188 di-

2053 1226 2217 1293 citur,
2253 1221 2371 1295 ἐνῷ
2402 1225 2473 1279 τὰ
2498 1226 2675 1281 πάντα
2715 1226 2743 1277 ὁ
2780 1224 2970 1297 Πατὴρ
3017 1224 3287 1298 προέϐαλε
3336 1242 3644 1298 σπερματια

2053 1320 2185 1384 κῶς,
2233 1321 2287 1373 in
2322 1337 2424 1391 quo
2470 1320 2630 1373 Pater
2659 1320 2913 1384 praemisit
2970 1317 3149 1371 omnia
3193 1318 3542 1382 seminaliter,
3578 1327 3642 1371 ut

2055 1413 2209 1468 aiunt
2238 1414 2336 1467 lib.
2379 1428 2422 1477 ι,
2459 1427 2579 1483 cap.
2612 1411 2669 1475 8,
2724 1428 2778 1465 n.
2814 1410 2869 1465 5.
2920 1407 3324 1480 ﬁgyptiorum,
3355 1408 3640 1464 Chaldaeo.

2052 1518 2196 1566 rum,
2222 1512 2279 1556 et
2310 1502 2723 1557 Platonicorum
2770 1499 2881 1556 Nus
2944 1499 3276 1569 principium
3331 1508 3440 1564 est,
3494 1498 3641 1553 Deus

2051 1596 2301 1660 deorum,
2357 1592 2668 1649 Noelarcha
2726 1609 2823 1649 seu
2864 1591 3213 1662 intelligibile
3256 1591 3588 1662 principium
3614 1631 3634 1654 ,

2050 1688 2305 1744 essentiae
2325 1688 2673 1757 principium,
2708 1702 2738 1740 a
2766 1701 2874 1756 quo
2904 1685 3082 1739 omnis
3123 1692 3317 1737 natura
3357 1690 3514 1739 estet
3546 1694 3642 1736 es.

2052 1781 2251 1845 sentia,
2276 1781 2383 1835 dux
2421 1780 2723 1834 cmlestium
2774 1779 3023 1840 deorum,
3094 1792 3362 1845 mensque
3421 1773 3635 1844 opifex.

368 1862 525 1916 Ἔστι
559 1865 666 1935 γάρ
692 1884 745 1919 τι
773 1869 959 1939 νοητὸν
982 1910 995 1932 ,
1019 1869 1047 1921 ὃ
1067 1872 1169 1941 χρή
1198 1887 1254 1923 σε
1282 1874 1421 1925 νοεῖν
1452 1872 1573 1925 νόου
1604 1872 1775 1938 ἄνθει,
1803 1874 1862 1926 οὑ
1888 1874 1944 1946 δὴ

2055 1872 2213 1939 Nam,
2243 1884 2302 1927 ut
2336 1873 2540 1927 habent
2565 1870 2795 1926 oracula
2828 1868 3143 1936 Chaldaica,
3175 1868 3359 1923 Πάντα
3386 1868 3495 1939 γὰρ
3522 1865 3641 1932 ἔξεο

363 1951 469 2025 χρὴ
494 1955 810 2029 σφοδρότητι
826 1962 966 2012 νοεῖν
981 1960 1040 2012 τὸ
1055 1961 1242 2031 νοητὸν
1258 1962 1451 2027 ἐκεῖνο,
1467 1964 1600 2017 ἀλλὰ
1616 1964 1737 2018 νόου
1753 1965 1949 2019 ταναοῦ

360 2049 531 2117 ταναῇ
559 2048 735 2117 φλογὶ,
760 2053 936 2105 πάντα
969 2054 1266 2127 μετρούσῃ,
1285 2056 1424 2128 πλὴν
1449 2058 1511 2109 τὸ
1539 2060 1729 2127 νοητὸν
1751 2061 1945 2114 ἐκεῖνο.

362 2135 606 2194 Primum
655 2140 820 2196 Deum
873 2158 938 2198 ex
1000 2146 1391 2201 Valentinianis
1433 2148 1578 2202 nulla
1624 2165 1712 2204 res
1755 2166 1949 2220 capere

362 2240 567 2300 potest,
653 2233 1223 2306 incomprehensibilis
1307 2248 1411 2305 est,
1486 2253 1946 2312 proanennoetos,

359 2318 769 2389 inenarrabilis,
800 2324 1235 2382 innominabilis.
1264 2326 1386 2395 Hic,
1430 2344 1497 2383 ex
1534 2328 1853 2399 Platonicis,
1893 2337 1947 2388 in

361 2416 739 2486 singularitate
785 2418 1013 2473 unitatis
1069 2433 1180 2473 sua:
1232 2429 1442 2488 manet,
1472 2423 1534 2475 ἐν
1567 2424 1822 2496 μονότητι
1849 2426 1949 2499 τῆς

360 2508 556 2563 ἑαυτοῦ
583 2510 831 2579 ὲνότητος
862 2509 1056 2585 μένων.
1120 2509 1198 2566 Ex
1228 2511 1507 2581 Epiphane
1538 2528 1663 2567 vero
1702 2514 1945 2573 Monotes

359 2611 465 2665 est,
508 2616 633 2655 cum
668 2616 775 2671 qua
814 2611 901 2656 est
948 2603 1119 2657 virtus
1164 2618 1284 2673 quae
1328 2605 1528 2660 dicitur
1570 2607 1824 2664 Henotes.
1864 2609 1945 2665 Ex

359 2692 578 2760 Marco,
624 2693 777 2762 cujus
826 2698 1156 2749 sententiam
1202 2699 1424 2768 exponit
1467 2698 1705 2756 lrenmus
1757 2703 1853 2757 lib.
1901 2719 1941 2770 ι,

358 2800 480 2854 cap.
509 2784 599 2850 15,
632 2802 687 2840 n.
714 2787 769 2849 l,
821 2786 887 2856 τῆ
923 2786 1177 2856 μονότητι
1209 2790 1544 2861 συνυπάρχει
1584 2792 1789 2864 ἑνότης,
1821 2811 1943 2850 cum

358 2878 736 2949 singularitate
799 2879 982 2934 unitas
1023 2878 1258 2935 exsistit.
1294 2880 1693 2939 Valentinianis
1740 2885 1945 2956 Bythus

356 2983 464 3035 est,
487 2987 609 3027 cum
642 2987 750 3043 quo
780 2971 883 3027 fuit
913 2983 970 3028 et
1000 2972 1233 3038 Ennaea,
1270 2990 1393 3030 cum
1432 2992 1538 3045 qua
1568 2987 1621 3033 et
1651 2992 1747 3047 per
1778 2994 1942 3048 quam

356 3062 476 3119 Nun
501 3074 556 3118 et
592 3064 918 3131 Veritatem,
948 3074 1269 3121 caterorum
1313 3066 1549 3122 Eanum
1591 3069 1854 3139 principia
1890 3080 1945 3125 et

354 3154 560 3224 fontes,
596 3155 800 3210 emisit.
828 3153 1141 3210 Chaldaicis
1188 3157 1426 3214 oraculis
1464 3157 1797 3214 Profundum
1833 3171 1937 3224 est,

358 3247 413 3301 in
449 3262 556 3317 quo
589 3256 673 3302 est
725 3247 965 3317 primum
1007 3248 1319 3318 intelligens
1359 3257 1414 3303 et
1467 3251 1703 3319 primum
1737 3252 1943 3306 intelli-

358 3338 548 3407 gibile,
576 3339 636 3396 ὲν
748 3340 808 3392 τὸ
853 3338 1069 3411 πρῶτόν
1109 3340 1226 3394 ἐστι
1254 3340 1426 3407 νοοῦν,
1465 3344 1558 3397 καὶ
1614 3344 1674 3397 τὸ
1728 3346 1941 3417 πρῶτον

357 3433 570 3503 νοητὸν,
613 3434 749 3486 cum‘
793 3448 903 3503 quo
955 3431 1309 3502 intelligentia
1360 3444 1466 3500 est,
1515 3436 1576 3492 τὸ
1626 3440 1768 3491 νοεῖν
1819 3437 1942 3493 linis

357 3525 619 3581 Profundi
645 3526 856 3595 paterni
888 3535 943 3581 et
978 3527 1102 3583 fons
1136 3527 1581 3598 intelligibilium,
1622 3544 1727 3598 quo
1761 3539 1943 3598 pater-

359 3636 488 3675 nam
523 3631 757 3674 mentem
791 3622 1047 3676 omnibus
1083 3621 1323 3677 fontibus
1350 3630 1405 3677 et
1441 3622 1836 3691 principatibus
1860 3625 1943 3679 in-

360 3710 517 3766 didit.
565 3710 771 3767 Ennoaa
826 3710 1225 3767 Valentinianis
1271 3712 1473 3767 dicitur
1523 3722 1579 3768 et
1630 3713 1781 3785 Sige,
1842 3730 1941 3771 seu

359 3805 656 3862 silentium.
705 3805 1029 3876 Eapropter,
1076 3806 1284 3862 Irenaeo
1316 3816 1475 3872 teste,
1504 3808 1601 3863 lib.
1636 3826 1712 3875 tv,
1753 3827 1804 3865 c.
1847 3811 1939 3879 55,

359 3915 418 3954 n.
449 3901 484 3953 4
514 3918 526 3953 :
584 3897 867 3955 Silentium
896 3901 1185 3953 maximam
1224 3917 1332 3955 rem
1361 3918 1472 3956 esse
1503 3904 1645 3971 apud
1681 3906 1942 3973 sapientes

360 3992 615 4046 dicebant
664 4009 679 4045 :
736 4002 976 4060 oportere
1030 3994 1168 4047 enim
1218 4009 1356 4059 eam,
1414 4011 1532 4064 qum
1578 3997 1648 4050 sit
1702 4014 1940 4065 sursum,

359 4085 546 4156 Sigen,
580 4104 674 4155 per
712 4087 790 4152 id,
830 4090 971 4157 quod
1002 4100 1079 4143 est
1124 4091 1266 4158 apud
1304 4106 1412 4157 eos,
1460 4092 1731 4147 silentium
1761 4093 1941 4162 defor-

357 4178 518 4231 mari.
547 4176 816 4248 [Egyptits
846 4190 901 4232 et
932 4178 1207 4235 Chaldaeis
1236 4181 1435 4235 colitur
1472 4181 1615 4238 Deus
1642 4199 1741 4254 per
1768 4186 1940 4240 solam

360 4270 547 4339 Sigen,
592 4270 680 4323 διὰ
722 4271 882 4343 σιγῆς
928 4271 1097 4342 μόνης
1141 4290 1157 4326 :
1206 4274 1368 4343 hujus
1420 4274 1775 4346 intelligentia
1826 4287 1943 4331 tan-

359 4375 524 4429 quam
562 4362 615 4415 in
653 4360 820 4433 adyto
879 4361 1151 4418 clauditur
1200 4380 1298 4434 per
1348 4365 1588 4419 divinum
1625 4368 1940 4433 silentium;

357 4452 568 4521 primus
622 4452 767 4509 Deus
816 4453 1109 4525 Egyptiis,
1142 4472 1207 4509 ex
1250 4456 1539 4511 Damascio
1590 4458 1643 4510 in
1691 4456 1826 4511 libro
1870 4457 1945 4511 De

2051 1965 2273 2021 τέλεσσε
2300 1964 2510 2035 Πατὴρ,
2534 1963 2628 2018 καὶ
2659 1961 2754 2034 NG)
2782 1960 3064 2033 παρέδωκε
3101 1961 3358 2031 δευτέρῳ.
3380 1959 3490 2013 Νοῦ
3524 1958 3641 2029 γὰρ

2066 2055 2189 2118 νοῦς
2203 2054 2637 2125 ὲστιν,ὀκὸσμου
2659 2052 2905 2124 τεχνίτης
2933 2052 3148 2123 πυρίου.
3180 2049 3383 2109 Cuncta
3412 2068 3641 2120 namque

2049 2148 2268 2217 perfecit
2311 2147 2495 2211 Pater,
2547 2156 2599 2201 et
2638 2145 2801 2200 Menti
2846 2146 3072 2199 tradidit
3128 2145 3396 2198 secundat.
3444 2143 3640 2196 Mentis

2048 2241 2189 2293 enim
2220 2257 2363 2295 mens
2386 2251 2485 2307 est,
2525 2255 2642 2310 quin
2676 2238 2860 2292 mundi
2906 2250 2979 2293 est
3011 2239 3209 2307 artifex
3246 2238 3421 2308 ignei,
3456 2237 3511 2293 id
3545 2246 3639 2293 est

2051 2333 2437 2402 intelligibilis.
2469 2334 2562 2389 Sic
2599 2349 2629 2388 a
2656 2333 2830 2404 Bytho
2852 2334 3054 2404 prodiit
3084 2331 3357 2387 Valentini
3398 2330 3545 2394 Nus,
3573 2340 3637 2385 ut

2052 2437 2232 2483 tamen
2268 2426 2433 2481 Pater
2455 2426 2572 2497 ipse
2595 2426 2669 2481 sit
2694 2435 2750 2480 et
2773 2426 3108 2494 unigenitus.
3139 2423 3231 2478 Sic
3253 2439 3281 2477 a
3312 2424 3487 2493 primo
3519 2421 3639 2476 Deo

2049 2519 2316 2589 processit
2366 2516 2775 2574 Platonicorum
2832 2517 2964 2584 Nus,
3025 2527 3087 2570 ut
3149 2517 3231 2570 sui
3283 2514 3450 2570 Pater
3482 2514 3638 2571 sitet

2048 2610 2399 2680 principium,
2436 2619 2493 2664 et
2531 2626 2626 2680 per
2656 2625 2714 2665 se
2742 2609 2979 2679 genitus,
3014 2608 3322 2678 αὐτόγονος,
3366 2604 3637 2675 αὑτογέν·

2047 2719 2225 2773 νητος.
2261 2701 2434 2771 Cujus
2458 2703 2678 2771 quidem
2699 2704 2795 2771 .rei
2827 2702 3102 2755 rationem
3137 2702 3279 2754 hanc
3307 2700 3465 2753 aﬂ'ert
3494 2698 3637 2754 Por-

2049 2797 2274 2867 phyrius
2306 2810 2335 2849 a
2368 2795 2427 2849 S.
2453 2794 2661 2864 Cyrillo
2685 2801 2829 2848 cont.
2852 2789 3065 2851 Julian.
3092 2794 3296 2847 citatus
3325 2807 3395 2847 ex
3430 2791 3525 2846 lib.
3552 2805 3607 2846 ιν

2046 2888 2123 2943 De
2146 2889 2270 2942 Itist.
2296 2886 2427 2955 phil.
2449 2902 2469 2940 :
2489 2884 2735 2959 Προῆλθε
2763 2885 2821 2937 δὲ
2846 2884 3172 2956 πρωιὼνιος
3196 2884 3288 2938 ἀπ’
3321 2884 3493 2938 αἰτίου
3531 2883 3635 2938 τοῦ

2046 2978 2180 3032 Θεοῦ
2208 2976 2557 3050 ὡρμημένος,
2584 2975 2976 3045 αὑτογέννητος
3007 2974 3103 3041 ὢν,
3141 2976 3235 3028 καὶ
3279 2973 3633 3046 αὐτοπάτωρ.

2046 3070 2120 3121 Οὐ
2150 3067 2259 3138 γὰρ
2320 3067 2529 3121 ἐκείνου
2587 3064 2905 3135 κινουμένου
2942 3065 3079 3135 πρὸς
3107 3066 3321 3134 γένεσιν
3350 3066 3447 3135 τὴν
3504 3063 3638 3117 τού-

2044 3178 2138 3214 του
2201 3162 2235 3232 ἡ
2302 3160 2528 3233 πρόοδος
2573 3158 2834 3227 γέγονεν,
2885 3156 3020 3211 ἀλλὰ
3035 3157 3224 3218 τούτου
3276 3156 3635 3229 προελθόντος

2043 3252 2350 3321 αὐτογόνως
2371 3254 2437 3304 ὲκ
2477 3250 2636 3307 Θεοῦ.
2692 3248 2963 3305 Processit
3008 3260 3131 3305 ante
3161 3253 3358 3304 swcula
3395 3268 3426 3303 a
3457 3250 3634 3316 primo

2046 3345 2153 3398 Deo
2177 3344 2542 3413 prodiens,qui
2564 3352 2638 3396 est
2658 3358 2753 3412 per
2772 3358 2827 3396 se
2842 3343 3073 3412 genitus,
3097 3344 3281 3413 suique
3306 3339 3489 3395 Pater.
3515 3340 3635 3394 Ne-

2041 3437 2287 3504 queenim
2314 3435 2408 3489 illo
2434 3451 2490 3489 se
2509 3446 2744 3489 movente
2766 3435 2835 3487 ad
2858 3435 3021 3504 hujus
3044 3435 3433 3505 generationem
3468 3433 3635 3487 emis-

2041 3531 2120 3584 sio
2148 3528 2290 3589 facta
2316 3538 2415 3593 est,
2441 3526 2533 3581 sed
2554 3528 2650 3581 hoc
2678 3543 2772 3597 per
2811 3543 2867 3581 se
2902 3527 3193 3596 prodeunte
3245 3542 3278 3579 a
3324 3525 3453 3583 Deo.
3495 3524 3633 3590 Quae

2043 3622 2208 3674 etiam
2258 3620 2400 3673 ratio
2453 3620 2519 3673 ad
2558 3619 2850 3675 Gnosticos
2892 3618 3126 3686 quadrat
3156 3618 3222 3671 ⁵⁸.
3255 3616 3389 3671 Nam
3432 3616 3627 3670 eodem

2043 3711 2159 3766 fere
2187 3711 2346 3766 modo
2369 3710 2693 3766 sententiam
2720 3724 2871 3764 suam
2895 3709 3239 3778 exprimebat
3263 3708 3577 3778 Epiphanes
3606 3721 3625 3769 ξ

2047 3803 2296 3870 Henotes,
2325 3804 2520 3873 inquit,
2557 3810 2609 3857 et
2644 3800 2882 3855 .llonotes
2910 3817 3028 3855 cum
3065 3802 3176 3855 sint
3214 3817 3400 3864 unum,
3438 3800 3631 3854 emise-

2045 3909 2190 3962 runt,
2220 3914 2324 3951 non
2352 3898 2670 3962 emittentes,
2727 3897 3048 3965 principium
3079 3896 3317 3947 omnium
3341 3904 3549 3958 noeton,
3576 3902 3626 3947 et

2044 3999 2355 4060 agenneton,
2380 3998 2431 4043 et
2451 3999 2700 4053 aoroton,
2727 4004 2884 4060 quam
2928 3989 3134 4043 Archen
3184 4002 3355 4041 sermo
3387 3984 3627 4039 Monada

2043 4092 2213 4136 vocat.
2246 4082 2380 4136 Cum
2410 4080 2512 4135 hac
2543 4080 2774 4135 Monade
2796 4089 2872 4134 est
2902 4083 3069 4135 virtus
3105 4078 3343 4148 ejusdem
3373 4077 3623 4131 substan-

2044 4179 2132 4231 tia:
2162 4176 2229 4239 ei,
2254 4191 2414 4245 quam
2437 4184 2488 4228 et
2515 4191 2630 4228 eam
2650 4190 2775 4229 voco
2802 4172 2937 4228 Hen.
2962 4172 3019 4226 ld
3042 4182 3147 4238 est,
3177 4170 3363 4224 Menas
3394 4184 3424 4222 a
3450 4169 3614 4223 Patre

2044 4271 2243 4325 emissa
2279 4277 2384 4333 est,
2424 4282 2529 4322 non
2564 4282 2660 4337 per
2702 4279 2908 4321 motum
2968 4265 3338 4334 generationis
3400 4263 3625 4333 proprie

2046 4360 2441 4431 dictum,cnjus
2465 4360 2735 4415 terminus
2766 4358 2931 4412 fuerit
2955 4359 3235 4428 quidpiam
3267 4375 3295 4411 a
3324 4357 3486 4411 Patre
3513 4356 3625 4411 dis-

2048 4455 2318 4520 tinctum;
2375 4453 2470 4507 sed
2509 4466 2658 4506 mera
2703 4448 2822 4518 ejus
2864 4451 3115 4523 ἐνέργεια
3144 4461 3246 4515 est,
3292 4464 3400 4503 non
3441 4450 3509 4503 ab
3555 4464 3625 4504 eo

357 4546 655 4614 principiis,
686 4549 942 4612 necdum,
971 4548 1115 4616 quod
1149 4548 1342 4611 sciam,
1382 4548 1523 4618 typis
1554 4548 1724 4612 edito,
1755 4551 1943 4614 σκότος
1974 4550 2019 4603 D
2050 4548 2265 4603 diversa
2303 4562 2319 4612 ;
2347 4560 2411 4600 ac
2467 4546 2695 4615 proinde
2747 4544 2969 4613 proprie
3024 4542 3295 4613 loquendo
3356 4540 3625 4610 ingenita,

358 4637 639 4706 ἄγνωστον
666 4641 887 4706 dicitur,
924 4641 1160 4696 tenebrat
1195 4642 1413 4709 ignotae,
1460 4650 1515 4694 et
1550 4651 1608 4694 ut
1651 4644 1800 4696 canit
1844 4642 1945 4697 0r-

356 4731 565 4800 pheus:

357 4822 561 4894 ᾼύτόν
588 4821 639 4874 δ’
664 4825 777 4893 οὐχ
808 4823 995 4891 ὁρὰω,
1025 4824 1155 4891 περὶ
1192 4823 1304 4893 γὰρ
1358 4824 1541 4893 νέφος
1572 4825 1936 4894 ἐστήρικται*

360 4893 547 4964 Ipsum
608 4910 713 4946 non
779 4895 961 4958 video,
1021 4894 1248 4949 nubibus
1322 4897 1461 4949 enim
1523 4897 1937 4966 circumtegitur.

359 5006 671 5061 Secundum
713 5003 1125 5062 Valentinianos
1176 5024 1302 5061 cum
1337 5008 1511 5078 Bytho
1562 5009 1663 5063 fuit
1708 5011 1938 5077 EIIIIOBJ,

261 5124 272 5134 ι
360 5097 580 5168 ipsique
617 5098 965 5165 conjugatur,
1009 5114 1113 5153 nec
1154 5102 1221 5154 ab
1251 5116 1315 5155 eo
1364 5102 1586 5170 prodiit.
1632 5102 1939 5159 Secundum

359 5189 644 5245 Chaldaeos
684 5190 845 5259 primi
879 5190 970 5244 Dei
1002 5190 1362 5262 intelligentia
1399 5195 1468 5249 ab
1510 5196 1628 5266 ipso
1660 5210 1765 5249 non
1808 5212 1940 5265 pro-

360 5282 552 5348 cessit,
580 5282 674 5336 sed
703 5283 903 5336 mansit
931 5283 984 5335 in
1015 5282 1293 5337 Profundo
1323 5295 1551 5354 paterno
1584 5295 1639 5340 et
1683 5288 1733 5339 in
1781 5293 1941 5358 adyto

358 5391 459 5447 per
484 5376 728 5430 divinum
758 5376 1058 5431 silentium.
1100 5376 1375 5431 llactenus
1409 5391 1560 5448 gutta
1594 5391 1759 5450 gutta:
1791 5382 1942 5436 simi-

362 5470 467 5524 lior
497 5480 741 5534 nonest,
779 5486 943 5540 quam
986 5471 1492 5527 Valentinianorum
1531 5474 1726 5542 placita
1761 5474 1942 5530 Plato-

363 5562 635 5627 nieorum,
687 5561 1098 5631 Egyptiorum,
1152 5562 1643 5635 Chaldaeoruu'ique
1671 5568 1939 5638 dogmati-

363 5656 483 5714 lms.
518 5654 625 5709 Sed
656 5658 723 5711 ad
755 5657 965 5727 reliqua
994 5671 1309 5728 pergamus.

437 5834 481 5875 ι*
510 5836 680 5903 lren.,
712 5836 809 5893 lib.
837 5852 876 5903 ι,
902 5851 1022 5912 cap.
1054 5836 1104 5903 8,
1137 5852 1188 5891 n.
1222 5835 1273 5890 δ.

2050 4657 2284 4711 quaeque
2305 4640 2522 4695 Patrem
2560 4638 2791 4693 nesciat.
2820 4638 2921 4693 Ubi
2954 4637 3117 4690 etiam
3144 4636 3401 4689 observes
3432 4633 3626 4700 velim,

2047 4736 2191 4806 quod
2218 4733 2674 4803 quemadmodum
2706 4730 3005 4785 Platonicis
3042 4729 3191 4782 Mens
3236 4729 3473 4783 secunda
3522 4742 3627 4782 seu

2048 4828 2321 4882 secundus
2344 4828 2486 4881 Deus
2518 4825 2720 4879 dicitur
2743 4823 2929 4885 Μονὰς
2950 4823 3014 4875 ἐκ
3033 4820 3126 4874 τοῦ
3154 4820 3295 4884 ἐνὸς,
3327 4818 3371 4873 U
3381 4820 3516 4871 nitas
3557 4836 3629 4875 ea:

2049 4938 2196 4986 uno;
2230 4921 2309 4975 sic
2342 4928 2396 4973 et
2424 4917 2686 4989 Epiphani
2723 4916 2995 4971 secundus
3026 4912 3169 4967 Ᾱέοη
3209 4912 3413 4967 dicitur
3438 4909 3627 4974 Μονὰς

2051 5016 2114 5071 ἐκ
2133 5015 2235 5084 τῆς
2262 5012 2551 5086 μονότητος
2565 5021 2618 5065 ει
2644 5010 2911 5081 ἑνότητος,
2941 5006 2983 5061 U
2991 5008 3127 5061 nitas
3145 5023 3209 5060 ea:
3226 5008 3456 5070 unitate;
3478 5003 3626 5057 Mar-

2049 5127 2116 5163 co
2140 5110 2393 5163 similiter
2418 5107 2656 5162 secunda
2691 5104 2932 5159 Eonum
2964 5102 3278 5172 eonjugatio
3299 5142 3315 5167 ,
3347 5113 3466 5168 quae
3498 5096 3624 5152 Nun

2049 5216 2106 5257 et
2164 5203 2434 5257 Alethiam
2492 5197 2976 5267 complectebatur,
3020 5193 3188 5265 μονάς
3225 5209 3286 5245 τε
3338 5190 3433 5243 καὶ
3452 5188 3514 5241 τὸ
3541 5189 3620 5248 ἓν,

2050 5294 2550 5350 Valentinianorum
2590 5290 2703 5345 Nus
2736 5289 2927 5343 similis
2966 5297 3014 5341 et
3055 5285 3272 5354 a’qualis
3314 5292 3391 5337 est
3433 5283 3480 5335 ei
3530 5283 3625 5348 qui

2044 5388 2238 5447 emisit.
2271 5397 2319 5439 et
2370 5384 2513 5438 solus
2563 5384 2706 5446 capit
2744 5378 3158 5450 magnitudinem
3191 5374 3394 5428 Patris.
3450 5372 3623 5441 ἆξεν,

2045 5480 2171 5548 pilis
2190 5476 2337 5530 illc-ns
2360 5475 2530 5545 prima
2552 5473 2898 5544 παράδειγμα
2918 5468 3151 5541 ἵδρυται,
3170 5466 3341 5520 forma
3361 5475 3414 5519 et
3436 5479 3624 5518 exem-

2044 5572 2160 5640 plar
2197 5580 2279 5623 est
2310 5568 2375 5621 ad
2404 5566 2543 5637 quod
2576 5566 2753 5619 ellicla
2783 5574 2867 5619 est
2898 5577 3051 5618 mens
3080 5561 3481 5627 secunda,qnae
3512 5557 3623 5610 hu-

2041 5663 2132 5728 jus
2187 5663 2365 5731 imago
2415 5670 2520 5721 est,
2586 5661 2652 5713 ab
2707 5673 2768 5712 ea
2822 5654 3096 5724 recipiens
3142 5667 3323 5707 rerum
3372 5649 3619 5707 omnium
