  <div class='ocr_page' id='page_1' title='image "/cluster/home/n/w/nwhite01/storage/ocr_20150623/7/hvd.32044019206614/036.png"; bbox 0 0 3954 6352; ppageno 0'>
   <div class='ocr_carea' id='block_1_1' title="bbox 216 446 3471 523">
    <p class='ocr_par' dir='ltr' id='par_1_1' title="bbox 216 446 3471 523">
     <span class='ocr_line' id='line_1_1' title="bbox 216 446 3471 523; baseline 0.006 -23"><span class='ocrx_word' id='word_1_1' title='bbox 216 446 281 501; x_wconf 79' lang='grc'><strong><em>57</em></strong></span> <span class='ocrx_word' id='word_1_2' title='bbox 1130 450 1597 509; x_wconf 78' lang='lat' dir='ltr'><strong><em>DISSERTATIO</em></strong></span> <span class='ocrx_word' id='word_1_3' title='bbox 1637 455 1680 517; x_wconf 84' lang='grc' dir='ltr'>Ι,</span> <span class='ocrx_word' id='word_1_4' title='bbox 1722 455 1887 510; x_wconf 82' lang='lat' dir='ltr'><strong><em>ART.</em></strong></span> <span class='ocrx_word' id='word_1_5' title='bbox 1931 458 1974 523; x_wconf 89' lang='lat' dir='ltr'><strong><em>l,</em></strong></span> <span class='ocrx_word' id='word_1_6' title='bbox 2013 458 2102 513; x_wconf 87' lang='lat' dir='ltr'><strong><em>DE</em></strong></span> <span class='ocrx_word' id='word_1_7' title='bbox 2140 458 2559 518; x_wconf 77' lang='lat' dir='ltr'><strong><em>VALENTINO.</em></strong></span> <span class='ocrx_word' id='word_1_8' title='bbox 3400 465 3471 521; x_wconf 73' lang='lat'><strong><em>58</em></strong></span> 
     </span>
    </p>
   </div>
   <div class='ocr_carea' id='block_1_2' title="bbox 212 565 3475 653">
    <p class='ocr_par' dir='ltr' id='par_1_2' title="bbox 212 565 3475 653">
     <span class='ocr_line' id='line_1_2' title="bbox 212 565 3475 653; baseline 0.006 -35"><span class='ocrx_word' id='word_1_9' title='bbox 212 566 374 620; x_wconf 84' lang='lat' dir='ltr'><strong><em>ideas.</em></strong></span> <span class='ocrx_word' id='word_1_10' title='bbox 392 565 596 619; x_wconf 83' lang='lat' dir='ltr'><strong><em>Cuncta</em></strong></span> <span class='ocrx_word' id='word_1_11' title='bbox 614 568 1074 637; x_wconf 81' lang='lat' dir='ltr'><strong><em>namqueperfecit</em></strong></span> <span class='ocrx_word' id='word_1_12' title='bbox 1099 567 1283 634; x_wconf 88' lang='lat' dir='ltr'><strong><em>Pater,</em></strong></span> <span class='ocrx_word' id='word_1_13' title='bbox 1311 581 1358 625; x_wconf 91' lang='lat' dir='ltr'><strong><em>et</em></strong></span> <span class='ocrx_word' id='word_1_14' title='bbox 1381 568 1547 625; x_wconf 78' lang='lat' dir='ltr'><strong><em>Menti</em></strong></span> <span class='ocrx_word' id='word_1_15' title='bbox 1567 572 1791 626; x_wconf 85' lang='lat' dir='ltr'><strong><em>tradidit</em></strong></span> <span class='ocrx_word' id='word_1_16' title='bbox 1816 584 1864 638; x_wconf 78' lang='grc' dir='ltr'><strong>Α</strong></span> <span class='ocrx_word' id='word_1_17' title='bbox 1895 574 2113 629; x_wconf 90' lang='lat' dir='ltr'><strong><em>illorum</em></strong></span> <span class='ocrx_word' id='word_1_18' title='bbox 2147 578 2349 633; x_wconf 89' lang='lat' dir='ltr'><strong><em>mundo</em></strong></span> <span class='ocrx_word' id='word_1_19' title='bbox 2387 578 2719 647; x_wconf 85' lang='lat' dir='ltr'><strong><em>intelligibih&#39;</em></strong></span> <span class='ocrx_word' id='word_1_20' title='bbox 2751 579 3014 652; x_wconf 76' lang='lat' dir='ltr'><strong><em>diximus)</em></strong></span> <span class='ocrx_word' id='word_1_21' title='bbox 3057 582 3279 650; x_wconf 76' lang='lat' dir='ltr'><strong><em>agnosci</em></strong></span> <span class='ocrx_word' id='word_1_22' title='bbox 3319 583 3475 653; x_wconf 75' lang='lat' dir='ltr'><strong><em>prin-</em></strong></span> 
     </span>
    </p>
   </div>
   <div class='ocr_carea' id='block_1_3' title="bbox 206 656 1786 741">
    <p class='ocr_par' dir='ltr' id='par_1_3' title="bbox 206 656 1786 741">
     <span class='ocr_line' id='line_1_3' title="bbox 206 656 1786 741; baseline 0.004 -30"><span class='ocrx_word' id='word_1_23' title='bbox 206 657 463 711; x_wconf 70' lang='lat' dir='ltr'><strong><em>secundaz.</em></strong></span> <span class='ocrx_word' id='word_1_24' title='bbox 484 656 689 741; x_wconf 62' lang='lat' dir='ltr'><strong><em>Vel,pt</em></strong></span> <span class='ocrx_word' id='word_1_25' title='bbox 725 659 891 712; x_wconf 89' lang='lat' dir='ltr'><strong><em>habet</em></strong></span> <span class='ocrx_word' id='word_1_26' title='bbox 916 660 1061 712; x_wconf 82' lang='lat' dir='ltr'><strong>aliud</strong></span> <span class='ocrx_word' id='word_1_27' title='bbox 1093 658 1447 715; x_wconf 87' lang='lat' dir='ltr'><strong><em>Chaldaicum</em></strong></span> <span class='ocrx_word' id='word_1_28' title='bbox 1482 661 1728 727; x_wconf 78' lang='lat' dir='ltr'><strong><em>eﬁ‘atum,</em></strong></span> <span class='ocrx_word' id='word_1_29' title='bbox 1756 665 1786 716; x_wconf 92' lang='lat'><strong><em>6</em></strong></span> 
     </span>
    </p>
   </div>
   <div class='ocr_carea' id='block_1_4' title="bbox 207 747 1787 820">
    <p class='ocr_par' dir='ltr' id='par_1_4' title="bbox 207 747 1787 820">
     <span class='ocr_line' id='line_1_4' title="bbox 207 747 1787 820; baseline 0.004 -19"><span class='ocrx_word' id='word_1_30' title='bbox 207 748 413 817; x_wconf 78' lang='grc' dir='ltr'>πρῶτος</span> <span class='ocrx_word' id='word_1_31' title='bbox 437 747 573 812; x_wconf 80' lang='grc' dir='ltr'>Θεὸς</span> <span class='ocrx_word' id='word_1_32' title='bbox 594 749 896 820; x_wconf 73' lang='grc' dir='ltr'>ἀρχετυποί</span> <span class='ocrx_word' id='word_1_33' title='bbox 923 749 999 820; x_wconf 81' lang='grc' dir='ltr'><strong><em>τῷ</em></strong></span> <span class='ocrx_word' id='word_1_34' title='bbox 1022 750 1282 816; x_wconf 73' lang='grc' dir='ltr'>ἐλάττονι,</span> <span class='ocrx_word' id='word_1_35' title='bbox 1309 754 1512 815; x_wconf 86' lang='lat' dir='ltr'><strong><em>primus</em></strong></span> <span class='ocrx_word' id='word_1_36' title='bbox 1536 752 1677 808; x_wconf 88' lang='lat' dir='ltr'><strong><em>Deus</em></strong></span> <span class='ocrx_word' id='word_1_37' title='bbox 1694 772 1787 808; x_wconf 89' lang='lat' dir='ltr'><strong><em>ar-</em></strong></span> 
     </span>
    </p>
   </div>
   <div class='ocr_carea' id='block_1_5' title="bbox 204 841 1789 915">
    <p class='ocr_par' dir='ltr' id='par_1_5' title="bbox 204 841 1789 915">
     <span class='ocr_line' id='line_1_5' title="bbox 204 841 1789 915; baseline 0.006 -22"><span class='ocrx_word' id='word_1_38' title='bbox 204 843 445 909; x_wconf 66' lang='lat' dir='ltr'><strong><em>chetypas</em></strong></span> <span class='ocrx_word' id='word_1_39' title='bbox 477 848 552 892; x_wconf 88' lang='lat' dir='ltr'><strong><em>est</em></strong></span> <span class='ocrx_word' id='word_1_40' title='bbox 575 842 829 893; x_wconf 89' lang='lat' dir='ltr'><strong><em>secundo.</em></strong></span> <span class='ocrx_word' id='word_1_41' title='bbox 860 841 879 894; x_wconf 86' lang='grc' dir='ltr'><strong>Ι</strong></span> <span class='ocrx_word' id='word_1_42' title='bbox 890 851 995 896; x_wconf 89' lang='lat' dir='ltr'><strong><em>tem</em></strong></span> <span class='ocrx_word' id='word_1_43' title='bbox 1020 858 1036 895; x_wconf 90' lang='lat'><strong>:</strong></span> <span class='ocrx_word' id='word_1_44' title='bbox 1086 842 1228 896; x_wconf 83' lang='grc' dir='ltr'>Πολὺ</span> <span class='ocrx_word' id='word_1_45' title='bbox 1256 842 1365 914; x_wconf 78' lang='grc' dir='ltr'><strong><em>γὰρ</em></strong></span> <span class='ocrx_word' id='word_1_46' title='bbox 1399 844 1560 915; x_wconf 80' lang='grc' dir='ltr'>μόνος</span> <span class='ocrx_word' id='word_1_47' title='bbox 1584 846 1648 899; x_wconf 82' lang='grc' dir='ltr'>ὲκ</span> <span class='ocrx_word' id='word_1_48' title='bbox 1675 848 1789 903; x_wconf 74' lang='grc' dir='ltr'><strong><em>Παο</em></strong></span> 
     </span>
    </p>
   </div>
   <div class='ocr_carea' id='block_1_6' title="bbox 201 932 1786 1005">
    <p class='ocr_par' dir='ltr' id='par_1_6' title="bbox 201 932 1786 1005">
     <span class='ocr_line' id='line_1_6' title="bbox 201 932 1786 1005; baseline 0.006 -21"><span class='ocrx_word' id='word_1_49' title='bbox 201 932 319 1003; x_wconf 69' lang='grc' dir='ltr'>«πρὸς</span> <span class='ocrx_word' id='word_1_50' title='bbox 335 932 513 1003; x_wconf 73' lang='grc' dir='ltr'>ἀλκῆς</span> <span class='ocrx_word' id='word_1_51' title='bbox 542 932 885 1004; x_wconf 68' lang='grc' dir='ltr'>δρεψάμενος</span> <span class='ocrx_word' id='word_1_52' title='bbox 922 934 1043 988; x_wconf 86' lang='grc' dir='ltr'>νόου</span> <span class='ocrx_word' id='word_1_53' title='bbox 1064 934 1224 998; x_wconf 80' lang='grc' dir='ltr'>ἄνθος</span> <span class='ocrx_word' id='word_1_54' title='bbox 1247 933 1387 1005; x_wconf 74' lang='grc' dir='ltr'>ἔχει,</span> <span class='ocrx_word' id='word_1_55' title='bbox 1421 936 1482 989; x_wconf 83' lang='grc' dir='ltr'>τὸ</span> <span class='ocrx_word' id='word_1_56' title='bbox 1511 940 1650 992; x_wconf 87' lang='grc' dir='ltr'>νοεῖν</span> <span class='ocrx_word' id='word_1_57' title='bbox 1680 958 1786 993; x_wconf 83' lang='grc' dir='ltr'>πα-</span> 
     </span>
    </p>
   </div>
   <div class='ocr_carea' id='block_1_7' title="bbox 202 1023 1782 1102">
    <p class='ocr_par' dir='ltr' id='par_1_7' title="bbox 202 1023 1782 1102">
     <span class='ocr_line' id='line_1_7' title="bbox 202 1023 1782 1102; baseline 0.006 -26"><span class='ocrx_word' id='word_1_58' title='bbox 202 1024 378 1095; x_wconf 77' lang='grc' dir='ltr'>τρικὸν</span> <span class='ocrx_word' id='word_1_59' title='bbox 407 1024 556 1078; x_wconf 84' lang='grc' dir='ltr'>νοῦν.</span> <span class='ocrx_word' id='word_1_60' title='bbox 585 1023 745 1079; x_wconf 88' lang='lat' dir='ltr'><strong><em>Solus</em></strong></span> <span class='ocrx_word' id='word_1_61' title='bbox 772 1025 979 1080; x_wconf 77' lang='lat' dir='ltr'><strong><em>uberem</em></strong></span> <span class='ocrx_word' id='word_1_62' title='bbox 1000 1067 1015 1091; x_wconf 93' lang='lat'><strong><em>,</em></strong></span> <span class='ocrx_word' id='word_1_63' title='bbox 1044 1044 1196 1097; x_wconf 88' lang='lat' dir='ltr'><strong><em>quem</em></strong></span> <span class='ocrx_word' id='word_1_64' title='bbox 1223 1044 1289 1082; x_wconf 77' lang='lat' dir='ltr'><strong><em>ea:</em></strong></span> <span class='ocrx_word' id='word_1_65' title='bbox 1319 1026 1481 1084; x_wconf 88' lang='lat' dir='ltr'><strong><em>Patre</em></strong></span> <span class='ocrx_word' id='word_1_66' title='bbox 1506 1030 1782 1102; x_wconf 71' lang='lat' dir='ltr'><strong><em>decerpsit,</em></strong></span> 
     </span>
    </p>
   </div>
   <div class='ocr_carea' id='block_1_8' title="bbox 202 1116 1786 1191">
    <p class='ocr_par' dir='ltr' id='par_1_8' title="bbox 202 1116 1786 1191">
     <span class='ocr_line' id='line_1_8' title="bbox 202 1116 1786 1191; baseline 0.004 -19"><span class='ocrx_word' id='word_1_67' title='bbox 202 1116 381 1172; x_wconf 75' lang='lat' dir='ltr'><strong><em>utentis</em></strong></span> <span class='ocrx_word' id='word_1_68' title='bbox 401 1117 593 1184; x_wconf 80' lang='lat' dir='ltr'><strong><em>ﬂorem</em></strong></span> <span class='ocrx_word' id='word_1_69' title='bbox 639 1116 860 1171; x_wconf 85' lang='lat' dir='ltr'><strong><em>sortitus</em></strong></span> <span class='ocrx_word' id='word_1_70' title='bbox 907 1128 1007 1181; x_wconf 91' lang='lat' dir='ltr'><strong><em>est,</em></strong></span> <span class='ocrx_word' id='word_1_71' title='bbox 1048 1136 1199 1174; x_wconf 85' lang='lat' dir='ltr'><strong><em>nosse</em></strong></span> <span class='ocrx_word' id='word_1_72' title='bbox 1239 1122 1473 1175; x_wconf 75' lang='lat' dir='ltr'><strong><em>videlicet</em></strong></span> <span class='ocrx_word' id='word_1_73' title='bbox 1511 1134 1786 1191; x_wconf 87' lang='lat' dir='ltr'><strong><em>paternam</em></strong></span> 
     </span>
    </p>
   </div>
   <div class='ocr_carea' id='block_1_9' title="bbox 201 1206 1785 1283">
    <p class='ocr_par' dir='ltr' id='par_1_9' title="bbox 201 1206 1785 1283">
     <span class='ocr_line' id='line_1_9' title="bbox 201 1206 1785 1283; baseline 0.003 -22"><span class='ocrx_word' id='word_1_74' title='bbox 201 1218 439 1261; x_wconf 80' lang='lat' dir='ltr'><strong><em>mentem.</em></strong></span> <span class='ocrx_word' id='word_1_75' title='bbox 491 1206 836 1277; x_wconf 83' lang='lat' dir='ltr'><strong><em>Porphyrius</em></strong></span> <span class='ocrx_word' id='word_1_76' title='bbox 874 1209 1111 1277; x_wconf 88' lang='lat' dir='ltr'><strong><em>denique</em></strong></span> <span class='ocrx_word' id='word_1_77' title='bbox 1170 1227 1297 1264; x_wconf 77' lang='lat' dir='ltr'><strong><em>mox</em></strong></span> <span class='ocrx_word' id='word_1_78' title='bbox 1351 1212 1575 1280; x_wconf 89' lang='lat' dir='ltr'><strong><em>citatus,</em></strong></span> <span class='ocrx_word' id='word_1_79' title='bbox 1623 1213 1785 1283; x_wconf 85' lang='grc' dir='ltr'>μόνος</span> 
     </span>
    </p>
   </div>
   <div class='ocr_carea' id='block_1_10' title="bbox 200 1298 1782 1373">
    <p class='ocr_par' dir='ltr' id='par_1_10' title="bbox 200 1298 1782 1373">
     <span class='ocr_line' id='line_1_10' title="bbox 200 1298 1782 1373; baseline 0.003 -19"><span class='ocrx_word' id='word_1_80' title='bbox 200 1300 409 1364; x_wconf 60' lang='lat' dir='ltr'><strong><em>afﬁrm;</em></strong></span> <span class='ocrx_word' id='word_1_81' title='bbox 432 1301 463 1352; x_wconf 74' lang='grc' dir='ltr'><strong>ὁ</strong></span> <span class='ocrx_word' id='word_1_82' title='bbox 494 1298 663 1362; x_wconf 78' lang='grc' dir='ltr'>Νοῦς,</span> <span class='ocrx_word' id='word_1_83' title='bbox 689 1298 880 1372; x_wconf 85' lang='grc' dir='ltr'>ὥσπερ</span> <span class='ocrx_word' id='word_1_84' title='bbox 902 1302 930 1353; x_wconf 98' lang='lat'><strong><em>6</em></strong></span> <span class='ocrx_word' id='word_1_85' title='bbox 950 1299 1079 1363; x_wconf 75' lang='grc' dir='ltr'>Θεὸς</span> <span class='ocrx_word' id='word_1_86' title='bbox 1107 1302 1135 1353; x_wconf 88' lang='lat'><strong><em>6</em></strong></span> <span class='ocrx_word' id='word_1_87' title='bbox 1182 1301 1424 1373; x_wconf 84' lang='grc' dir='ltr'>πρῶτος,</span> <span class='ocrx_word' id='word_1_88' title='bbox 1463 1302 1584 1357; x_wconf 82' lang='lat' dir='ltr'><strong><em>Nus</em></strong></span> <span class='ocrx_word' id='word_1_89' title='bbox 1639 1304 1782 1358; x_wconf 89' lang='lat' dir='ltr'><strong><em>solus</em></strong></span> 
     </span>
    </p>
   </div>
   <div class='ocr_carea' id='block_1_11' title="bbox 200 1393 1784 1462">
    <p class='ocr_par' dir='ltr' id='par_1_11' title="bbox 200 1393 1784 1462">
     <span class='ocr_line' id='line_1_11' title="bbox 200 1393 1784 1462; baseline 0.001 -13"><span class='ocrx_word' id='word_1_90' title='bbox 200 1405 448 1455; x_wconf 69' lang='lat' dir='ltr'><strong><em>a‘teraus,</em></strong></span> <span class='ocrx_word' id='word_1_91' title='bbox 503 1393 950 1461; x_wconf 85' lang='lat' dir='ltr'><strong><em>quemadmodum</em></strong></span> <span class='ocrx_word' id='word_1_92' title='bbox 984 1402 1032 1448; x_wconf 86' lang='lat' dir='ltr'><strong><em>et</em></strong></span> <span class='ocrx_word' id='word_1_93' title='bbox 1077 1393 1221 1447; x_wconf 90' lang='lat' dir='ltr'><strong><em>Deus</em></strong></span> <span class='ocrx_word' id='word_1_94' title='bbox 1268 1398 1494 1462; x_wconf 87' lang='lat' dir='ltr'><strong><em>primus.</em></strong></span> <span class='ocrx_word' id='word_1_95' title='bbox 1537 1393 1784 1451; x_wconf 82' lang='lat' dir='ltr'><strong><em>Valenti-</em></strong></span> 
     </span>
    </p>
   </div>
   <div class='ocr_carea' id='block_1_12' title="bbox 201 1484 1784 1557">
    <p class='ocr_par' dir='ltr' id='par_1_12' title="bbox 201 1484 1784 1557">
     <span class='ocr_line' id='line_1_12' title="bbox 201 1484 1784 1557; baseline 0.003 -20"><span class='ocrx_word' id='word_1_96' title='bbox 201 1486 353 1538; x_wconf 87' lang='lat' dir='ltr'><strong><em>niani</em></strong></span> <span class='ocrx_word' id='word_1_97' title='bbox 398 1484 512 1538; x_wconf 72' lang='lat' dir='ltr'><strong><em>Non</em></strong></span> <span class='ocrx_word' id='word_1_98' title='bbox 567 1484 833 1554; x_wconf 76' lang='lat' dir='ltr'><strong><em>copulant</em></strong></span> <span class='ocrx_word' id='word_1_99' title='bbox 878 1501 1001 1539; x_wconf 84' lang='lat' dir='ltr'><strong><em>cum</em></strong></span> <span class='ocrx_word' id='word_1_100' title='bbox 1037 1484 1307 1542; x_wconf 90' lang='lat' dir='ltr'><strong><em>Veritate.</em></strong></span> <span class='ocrx_word' id='word_1_101' title='bbox 1346 1488 1439 1540; x_wconf 86' lang='lat' dir='ltr'><strong><em>Sic</em></strong></span> <span class='ocrx_word' id='word_1_102' title='bbox 1490 1487 1697 1557; x_wconf 87' lang='lat' dir='ltr'><strong><em>pariter</em></strong></span> <span class='ocrx_word' id='word_1_103' title='bbox 1729 1497 1784 1544; x_wconf 87' lang='lat' dir='ltr'><strong><em>et</em></strong></span> 
     </span>
    </p>
   </div>
   <div class='ocr_carea' id='block_1_13' title="bbox 202 1573 1782 1650">
    <p class='ocr_par' dir='ltr' id='par_1_13' title="bbox 202 1573 1782 1650">
     <span class='ocr_line' id='line_1_13' title="bbox 202 1573 1782 1650; baseline 0.005 -23"><span class='ocrx_word' id='word_1_104' title='bbox 202 1573 523 1629; x_wconf 74' lang='lat' dir='ltr'><strong><em>Mercurius.</em></strong></span> <span class='ocrx_word' id='word_1_105' title='bbox 553 1575 739 1637; x_wconf 79' lang='lat' dir='ltr'><strong><em>Mens,</em></strong></span> <span class='ocrx_word' id='word_1_106' title='bbox 776 1576 876 1641; x_wconf 89' lang='lat' dir='ltr'><strong><em>ait,</em></strong></span> <span class='ocrx_word' id='word_1_107' title='bbox 911 1576 1173 1632; x_wconf 81' lang='lat' dir='ltr'><strong><em>Veritatis</em></strong></span> <span class='ocrx_word' id='word_1_108' title='bbox 1204 1579 1537 1650; x_wconf 69' lang='grc' dir='ltr'>προστάτης,</span> <span class='ocrx_word' id='word_1_109' title='bbox 1566 1580 1782 1647; x_wconf 74' lang='lat' dir='ltr'><strong><em>perlicit</em></strong></span> 
     </span>
    </p>
   </div>
   <div class='ocr_carea' id='block_1_14' title="bbox 197 1666 1777 1740">
    <p class='ocr_par' dir='ltr' id='par_1_14' title="bbox 197 1666 1777 1740">
     <span class='ocr_line' id='line_1_14' title="bbox 197 1666 1777 1740; baseline -0.001 -19"><span class='ocrx_word' id='word_1_110' title='bbox 197 1669 373 1721; x_wconf 82' lang='lat' dir='ltr'><strong><em>omnia</em></strong></span> <span class='ocrx_word' id='word_1_111' title='bbox 405 1682 530 1720; x_wconf 75' lang='lat' dir='ltr'><strong><em>cum</em></strong></span> <span class='ocrx_word' id='word_1_112' title='bbox 582 1667 853 1734; x_wconf 80' lang='lat' dir='ltr'><strong><em>Veritate,</em></strong></span> <span class='ocrx_word' id='word_1_113' title='bbox 886 1666 1154 1721; x_wconf 79' lang='grc' dir='ltr'>συντελῶν</span> <span class='ocrx_word' id='word_1_114' title='bbox 1207 1669 1414 1723; x_wconf 74' lang='grc' dir='ltr'>ἕκαστα</span> <span class='ocrx_word' id='word_1_115' title='bbox 1462 1670 1578 1739; x_wconf 82' lang='grc' dir='ltr'>μετ’</span> <span class='ocrx_word' id='word_1_116' title='bbox 1625 1667 1777 1740; x_wconf 83' lang='grc' dir='ltr'><strong><em>Ἀλη-</em></strong></span> 
     </span>
    </p>
   </div>
   <div class='ocr_carea' id='block_1_15' title="bbox 192 1762 1778 1833">
    <p class='ocr_par' dir='ltr' id='par_1_15' title="bbox 192 1762 1778 1833">
     <span class='ocr_line' id='line_1_15' title="bbox 192 1762 1778 1833; baseline 0.005 -19"><span class='ocrx_word' id='word_1_117' title='bbox 192 1762 364 1826; x_wconf 77' lang='grc' dir='ltr'>θείας.</span> <span class='ocrx_word' id='word_1_118' title='bbox 392 1764 474 1818; x_wconf 85' lang='lat' dir='ltr'><strong><em>Illi</em></strong></span> <span class='ocrx_word' id='word_1_119' title='bbox 502 1765 737 1833; x_wconf 87' lang='lat' dir='ltr'><strong><em>denique</em></strong></span> <span class='ocrx_word' id='word_1_120' title='bbox 762 1762 1025 1829; x_wconf 87' lang='lat' dir='ltr'><strong><em>Verbum,</em></strong></span> <span class='ocrx_word' id='word_1_121' title='bbox 1069 1764 1287 1819; x_wconf 85' lang='lat' dir='ltr'><strong><em>Patrem</em></strong></span> <span class='ocrx_word' id='word_1_122' title='bbox 1319 1768 1551 1821; x_wconf 85' lang='lat' dir='ltr'><strong><em>omnium</em></strong></span> <span class='ocrx_word' id='word_1_123' title='bbox 1597 1784 1778 1822; x_wconf 87' lang='lat' dir='ltr'><strong><em>eorum</em></strong></span> 
     </span>
    </p>
   </div>
   <div class='ocr_carea' id='block_1_16' title="bbox 189 1855 1775 1926">
    <p class='ocr_par' dir='ltr' id='par_1_16' title="bbox 189 1855 1775 1926">
     <span class='ocr_line' id='line_1_16' title="bbox 189 1855 1775 1926; baseline 0.005 -22"><span class='ocrx_word' id='word_1_124' title='bbox 189 1855 276 1922; x_wconf 75' lang='lat' dir='ltr'><strong><em>qui</em></strong></span> <span class='ocrx_word' id='word_1_125' title='bbox 303 1862 427 1922; x_wconf 85' lang='lat' dir='ltr'><strong><em>post</em></strong></span> <span class='ocrx_word' id='word_1_126' title='bbox 458 1870 513 1908; x_wconf 81' lang='lat' dir='ltr'><strong><em>se</em></strong></span> <span class='ocrx_word' id='word_1_127' title='bbox 539 1856 715 1923; x_wconf 83' lang='lat' dir='ltr'><strong><em>futuri</em></strong></span> <span class='ocrx_word' id='word_1_128' title='bbox 743 1866 938 1918; x_wconf 86' lang='lat' dir='ltr'><strong><em>essent,</em></strong></span> <span class='ocrx_word' id='word_1_129' title='bbox 997 1865 1047 1908; x_wconf 89' lang='lat' dir='ltr'><strong><em>et</em></strong></span> <span class='ocrx_word' id='word_1_130' title='bbox 1083 1856 1294 1909; x_wconf 80' lang='lat' dir='ltr'><strong><em>initium</em></strong></span> <span class='ocrx_word' id='word_1_131' title='bbox 1325 1868 1372 1911; x_wconf 87' lang='lat' dir='ltr'><strong><em>et</em></strong></span> <span class='ocrx_word' id='word_1_132' title='bbox 1409 1856 1775 1926; x_wconf 79' lang='lat' dir='ltr'><strong><em>formationem</em></strong></span> 
     </span>
    </p>
   </div>
   <div class='ocr_carea' id='block_1_17' title="bbox 187 1946 1779 2006">
    <p class='ocr_par' dir='ltr' id='par_1_17' title="bbox 187 1946 1779 2006">
     <span class='ocr_line' id='line_1_17' title="bbox 187 1946 1779 2006; baseline 0.003 -5"><span class='ocrx_word' id='word_1_133' title='bbox 187 1948 436 2003; x_wconf 75' lang='lat' dir='ltr'><strong><em>universi</em></strong></span> <span class='ocrx_word' id='word_1_134' title='bbox 456 1947 805 2005; x_wconf 88' lang='lat' dir='ltr'><strong><em>Pleromatis,</em></strong></span> <span class='ocrx_word' id='word_1_135' title='bbox 843 1962 874 2001; x_wconf 88' lang='lat' dir='ltr'><strong><em>a</em></strong></span> <span class='ocrx_word' id='word_1_136' title='bbox 907 1946 988 2001; x_wconf 84' lang='lat' dir='ltr'><strong><em>Nu</em></strong></span> <span class='ocrx_word' id='word_1_137' title='bbox 1030 1950 1297 2002; x_wconf 83' lang='lat' dir='ltr'><strong><em>emissum</em></strong></span> <span class='ocrx_word' id='word_1_138' title='bbox 1345 1951 1685 2005; x_wconf 88' lang='lat' dir='ltr'><strong><em>asserebant.</em></strong></span> <span class='ocrx_word' id='word_1_139' title='bbox 1712 1950 1779 2006; x_wconf 84' lang='lat' dir='ltr'><strong><em>Et</em></strong></span> 
     </span>
    </p>
   </div>
   <div class='ocr_carea' id='block_1_18' title="bbox 186 2039 1777 2112">
    <p class='ocr_par' dir='ltr' id='par_1_18' title="bbox 186 2039 1777 2112">
     <span class='ocr_line' id='line_1_18' title="bbox 186 2039 1777 2112; baseline 0.001 -18"><span class='ocrx_word' id='word_1_140' title='bbox 186 2041 273 2094; x_wconf 84' lang='lat' dir='ltr'><strong><em>hic</em></strong></span> <span class='ocrx_word' id='word_1_141' title='bbox 303 2040 602 2096; x_wconf 76' lang='lat' dir='ltr'><strong><em>similiter:</em></strong></span> <span class='ocrx_word' id='word_1_142' title='bbox 658 2040 716 2093; x_wconf 84' lang='grc' dir='ltr'>Ὀ</span> <span class='ocrx_word' id='word_1_143' title='bbox 770 2039 884 2109; x_wconf 79' lang='grc' dir='ltr'><strong><em>γὰρ</em></strong></span> <span class='ocrx_word' id='word_1_144' title='bbox 931 2039 1321 2112; x_wconf 75' lang='grc' dir='ltr'>δημιουργικὺς</span> <span class='ocrx_word' id='word_1_145' title='bbox 1368 2040 1533 2105; x_wconf 86' lang='grc' dir='ltr'>Νοῦς,</span> <span class='ocrx_word' id='word_1_146' title='bbox 1579 2041 1777 2111; x_wconf 88' lang='lat' dir='ltr'><strong><em>inquit,</em></strong></span> 
     </span>
    </p>
   </div>
   <div class='ocr_carea' id='block_1_19' title="bbox 184 2131 1780 2205">
    <p class='ocr_par' dir='ltr' id='par_1_19' title="bbox 184 2131 1780 2205">
     <span class='ocr_line' id='line_1_19' title="bbox 184 2131 1780 2205; baseline -0.001 -17"><span class='ocrx_word' id='word_1_147' title='bbox 184 2136 282 2191; x_wconf 66' lang='lat' dir='ltr'><strong><em>ita&quot;.</em></strong></span> <span class='ocrx_word' id='word_1_148' title='bbox 304 2134 409 2203; x_wconf 69' lang='grc' dir='ltr'>τῆς</span> <span class='ocrx_word' id='word_1_149' title='bbox 438 2132 726 2204; x_wconf 70' lang='grc' dir='ltr'>Ἀληθείας</span> <span class='ocrx_word' id='word_1_150' title='bbox 751 2131 1088 2202; x_wconf 75' lang='grc' dir='ltr'>προστάτης.</span> <span class='ocrx_word' id='word_1_151' title='bbox 1114 2172 1127 2186; x_wconf 94' lang='grc'><strong>.</strong></span> <span class='ocrx_word' id='word_1_152' title='bbox 1150 2171 1164 2185; x_wconf 92' lang='grc'><strong>.</strong></span> <span class='ocrx_word' id='word_1_153' title='bbox 1188 2174 1200 2185; x_wconf 94' lang='grc'><strong><em>.</em></strong></span> <span class='ocrx_word' id='word_1_154' title='bbox 1238 2134 1533 2205; x_wconf 76' lang='grc' dir='ltr'>ἐρχόμενος</span> <span class='ocrx_word' id='word_1_155' title='bbox 1564 2134 1660 2205; x_wconf 83' lang='grc' dir='ltr'><strong><em>μὲν</em></strong></span> <span class='ocrx_word' id='word_1_156' title='bbox 1687 2134 1780 2188; x_wconf 78' lang='grc' dir='ltr'><strong><em>ἐπὶ</em></strong></span> 
     </span>
    </p>
   </div>
   <div class='ocr_carea' id='block_1_20' title="bbox 180 2227 1779 2300">
    <p class='ocr_par' dir='ltr' id='par_1_20' title="bbox 180 2227 1779 2300">
     <span class='ocr_line' id='line_1_20' title="bbox 180 2227 1779 2300; baseline -0.001 -17"><span class='ocrx_word' id='word_1_157' title='bbox 180 2230 404 2297; x_wconf 63' lang='grc' dir='ltr'>γένεσιν</span> <span class='ocrx_word' id='word_1_158' title='bbox 427 2269 441 2292; x_wconf 93' lang='grc'><strong><em>,</em></strong></span> <span class='ocrx_word' id='word_1_159' title='bbox 486 2229 580 2283; x_wconf 76' lang='grc' dir='ltr'><strong><em>καὶ</em></strong></span> <span class='ocrx_word' id='word_1_160' title='bbox 622 2230 719 2300; x_wconf 77' lang='grc' dir='ltr'>τὴν</span> <span class='ocrx_word' id='word_1_161' title='bbox 758 2229 944 2299; x_wconf 72' lang='grc' dir='ltr'>ἀφανῆ</span> <span class='ocrx_word' id='word_1_162' title='bbox 988 2229 1096 2283; x_wconf 87' lang='grc' dir='ltr'><strong><em>τῶν</em></strong></span> <span class='ocrx_word' id='word_1_163' title='bbox 1143 2228 1545 2299; x_wconf 80' lang='grc' dir='ltr'>κεκρυμμένων</span> <span class='ocrx_word' id='word_1_164' title='bbox 1604 2227 1779 2297; x_wconf 84' lang='grc' dir='ltr'>λόγων</span> 
     </span>
    </p>
   </div>
   <div class='ocr_carea' id='block_1_21' title="bbox 177 2316 1779 2390">
    <p class='ocr_par' dir='ltr' id='par_1_21' title="bbox 177 2316 1779 2390">
     <span class='ocr_line' id='line_1_21' title="bbox 177 2316 1779 2390; baseline 0.001 -18"><span class='ocrx_word' id='word_1_165' title='bbox 177 2320 418 2389; x_wconf 70' lang='grc' dir='ltr'>δύναμιν</span> <span class='ocrx_word' id='word_1_166' title='bbox 443 2321 526 2382; x_wconf 76' lang='grc' dir='ltr'>εἰς</span> <span class='ocrx_word' id='word_1_167' title='bbox 554 2319 670 2387; x_wconf 76' lang='grc' dir='ltr'><strong><em>φῶς</em></strong></span> <span class='ocrx_word' id='word_1_168' title='bbox 699 2320 871 2386; x_wconf 78' lang='grc' dir='ltr'>ἄγων.</span> <span class='ocrx_word' id='word_1_169' title='bbox 918 2318 1113 2389; x_wconf 77' lang='lat' dir='ltr'><strong><em>Opifea:</em></strong></span> <span class='ocrx_word' id='word_1_170' title='bbox 1137 2323 1327 2390; x_wconf 82' lang='lat' dir='ltr'><strong><em>quippe</em></strong></span> <span class='ocrx_word' id='word_1_171' title='bbox 1357 2319 1508 2373; x_wconf 81' lang='lat' dir='ltr'><strong><em>Mens</em></strong></span> <span class='ocrx_word' id='word_1_172' title='bbox 1539 2330 1587 2373; x_wconf 90' lang='lat' dir='ltr'><strong><em>et</em></strong></span> <span class='ocrx_word' id='word_1_173' title='bbox 1629 2316 1779 2373; x_wconf 83' lang='lat' dir='ltr'><strong><em>Veri-</em></strong></span> 
     </span>
    </p>
   </div>
   <div class='ocr_carea' id='block_1_22' title="bbox 179 2412 1777 2480">
    <p class='ocr_par' dir='ltr' id='par_1_22' title="bbox 179 2412 1777 2480">
     <span class='ocr_line' id='line_1_22' title="bbox 179 2412 1777 2480; baseline 0.001 -16"><span class='ocrx_word' id='word_1_174' title='bbox 179 2415 313 2465; x_wconf 84' lang='lat' dir='ltr'><strong><em>tatis</em></strong></span> <span class='ocrx_word' id='word_1_175' title='bbox 338 2428 558 2479; x_wconf 80' lang='lat' dir='ltr'><strong><em>prteses,</em></strong></span> <span class='ocrx_word' id='word_1_176' title='bbox 588 2413 658 2465; x_wconf 89' lang='lat' dir='ltr'><strong><em>ad</em></strong></span> <span class='ocrx_word' id='word_1_177' title='bbox 684 2412 1078 2480; x_wconf 81' lang='lat' dir='ltr'><strong><em>generationem</em></strong></span> <span class='ocrx_word' id='word_1_178' title='bbox 1108 2412 1342 2472; x_wconf 79' lang='lat' dir='ltr'><strong><em>veniens,</em></strong></span> <span class='ocrx_word' id='word_1_179' title='bbox 1385 2412 1629 2466; x_wconf 82' lang='lat' dir='ltr'><strong><em>latentem</em></strong></span> <span class='ocrx_word' id='word_1_180' title='bbox 1687 2428 1777 2465; x_wconf 84' lang='lat' dir='ltr'><strong><em>oc-</em></strong></span> 
     </span>
    </p>
   </div>
   <div class='ocr_carea' id='block_1_23' title="bbox 178 2503 1772 2574">
    <p class='ocr_par' dir='ltr' id='par_1_23' title="bbox 178 2503 1772 2574">
     <span class='ocr_line' id='line_1_23' title="bbox 178 2503 1772 2574; baseline 0.003 -17"><span class='ocrx_word' id='word_1_181' title='bbox 178 2506 457 2557; x_wconf 74' lang='lat' dir='ltr'><strong><em>cultarum</em></strong></span> <span class='ocrx_word' id='word_1_182' title='bbox 484 2504 772 2566; x_wconf 80' lang='lat' dir='ltr'><strong><em>rationum,</em></strong></span> <span class='ocrx_word' id='word_1_183' title='bbox 814 2503 1009 2571; x_wconf 80' lang='grc' dir='ltr'><strong><em>λόγων,</em></strong></span> <span class='ocrx_word' id='word_1_184' title='bbox 1041 2504 1142 2558; x_wconf 77' lang='lat' dir='ltr'><strong><em>vim</em></strong></span> <span class='ocrx_word' id='word_1_185' title='bbox 1194 2505 1252 2557; x_wconf 89' lang='lat' dir='ltr'><strong><em>in</em></strong></span> <span class='ocrx_word' id='word_1_186' title='bbox 1291 2504 1461 2557; x_wconf 83' lang='lat' dir='ltr'><strong><em>lucem</em></strong></span> <span class='ocrx_word' id='word_1_187' title='bbox 1509 2506 1772 2574; x_wconf 80' lang='lat' dir='ltr'><strong><em>producit.</em></strong></span> 
     </span>
    </p>
   </div>
   <div class='ocr_carea' id='block_1_24' title="bbox 177 2595 1753 2666">
    <p class='ocr_par' dir='ltr' id='par_1_24' title="bbox 177 2595 1753 2666">
     <span class='ocr_line' id='line_1_24' title="bbox 177 2595 1753 2666; baseline 0 -15"><span class='ocrx_word' id='word_1_188' title='bbox 177 2595 287 2651; x_wconf 75' lang='lat' dir='ltr'><strong><em>Sed</em></strong></span> <span class='ocrx_word' id='word_1_189' title='bbox 312 2598 636 2666; x_wconf 77' lang='lat' dir='ltr'><strong><em>expressius</em></strong></span> <span class='ocrx_word' id='word_1_190' title='bbox 680 2595 860 2651; x_wconf 79' lang='lat' dir='ltr'><strong><em>adhuc</em></strong></span> <span class='ocrx_word' id='word_1_191' title='bbox 899 2597 1008 2652; x_wconf 85' lang='lat' dir='ltr'><strong><em>alio</em></strong></span> <span class='ocrx_word' id='word_1_192' title='bbox 1051 2598 1105 2650; x_wconf 91' lang='lat' dir='ltr'><strong><em>in</em></strong></span> <span class='ocrx_word' id='word_1_193' title='bbox 1150 2595 1268 2650; x_wconf 92' lang='lat' dir='ltr'><strong><em>loco</em></strong></span> <span class='ocrx_word' id='word_1_194' title='bbox 1310 2610 1471 2665; x_wconf 87' lang='lat' dir='ltr'><strong><em>quem</em></strong></span> <span class='ocrx_word' id='word_1_195' title='bbox 1508 2596 1753 2651; x_wconf 79' lang='lat' dir='ltr'><strong><em>referunt</em></strong></span> 
     </span>
    </p>
   </div>
   <div class='ocr_carea' id='block_1_25' title="bbox 176 2684 1778 2762">
    <p class='ocr_par' dir='ltr' id='par_1_25' title="bbox 176 2684 1778 2762">
     <span class='ocr_line' id='line_1_25' title="bbox 176 2684 1778 2762; baseline 0.002 -23"><span class='ocrx_word' id='word_1_196' title='bbox 176 2689 385 2743; x_wconf 78' lang='lat' dir='ltr'><strong><em>Suidas</em></strong></span> <span class='ocrx_word' id='word_1_197' title='bbox 418 2698 477 2744; x_wconf 86' lang='lat' dir='ltr'><strong><em>et</em></strong></span> <span class='ocrx_word' id='word_1_198' title='bbox 525 2688 847 2743; x_wconf 81' lang='lat' dir='ltr'><strong><em>Cedrenus:</em></strong></span> <span class='ocrx_word' id='word_1_199' title='bbox 890 2684 1000 2741; x_wconf 88' lang='grc' dir='ltr'>Ἦν</span> <span class='ocrx_word' id='word_1_200' title='bbox 1046 2687 1164 2757; x_wconf 83' lang='grc' dir='ltr'><strong><em>φῶς</em></strong></span> <span class='ocrx_word' id='word_1_201' title='bbox 1202 2686 1390 2760; x_wconf 79' lang='grc' dir='ltr'>νοερὸν</span> <span class='ocrx_word' id='word_1_202' title='bbox 1445 2689 1552 2762; x_wconf 80' lang='grc' dir='ltr'><strong><em>πρὸ</em></strong></span> <span class='ocrx_word' id='word_1_203' title='bbox 1598 2689 1778 2758; x_wconf 75' lang='grc' dir='ltr'>φωτὸς</span> 
     </span>
    </p>
   </div>
   <div class='ocr_carea' id='block_1_26' title="bbox 175 2777 1777 2853">
    <p class='ocr_par' dir='ltr' id='par_1_26' title="bbox 175 2777 1777 2853">
     <span class='ocr_line' id='line_1_26' title="bbox 175 2777 1777 2853; baseline 0 -20"><span class='ocrx_word' id='word_1_204' title='bbox 175 2780 393 2851; x_wconf 77' lang='grc' dir='ltr'>νοεροῦ,</span> <span class='ocrx_word' id='word_1_205' title='bbox 421 2780 516 2833; x_wconf 70' lang='grc' dir='ltr'><strong><em>κού⁵</em></strong></span> <span class='ocrx_word' id='word_1_206' title='bbox 542 2782 630 2834; x_wconf 71' lang='grc' dir='ltr'><strong><em>ἀεὶ</em></strong></span> <span class='ocrx_word' id='word_1_207' title='bbox 658 2779 784 2844; x_wconf 87' lang='grc' dir='ltr'>νοῦς</span> <span class='ocrx_word' id='word_1_208' title='bbox 816 2779 905 2832; x_wconf 88' lang='grc' dir='ltr'><strong><em>νοῦ</em></strong></span> <span class='ocrx_word' id='word_1_209' title='bbox 932 2782 1122 2844; x_wconf 69' lang='grc' dir='ltr'>αἴτιον,</span> <span class='ocrx_word' id='word_1_210' title='bbox 1164 2781 1258 2833; x_wconf 75' lang='grc' dir='ltr'><strong><em>καὶ</em></strong></span> <span class='ocrx_word' id='word_1_211' title='bbox 1299 2780 1465 2834; x_wconf 67' lang='grc' dir='ltr'>οὐδενί</span> <span class='ocrx_word' id='word_1_212' title='bbox 1486 2779 1675 2853; x_wconf 77' lang='grc' dir='ltr'>ἕτερον</span> <span class='ocrx_word' id='word_1_213' title='bbox 1706 2777 1777 2851; x_wconf 78' lang='grc' dir='ltr'>ἦν</span> 
     </span>
    </p>
   </div>
   <div class='ocr_carea' id='block_1_27' title="bbox 174 2868 1772 2943">
    <p class='ocr_par' dir='ltr' id='par_1_27' title="bbox 174 2868 1772 2943">
     <span class='ocr_line' id='line_1_27' title="bbox 174 2868 1772 2943; baseline 0.001 -20"><span class='ocrx_word' id='word_1_214' title='bbox 174 2870 206 2943; x_wconf 68' lang='grc' dir='ltr'>ἢ</span> <span class='ocrx_word' id='word_1_215' title='bbox 247 2870 447 2924; x_wconf 71' lang='grc' dir='ltr'>τούτου</span> <span class='ocrx_word' id='word_1_216' title='bbox 488 2872 700 2941; x_wconf 76' lang='grc' dir='ltr'>ἑνότης,</span> <span class='ocrx_word' id='word_1_217' title='bbox 732 2870 821 2924; x_wconf 74' lang='grc' dir='ltr'>ἀεὶ</span> <span class='ocrx_word' id='word_1_218' title='bbox 848 2872 906 2923; x_wconf 71' lang='grc' dir='ltr'>ὲν</span> <span class='ocrx_word' id='word_1_219' title='bbox 940 2869 1116 2941; x_wconf 77' lang='grc' dir='ltr'>ἑαυτῷ</span> <span class='ocrx_word' id='word_1_220' title='bbox 1166 2868 1264 2935; x_wconf 85' lang='grc' dir='ltr'>ὣν,</span> <span class='ocrx_word' id='word_1_221' title='bbox 1321 2871 1408 2923; x_wconf 76' lang='grc' dir='ltr'><strong><em>ἀεὶ</em></strong></span> <span class='ocrx_word' id='word_1_222' title='bbox 1455 2869 1536 2942; x_wconf 83' lang='grc' dir='ltr'>τῷ</span> <span class='ocrx_word' id='word_1_223' title='bbox 1580 2871 1772 2924; x_wconf 81' lang='grc' dir='ltr'>ἑαυτοῦ</span> 
     </span>
    </p>
   </div>
   <div class='ocr_carea' id='block_1_28' title="bbox 176 2964 1775 3036">
    <p class='ocr_par' dir='ltr' id='par_1_28' title="bbox 176 2964 1775 3036">
     <span class='ocr_line' id='line_1_28' title="bbox 176 2964 1775 3036; baseline 0.001 -19"><span class='ocrx_word' id='word_1_224' title='bbox 176 2964 257 3017; x_wconf 67' lang='grc' dir='ltr'><strong><em>νοῒ</em></strong></span> <span class='ocrx_word' id='word_1_225' title='bbox 284 2965 385 3019; x_wconf 67' lang='grc' dir='ltr'><strong><em>καὶ</em></strong></span> <span class='ocrx_word' id='word_1_226' title='bbox 410 2966 571 3034; x_wconf 76' lang='grc' dir='ltr'>φωτὶ,</span> <span class='ocrx_word' id='word_1_227' title='bbox 628 2965 723 3018; x_wconf 76' lang='grc' dir='ltr'><strong><em>καὶ</em></strong></span> <span class='ocrx_word' id='word_1_228' title='bbox 777 2964 1048 3035; x_wconf 80' lang='grc' dir='ltr'>πνεύματι</span> <span class='ocrx_word' id='word_1_229' title='bbox 1095 2964 1273 3027; x_wconf 79' lang='grc' dir='ltr'>πάντα</span> <span class='ocrx_word' id='word_1_230' title='bbox 1305 2964 1579 3036; x_wconf 83' lang='grc' dir='ltr'>περιέχει·</span> <span class='ocrx_word' id='word_1_231' title='bbox 1616 2964 1775 3030; x_wconf 77' lang='grc' dir='ltr'>ἐκτὸς</span> 
     </span>
    </p>
   </div>
   <div class='ocr_carea' id='block_1_29' title="bbox 175 3057 1774 3129">
    <p class='ocr_par' dir='ltr' id='par_1_29' title="bbox 175 3057 1774 3129">
     <span class='ocr_line' id='line_1_29' title="bbox 175 3057 1774 3129; baseline 0 -17"><span class='ocrx_word' id='word_1_232' title='bbox 175 3060 371 3112; x_wconf 72' lang='grc' dir='ltr'>τούτου</span> <span class='ocrx_word' id='word_1_233' title='bbox 404 3060 466 3112; x_wconf 75' lang='grc' dir='ltr'><strong><em>οὐ</em></strong></span> <span class='ocrx_word' id='word_1_234' title='bbox 505 3058 659 3121; x_wconf 78' lang='grc' dir='ltr'>Θεὸς,</span> <span class='ocrx_word' id='word_1_235' title='bbox 691 3057 792 3110; x_wconf 75' lang='grc' dir='ltr'><strong><em>οὐκ</em></strong></span> <span class='ocrx_word' id='word_1_236' title='bbox 825 3058 1074 3126; x_wconf 82' lang='grc' dir='ltr'>ἄγγελος,</span> <span class='ocrx_word' id='word_1_237' title='bbox 1115 3058 1177 3110; x_wconf 78' lang='grc' dir='ltr'><strong><em>οὐ</em></strong></span> <span class='ocrx_word' id='word_1_238' title='bbox 1212 3057 1441 3129; x_wconf 81' lang='grc' dir='ltr'>δαίμων,</span> <span class='ocrx_word' id='word_1_239' title='bbox 1480 3058 1582 3111; x_wconf 81' lang='grc' dir='ltr'><strong><em>οὐκ</em></strong></span> <span class='ocrx_word' id='word_1_240' title='bbox 1616 3059 1774 3112; x_wconf 81' lang='grc' dir='ltr'>οὐσία</span> 
     </span>
    </p>
   </div>
   <div class='ocr_carea' id='block_1_30' title="bbox 174 3152 1769 3228">
    <p class='ocr_par' dir='ltr' id='par_1_30' title="bbox 174 3152 1769 3228">
     <span class='ocr_line' id='line_1_30' title="bbox 174 3152 1769 3228; baseline 0.002 -23"><span class='ocrx_word' id='word_1_241' title='bbox 174 3170 257 3216; x_wconf 68' lang='grc' dir='ltr'><strong><em>τις</em></strong></span> <span class='ocrx_word' id='word_1_242' title='bbox 283 3152 448 3223; x_wconf 70' lang='grc' dir='ltr'><strong><em>ἄλλη.</em></strong></span> <span class='ocrx_word' id='word_1_243' title='bbox 480 3153 709 3208; x_wconf 81' lang='grc' dir='ltr'>Πάντων</span> <span class='ocrx_word' id='word_1_244' title='bbox 736 3154 845 3224; x_wconf 79' lang='grc' dir='ltr'><strong><em>γὰρ</em></strong></span> <span class='ocrx_word' id='word_1_245' title='bbox 866 3154 1090 3225; x_wconf 82' lang='grc' dir='ltr'>Κύριος,</span> <span class='ocrx_word' id='word_1_246' title='bbox 1120 3154 1213 3208; x_wconf 71' lang='grc' dir='ltr'><strong><em>καὶ</em></strong></span> <span class='ocrx_word' id='word_1_247' title='bbox 1243 3153 1397 3218; x_wconf 84' lang='grc' dir='ltr'>Θεὸς,</span> <span class='ocrx_word' id='word_1_248' title='bbox 1438 3154 1532 3206; x_wconf 71' lang='grc' dir='ltr'>καὶ</span> <span class='ocrx_word' id='word_1_249' title='bbox 1559 3155 1769 3228; x_wconf 75' lang='grc' dir='ltr'>Πατὴρ,</span> 
     </span>
    </p>
   </div>
   <div class='ocr_carea' id='block_1_31' title="bbox 1892 665 3469 743">
    <p class='ocr_par' dir='ltr' id='par_1_31' title="bbox 1892 665 3469 743">
     <span class='ocr_line' id='line_1_31' title="bbox 1892 665 3469 743; baseline 0.007 -23"><span class='ocrx_word' id='word_1_250' title='bbox 1892 667 2058 736; x_wconf 87' lang='lat' dir='ltr'><strong><em>cipia,</em></strong></span> <span class='ocrx_word' id='word_1_251' title='bbox 2104 665 2363 737; x_wconf 86' lang='lat' dir='ltr'><strong><em>Bythum,</em></strong></span> <span class='ocrx_word' id='word_1_252' title='bbox 2437 670 2674 740; x_wconf 90' lang='lat' dir='ltr'><strong><em>primum</em></strong></span> <span class='ocrx_word' id='word_1_253' title='bbox 2728 671 3059 743; x_wconf 86' lang='lat' dir='ltr'><strong><em>principium</em></strong></span> <span class='ocrx_word' id='word_1_254' title='bbox 3112 683 3166 728; x_wconf 89' lang='lat' dir='ltr'><strong><em>et</em></strong></span> <span class='ocrx_word' id='word_1_255' title='bbox 3209 672 3469 737; x_wconf 80' lang='lat' dir='ltr'><strong><em>Patrem.</em></strong></span> 
     </span>
    </p>
   </div>
   <div class='ocr_carea' id='block_1_32' title="bbox 1888 753 3469 829">
    <p class='ocr_par' dir='ltr' id='par_1_32' title="bbox 1888 753 3469 829">
     <span class='ocr_line' id='line_1_32' title="bbox 1888 753 3469 829; baseline 0.008 -21"><span class='ocrx_word' id='word_1_256' title='bbox 1888 753 2267 820; x_wconf 84' lang='lat' dir='ltr'><strong><em>Nun,Patrem</em></strong></span> <span class='ocrx_word' id='word_1_257' title='bbox 2284 759 2569 815; x_wconf 90' lang='lat' dir='ltr'><strong><em>etinitium</em></strong></span> <span class='ocrx_word' id='word_1_258' title='bbox 2596 762 2947 829; x_wconf 83' lang='lat' dir='ltr'><strong><em>omnium;et</em></strong></span> <span class='ocrx_word' id='word_1_259' title='bbox 2966 762 3226 829; x_wconf 79' lang='lat' dir='ltr'><strong><em>Verbum,</em></strong></span> <span class='ocrx_word' id='word_1_260' title='bbox 3252 761 3469 821; x_wconf 80' lang='lat' dir='ltr'><strong><em>Patrem</em></strong></span> 
     </span>
    </p>
   </div>
   <div class='ocr_carea' id='block_1_33' title="bbox 1889 847 3467 922">
    <p class='ocr_par' dir='ltr' id='par_1_33' title="bbox 1889 847 3467 922">
     <span class='ocr_line' id='line_1_33' title="bbox 1889 847 3467 922; baseline 0.007 -23"><span class='ocrx_word' id='word_1_261' title='bbox 1889 847 2125 899; x_wconf 87' lang='lat' dir='ltr'><strong><em>onmium</em></strong></span> <span class='ocrx_word' id='word_1_262' title='bbox 2160 864 2341 902; x_wconf 88' lang='lat' dir='ltr'><strong><em>eorum</em></strong></span> <span class='ocrx_word' id='word_1_263' title='bbox 2370 852 2461 920; x_wconf 83' lang='lat' dir='ltr'><strong><em>qui</em></strong></span> <span class='ocrx_word' id='word_1_264' title='bbox 2496 862 2610 920; x_wconf 80' lang='lat' dir='ltr'><strong><em>post</em></strong></span> <span class='ocrx_word' id='word_1_265' title='bbox 2638 869 2692 906; x_wconf 88' lang='lat' dir='ltr'><strong><em>se</em></strong></span> <span class='ocrx_word' id='word_1_266' title='bbox 2731 853 2901 922; x_wconf 87' lang='lat' dir='ltr'><strong><em>futuri</em></strong></span> <span class='ocrx_word' id='word_1_267' title='bbox 2931 862 3124 920; x_wconf 82' lang='lat' dir='ltr'><strong><em>essent,</em></strong></span> <span class='ocrx_word' id='word_1_268' title='bbox 3162 864 3214 909; x_wconf 90' lang='lat' dir='ltr'><strong><em>et</em></strong></span> <span class='ocrx_word' id='word_1_269' title='bbox 3254 856 3467 910; x_wconf 88' lang='lat' dir='ltr'><strong><em>initium</em></strong></span> 
     </span>
    </p>
   </div>
   <div class='ocr_carea' id='block_1_34' title="bbox 1888 934 3470 1003">
    <p class='ocr_par' dir='ltr' id='par_1_34' title="bbox 1888 934 3470 1003">
     <span class='ocr_line' id='line_1_34' title="bbox 1888 934 3470 1003; baseline 0.009 -16"><span class='ocrx_word' id='word_1_270' title='bbox 1888 943 1937 987; x_wconf 89' lang='lat' dir='ltr'><strong><em>et</em></strong></span> <span class='ocrx_word' id='word_1_271' title='bbox 1969 934 2343 1003; x_wconf 89' lang='lat' dir='ltr'><strong><em>formationem</em></strong></span> <span class='ocrx_word' id='word_1_272' title='bbox 2372 940 2963 1000; x_wconf 80' lang='lat' dir='ltr'><strong><em>universt&#39;Pleromatis.</em></strong></span> <span class='ocrx_word' id='word_1_273' title='bbox 2999 945 3064 1001; x_wconf 85' lang='lat' dir='ltr'><strong><em>Et</em></strong></span> <span class='ocrx_word' id='word_1_274' title='bbox 3097 944 3150 999; x_wconf 90' lang='lat' dir='ltr'><strong><em>hi</em></strong></span> <span class='ocrx_word' id='word_1_275' title='bbox 3174 944 3317 1001; x_wconf 73' lang='lat' dir='ltr'><strong><em>forte</em></strong></span> <span class='ocrx_word' id='word_1_276' title='bbox 3338 954 3470 1001; x_wconf 83' lang='lat' dir='ltr'><strong><em>sunt</em></strong></span> 
     </span>
    </p>
   </div>
   <div class='ocr_carea' id='block_1_35' title="bbox 1888 1021 3468 1104">
    <p class='ocr_par' dir='ltr' id='par_1_35' title="bbox 1888 1021 3468 1104">
     <span class='ocr_line' id='line_1_35' title="bbox 1888 1021 3468 1104; baseline 0.011 -30"><span class='ocrx_word' id='word_1_277' title='bbox 1888 1029 2003 1076; x_wconf 91' lang='lat' dir='ltr'><strong><em>tres</em></strong></span> <span class='ocrx_word' id='word_1_278' title='bbox 2033 1021 2281 1081; x_wconf 78' lang='lat' dir='ltr'><strong><em>Platonis</em></strong></span> <span class='ocrx_word' id='word_1_279' title='bbox 2311 1037 2366 1082; x_wconf 90' lang='lat' dir='ltr'><strong><em>et</em></strong></span> <span class='ocrx_word' id='word_1_280' title='bbox 2396 1028 2590 1084; x_wconf 83' lang='lat' dir='ltr'><strong><em>Amelii</em></strong></span> <span class='ocrx_word' id='word_1_281' title='bbox 2624 1046 2803 1101; x_wconf 86' lang='lat' dir='ltr'><strong><em>reges,</em></strong></span> <span class='ocrx_word' id='word_1_282' title='bbox 2838 1033 2905 1089; x_wconf 92' lang='lat' dir='ltr'><strong><em>de</em></strong></span> <span class='ocrx_word' id='word_1_283' title='bbox 2926 1034 3129 1104; x_wconf 85' lang='lat' dir='ltr'><strong><em>quibus</em></strong></span> <span class='ocrx_word' id='word_1_284' title='bbox 3160 1034 3388 1091; x_wconf 87' lang='lat' dir='ltr'><strong><em>Proclus</em></strong></span> <span class='ocrx_word' id='word_1_285' title='bbox 3412 1038 3468 1092; x_wconf 82' lang='lat' dir='ltr'><strong><em>in</em></strong></span> 
     </span>
    </p>
   </div>
   <div class='ocr_carea' id='block_1_36' title="bbox 1893 1113 3469 1188">
    <p class='ocr_par' dir='ltr' id='par_1_36' title="bbox 1893 1113 3469 1188">
     <span class='ocr_line' id='line_1_36' title="bbox 1893 1113 3469 1188; baseline 0.013 -22"><span class='ocrx_word' id='word_1_286' title='bbox 1893 1113 2056 1183; x_wconf 87' lang='lat' dir='ltr'><strong><em>Tim.,</em></strong></span> <span class='ocrx_word' id='word_1_287' title='bbox 2087 1132 2181 1173; x_wconf 90' lang='lat' dir='ltr'><strong><em>seu</em></strong></span> <span class='ocrx_word' id='word_1_288' title='bbox 2204 1118 2402 1188; x_wconf 63' lang='lat' dir='ltr'><strong><em>{potius</em></strong></span> <span class='ocrx_word' id='word_1_289' title='bbox 2432 1120 2589 1179; x_wconf 86' lang='lat' dir='ltr'><strong><em>Trias</em></strong></span> <span class='ocrx_word' id='word_1_290' title='bbox 2623 1124 2714 1179; x_wconf 89' lang='lat' dir='ltr'><strong><em>illa</em></strong></span> <span class='ocrx_word' id='word_1_291' title='bbox 2756 1126 2918 1183; x_wconf 87' lang='lat' dir='ltr'><strong><em>toties</em></strong></span> <span class='ocrx_word' id='word_1_292' title='bbox 2958 1143 2987 1182; x_wconf 88' lang='lat' dir='ltr'><strong><em>a</em></strong></span> <span class='ocrx_word' id='word_1_293' title='bbox 3032 1128 3332 1185; x_wconf 84' lang='lat' dir='ltr'><strong><em>Platonicis</em></strong></span> <span class='ocrx_word' id='word_1_294' title='bbox 3372 1131 3469 1185; x_wconf 86' lang='lat' dir='ltr'><strong><em>de-</em></strong></span> 
     </span>
    </p>
   </div>
   <div class='ocr_carea' id='block_1_37' title="bbox 1886 1210 3468 1290">
    <p class='ocr_par' dir='ltr' id='par_1_37' title="bbox 1886 1210 3468 1290">
     <span class='ocr_line' id='line_1_37' title="bbox 1886 1210 3468 1290; baseline 0.009 -29"><span class='ocrx_word' id='word_1_295' title='bbox 1886 1218 2126 1262; x_wconf 81' lang='lat' dir='ltr'><strong><em>cantata.</em></strong></span> <span class='ocrx_word' id='word_1_296' title='bbox 2163 1210 2270 1265; x_wconf 88' lang='lat' dir='ltr'><strong><em>Sed</em></strong></span> <span class='ocrx_word' id='word_1_297' title='bbox 2296 1222 2354 1268; x_wconf 90' lang='lat' dir='ltr'><strong><em>et</em></strong></span> <span class='ocrx_word' id='word_1_298' title='bbox 2380 1213 2523 1269; x_wconf 89' lang='lat' dir='ltr'><strong><em>istud</em></strong></span> <span class='ocrx_word' id='word_1_299' title='bbox 2557 1226 2819 1285; x_wconf 72' lang='lat' dir='ltr'><strong><em>praeterea</em></strong></span> <span class='ocrx_word' id='word_1_300' title='bbox 2855 1219 3158 1290; x_wconf 77' lang='lat' dir='ltr'><strong><em>colligitur,</em></strong></span> <span class='ocrx_word' id='word_1_301' title='bbox 3186 1230 3312 1276; x_wconf 84' lang='lat' dir='ltr'><strong><em>octo</em></strong></span> <span class='ocrx_word' id='word_1_302' title='bbox 3343 1220 3468 1276; x_wconf 75' lang='lat' dir='ltr'><strong><em>illo-</em></strong></span> 
     </span>
    </p>
   </div>
   <div class='ocr_carea' id='block_1_38' title="bbox 1888 1301 3466 1377">
    <p class='ocr_par' dir='ltr' id='par_1_38' title="bbox 1888 1301 3466 1377">
     <span class='ocr_line' id='line_1_38' title="bbox 1888 1301 3466 1377; baseline 0.013 -26"><span class='ocrx_word' id='word_1_303' title='bbox 1888 1315 2005 1354; x_wconf 87' lang='lat' dir='ltr'><strong><em>rum</em></strong></span> <span class='ocrx_word' id='word_1_304' title='bbox 2045 1301 2284 1358; x_wconf 62' lang='lat' dir='ltr'><strong><em>Eanum</em></strong></span> <span class='ocrx_word' id='word_1_305' title='bbox 2327 1307 2742 1377; x_wconf 81' lang='lat' dir='ltr'><strong><em>coniugationes</em></strong></span> <span class='ocrx_word' id='word_1_306' title='bbox 2783 1312 2982 1367; x_wconf 90' lang='lat' dir='ltr'><strong><em>merita</em></strong></span> <span class='ocrx_word' id='word_1_307' title='bbox 3014 1314 3083 1367; x_wconf 89' lang='lat' dir='ltr'><strong><em>ah</em></strong></span> <span class='ocrx_word' id='word_1_308' title='bbox 3122 1314 3328 1371; x_wconf 67' lang='lat' dir='ltr'><strong><em>Irenaeo</em></strong></span> <span class='ocrx_word' id='word_1_309' title='bbox 3363 1329 3466 1371; x_wconf 81' lang='lat' dir='ltr'><strong><em>vo-</em></strong></span> 
     </span>
    </p>
   </div>
   <div class='ocr_carea' id='block_1_39' title="bbox 1885 1394 3469 1476">
    <p class='ocr_par' dir='ltr' id='par_1_39' title="bbox 1885 1394 3469 1476">
     <span class='ocr_line' id='line_1_39' title="bbox 1885 1394 3469 1476; baseline 0.011 -30"><span class='ocrx_word' id='word_1_310' title='bbox 1885 1394 2031 1457; x_wconf 88' lang='lat' dir='ltr'><strong><em>cari,</em></strong></span> <span class='ocrx_word' id='word_1_311' title='bbox 2089 1396 2297 1465; x_wconf 90' lang='lat' dir='ltr'><strong><em>primas</em></strong></span> <span class='ocrx_word' id='word_1_312' title='bbox 2363 1401 2610 1468; x_wconf 85' lang='lat' dir='ltr'><strong><em>quidem,</em></strong></span> <span class='ocrx_word' id='word_1_313' title='bbox 2670 1404 2900 1471; x_wconf 86' lang='lat' dir='ltr'><strong><em>primum</em></strong></span> <span class='ocrx_word' id='word_1_314' title='bbox 2956 1414 3007 1460; x_wconf 86' lang='lat' dir='ltr'><strong><em>et</em></strong></span> <span class='ocrx_word' id='word_1_315' title='bbox 3059 1406 3469 1476; x_wconf 77' lang='lat' dir='ltr'><strong><em>primogenitam</em></strong></span> 
     </span>
    </p>
   </div>
   <div class='ocr_carea' id='block_1_40' title="bbox 1885 1483 3465 1565">
    <p class='ocr_par' dir='ltr' id='par_1_40' title="bbox 1885 1483 3465 1565">
     <span class='ocr_line' id='line_1_40' title="bbox 1885 1483 3465 1565; baseline 0.011 -29"><span class='ocrx_word' id='word_1_316' title='bbox 1885 1483 2302 1555; x_wconf 78' lang='lat' dir='ltr'><strong><em>Pythagoricum</em></strong></span> <span class='ocrx_word' id='word_1_317' title='bbox 2329 1496 2807 1562; x_wconf 86' lang='lat' dir='ltr'><strong><em>quaternationem,</em></strong></span> <span class='ocrx_word' id='word_1_318' title='bbox 2847 1506 2895 1550; x_wconf 89' lang='lat' dir='ltr'><strong><em>et</em></strong></span> <span class='ocrx_word' id='word_1_319' title='bbox 2932 1497 3162 1552; x_wconf 86' lang='lat' dir='ltr'><strong><em>radicem</em></strong></span> <span class='ocrx_word' id='word_1_320' title='bbox 3194 1500 3430 1554; x_wconf 90' lang='lat' dir='ltr'><strong><em>omnium</em></strong></span> <span class='ocrx_word' id='word_1_321' title='bbox 3443 1517 3465 1565; x_wconf 82' lang='lat'><strong><em>,°</em></strong></span> 
     </span>
    </p>
   </div>
   <div class='ocr_carea' id='block_1_41' title="bbox 1884 1584 3465 1656">
    <p class='ocr_par' dir='ltr' id='par_1_41' title="bbox 1884 1584 3465 1656">
     <span class='ocr_line' id='line_1_41' title="bbox 1884 1584 3465 1656; baseline 0.012 -26"><span class='ocrx_word' id='word_1_322' title='bbox 1884 1592 2080 1634; x_wconf 89' lang='lat' dir='ltr'><strong><em>omnes</em></strong></span> <span class='ocrx_word' id='word_1_323' title='bbox 2109 1596 2261 1646; x_wconf 82' lang='lat' dir='ltr'><strong><em>vero,</em></strong></span> <span class='ocrx_word' id='word_1_324' title='bbox 2290 1584 2690 1655; x_wconf 85' lang='lat' dir='ltr'><strong><em>primogenitum</em></strong></span> <span class='ocrx_word' id='word_1_325' title='bbox 2720 1593 3128 1656; x_wconf 81' lang='lat' dir='ltr'><strong><em>octonationem,</em></strong></span> <span class='ocrx_word' id='word_1_326' title='bbox 3159 1592 3392 1647; x_wconf 83' lang='lat' dir='ltr'><strong><em>radicem</em></strong></span> <span class='ocrx_word' id='word_1_327' title='bbox 3414 1604 3465 1649; x_wconf 91' lang='lat' dir='ltr'><strong><em>et</em></strong></span> 
     </span>
    </p>
   </div>
   <div class='ocr_carea' id='block_1_42' title="bbox 1880 1670 3467 1757">
    <p class='ocr_par' dir='ltr' id='par_1_42' title="bbox 1880 1670 3467 1757">
     <span class='ocr_line' id='line_1_42' title="bbox 1880 1670 3467 1757; baseline 0.013 -31"><span class='ocrx_word' id='word_1_328' title='bbox 1880 1670 2233 1729; x_wconf 72' lang='lat' dir='ltr'><strong><em>substantiam</em></strong></span> <span class='ocrx_word' id='word_1_329' title='bbox 2274 1677 2526 1731; x_wconf 88' lang='lat' dir='ltr'><strong><em>omnium.</em></strong></span> <span class='ocrx_word' id='word_1_330' title='bbox 2560 1678 2715 1747; x_wconf 87' lang='lat' dir='ltr'><strong><em>Quod</em></strong></span> <span class='ocrx_word' id='word_1_331' title='bbox 2757 1680 2904 1735; x_wconf 90' lang='lat' dir='ltr'><strong><em>enim</em></strong></span> <span class='ocrx_word' id='word_1_332' title='bbox 2943 1682 3293 1754; x_wconf 78' lang='lat' dir='ltr'><strong><em>Pythagorici</em></strong></span> <span class='ocrx_word' id='word_1_333' title='bbox 3330 1704 3467 1757; x_wconf 83' lang='lat' dir='ltr'><strong><em>qua-</em></strong></span> 
     </span>
    </p>
   </div>
   <div class='ocr_carea' id='block_1_43' title="bbox 1883 1764 3468 1843">
    <p class='ocr_par' dir='ltr' id='par_1_43' title="bbox 1883 1764 3468 1843">
     <span class='ocr_line' id='line_1_43' title="bbox 1883 1764 3468 1843; baseline 0.013 -28"><span class='ocrx_word' id='word_1_334' title='bbox 1883 1764 2123 1819; x_wconf 86' lang='lat' dir='ltr'><strong><em>ternario</em></strong></span> <span class='ocrx_word' id='word_1_335' title='bbox 2167 1773 2224 1820; x_wconf 92' lang='lat' dir='ltr'><strong><em>et</em></strong></span> <span class='ocrx_word' id='word_1_336' title='bbox 2264 1768 2551 1824; x_wconf 89' lang='lat' dir='ltr'><strong><em>octonario</em></strong></span> <span class='ocrx_word' id='word_1_337' title='bbox 2591 1785 2821 1827; x_wconf 90' lang='lat' dir='ltr'><strong><em>numero</em></strong></span> <span class='ocrx_word' id='word_1_338' title='bbox 2850 1774 3229 1843; x_wconf 88' lang='lat' dir='ltr'><strong><em>ascribebant,</em></strong></span> <span class='ocrx_word' id='word_1_339' title='bbox 3266 1778 3321 1833; x_wconf 82' lang='lat' dir='ltr'><strong><em>id</em></strong></span> <span class='ocrx_word' id='word_1_340' title='bbox 3361 1777 3468 1835; x_wconf 83' lang='lat' dir='ltr'><strong><em>Va-</em></strong></span> 
     </span>
    </p>
   </div>
   <div class='ocr_carea' id='block_1_44' title="bbox 1882 1854 3467 1936">
    <p class='ocr_par' dir='ltr' id='par_1_44' title="bbox 1882 1854 3467 1936">
     <span class='ocr_line' id='line_1_44' title="bbox 1882 1854 3467 1936; baseline 0.012 -27"><span class='ocrx_word' id='word_1_341' title='bbox 1882 1854 2171 1912; x_wconf 87' lang='lat' dir='ltr'><strong><em>lentiniani</em></strong></span> <span class='ocrx_word' id='word_1_342' title='bbox 2216 1858 2321 1913; x_wconf 88' lang='lat' dir='ltr'><strong><em>sibi</em></strong></span> <span class='ocrx_word' id='word_1_343' title='bbox 2372 1860 2719 1919; x_wconf 82' lang='lat' dir='ltr'><strong><em>vindicantes</em></strong></span> <span class='ocrx_word' id='word_1_344' title='bbox 2772 1875 2903 1921; x_wconf 90' lang='lat' dir='ltr'><strong><em>octo</em></strong></span> <span class='ocrx_word' id='word_1_345' title='bbox 2951 1868 3144 1936; x_wconf 88' lang='lat' dir='ltr'><strong><em>primis</em></strong></span> <span class='ocrx_word' id='word_1_346' title='bbox 3194 1868 3467 1929; x_wconf 69' lang='lat' dir='ltr'><strong><em>Eonibus</em></strong></span> 
     </span>
    </p>
   </div>
   <div class='ocr_carea' id='block_1_45' title="bbox 1808 1926 3467 2025">
    <p class='ocr_par' dir='ltr' id='par_1_45' title="bbox 1808 1926 3467 2025">
     <span class='ocr_line' id='line_1_45' title="bbox 1808 1926 3467 2025; baseline 0.01 -22"><span class='ocrx_word' id='word_1_347' title='bbox 1808 1926 1852 1982; x_wconf 76' lang='grc' dir='ltr'><strong>Β</strong></span> <span class='ocrx_word' id='word_1_348' title='bbox 1886 1947 2220 2005; x_wconf 86' lang='lat' dir='ltr'><strong><em>tribuebant.</em></strong></span> <span class='ocrx_word' id='word_1_349' title='bbox 2256 1949 2740 2025; x_wconf 85' lang='lat' dir='ltr'><strong><em>Pythagorici,qui</em></strong></span> <span class='ocrx_word' id='word_1_350' title='bbox 2774 1957 2841 2012; x_wconf 89' lang='lat' dir='ltr'><strong><em>ad</em></strong></span> <span class='ocrx_word' id='word_1_351' title='bbox 2879 1926 3139 2016; x_wconf 72' lang='lat' dir='ltr'><strong><em>numeros</em></strong></span> <span class='ocrx_word' id='word_1_352' title='bbox 3164 1964 3349 2018; x_wconf 87' lang='lat' dir='ltr'><strong><em>omnia</em></strong></span> 
     </span>
    </p>
   </div>
   <div class='ocr_carea' id='block_1_46' title="bbox 1880 2040 3465 2118">
    <p class='ocr_par' dir='ltr' id='par_1_46' title="bbox 1880 2040 3465 2118">
     <span class='ocr_line' id='line_1_46' title="bbox 1880 2040 3465 2118; baseline 0.011 -24"><span class='ocrx_word' id='word_1_353' title='bbox 1880 2040 2153 2107; x_wconf 76' lang='lat' dir='ltr'><strong><em>ferebant,</em></strong></span> <span class='ocrx_word' id='word_1_354' title='bbox 2199 2047 2622 2112; x_wconf 89' lang='lat' dir='ltr'><strong><em>quaternionem</em></strong></span> <span class='ocrx_word' id='word_1_355' title='bbox 2670 2051 2806 2105; x_wconf 88' lang='lat' dir='ltr'><strong><em>tanti</em></strong></span> <span class='ocrx_word' id='word_1_356' title='bbox 2848 2050 3145 2118; x_wconf 80' lang='lat' dir='ltr'><strong><em>faciebant,</em></strong></span> <span class='ocrx_word' id='word_1_357' title='bbox 3191 2064 3251 2108; x_wconf 91' lang='lat' dir='ltr'><strong><em>ut</em></strong></span> <span class='ocrx_word' id='word_1_358' title='bbox 3295 2057 3465 2114; x_wconf 87' lang='lat' dir='ltr'><strong><em>totius</em></strong></span> 
     </span>
    </p>
   </div>
   <div class='ocr_carea' id='block_1_47' title="bbox 1879 2131 3466 2217">
    <p class='ocr_par' dir='ltr' id='par_1_47' title="bbox 1879 2131 3466 2217">
     <span class='ocr_line' id='line_1_47' title="bbox 1879 2131 3466 2217; baseline 0.011 -33"><span class='ocrx_word' id='word_1_359' title='bbox 1879 2139 2087 2186; x_wconf 57' lang='lat' dir='ltr'><strong><em>natura}</em></strong></span> <span class='ocrx_word' id='word_1_360' title='bbox 2110 2131 2316 2188; x_wconf 82' lang='lat' dir='ltr'><strong><em>fontem</em></strong></span> <span class='ocrx_word' id='word_1_361' title='bbox 2341 2150 2464 2191; x_wconf 83' lang='lat' dir='ltr'><strong><em>esse</em></strong></span> <span class='ocrx_word' id='word_1_362' title='bbox 2492 2151 2780 2193; x_wconf 88' lang='lat' dir='ltr'><strong><em>censerent</em></strong></span> <span class='ocrx_word' id='word_1_363' title='bbox 2809 2160 2822 2195; x_wconf 90' lang='lat'>:</span> <span class='ocrx_word' id='word_1_364' title='bbox 2863 2143 2929 2197; x_wconf 81' lang='grc' dir='ltr'><strong><em>Ἡ</em></strong></span> <span class='ocrx_word' id='word_1_365' title='bbox 2952 2145 3103 2215; x_wconf 81' lang='grc' dir='ltr'>πηγὴ</span> <span class='ocrx_word' id='word_1_366' title='bbox 3127 2146 3226 2217; x_wconf 80' lang='grc' dir='ltr'>τῆς</span> <span class='ocrx_word' id='word_1_367' title='bbox 3250 2146 3466 2215; x_wconf 75' lang='grc' dir='ltr'>φύσεως</span> 
     </span>
    </p>
   </div>
   <div class='ocr_carea' id='block_1_48' title="bbox 1876 2223 3464 2305">
    <p class='ocr_par' dir='ltr' id='par_1_48' title="bbox 1876 2223 3464 2305">
     <span class='ocr_line' id='line_1_48' title="bbox 1876 2223 3464 2305; baseline 0.013 -33"><span class='ocrx_word' id='word_1_368' title='bbox 1876 2224 1909 2293; x_wconf 79' lang='grc' dir='ltr'>ἡ</span> <span class='ocrx_word' id='word_1_369' title='bbox 1961 2223 2285 2293; x_wconf 86' lang='grc' dir='ltr'>τετρακτύς,</span> <span class='ocrx_word' id='word_1_370' title='bbox 2332 2223 2479 2279; x_wconf 84' lang='lat' dir='ltr'><strong><em>Fons</em></strong></span> <span class='ocrx_word' id='word_1_371' title='bbox 2521 2238 2728 2283; x_wconf 67' lang='lat' dir='ltr'><strong><em>natura:</em></strong></span> <span class='ocrx_word' id='word_1_372' title='bbox 2772 2236 3147 2301; x_wconf 84' lang='lat' dir='ltr'><strong><em>quaternarius</em></strong></span> <span class='ocrx_word' id='word_1_373' title='bbox 3193 2254 3464 2305; x_wconf 89' lang='lat' dir='ltr'><strong><em>numerus,</em></strong></span> 
     </span>
    </p>
   </div>
   <div class='ocr_carea' id='block_1_49' title="bbox 1878 2312 3462 2397">
    <p class='ocr_par' dir='ltr' id='par_1_49' title="bbox 1878 2312 3462 2397">
     <span class='ocr_line' id='line_1_49' title="bbox 1878 2312 3462 2397; baseline 0.011 -32"><span class='ocrx_word' id='word_1_374' title='bbox 1878 2315 1956 2367; x_wconf 77' lang='lat' dir='ltr'><strong><em>ait</em></strong></span> <span class='ocrx_word' id='word_1_375' title='bbox 1986 2312 2344 2382; x_wconf 88' lang='lat' dir='ltr'><strong><em>Thcmistius,</em></strong></span> <span class='ocrx_word' id='word_1_376' title='bbox 2375 2332 2439 2371; x_wconf 78' lang='lat' dir='ltr'><strong><em>ex</em></strong></span> <span class='ocrx_word' id='word_1_377' title='bbox 2471 2322 2744 2375; x_wconf 85' lang='lat' dir='ltr'><strong><em>sententia</em></strong></span> <span class='ocrx_word' id='word_1_378' title='bbox 2774 2322 3268 2393; x_wconf 83' lang='lat' dir='ltr'><strong><em>Pythagoreorum,</em></strong></span> <span class='ocrx_word' id='word_1_379' title='bbox 3296 2325 3462 2397; x_wconf 80' lang='lat' dir='ltr'><strong><em>Phys.</em></strong></span> 
     </span>
    </p>
   </div>
   <div class='ocr_carea' id='block_1_50' title="bbox 1877 2405 3462 2486">
    <p class='ocr_par' dir='ltr' id='par_1_50' title="bbox 1877 2405 3462 2486">
     <span class='ocr_line' id='line_1_50' title="bbox 1877 2405 3462 2486; baseline 0.009 -27"><span class='ocrx_word' id='word_1_380' title='bbox 1877 2405 1974 2459; x_wconf 91' lang='lat' dir='ltr'><strong><em>lib.</em></strong></span> <span class='ocrx_word' id='word_1_381' title='bbox 2004 2422 2085 2463; x_wconf 87' lang='lat' dir='ltr'><strong><em>nt.</em></strong></span> <span class='ocrx_word' id='word_1_382' title='bbox 2111 2416 2166 2461; x_wconf 91' lang='lat' dir='ltr'><strong><em>et</em></strong></span> <span class='ocrx_word' id='word_1_383' title='bbox 2194 2407 2445 2473; x_wconf 85' lang='lat' dir='ltr'><strong><em>Proetus,</em></strong></span> <span class='ocrx_word' id='word_1_384' title='bbox 2472 2411 2525 2464; x_wconf 90' lang='lat' dir='ltr'><strong><em>in</em></strong></span> <span class='ocrx_word' id='word_1_385' title='bbox 2552 2410 2735 2465; x_wconf 85' lang='lat' dir='ltr'><strong><em>Theol.</em></strong></span> <span class='ocrx_word' id='word_1_386' title='bbox 2768 2411 2937 2479; x_wconf 86' lang='lat' dir='ltr'><strong><em>Plat.,</em></strong></span> <span class='ocrx_word' id='word_1_387' title='bbox 2970 2416 3065 2470; x_wconf 89' lang='lat' dir='ltr'><strong><em>lib.</em></strong></span> <span class='ocrx_word' id='word_1_388' title='bbox 3096 2433 3168 2480; x_wconf 83' lang='lat' dir='ltr'><strong><em>tv,</em></strong></span> <span class='ocrx_word' id='word_1_389' title='bbox 3193 2432 3317 2486; x_wconf 88' lang='lat' dir='ltr'><strong><em>cap.</em></strong></span> <span class='ocrx_word' id='word_1_390' title='bbox 3344 2419 3417 2473; x_wconf 77' lang='grc'><strong><em>52</em></strong></span> <span class='ocrx_word' id='word_1_391' title='bbox 3446 2433 3462 2473; x_wconf 89' lang='lat'><strong>:</strong></span> 
     </span>
    </p>
   </div>
   <div class='ocr_carea' id='block_1_51' title="bbox 1875 2498 3467 2580">
    <p class='ocr_par' dir='ltr' id='par_1_51' title="bbox 1875 2498 3467 2580">
     <span class='ocr_line' id='line_1_51' title="bbox 1875 2498 3467 2580; baseline 0.008 -29"><span class='ocrx_word' id='word_1_392' title='bbox 1875 2498 2097 2570; x_wconf 76' lang='grc' dir='ltr'>Ἐπειδὴ</span> <span class='ocrx_word' id='word_1_393' title='bbox 2116 2499 2172 2554; x_wconf 83' lang='grc' dir='ltr'><strong><em>δὲ</em></strong></span> <span class='ocrx_word' id='word_1_394' title='bbox 2191 2500 2291 2571; x_wconf 85' lang='grc' dir='ltr'>τὴν</span> <span class='ocrx_word' id='word_1_395' title='bbox 2307 2501 2485 2557; x_wconf 80' lang='grc' dir='ltr'>αἰτίαν</span> <span class='ocrx_word' id='word_1_396' title='bbox 2502 2502 2559 2556; x_wconf 82' lang='grc' dir='ltr'>ὲν</span> <span class='ocrx_word' id='word_1_397' title='bbox 2579 2503 2759 2574; x_wconf 80' lang='grc' dir='ltr'>ἐαυτῷ</span> <span class='ocrx_word' id='word_1_398' title='bbox 2778 2505 3021 2577; x_wconf 81' lang='grc' dir='ltr'>περιέχει</span> <span class='ocrx_word' id='word_1_399' title='bbox 3040 2507 3132 2561; x_wconf 85' lang='grc' dir='ltr'><strong><em>τοῦ</em></strong></span> <span class='ocrx_word' id='word_1_400' title='bbox 3154 2508 3467 2580; x_wconf 78' lang='grc' dir='ltr'>σύμπαντος</span> 
     </span>
    </p>
   </div>
   <div class='ocr_carea' id='block_1_52' title="bbox 1875 2592 3466 2671">
    <p class='ocr_par' dir='ltr' id='par_1_52' title="bbox 1875 2592 3466 2671">
     <span class='ocr_line' id='line_1_52' title="bbox 1875 2592 3466 2671; baseline 0.006 -24"><span class='ocrx_word' id='word_1_401' title='bbox 1875 2592 2133 2664; x_wconf 83' lang='grc' dir='ltr'>ἀριθμοῦ,</span> <span class='ocrx_word' id='word_1_402' title='bbox 2174 2595 2407 2663; x_wconf 80' lang='grc' dir='ltr'>τετράδα</span> <span class='ocrx_word' id='word_1_403' title='bbox 2448 2599 2813 2671; x_wconf 75' lang='grc' dir='ltr'>προσείρηκεν</span> <span class='ocrx_word' id='word_1_404' title='bbox 2855 2598 3009 2662; x_wconf 79' lang='grc' dir='ltr'>αὐτὸ,</span> <span class='ocrx_word' id='word_1_405' title='bbox 3044 2600 3319 2669; x_wconf 83' lang='grc' dir='ltr'>τεττάρων</span> <span class='ocrx_word' id='word_1_406' title='bbox 3355 2600 3466 2657; x_wconf 82' lang='grc' dir='ltr'>τῶν</span> 
     </span>
    </p>
   </div>
   <div class='ocr_carea' id='block_1_53' title="bbox 1877 2687 3463 2764">
    <p class='ocr_par' dir='ltr' id='par_1_53' title="bbox 1877 2687 3463 2764">
     <span class='ocr_line' id='line_1_53' title="bbox 1877 2687 3463 2764; baseline 0.004 -25"><span class='ocrx_word' id='word_1_407' title='bbox 1877 2687 2247 2759; x_wconf 80' lang='grc' dir='ltr'>πρωτουργῶν</span> <span class='ocrx_word' id='word_1_408' title='bbox 2267 2687 2385 2760; x_wconf 75' lang='lat' dir='ltr'><strong><em>[XX</em></strong></span> <span class='ocrx_word' id='word_1_409' title='bbox 2400 2688 2530 2759; x_wconf 78' lang='lat' dir='ltr'><strong>VIII]</strong></span> <span class='ocrx_word' id='word_1_410' title='bbox 2548 2691 2735 2744; x_wconf 78' lang='grc' dir='ltr'>αἰτίων</span> <span class='ocrx_word' id='word_1_411' title='bbox 2752 2689 3153 2764; x_wconf 81' lang='grc' dir='ltr'>περιληπτικὴν</span> <span class='ocrx_word' id='word_1_412' title='bbox 3167 2692 3195 2743; x_wconf 89' lang='lat'><strong><em>6</em></strong></span> <span class='ocrx_word' id='word_1_413' title='bbox 3211 2692 3463 2762; x_wconf 80' lang='grc' dir='ltr'>Τίμαιος,</span> 
     </span>
    </p>
   </div>
   <div class='ocr_carea' id='block_1_54' title="bbox 1876 2777 3466 2857">
    <p class='ocr_par' dir='ltr' id='par_1_54' title="bbox 1876 2777 3466 2857">
     <span class='ocr_line' id='line_1_54' title="bbox 1876 2777 3466 2857; baseline 0.006 -28"><span class='ocrx_word' id='word_1_414' title='bbox 1876 2777 2056 2847; x_wconf 81' lang='grc' dir='ltr'>πάσης</span> <span class='ocrx_word' id='word_1_415' title='bbox 2071 2778 2179 2849; x_wconf 76' lang='grc' dir='ltr'><strong><em>γὰρ</em></strong></span> <span class='ocrx_word' id='word_1_416' title='bbox 2200 2779 2494 2843; x_wconf 77' lang='grc' dir='ltr'>εἰδοποιϊας</span> <span class='ocrx_word' id='word_1_417' title='bbox 2514 2782 2547 2851; x_wconf 83' lang='grc' dir='ltr'><strong>ή</strong></span> <span class='ocrx_word' id='word_1_418' title='bbox 2565 2780 2761 2854; x_wconf 83' lang='grc' dir='ltr'>τέτρας</span> <span class='ocrx_word' id='word_1_419' title='bbox 2781 2780 2921 2852; x_wconf 82' lang='grc' dir='ltr'>αῦτη</span> <span class='ocrx_word' id='word_1_420' title='bbox 2946 2781 3097 2853; x_wconf 82' lang='grc' dir='ltr'>πηγὴ</span> <span class='ocrx_word' id='word_1_421' title='bbox 3116 2782 3466 2857; x_wconf 76' lang='grc' dir='ltr'>προῡφέστη-</span> 
     </span>
    </p>
   </div>
   <div class='ocr_carea' id='block_1_55' title="bbox 1875 2870 3465 2943">
    <p class='ocr_par' dir='ltr' id='par_1_55' title="bbox 1875 2870 3465 2943">
     <span class='ocr_line' id='line_1_55' title="bbox 1875 2870 3465 2943; baseline 0.004 -19"><span class='ocrx_word' id='word_1_422' title='bbox 1875 2886 1989 2925; x_wconf 88' lang='grc' dir='ltr'>κεν.</span> <span class='ocrx_word' id='word_1_423' title='bbox 2009 2870 2270 2935; x_wconf 84' lang='lat' dir='ltr'><strong><em>Quoniam</em></strong></span> <span class='ocrx_word' id='word_1_424' title='bbox 2288 2890 2406 2927; x_wconf 86' lang='lat' dir='ltr'><strong><em>vero</em></strong></span> <span class='ocrx_word' id='word_1_425' title='bbox 2423 2891 2636 2928; x_wconf 86' lang='lat' dir='ltr'><strong><em>causam</em></strong></span> <span class='ocrx_word' id='word_1_426' title='bbox 2652 2874 2705 2929; x_wconf 84' lang='lat' dir='ltr'><strong><em>in</em></strong></span> <span class='ocrx_word' id='word_1_427' title='bbox 2719 2891 2772 2928; x_wconf 87' lang='lat' dir='ltr'><strong><em>se</em></strong></span> <span class='ocrx_word' id='word_1_428' title='bbox 2790 2876 3017 2929; x_wconf 87' lang='lat' dir='ltr'><strong><em>continet</em></strong></span> <span class='ocrx_word' id='word_1_429' title='bbox 3049 2879 3218 2929; x_wconf 88' lang='lat' dir='ltr'><strong><em>omnis</em></strong></span> <span class='ocrx_word' id='word_1_430' title='bbox 3232 2877 3465 2943; x_wconf 85' lang='lat' dir='ltr'><strong><em>numeri,</em></strong></span> 
     </span>
    </p>
   </div>
   <div class='ocr_carea' id='block_1_56' title="bbox 1874 2962 3468 3034">
    <p class='ocr_par' dir='ltr' id='par_1_56' title="bbox 1874 2962 3468 3034">
     <span class='ocr_line' id='line_1_56' title="bbox 1874 2962 3468 3034; baseline 0.004 -21"><span class='ocrx_word' id='word_1_431' title='bbox 1874 2963 2282 3030; x_wconf 84' lang='lat' dir='ltr'><strong><em>quateruitatem</em></strong></span> <span class='ocrx_word' id='word_1_432' title='bbox 2322 2964 2380 3016; x_wconf 84' lang='lat' dir='ltr'><strong><em>id</em></strong></span> <span class='ocrx_word' id='word_1_433' title='bbox 2428 2962 2658 3017; x_wconf 62' lang='lat' dir='ltr'><strong><em>Timaeus</em></strong></span> <span class='ocrx_word' id='word_1_434' title='bbox 2695 2964 3001 3034; x_wconf 79' lang='lat' dir='ltr'><strong><em>appellavit,</em></strong></span> <span class='ocrx_word' id='word_1_435' title='bbox 3031 2974 3262 3034; x_wconf 85' lang='lat' dir='ltr'><strong><em>quatuor</em></strong></span> <span class='ocrx_word' id='word_1_436' title='bbox 3288 2964 3468 3033; x_wconf 82' lang='lat' dir='ltr'><strong><em>primo</em></strong></span> 
     </span>
    </p>
   </div>
   <div class='ocr_carea' id='block_1_57' title="bbox 1876 3055 3467 3125">
    <p class='ocr_par' dir='ltr' id='par_1_57' title="bbox 1876 3055 3467 3125">
     <span class='ocr_line' id='line_1_57' title="bbox 1876 3055 3467 3125; baseline 0.002 -19"><span class='ocrx_word' id='word_1_437' title='bbox 1876 3065 2149 3123; x_wconf 87' lang='lat' dir='ltr'><strong><em>operantes</em></strong></span> <span class='ocrx_word' id='word_1_438' title='bbox 2174 3072 2364 3109; x_wconf 86' lang='lat' dir='ltr'><strong><em>causas</em></strong></span> <span class='ocrx_word' id='word_1_439' title='bbox 2396 3057 2947 3124; x_wconf 86' lang='lat' dir='ltr'><strong><em>comprehendentem;</em></strong></span> <span class='ocrx_word' id='word_1_440' title='bbox 2978 3058 3151 3111; x_wconf 89' lang='lat' dir='ltr'><strong><em>omnis</em></strong></span> <span class='ocrx_word' id='word_1_441' title='bbox 3179 3058 3318 3111; x_wconf 86' lang='lat' dir='ltr'><strong><em>enim</em></strong></span> <span class='ocrx_word' id='word_1_442' title='bbox 3343 3055 3467 3125; x_wconf 84' lang='lat' dir='ltr'><strong><em>for-</em></strong></span> 
     </span>
    </p>
   </div>
   <div class='ocr_carea' id='block_1_58' title="bbox 1875 3147 3462 3217">
    <p class='ocr_par' dir='ltr' id='par_1_58' title="bbox 1875 3147 3462 3217">
     <span class='ocr_line' id='line_1_58' title="bbox 1875 3147 3462 3217; baseline 0.002 -16"><span class='ocrx_word' id='word_1_443' title='bbox 1875 3164 2080 3201; x_wconf 85' lang='lat' dir='ltr'><strong><em>marum</em></strong></span> <span class='ocrx_word' id='word_1_444' title='bbox 2125 3148 2507 3216; x_wconf 86' lang='lat' dir='ltr'><strong><em>procreationis</em></strong></span> <span class='ocrx_word' id='word_1_445' title='bbox 2542 3147 2663 3217; x_wconf 88' lang='lat' dir='ltr'><strong><em>fons</em></strong></span> <span class='ocrx_word' id='word_1_446' title='bbox 2691 3148 3025 3215; x_wconf 70' lang='lat' dir='ltr'><strong><em>prwexstitit.</em></strong></span> <span class='ocrx_word' id='word_1_447' title='bbox 3070 3147 3209 3202; x_wconf 82' lang='lat' dir='ltr'><strong><em>Hinc</em></strong></span> <span class='ocrx_word' id='word_1_448' title='bbox 3239 3164 3462 3204; x_wconf 83' lang='lat' dir='ltr'><strong><em>sacrum</em></strong></span> 
     </span>
    </p>
   </div>
   <div class='ocr_carea' id='block_1_59' title="bbox 173 3238 1770 3327">
    <p class='ocr_par' dir='ltr' id='par_1_59' title="bbox 173 3248 1770 3325">
     <span class='ocr_line' id='line_1_59' title="bbox 173 3248 1770 3325; baseline 0.003 -23"><span class='ocrx_word' id='word_1_449' title='bbox 173 3250 271 3303; x_wconf 67' lang='grc' dir='ltr'><strong><em>καὶ</em></strong></span> <span class='ocrx_word' id='word_1_450' title='bbox 296 3250 485 3303; x_wconf 67' lang='grc' dir='ltr'>πάντα</span> <span class='ocrx_word' id='word_1_451' title='bbox 536 3248 849 3313; x_wconf 75' lang='grc' dir='ltr'>ὑπἀὐτοῦ,</span> <span class='ocrx_word' id='word_1_452' title='bbox 898 3251 992 3303; x_wconf 74' lang='grc' dir='ltr'>καὶ</span> <span class='ocrx_word' id='word_1_453' title='bbox 1045 3253 1102 3303; x_wconf 80' lang='grc' dir='ltr'>ἐν</span> <span class='ocrx_word' id='word_1_454' title='bbox 1148 3251 1296 3321; x_wconf 83' lang='grc' dir='ltr'>αὐτῷ</span> <span class='ocrx_word' id='word_1_455' title='bbox 1332 3254 1501 3305; x_wconf 77' lang='grc' dir='ltr'>ἐστιν.</span> <span class='ocrx_word' id='word_1_456' title='bbox 1551 3252 1609 3305; x_wconf 88' lang='lat'><strong><em>&#39;0</em></strong></span> <span class='ocrx_word' id='word_1_457' title='bbox 1665 3252 1770 3325; x_wconf 84' lang='grc' dir='ltr'><strong><em>γὰρ</em></strong></span> 
     </span>
    </p>
   </div>
   <div class='ocr_carea' id='block_1_60' title="bbox 1873 3238 3463 3327">
    <p class='ocr_par' dir='ltr' id='par_1_60' title="bbox 1875 3238 3463 3311">
     <span class='ocr_line' id='line_1_60' title="bbox 1875 3238 3463 3311; baseline 0.001 -18"><span class='ocrx_word' id='word_1_458' title='bbox 1875 3241 2017 3310; x_wconf 83' lang='lat' dir='ltr'><strong><em>apud</em></strong></span> <span class='ocrx_word' id='word_1_459' title='bbox 2055 3239 2433 3310; x_wconf 85' lang='lat' dir='ltr'><strong><em>Pythagoreos</em></strong></span> <span class='ocrx_word' id='word_1_460' title='bbox 2464 3238 2872 3309; x_wconf 86' lang='lat' dir='ltr'><strong><em>iusiurandum,</em></strong></span> <span class='ocrx_word' id='word_1_461' title='bbox 2913 3254 3022 3307; x_wconf 90' lang='lat' dir='ltr'><strong><em>quo</em></strong></span> <span class='ocrx_word' id='word_1_462' title='bbox 3052 3253 3149 3309; x_wconf 89' lang='lat' dir='ltr'><strong><em>per</em></strong></span> <span class='ocrx_word' id='word_1_463' title='bbox 3182 3238 3463 3311; x_wconf 81' lang='lat' dir='ltr'><strong><em>Pythago-</em></strong></span> 
     </span>
    </p>
   </div>
   <div class='ocr_carea' id='block_1_61' title="bbox 171 3340 1769 3414">
    <p class='ocr_par' dir='ltr' id='par_1_61' title="bbox 171 3340 1769 3414">
     <span class='ocr_line' id='line_1_61' title="bbox 171 3340 1769 3414; baseline 0.002 -21"><span class='ocrx_word' id='word_1_464' title='bbox 171 3341 350 3409; x_wconf 68' lang='grc' dir='ltr'>Λόγος</span> <span class='ocrx_word' id='word_1_465' title='bbox 388 3340 558 3393; x_wconf 80' lang='grc' dir='ltr'>αὑτοῦ</span> <span class='ocrx_word' id='word_1_466' title='bbox 592 3340 890 3414; x_wconf 83' lang='grc' dir='ltr'>προελθὼν,</span> <span class='ocrx_word' id='word_1_467' title='bbox 924 3341 1255 3407; x_wconf 78' lang='grc' dir='ltr'>παντέλειος,</span> <span class='ocrx_word' id='word_1_468' title='bbox 1288 3344 1381 3395; x_wconf 79' lang='grc' dir='ltr'>καὶ</span> <span class='ocrx_word' id='word_1_469' title='bbox 1410 3343 1650 3412; x_wconf 83' lang='grc' dir='ltr'>γόνιμος,</span> <span class='ocrx_word' id='word_1_470' title='bbox 1676 3344 1769 3397; x_wconf 75' lang='grc' dir='ltr'>καὶ</span> 
     </span>
    </p>
   </div>
   <div class='ocr_carea' id='block_1_62' title="bbox 171 3429 1772 3504">
    <p class='ocr_par' dir='ltr' id='par_1_62' title="bbox 171 3429 1772 3504">
     <span class='ocr_line' id='line_1_62' title="bbox 171 3429 1772 3504; baseline 0.004 -23"><span class='ocrx_word' id='word_1_471' title='bbox 171 3429 539 3501; x_wconf 68' lang='grc' dir='ltr'>δημιουργὸς,</span> <span class='ocrx_word' id='word_1_472' title='bbox 578 3430 774 3500; x_wconf 80' lang='grc' dir='ltr'>ἔγκυον</span> <span class='ocrx_word' id='word_1_473' title='bbox 800 3431 1025 3503; x_wconf 71' lang='grc' dir='ltr'>ἐποίησε</span> <span class='ocrx_word' id='word_1_474' title='bbox 1049 3431 1109 3485; x_wconf 84' lang='grc' dir='ltr'><strong><em>τὸ</em></strong></span> <span class='ocrx_word' id='word_1_475' title='bbox 1140 3432 1302 3504; x_wconf 75' lang='grc' dir='ltr'><strong><em>ὕδωρ.</em></strong></span> <span class='ocrx_word' id='word_1_476' title='bbox 1332 3433 1465 3489; x_wconf 76' lang='lat' dir='ltr'><strong><em>Erat</em></strong></span> <span class='ocrx_word' id='word_1_477' title='bbox 1489 3434 1667 3488; x_wconf 86' lang='lat' dir='ltr'><strong><em>lumen</em></strong></span> <span class='ocrx_word' id='word_1_478' title='bbox 1688 3435 1772 3488; x_wconf 85' lang='lat' dir='ltr'><strong><em>in-</em></strong></span> 
     </span>
    </p>
   </div>
   <div class='ocr_carea' id='block_1_63' title="bbox 173 3524 1768 3597">
    <p class='ocr_par' dir='ltr' id='par_1_63' title="bbox 173 3524 1768 3597">
     <span class='ocr_line' id='line_1_63' title="bbox 173 3524 1768 3597; baseline 0.003 -20"><span class='ocrx_word' id='word_1_479' title='bbox 173 3524 475 3577; x_wconf 77' lang='lat' dir='ltr'><strong><em>tellectuale</em></strong></span> <span class='ocrx_word' id='word_1_480' title='bbox 509 3525 659 3592; x_wconf 89' lang='lat' dir='ltr'><strong><em>prius</em></strong></span> <span class='ocrx_word' id='word_1_481' title='bbox 692 3524 892 3579; x_wconf 87' lang='lat' dir='ltr'><strong><em>lumine</em></strong></span> <span class='ocrx_word' id='word_1_482' title='bbox 930 3526 1355 3592; x_wconf 82' lang='lat' dir='ltr'><strong><em>intellectuali,et</em></strong></span> <span class='ocrx_word' id='word_1_483' title='bbox 1389 3544 1593 3597; x_wconf 88' lang='lat' dir='ltr'><strong><em>semper</em></strong></span> <span class='ocrx_word' id='word_1_484' title='bbox 1619 3542 1768 3581; x_wconf 89' lang='lat' dir='ltr'><strong><em>mens</em></strong></span> 
     </span>
    </p>
   </div>
   <div class='ocr_carea' id='block_1_64' title="bbox 173 3620 1767 3691">
    <p class='ocr_par' dir='ltr' id='par_1_64' title="bbox 173 3620 1767 3691">
     <span class='ocr_line' id='line_1_64' title="bbox 173 3620 1767 3691; baseline -0.001 -18"><span class='ocrx_word' id='word_1_485' title='bbox 173 3624 367 3673; x_wconf 78' lang='lat' dir='ltr'><strong><em>mentis</em></strong></span> <span class='ocrx_word' id='word_1_486' title='bbox 386 3621 734 3688; x_wconf 77' lang='lat' dir='ltr'><strong><em>principium,</em></strong></span> <span class='ocrx_word' id='word_1_487' title='bbox 769 3620 1003 3691; x_wconf 81' lang='lat' dir='ltr'><strong><em>nihilque</em></strong></span> <span class='ocrx_word' id='word_1_488' title='bbox 1044 3622 1193 3674; x_wconf 85' lang='lat' dir='ltr'><strong><em>aliud</em></strong></span> <span class='ocrx_word' id='word_1_489' title='bbox 1233 3629 1346 3674; x_wconf 88' lang='lat' dir='ltr'><strong><em>erat</em></strong></span> <span class='ocrx_word' id='word_1_490' title='bbox 1386 3631 1580 3690; x_wconf 76' lang='lat' dir='ltr'><strong><em>prteter</em></strong></span> <span class='ocrx_word' id='word_1_491' title='bbox 1603 3620 1767 3685; x_wconf 89' lang='lat' dir='ltr'><strong><em>ipsius</em></strong></span> 
     </span>
    </p>
   </div>
   <div class='ocr_carea' id='block_1_65' title="bbox 172 3712 1769 3783">
    <p class='ocr_par' dir='ltr' id='par_1_65' title="bbox 172 3712 1769 3783">
     <span class='ocr_line' id='line_1_65' title="bbox 172 3712 1769 3783; baseline -0.001 -16"><span class='ocrx_word' id='word_1_492' title='bbox 172 3718 429 3767; x_wconf 75' lang='lat' dir='ltr'><strong><em>unitatem</em></strong></span> <span class='ocrx_word' id='word_1_493' title='bbox 460 3731 480 3769; x_wconf 88' lang='lat'><strong><em>:</em></strong></span> <span class='ocrx_word' id='word_1_494' title='bbox 515 3731 722 3783; x_wconf 82' lang='lat' dir='ltr'><strong><em>semper</em></strong></span> <span class='ocrx_word' id='word_1_495' title='bbox 755 3716 809 3768; x_wconf 89' lang='lat' dir='ltr'><strong><em>in</em></strong></span> <span class='ocrx_word' id='word_1_496' title='bbox 841 3715 1012 3783; x_wconf 80' lang='lat' dir='ltr'><strong><em>seipse</em></strong></span> <span class='ocrx_word' id='word_1_497' title='bbox 1030 3732 1268 3776; x_wconf 85' lang='lat' dir='ltr'><strong><em>manens,</em></strong></span> <span class='ocrx_word' id='word_1_498' title='bbox 1313 3731 1516 3780; x_wconf 78' lang='lat' dir='ltr'><strong><em>semper</em></strong></span> <span class='ocrx_word' id='word_1_499' title='bbox 1552 3712 1769 3782; x_wconf 85' lang='lat' dir='ltr'><strong><em>propria</em></strong></span> 
     </span>
    </p>
   </div>
   <div class='ocr_carea' id='block_1_66' title="bbox 170 3804 1766 3873">
    <p class='ocr_par' dir='ltr' id='par_1_66' title="bbox 170 3804 1766 3873">
     <span class='ocr_line' id='line_1_66' title="bbox 170 3804 1766 3873; baseline -0.001 -17"><span class='ocrx_word' id='word_1_500' title='bbox 170 3817 365 3870; x_wconf 62' lang='lat' dir='ltr'><strong><em>mente,</em></strong></span> <span class='ocrx_word' id='word_1_501' title='bbox 388 3806 531 3869; x_wconf 82' lang='lat' dir='ltr'><strong><em>luce,</em></strong></span> <span class='ocrx_word' id='word_1_502' title='bbox 565 3815 615 3860; x_wconf 88' lang='lat' dir='ltr'><strong><em>et</em></strong></span> <span class='ocrx_word' id='word_1_503' title='bbox 633 3806 822 3873; x_wconf 85' lang='lat' dir='ltr'><strong><em>spiritu</em></strong></span> <span class='ocrx_word' id='word_1_504' title='bbox 837 3806 1011 3858; x_wconf 85' lang='lat' dir='ltr'><strong><em>omnia</em></strong></span> <span class='ocrx_word' id='word_1_505' title='bbox 1028 3804 1491 3859; x_wconf 74' lang='lat' dir='ltr'><strong><em>continet.Prwter</em></strong></span> <span class='ocrx_word' id='word_1_506' title='bbox 1511 3820 1628 3858; x_wconf 88' lang='lat' dir='ltr'><strong><em>eum</em></strong></span> <span class='ocrx_word' id='word_1_507' title='bbox 1662 3817 1766 3855; x_wconf 86' lang='lat' dir='ltr'><strong><em>non</em></strong></span> 
     </span>
    </p>
   </div>
   <div class='ocr_carea' id='block_1_67' title="bbox 166 3896 1763 3969">
    <p class='ocr_par' dir='ltr' id='par_1_67' title="bbox 166 3896 1763 3969">
     <span class='ocr_line' id='line_1_67' title="bbox 166 3896 1763 3969; baseline -0.003 -14"><span class='ocrx_word' id='word_1_508' title='bbox 166 3899 453 3963; x_wconf 83' lang='lat' dir='ltr'><strong><em>Deus,non</em></strong></span> <span class='ocrx_word' id='word_1_509' title='bbox 466 3898 818 3967; x_wconf 83' lang='lat' dir='ltr'><strong><em>angelus,non</em></strong></span> <span class='ocrx_word' id='word_1_510' title='bbox 831 3899 1167 3963; x_wconf 65' lang='lat' dir='ltr'><strong><em>darmon,non</em></strong></span> <span class='ocrx_word' id='word_1_511' title='bbox 1189 3897 1373 3969; x_wconf 85' lang='lat' dir='ltr'><strong><em>aliqua</em></strong></span> <span class='ocrx_word' id='word_1_512' title='bbox 1393 3897 1501 3951; x_wconf 89' lang='lat' dir='ltr'><strong><em>alia</em></strong></span> <span class='ocrx_word' id='word_1_513' title='bbox 1519 3896 1763 3951; x_wconf 84' lang='lat' dir='ltr'><strong><em>essentia.</em></strong></span> 
     </span>
    </p>
   </div>
   <div class='ocr_carea' id='block_1_68' title="bbox 169 3986 1765 4053">
    <p class='ocr_par' dir='ltr' id='par_1_68' title="bbox 169 3986 1765 4053">
     <span class='ocr_line' id='line_1_68' title="bbox 169 3986 1765 4053; baseline -0.003 -8"><span class='ocrx_word' id='word_1_514' title='bbox 169 3990 426 4045; x_wconf 75' lang='lat' dir='ltr'><strong><em>Omnium</em></strong></span> <span class='ocrx_word' id='word_1_515' title='bbox 451 3991 595 4043; x_wconf 87' lang='lat' dir='ltr'><strong><em>enim</em></strong></span> <span class='ocrx_word' id='word_1_516' title='bbox 618 3989 875 4042; x_wconf 87' lang='lat' dir='ltr'><strong><em>Dominus</em></strong></span> <span class='ocrx_word' id='word_1_517' title='bbox 893 4000 992 4051; x_wconf 89' lang='lat' dir='ltr'><strong><em>est,</em></strong></span> <span class='ocrx_word' id='word_1_518' title='bbox 1011 3998 1060 4041; x_wconf 84' lang='lat' dir='ltr'><strong><em>et</em></strong></span> <span class='ocrx_word' id='word_1_519' title='bbox 1075 3989 1235 4053; x_wconf 88' lang='lat' dir='ltr'><strong><em>Deus,</em></strong></span> <span class='ocrx_word' id='word_1_520' title='bbox 1252 4001 1299 4043; x_wconf 91' lang='lat' dir='ltr'><strong><em>et</em></strong></span> <span class='ocrx_word' id='word_1_521' title='bbox 1318 3988 1498 4053; x_wconf 87' lang='lat' dir='ltr'><strong><em>Pater,</em></strong></span> <span class='ocrx_word' id='word_1_522' title='bbox 1519 3996 1568 4041; x_wconf 88' lang='lat' dir='ltr'><strong><em>et</em></strong></span> <span class='ocrx_word' id='word_1_523' title='bbox 1586 3986 1765 4040; x_wconf 85' lang='lat' dir='ltr'><strong><em>omnia</em></strong></span> 
     </span>
    </p>
   </div>
   <div class='ocr_carea' id='block_1_69' title="bbox 167 4076 1760 4148">
    <p class='ocr_par' dir='ltr' id='par_1_69' title="bbox 167 4076 1760 4148">
     <span class='ocr_line' id='line_1_69' title="bbox 167 4076 1760 4148; baseline -0.002 -15"><span class='ocrx_word' id='word_1_524' title='bbox 167 4084 227 4132; x_wconf 68' lang='lat' dir='ltr'><strong><em>ab</em></strong></span> <span class='ocrx_word' id='word_1_525' title='bbox 258 4083 380 4148; x_wconf 82' lang='lat' dir='ltr'><strong><em>ipso</em></strong></span> <span class='ocrx_word' id='word_1_526' title='bbox 398 4091 447 4132; x_wconf 91' lang='lat' dir='ltr'><strong><em>et</em></strong></span> <span class='ocrx_word' id='word_1_527' title='bbox 473 4080 533 4132; x_wconf 85' lang='lat' dir='ltr'><strong><em>in</em></strong></span> <span class='ocrx_word' id='word_1_528' title='bbox 564 4082 679 4147; x_wconf 86' lang='lat' dir='ltr'><strong><em>ipso</em></strong></span> <span class='ocrx_word' id='word_1_529' title='bbox 704 4090 847 4135; x_wconf 89' lang='lat' dir='ltr'><strong><em>sunt.</em></strong></span> <span class='ocrx_word' id='word_1_530' title='bbox 890 4076 1115 4134; x_wconf 77' lang='lat' dir='ltr'><strong><em>Verbum</em></strong></span> <span class='ocrx_word' id='word_1_531' title='bbox 1140 4080 1279 4134; x_wconf 85' lang='lat' dir='ltr'><strong><em>enim</em></strong></span> <span class='ocrx_word' id='word_1_532' title='bbox 1302 4080 1468 4146; x_wconf 86' lang='lat' dir='ltr'><strong><em>ipsius</em></strong></span> <span class='ocrx_word' id='word_1_533' title='bbox 1490 4077 1760 4146; x_wconf 85' lang='lat' dir='ltr'><strong><em>prodiens,</em></strong></span> 
     </span>
    </p>
   </div>
   <div class='ocr_carea' id='block_1_70' title="bbox 166 4165 1761 4239">
    <p class='ocr_par' dir='ltr' id='par_1_70' title="bbox 166 4165 1761 4239">
     <span class='ocr_line' id='line_1_70' title="bbox 166 4165 1761 4239; baseline 0 -17"><span class='ocrx_word' id='word_1_534' title='bbox 166 4173 487 4238; x_wconf 73' lang='lat' dir='ltr'><strong><em>perfectum,</em></strong></span> <span class='ocrx_word' id='word_1_535' title='bbox 517 4170 804 4239; x_wconf 83' lang='lat' dir='ltr'><strong><em>fecundum</em></strong></span> <span class='ocrx_word' id='word_1_536' title='bbox 855 4179 905 4225; x_wconf 86' lang='lat' dir='ltr'><strong><em>et</em></strong></span> <span class='ocrx_word' id='word_1_537' title='bbox 956 4165 1152 4239; x_wconf 71' lang='lat' dir='ltr'><strong><em>apifex,</em></strong></span> <span class='ocrx_word' id='word_1_538' title='bbox 1198 4185 1392 4239; x_wconf 90' lang='lat' dir='ltr'><strong><em>aquam</em></strong></span> <span class='ocrx_word' id='word_1_539' title='bbox 1435 4169 1761 4239; x_wconf 79' lang='lat' dir='ltr'><strong><em>fecundavit.</em></strong></span> 
     </span>
    </p>
   </div>
   <div class='ocr_carea' id='block_1_71' title="bbox 167 4260 1763 4330">
    <p class='ocr_par' dir='ltr' id='par_1_71' title="bbox 167 4260 1763 4330">
     <span class='ocr_line' id='line_1_71' title="bbox 167 4260 1763 4330; baseline -0.003 -13"><span class='ocrx_word' id='word_1_540' title='bbox 167 4262 265 4317; x_wconf 77' lang='lat' dir='ltr'><strong><em>Ubi</em></strong></span> <span class='ocrx_word' id='word_1_541' title='bbox 298 4265 413 4315; x_wconf 87' lang='lat' dir='ltr'><strong><em>tria</em></strong></span> <span class='ocrx_word' id='word_1_542' title='bbox 432 4262 634 4316; x_wconf 89' lang='lat' dir='ltr'><strong><em>saltem</em></strong></span> <span class='ocrx_word' id='word_1_543' title='bbox 654 4260 927 4330; x_wconf 90' lang='lat' dir='ltr'><strong><em>principia</em></strong></span> <span class='ocrx_word' id='word_1_544' title='bbox 946 4270 1346 4326; x_wconf 88' lang='lat' dir='ltr'><strong><em>memorantur,</em></strong></span> <span class='ocrx_word' id='word_1_545' title='bbox 1381 4260 1534 4315; x_wconf 85' lang='lat' dir='ltr'><strong><em>Mens</em></strong></span> <span class='ocrx_word' id='word_1_546' title='bbox 1563 4261 1763 4329; x_wconf 85' lang='lat' dir='ltr'><strong><em>prima,</em></strong></span> 
     </span>
    </p>
   </div>
   <div class='ocr_carea' id='block_1_72' title="bbox 164 4349 1760 4422">
    <p class='ocr_par' dir='ltr' id='par_1_72' title="bbox 164 4349 1760 4422">
     <span class='ocr_line' id='line_1_72' title="bbox 164 4349 1760 4422; baseline -0.001 -17"><span class='ocrx_word' id='word_1_547' title='bbox 164 4350 317 4406; x_wconf 76' lang='lat' dir='ltr'><strong><em>llens</em></strong></span> <span class='ocrx_word' id='word_1_548' title='bbox 335 4352 606 4415; x_wconf 85' lang='lat' dir='ltr'><strong><em>secunda,</em></strong></span> <span class='ocrx_word' id='word_1_549' title='bbox 638 4349 987 4422; x_wconf 86' lang='lat' dir='ltr'><strong><em>Verbumque</em></strong></span> <span class='ocrx_word' id='word_1_550' title='bbox 1011 4352 1194 4422; x_wconf 81' lang='lat' dir='ltr'><strong><em>opifex</em></strong></span> <span class='ocrx_word' id='word_1_551' title='bbox 1214 4351 1283 4405; x_wconf 89' lang='lat' dir='ltr'><strong><em>ah</em></strong></span> <span class='ocrx_word' id='word_1_552' title='bbox 1316 4352 1418 4406; x_wconf 89' lang='lat' dir='ltr'><strong><em>hac</em></strong></span> <span class='ocrx_word' id='word_1_553' title='bbox 1442 4352 1760 4421; x_wconf 86' lang='lat' dir='ltr'><strong><em>procedens.</em></strong></span> 
     </span>
    </p>
   </div>
   <div class='ocr_carea' id='block_1_73' title="bbox 166 4440 1765 4511">
    <p class='ocr_par' dir='ltr' id='par_1_73' title="bbox 166 4440 1765 4511">
     <span class='ocr_line' id='line_1_73' title="bbox 166 4440 1765 4511; baseline -0.001 -15"><span class='ocrx_word' id='word_1_554' title='bbox 166 4442 316 4508; x_wconf 84' lang='lat' dir='ltr'><strong><em>Quod</em></strong></span> <span class='ocrx_word' id='word_1_555' title='bbox 337 4452 532 4497; x_wconf 87' lang='lat' dir='ltr'><strong><em>autem</em></strong></span> <span class='ocrx_word' id='word_1_556' title='bbox 566 4441 745 4496; x_wconf 81' lang='lat' dir='ltr'><strong><em>Vitam</em></strong></span> <span class='ocrx_word' id='word_1_557' title='bbox 783 4456 910 4496; x_wconf 86' lang='lat' dir='ltr'><strong><em>cum</em></strong></span> <span class='ocrx_word' id='word_1_558' title='bbox 960 4440 1143 4497; x_wconf 89' lang='lat' dir='ltr'><strong><em>Verbo</em></strong></span> <span class='ocrx_word' id='word_1_559' title='bbox 1177 4443 1531 4511; x_wconf 71' lang='lat' dir='ltr'><strong><em>coniugalem</em></strong></span> <span class='ocrx_word' id='word_1_560' title='bbox 1565 4443 1765 4497; x_wconf 85' lang='lat' dir='ltr'><strong><em>Valen-</em></strong></span> 
     </span>
    </p>
   </div>
   <div class='ocr_carea' id='block_1_74' title="bbox 168 4533 1763 4605">
    <p class='ocr_par' dir='ltr' id='par_1_74' title="bbox 168 4533 1763 4605">
     <span class='ocr_line' id='line_1_74' title="bbox 168 4533 1763 4605; baseline 0 -18"><span class='ocrx_word' id='word_1_561' title='bbox 168 4535 393 4601; x_wconf 82' lang='lat' dir='ltr'><strong><em>tiniani,</em></strong></span> <span class='ocrx_word' id='word_1_562' title='bbox 428 4549 462 4587; x_wconf 83' lang='lat' dir='ltr'><strong><em>a</em></strong></span> <span class='ocrx_word' id='word_1_563' title='bbox 487 4533 720 4589; x_wconf 80' lang='lat' dir='ltr'><strong><em>Joannis</em></strong></span> <span class='ocrx_word' id='word_1_564' title='bbox 755 4533 1053 4605; x_wconf 76' lang='lat' dir='ltr'><strong><em>Evangelia</em></strong></span> <span class='ocrx_word' id='word_1_565' title='bbox 1106 4545 1479 4603; x_wconf 86' lang='lat' dir='ltr'><strong><em>sumpserant,</em></strong></span> <span class='ocrx_word' id='word_1_566' title='bbox 1533 4535 1622 4588; x_wconf 88' lang='lat' dir='ltr'><strong><em>ubi</em></strong></span> <span class='ocrx_word' id='word_1_567' title='bbox 1650 4535 1763 4588; x_wconf 88' lang='lat' dir='ltr'><strong><em>vita</em></strong></span> 
     </span>
    </p>
   </div>
   <div class='ocr_carea' id='block_1_75' title="bbox 1877 3331 3077 3403">
    <p class='ocr_par' dir='ltr' id='par_1_75' title="bbox 1877 3331 3077 3403">
     <span class='ocr_line' id='line_1_75' title="bbox 1877 3331 3077 3403; baseline -0.001 -15"><span class='ocrx_word' id='word_1_568' title='bbox 1877 3350 1990 3388; x_wconf 87' lang='lat' dir='ltr'><strong><em>ram</em></strong></span> <span class='ocrx_word' id='word_1_569' title='bbox 2024 3334 2366 3403; x_wconf 87' lang='lat' dir='ltr'><strong><em>quaternarii</em></strong></span> <span class='ocrx_word' id='word_1_570' title='bbox 2398 3342 2675 3387; x_wconf 84' lang='lat' dir='ltr'><strong><em>auctorem</em></strong></span> <span class='ocrx_word' id='word_1_571' title='bbox 2711 3331 3031 3401; x_wconf 71' lang='lat' dir='ltr'><strong><em>deierabant</em></strong></span> <span class='ocrx_word' id='word_1_572' title='bbox 3062 3349 3077 3387; x_wconf 92' lang='lat'><strong>:</strong></span> 
     </span>
    </p>
   </div>
   <div class='ocr_carea' id='block_1_76' title="bbox 1871 3446 3461 3517">
    <p class='ocr_par' dir='ltr' id='par_1_76' title="bbox 1871 3446 3461 3517">
     <span class='ocr_line' id='line_1_76' title="bbox 1871 3446 3461 3517; baseline 0.002 -15"><span class='ocrx_word' id='word_1_573' title='bbox 1871 3447 1982 3502; x_wconf 78' lang='grc' dir='ltr'><strong><em>Ναὶ</em></strong></span> <span class='ocrx_word' id='word_1_574' title='bbox 2001 3447 2086 3516; x_wconf 81' lang='grc' dir='ltr'>μὰ</span> <span class='ocrx_word' id='word_1_575' title='bbox 2118 3447 2223 3501; x_wconf 78' lang='grc' dir='ltr'>τὸν</span> <span class='ocrx_word' id='word_1_576' title='bbox 2250 3446 2502 3517; x_wconf 73' lang='grc' dir='ltr'>ἁμετέρᾳ</span> <span class='ocrx_word' id='word_1_577' title='bbox 2529 3446 2701 3516; x_wconf 68' lang='grc' dir='ltr'><strong><em>ψυχᾷ</em></strong></span> <span class='ocrx_word' id='word_1_578' title='bbox 2734 3447 3079 3515; x_wconf 74' lang='grc' dir='ltr'>παραδόντα</span> <span class='ocrx_word' id='word_1_579' title='bbox 3112 3450 3461 3517; x_wconf 63' lang='grc' dir='ltr'>τετρακτύν,</span> 
     </span>
    </p>
   </div>
   <div class='ocr_carea' id='block_1_77' title="bbox 1870 3516 3227 3591">
    <p class='ocr_par' dir='ltr' id='par_1_77' title="bbox 1870 3516 3227 3591">
     <span class='ocr_line' id='line_1_77' title="bbox 1870 3516 3227 3591; baseline 0.003 -20"><span class='ocrx_word' id='word_1_580' title='bbox 1870 3520 2077 3591; x_wconf 54' lang='lat' dir='ltr'><strong><em>Hardie</em></strong></span> <span class='ocrx_word' id='word_1_581' title='bbox 2097 3516 2355 3571; x_wconf 77' lang='grc' dir='ltr'>ἀεννάου</span> <span class='ocrx_word' id='word_1_582' title='bbox 2381 3519 2619 3586; x_wconf 70' lang='grc' dir='ltr'>φύσεως</span> <span class='ocrx_word' id='word_1_583' title='bbox 2638 3517 2909 3591; x_wconf 70' lang='grc' dir='ltr'>ριζώματ’</span> <span class='ocrx_word' id='word_1_584' title='bbox 2935 3516 3227 3588; x_wconf 52' lang='grc' dir='ltr'>ἔχουσαν,</span> 
     </span>
    </p>
   </div>
   <div class='ocr_carea' id='block_1_78' title="bbox 1872 3586 3459 3659">
    <p class='ocr_par' dir='ltr' id='par_1_78' title="bbox 1872 3586 3459 3659">
     <span class='ocr_line' id='line_1_78' title="bbox 1872 3586 3459 3659; baseline 0.003 -18"><span class='ocrx_word' id='word_1_585' title='bbox 1872 3586 1980 3659; x_wconf 79' lang='lat' dir='ltr'><strong><em>Per</em></strong></span> <span class='ocrx_word' id='word_1_586' title='bbox 2009 3604 2150 3650; x_wconf 87' lang='lat' dir='ltr'><strong><em>eum,</em></strong></span> <span class='ocrx_word' id='word_1_587' title='bbox 2185 3592 2276 3656; x_wconf 86' lang='lat' dir='ltr'><strong><em>qui</em></strong></span> <span class='ocrx_word' id='word_1_588' title='bbox 2310 3591 2503 3643; x_wconf 78' lang='lat' dir='ltr'><strong><em>anima:</em></strong></span> <span class='ocrx_word' id='word_1_589' title='bbox 2543 3586 2738 3642; x_wconf 66' lang='lat' dir='ltr'><strong><em>nusira:</em></strong></span> <span class='ocrx_word' id='word_1_590' title='bbox 2768 3586 3002 3642; x_wconf 74' lang='lat' dir='ltr'><strong><em>tradidit</em></strong></span> <span class='ocrx_word' id='word_1_591' title='bbox 3028 3592 3459 3659; x_wconf 82' lang='lat' dir='ltr'><strong><em>quaternarium,</em></strong></span> 
     </span>
    </p>
   </div>
   <div class='ocr_carea' id='block_1_79' title="bbox 1873 3656 3170 3727">
    <p class='ocr_par' dir='ltr' id='par_1_79' title="bbox 1873 3656 3170 3727">
     <span class='ocr_line' id='line_1_79' title="bbox 1873 3656 3170 3727; baseline 0.002 -15"><span class='ocrx_word' id='word_1_592' title='bbox 1873 3656 2096 3712; x_wconf 74' lang='lat' dir='ltr'><strong><em>Fontem</em></strong></span> <span class='ocrx_word' id='word_1_593' title='bbox 2127 3661 2367 3727; x_wconf 86' lang='lat' dir='ltr'><strong><em>perennis</em></strong></span> <span class='ocrx_word' id='word_1_594' title='bbox 2398 3667 2606 3713; x_wconf 80' lang='lat' dir='ltr'><strong><em>natura:</em></strong></span> <span class='ocrx_word' id='word_1_595' title='bbox 2635 3661 2839 3713; x_wconf 87' lang='lat' dir='ltr'><strong><em>radices</em></strong></span> <span class='ocrx_word' id='word_1_596' title='bbox 2873 3656 3170 3715; x_wconf 79' lang='lat' dir='ltr'><strong><em>habentem.</em></strong></span> 
     </span>
    </p>
   </div>
   <div class='ocr_carea' id='block_1_80' title="bbox 1873 3793 3448 3866">
    <p class='ocr_par' dir='ltr' id='par_1_80' title="bbox 1873 3793 3448 3866">
     <span class='ocr_line' id='line_1_80' title="bbox 1873 3793 3448 3866; baseline 0.002 -18"><span class='ocrx_word' id='word_1_597' title='bbox 1873 3793 1936 3848; x_wconf 84' lang='lat' dir='ltr'><strong><em>Et</em></strong></span> <span class='ocrx_word' id='word_1_598' title='bbox 1989 3795 2117 3851; x_wconf 87' lang='lat' dir='ltr'><strong><em>hinc</em></strong></span> <span class='ocrx_word' id='word_1_599' title='bbox 2166 3798 2332 3851; x_wconf 88' lang='lat' dir='ltr'><strong><em>etiam</em></strong></span> <span class='ocrx_word' id='word_1_600' title='bbox 2383 3799 2826 3866; x_wconf 84' lang='lat' dir='ltr'><strong><em>quaternarium.</em></strong></span> <span class='ocrx_word' id='word_1_601' title='bbox 2884 3814 3101 3852; x_wconf 81' lang='lat' dir='ltr'><strong><em>omnem</em></strong></span> <span class='ocrx_word' id='word_1_602' title='bbox 3162 3814 3448 3853; x_wconf 88' lang='lat' dir='ltr'><strong><em>numerum</em></strong></span> 
     </span>
    </p>
   </div>
   <div class='ocr_carea' id='block_1_81' title="bbox 1869 3887 3457 3965">
    <p class='ocr_par' dir='ltr' id='par_1_81' title="bbox 1869 3887 3457 3965">
     <span class='ocr_line' id='line_1_81' title="bbox 1869 3887 3457 3965; baseline 0.005 -27"><span class='ocrx_word' id='word_1_603' title='bbox 1869 3887 2233 3955; x_wconf 83' lang='lat' dir='ltr'><strong><em>appellabant.</em></strong></span> <span class='ocrx_word' id='word_1_604' title='bbox 2281 3888 2477 3944; x_wconf 87' lang='lat' dir='ltr'><strong><em>Suidas</em></strong></span> <span class='ocrx_word' id='word_1_605' title='bbox 2514 3889 2568 3943; x_wconf 91' lang='lat' dir='ltr'><strong><em>in</em></strong></span> <span class='ocrx_word' id='word_1_606' title='bbox 2625 3889 2874 3960; x_wconf 82' lang='grc' dir='ltr'>Ἀριθμῷ</span> <span class='ocrx_word' id='word_1_607' title='bbox 2924 3908 2938 3942; x_wconf 89' lang='lat'><strong>:</strong></span> <span class='ocrx_word' id='word_1_608' title='bbox 2987 3892 3051 3943; x_wconf 88' lang='grc' dir='ltr'><strong><em>Οἱ</em></strong></span> <span class='ocrx_word' id='word_1_609' title='bbox 3096 3890 3457 3965; x_wconf 81' lang='grc' dir='ltr'>Πυθαγόρειοι</span> 
     </span>
    </p>
   </div>
   <div class='ocr_carea' id='block_1_82' title="bbox 1870 3978 3459 4057">
    <p class='ocr_par' dir='ltr' id='par_1_82' title="bbox 1870 3978 3459 4057">
     <span class='ocr_line' id='line_1_82' title="bbox 1870 3978 3459 4057; baseline 0.004 -26"><span class='ocrx_word' id='word_1_610' title='bbox 1870 3980 2047 4032; x_wconf 81' lang='grc' dir='ltr'>πάντα</span> <span class='ocrx_word' id='word_1_611' title='bbox 2070 3978 2301 4049; x_wconf 85' lang='grc' dir='ltr'>ἀριθμὸν</span> <span class='ocrx_word' id='word_1_612' title='bbox 2321 3981 2623 4050; x_wconf 82' lang='grc' dir='ltr'>τετρακτὺν</span> <span class='ocrx_word' id='word_1_613' title='bbox 2648 3983 3072 4054; x_wconf 79' lang='grc' dir='ltr'>προσηγόρευον’</span> <span class='ocrx_word' id='word_1_614' title='bbox 3092 3986 3119 4037; x_wconf 88' lang='lat'><strong><em>6</em></strong></span> <span class='ocrx_word' id='word_1_615' title='bbox 3139 3984 3203 4055; x_wconf 82' lang='grc' dir='ltr'><strong><em>δὴ</em></strong></span> <span class='ocrx_word' id='word_1_616' title='bbox 3225 3984 3459 4057; x_wconf 79' lang='grc' dir='ltr'>ἀριθμὸς</span> 
     </span>
    </p>
   </div>
   <div class='ocr_carea' id='block_1_83' title="bbox 1871 4070 3457 4142">
    <p class='ocr_par' dir='ltr' id='par_1_83' title="bbox 1871 4070 3457 4142">
     <span class='ocr_line' id='line_1_83' title="bbox 1871 4070 3457 4142; baseline 0.006 -19"><span class='ocrx_word' id='word_1_617' title='bbox 1871 4070 2289 4142; x_wconf 86' lang='grc' dir='ltr'>συμπληροῦται</span> <span class='ocrx_word' id='word_1_618' title='bbox 2331 4075 2446 4136; x_wconf 84' lang='grc' dir='ltr'>τοῖς</span> <span class='ocrx_word' id='word_1_619' title='bbox 2479 4073 2630 4126; x_wconf 84' lang='grc' dir='ltr'>δέκα.</span> <span class='ocrx_word' id='word_1_620' title='bbox 2677 4073 2734 4127; x_wconf 87' lang='lat'><strong><em>&#39;0</em></strong></span> <span class='ocrx_word' id='word_1_621' title='bbox 2768 4073 2825 4126; x_wconf 81' lang='grc' dir='ltr'><strong><em>δὲ</em></strong></span> <span class='ocrx_word' id='word_1_622' title='bbox 2871 4074 3023 4139; x_wconf 64' lang='grc' dir='ltr'>δέκα,</span> <span class='ocrx_word' id='word_1_623' title='bbox 3060 4076 3308 4141; x_wconf 77' lang='grc' dir='ltr'>σύνθεσις</span> <span class='ocrx_word' id='word_1_624' title='bbox 3346 4077 3457 4134; x_wconf 81' lang='grc' dir='ltr'>τῶν</span> 
     </span>
    </p>
   </div>
   <div class='ocr_carea' id='block_1_84' title="bbox 1868 4160 3456 4239">
    <p class='ocr_par' dir='ltr' id='par_1_84' title="bbox 1868 4160 3456 4239">
     <span class='ocr_line' id='line_1_84' title="bbox 1868 4160 3456 4239; baseline 0.008 -28"><span class='ocrx_word' id='word_1_625' title='bbox 1868 4160 2170 4230; x_wconf 85' lang='grc' dir='ltr'>τεσσάρων,</span> <span class='ocrx_word' id='word_1_626' title='bbox 2206 4161 2301 4215; x_wconf 77' lang='grc' dir='ltr'>καὶ</span> <span class='ocrx_word' id='word_1_627' title='bbox 2326 4161 2415 4215; x_wconf 83' lang='grc' dir='ltr'><strong><em>διὰ</em></strong></span> <span class='ocrx_word' id='word_1_628' title='bbox 2453 4162 2613 4216; x_wconf 88' lang='grc' dir='ltr'>τοῦτο</span> <span class='ocrx_word' id='word_1_629' title='bbox 2661 4162 2895 4235; x_wconf 83' lang='grc' dir='ltr'>ἀριθμὸν</span> <span class='ocrx_word' id='word_1_630' title='bbox 2934 4167 3111 4220; x_wconf 83' lang='grc' dir='ltr'>πάντα</span> <span class='ocrx_word' id='word_1_631' title='bbox 3150 4170 3456 4239; x_wconf 80' lang='grc' dir='ltr'>τετρακτὺν</span> 
     </span>
    </p>
   </div>
   <div class='ocr_carea' id='block_1_85' title="bbox 1868 4251 3457 4329">
    <p class='ocr_par' dir='ltr' id='par_1_85' title="bbox 1868 4251 3457 4329">
     <span class='ocr_line' id='line_1_85' title="bbox 1868 4251 3457 4329; baseline 0.007 -25"><span class='ocrx_word' id='word_1_632' title='bbox 1868 4251 2073 4322; x_wconf 84' lang='grc' dir='ltr'>ἔλεγον.</span> <span class='ocrx_word' id='word_1_633' title='bbox 2109 4252 2429 4323; x_wconf 85' lang='lat' dir='ltr'><strong><em>Pythagorei</em></strong></span> <span class='ocrx_word' id='word_1_634' title='bbox 2461 4262 2638 4309; x_wconf 86' lang='lat' dir='ltr'><strong><em>autem</em></strong></span> <span class='ocrx_word' id='word_1_635' title='bbox 2670 4273 2872 4309; x_wconf 90' lang='lat' dir='ltr'><strong><em>omnem</em></strong></span> <span class='ocrx_word' id='word_1_636' title='bbox 2904 4274 3179 4313; x_wconf 87' lang='lat' dir='ltr'><strong><em>numerum</em></strong></span> <span class='ocrx_word' id='word_1_637' title='bbox 3221 4262 3457 4329; x_wconf 82' lang='lat' dir='ltr'><strong><em>appella-</em></strong></span> 
     </span>
    </p>
   </div>
   <div class='ocr_carea' id='block_1_86' title="bbox 1869 4345 3456 4417">
    <p class='ocr_par' dir='ltr' id='par_1_86' title="bbox 1869 4345 3456 4417">
     <span class='ocr_line' id='line_1_86' title="bbox 1869 4345 3456 4417; baseline 0.006 -19"><span class='ocrx_word' id='word_1_638' title='bbox 1869 4345 1990 4398; x_wconf 87' lang='lat' dir='ltr'><strong><em>bant</em></strong></span> <span class='ocrx_word' id='word_1_639' title='bbox 2021 4348 2450 4417; x_wconf 84' lang='lat' dir='ltr'><strong><em>quaternariunt,</em></strong></span> <span class='ocrx_word' id='word_1_640' title='bbox 2481 4350 2571 4416; x_wconf 83' lang='lat' dir='ltr'><strong><em>qui</em></strong></span> <span class='ocrx_word' id='word_1_641' title='bbox 2598 4364 2727 4401; x_wconf 85' lang='lat' dir='ltr'><strong><em>sane</em></strong></span> <span class='ocrx_word' id='word_1_642' title='bbox 2757 4350 2974 4403; x_wconf 86' lang='lat' dir='ltr'><strong><em>denario</em></strong></span> <span class='ocrx_word' id='word_1_643' title='bbox 3006 4351 3319 4417; x_wconf 87' lang='lat' dir='ltr'><strong><em>completur.</em></strong></span> <span class='ocrx_word' id='word_1_644' title='bbox 3352 4352 3456 4408; x_wconf 87' lang='lat' dir='ltr'><strong><em>De-</em></strong></span> 
     </span>
    </p>
   </div>
   <div class='ocr_carea' id='block_1_87' title="bbox 1869 4440 3455 4515">
    <p class='ocr_par' dir='ltr' id='par_1_87' title="bbox 1869 4440 3455 4515">
     <span class='ocr_line' id='line_1_87' title="bbox 1869 4440 3455 4515; baseline 0.006 -25"><span class='ocrx_word' id='word_1_645' title='bbox 1869 4440 2053 4491; x_wconf 82' lang='lat' dir='ltr'><strong><em>narius</em></strong></span> <span class='ocrx_word' id='word_1_646' title='bbox 2078 4456 2201 4493; x_wconf 15' lang='lat' dir='ltr'><strong><em>{vero</em></strong></span> <span class='ocrx_word' id='word_1_647' title='bbox 2233 4450 2306 4492; x_wconf 86' lang='lat' dir='ltr'><strong><em>est</em></strong></span> <span class='ocrx_word' id='word_1_648' title='bbox 2336 4442 2644 4508; x_wconf 88' lang='lat' dir='ltr'><strong><em>compositio</em></strong></span> <span class='ocrx_word' id='word_1_649' title='bbox 2670 4444 3003 4510; x_wconf 89' lang='lat' dir='ltr'><strong><em>quaternarii</em></strong></span> <span class='ocrx_word' id='word_1_650' title='bbox 3032 4457 3050 4497; x_wconf 89' lang='lat'><strong><em>:</em></strong></span> <span class='ocrx_word' id='word_1_651' title='bbox 3078 4444 3295 4513; x_wconf 86' lang='lat' dir='ltr'><strong><em>ideoque</em></strong></span> <span class='ocrx_word' id='word_1_652' title='bbox 3321 4462 3455 4515; x_wconf 87' lang='lat' dir='ltr'><strong><em>qua-</em></strong></span> 
     </span>
    </p>
   </div>
   <div class='ocr_carea' id='block_1_88' title="bbox 1870 4531 3452 4605">
    <p class='ocr_par' dir='ltr' id='par_1_88' title="bbox 1870 4531 3452 4605">
     <span class='ocr_line' id='line_1_88' title="bbox 1870 4531 3452 4605; baseline 0.005 -23"><span class='ocrx_word' id='word_1_653' title='bbox 1870 4531 2187 4596; x_wconf 88' lang='lat' dir='ltr'><strong><em>ternarium,</em></strong></span> <span class='ocrx_word' id='word_1_654' title='bbox 2220 4546 2424 4584; x_wconf 89' lang='lat' dir='ltr'><strong><em>omnem</em></strong></span> <span class='ocrx_word' id='word_1_655' title='bbox 2460 4546 2737 4583; x_wconf 87' lang='lat' dir='ltr'><strong><em>numerum</em></strong></span> <span class='ocrx_word' id='word_1_656' title='bbox 2767 4532 3042 4586; x_wconf 84' lang='lat' dir='ltr'><strong><em>vocabant.</em></strong></span> <span class='ocrx_word' id='word_1_657' title='bbox 3073 4532 3279 4603; x_wconf 83' lang='lat' dir='ltr'><strong><em>Nempe</em></strong></span> <span class='ocrx_word' id='word_1_658' title='bbox 3306 4536 3452 4605; x_wconf 84' lang='lat' dir='ltr'><strong><em>quod</em></strong></span> 
     </span>
    </p>
   </div>
   <div class='ocr_carea' id='block_1_89' title="bbox 168 4614 1770 4697">
    <p class='ocr_par' dir='ltr' id='par_1_89' title="bbox 168 4626 1762 4697">
     <span class='ocr_line' id='line_1_89' title="bbox 168 4626 1762 4697; baseline 0 -15"><span class='ocrx_word' id='word_1_659' title='bbox 168 4628 349 4683; x_wconf 69' lang='lat' dir='ltr'><strong><em>Verbo</em></strong></span> <span class='ocrx_word' id='word_1_660' title='bbox 380 4629 767 4683; x_wconf 84' lang='lat' dir='ltr'><strong><em>connectitur:</em></strong></span> <span class='ocrx_word' id='word_1_661' title='bbox 812 4626 882 4681; x_wconf 84' lang='lat' dir='ltr'><strong><em>In</em></strong></span> <span class='ocrx_word' id='word_1_662' title='bbox 920 4629 1032 4697; x_wconf 87' lang='lat' dir='ltr'><strong><em>ipso</em></strong></span> <span class='ocrx_word' id='word_1_663' title='bbox 1067 4630 1171 4682; x_wconf 85' lang='lat' dir='ltr'><strong><em>vita</em></strong></span> <span class='ocrx_word' id='word_1_664' title='bbox 1228 4640 1371 4694; x_wconf 84' lang='lat' dir='ltr'><strong><em>erat,</em></strong></span> <span class='ocrx_word' id='word_1_665' title='bbox 1409 4638 1467 4682; x_wconf 91' lang='lat' dir='ltr'><strong><em>ut</em></strong></span> <span class='ocrx_word' id='word_1_666' title='bbox 1520 4628 1762 4697; x_wconf 73' lang='lat' dir='ltr'><strong><em>explicat</em></strong></span> 
     </span>
    </p>
   </div>
   <div class='ocr_carea' id='block_1_90' title="bbox 1873 4614 3450 4697">
    <p class='ocr_par' dir='ltr' id='par_1_90' title="bbox 1873 4622 3450 4693">
     <span class='ocr_line' id='line_1_90' title="bbox 1873 4622 3450 4693; baseline 0.003 -17"><span class='ocrx_word' id='word_1_667' title='bbox 1873 4622 2147 4676; x_wconf 79' lang='lat' dir='ltr'><strong><em>denarium</em></strong></span> <span class='ocrx_word' id='word_1_668' title='bbox 2178 4622 2599 4692; x_wconf 81' lang='lat' dir='ltr'><strong><em>complectatur,</em></strong></span> <span class='ocrx_word' id='word_1_669' title='bbox 2630 4624 2723 4693; x_wconf 90' lang='lat' dir='ltr'><strong><em>qui</em></strong></span> <span class='ocrx_word' id='word_1_670' title='bbox 2763 4624 2816 4677; x_wconf 92' lang='lat' dir='ltr'><strong><em>in</em></strong></span> <span class='ocrx_word' id='word_1_671' title='bbox 2846 4637 2971 4678; x_wconf 88' lang='lat' dir='ltr'><strong><em>sese</em></strong></span> <span class='ocrx_word' id='word_1_672' title='bbox 3005 4639 3293 4679; x_wconf 90' lang='lat' dir='ltr'><strong><em>numerum</em></strong></span> <span class='ocrx_word' id='word_1_673' title='bbox 3334 4641 3450 4680; x_wconf 89' lang='lat' dir='ltr'><strong><em>om-</em></strong></span> 
     </span>
    </p>
   </div>
   <div class='ocr_carea' id='block_1_91' title="bbox 168 4721 1759 4791">
    <p class='ocr_par' dir='ltr' id='par_1_91' title="bbox 168 4721 1759 4791">
     <span class='ocr_line' id='line_1_91' title="bbox 168 4721 1759 4791; baseline 0.004 -16"><span class='ocrx_word' id='word_1_674' title='bbox 168 4721 281 4791; x_wconf 79' lang='lat' dir='ltr'><strong><em>ipse</em></strong></span> <span class='ocrx_word' id='word_1_675' title='bbox 320 4722 659 4777; x_wconf 73' lang='lat' dir='ltr'><strong><em>Ptolemzeus</em></strong></span> <span class='ocrx_word' id='word_1_676' title='bbox 690 4723 833 4791; x_wconf 86' lang='lat' dir='ltr'><strong><em>apud</em></strong></span> <span class='ocrx_word' id='word_1_677' title='bbox 868 4721 1133 4779; x_wconf 76' lang='lat' dir='ltr'><strong><em>Irenaeum</em></strong></span> <span class='ocrx_word' id='word_1_678' title='bbox 1172 4721 1269 4777; x_wconf 89' lang='lat' dir='ltr'><strong><em>lih.</em></strong></span> <span class='ocrx_word' id='word_1_679' title='bbox 1304 4738 1341 4787; x_wconf 85' lang='grc' dir='ltr'><strong><em>ι,</em></strong></span> <span class='ocrx_word' id='word_1_680' title='bbox 1378 4738 1500 4791; x_wconf 87' lang='lat' dir='ltr'><strong><em>cap.</em></strong></span> <span class='ocrx_word' id='word_1_681' title='bbox 1537 4725 1593 4788; x_wconf 93' lang='lat'><strong><em>8,</em></strong></span> <span class='ocrx_word' id='word_1_682' title='bbox 1629 4722 1759 4781; x_wconf 85' lang='lat' dir='ltr'><strong><em>n.5.</em></strong></span> 
     </span>
    </p>
   </div>
   <div class='ocr_carea' id='block_1_92' title="bbox 170 4813 1759 4884">
    <p class='ocr_par' dir='ltr' id='par_1_92' title="bbox 170 4813 1759 4884">
     <span class='ocr_line' id='line_1_92' title="bbox 170 4813 1759 4884; baseline 0 -15"><span class='ocrx_word' id='word_1_683' title='bbox 170 4813 321 4869; x_wconf 73' lang='lat' dir='ltr'><strong><em>Nihil</em></strong></span> <span class='ocrx_word' id='word_1_684' title='bbox 370 4816 520 4869; x_wconf 87' lang='lat' dir='ltr'><strong><em>enim</em></strong></span> <span class='ocrx_word' id='word_1_685' title='bbox 562 4814 747 4870; x_wconf 85' lang='lat' dir='ltr'><strong><em>simile</em></strong></span> <span class='ocrx_word' id='word_1_686' title='bbox 770 4815 914 4884; x_wconf 89' lang='lat' dir='ltr'><strong><em>apud</em></strong></span> <span class='ocrx_word' id='word_1_687' title='bbox 948 4813 1264 4870; x_wconf 87' lang='lat' dir='ltr'><strong><em>Platonicos</em></strong></span> <span class='ocrx_word' id='word_1_688' title='bbox 1295 4814 1496 4884; x_wconf 77' lang='lat' dir='ltr'><strong><em>legisse</em></strong></span> <span class='ocrx_word' id='word_1_689' title='bbox 1527 4829 1611 4869; x_wconf 89' lang='lat' dir='ltr'><strong><em>me</em></strong></span> <span class='ocrx_word' id='word_1_690' title='bbox 1647 4830 1759 4869; x_wconf 84' lang='lat' dir='ltr'><strong><em>me-</em></strong></span> 
     </span>
    </p>
   </div>
   <div class='ocr_carea' id='block_1_93' title="bbox 167 4906 1759 4981">
    <p class='ocr_par' dir='ltr' id='par_1_93' title="bbox 167 4906 1759 4981">
     <span class='ocr_line' id='line_1_93' title="bbox 167 4906 1759 4981; baseline -0.003 -18"><span class='ocrx_word' id='word_1_691' title='bbox 167 4908 300 4963; x_wconf 80' lang='lat' dir='ltr'><strong><em>mini</em></strong></span> <span class='ocrx_word' id='word_1_692' title='bbox 332 4925 349 4970; x_wconf 93' lang='lat'><strong>;</strong></span> <span class='ocrx_word' id='word_1_693' title='bbox 386 4909 493 4961; x_wconf 87' lang='lat' dir='ltr'><strong><em>nisi</em></strong></span> <span class='ocrx_word' id='word_1_694' title='bbox 524 4906 665 4961; x_wconf 76' lang='lat' dir='ltr'><strong><em>forte</em></strong></span> <span class='ocrx_word' id='word_1_695' title='bbox 705 4908 811 4962; x_wconf 89' lang='lat' dir='ltr'><strong><em>huc</em></strong></span> <span class='ocrx_word' id='word_1_696' title='bbox 858 4907 1149 4962; x_wconf 85' lang='lat' dir='ltr'><strong><em>trahantur</em></strong></span> <span class='ocrx_word' id='word_1_697' title='bbox 1183 4908 1335 4976; x_wconf 91' lang='lat' dir='ltr'><strong><em>plura</em></strong></span> <span class='ocrx_word' id='word_1_698' title='bbox 1368 4922 1489 4977; x_wconf 64' lang='lat' dir='ltr'><strong><em>qua:</em></strong></span> <span class='ocrx_word' id='word_1_699' title='bbox 1531 4908 1598 4961; x_wconf 87' lang='lat' dir='ltr'><strong><em>de</em></strong></span> <span class='ocrx_word' id='word_1_700' title='bbox 1647 4907 1759 4981; x_wconf 76' lang='grc' dir='ltr'><strong><em>ζωῇ</em></strong></span> 
     </span>
    </p>
   </div>
   <div class='ocr_carea' id='block_1_94' title="bbox 169 4999 1761 5069">
    <p class='ocr_par' dir='ltr' id='par_1_94' title="bbox 169 4999 1761 5069">
     <span class='ocr_line' id='line_1_94' title="bbox 169 4999 1761 5069; baseline 0.001 -17"><span class='ocrx_word' id='word_1_701' title='bbox 169 5001 439 5069; x_wconf 79' lang='lat' dir='ltr'><strong><em>disceptat</em></strong></span> <span class='ocrx_word' id='word_1_702' title='bbox 473 4999 800 5054; x_wconf 86' lang='lat' dir='ltr'><strong><em>Damascius</em></strong></span> <span class='ocrx_word' id='word_1_703' title='bbox 837 4999 889 5052; x_wconf 91' lang='lat' dir='ltr'><strong><em>in</em></strong></span> <span class='ocrx_word' id='word_1_704' title='bbox 925 4999 1064 5054; x_wconf 90' lang='lat' dir='ltr'><strong><em>libro</em></strong></span> <span class='ocrx_word' id='word_1_705' title='bbox 1096 5000 1237 5068; x_wconf 77' lang='grc' dir='ltr'>Περὶ</span> <span class='ocrx_word' id='word_1_706' title='bbox 1260 5000 1483 5068; x_wconf 78' lang='grc' dir='ltr'><strong><em>ἀρχῶν.</em></strong></span> <span class='ocrx_word' id='word_1_707' title='bbox 1521 4999 1666 5054; x_wconf 85' lang='lat' dir='ltr'><strong><em>idem</em></strong></span> <span class='ocrx_word' id='word_1_708' title='bbox 1695 5000 1761 5053; x_wconf 91' lang='lat' dir='ltr'><strong><em>de</em></strong></span> 
     </span>
    </p>
   </div>
   <div class='ocr_carea' id='block_1_95' title="bbox 168 5091 1753 5163">
    <p class='ocr_par' dir='ltr' id='par_1_95' title="bbox 168 5091 1753 5163">
     <span class='ocr_line' id='line_1_95' title="bbox 168 5091 1753 5163; baseline 0.001 -19"><span class='ocrx_word' id='word_1_709' title='bbox 168 5093 344 5145; x_wconf 81' lang='lat' dir='ltr'><strong><em>altera</em></strong></span> <span class='ocrx_word' id='word_1_710' title='bbox 372 5091 770 5163; x_wconf 86' lang='lat' dir='ltr'><strong><em>coniugatione</em></strong></span> <span class='ocrx_word' id='word_1_711' title='bbox 813 5092 1061 5148; x_wconf 86' lang='lat' dir='ltr'><strong><em>Hominis</em></strong></span> <span class='ocrx_word' id='word_1_712' title='bbox 1091 5103 1147 5150; x_wconf 91' lang='lat' dir='ltr'><strong><em>et</em></strong></span> <span class='ocrx_word' id='word_1_713' title='bbox 1178 5094 1440 5149; x_wconf 74' lang='lat' dir='ltr'><strong><em>Ecclesia:</em></strong></span> <span class='ocrx_word' id='word_1_714' title='bbox 1498 5094 1753 5159; x_wconf 78' lang='lat' dir='ltr'><strong><em>dixerim,</em></strong></span> 
     </span>
    </p>
   </div>
   <div class='ocr_carea' id='block_1_96' title="bbox 167 5184 1759 5256">
    <p class='ocr_par' dir='ltr' id='par_1_96' title="bbox 167 5184 1759 5256">
     <span class='ocr_line' id='line_1_96' title="bbox 167 5184 1759 5256; baseline 0.001 -19"><span class='ocrx_word' id='word_1_715' title='bbox 167 5197 270 5251; x_wconf 82' lang='lat' dir='ltr'><strong><em>qua</em></strong></span> <span class='ocrx_word' id='word_1_716' title='bbox 297 5184 585 5240; x_wconf 82' lang='lat' dir='ltr'><strong><em>clauditur</em></strong></span> <span class='ocrx_word' id='word_1_717' title='bbox 620 5184 1132 5241; x_wconf 86' lang='lat' dir='ltr'><strong><em>Valentiaianorum</em></strong></span> <span class='ocrx_word' id='word_1_718' title='bbox 1177 5186 1403 5256; x_wconf 84' lang='lat' dir='ltr'><strong><em>agdoas,</em></strong></span> <span class='ocrx_word' id='word_1_719' title='bbox 1435 5201 1531 5242; x_wconf 89' lang='lat' dir='ltr'><strong><em>seu</em></strong></span> <span class='ocrx_word' id='word_1_720' title='bbox 1565 5201 1759 5242; x_wconf 81' lang='lat' dir='ltr'><strong><em>secun-</em></strong></span> 
     </span>
    </p>
   </div>
   <div class='ocr_carea' id='block_1_97' title="bbox 167 5275 1758 5348">
    <p class='ocr_par' dir='ltr' id='par_1_97' title="bbox 167 5275 1758 5348">
     <span class='ocr_line' id='line_1_97' title="bbox 167 5275 1758 5348; baseline 0.001 -18"><span class='ocrx_word' id='word_1_721' title='bbox 167 5275 263 5332; x_wconf 85' lang='lat' dir='ltr'><strong><em>dus</em></strong></span> <span class='ocrx_word' id='word_1_722' title='bbox 319 5279 745 5348; x_wconf 84' lang='lat' dir='ltr'><strong><em>quaternarius,</em></strong></span> <span class='ocrx_word' id='word_1_723' title='bbox 780 5293 1056 5347; x_wconf 85' lang='lat' dir='ltr'><strong><em>quamque</em></strong></span> <span class='ocrx_word' id='word_1_724' title='bbox 1108 5277 1439 5333; x_wconf 73' lang='lat' dir='ltr'><strong><em>Ptolemmus</em></strong></span> <span class='ocrx_word' id='word_1_725' title='bbox 1469 5292 1666 5333; x_wconf 89' lang='lat' dir='ltr'><strong><em>eruere</em></strong></span> <span class='ocrx_word' id='word_1_726' title='bbox 1700 5293 1758 5331; x_wconf 88' lang='lat' dir='ltr'><strong><em>se</em></strong></span> 
     </span>
    </p>
   </div>
   <div class='ocr_carea' id='block_1_98' title="bbox 169 5367 1759 5439">
    <p class='ocr_par' dir='ltr' id='par_1_98' title="bbox 169 5367 1759 5439">
     <span class='ocr_line' id='line_1_98' title="bbox 169 5367 1759 5439; baseline -0.001 -14"><span class='ocrx_word' id='word_1_727' title='bbox 169 5383 327 5435; x_wconf 77' lang='lat' dir='ltr'><strong><em>posse</em></strong></span> <span class='ocrx_word' id='word_1_728' title='bbox 364 5371 577 5439; x_wconf 79' lang='lat' dir='ltr'><strong><em>putavit</em></strong></span> <span class='ocrx_word' id='word_1_729' title='bbox 609 5384 677 5424; x_wconf 83' lang='lat' dir='ltr'><strong><em>ex</em></strong></span> <span class='ocrx_word' id='word_1_730' title='bbox 714 5370 801 5424; x_wconf 91' lang='lat' dir='ltr'><strong><em>his</em></strong></span> <span class='ocrx_word' id='word_1_731' title='bbox 841 5367 1071 5423; x_wconf 81' lang='lat' dir='ltr'><strong><em>Joannis</em></strong></span> <span class='ocrx_word' id='word_1_732' title='bbox 1130 5369 1418 5439; x_wconf 79' lang='lat' dir='ltr'><strong><em>Evangelii</em></strong></span> <span class='ocrx_word' id='word_1_733' title='bbox 1455 5368 1662 5429; x_wconf 82' lang='lat' dir='ltr'><strong><em>verbis,</em></strong></span> <span class='ocrx_word' id='word_1_734' title='bbox 1709 5379 1759 5423; x_wconf 90' lang='lat' dir='ltr'><strong><em>et</em></strong></span> 
     </span>
    </p>
   </div>
   <div class='ocr_carea' id='block_1_99' title="bbox 165 5460 1757 5526">
    <p class='ocr_par' dir='ltr' id='par_1_99' title="bbox 165 5460 1757 5526">
     <span class='ocr_line' id='line_1_99' title="bbox 165 5460 1757 5526; baseline 0.001 -12"><span class='ocrx_word' id='word_1_735' title='bbox 165 5462 263 5516; x_wconf 70' lang='lat' dir='ltr'><strong><em>vita</em></strong></span> <span class='ocrx_word' id='word_1_736' title='bbox 285 5472 405 5517; x_wconf 85' lang='lat' dir='ltr'><strong><em>erat</em></strong></span> <span class='ocrx_word' id='word_1_737' title='bbox 428 5464 526 5517; x_wconf 80' lang='lat' dir='ltr'><strong><em>Lua:</em></strong></span> <span class='ocrx_word' id='word_1_738' title='bbox 556 5462 859 5526; x_wconf 79' lang='lat' dir='ltr'><strong><em>hominum,</em></strong></span> <span class='ocrx_word' id='word_1_739' title='bbox 886 5470 946 5515; x_wconf 91' lang='lat' dir='ltr'><strong><em>ut</em></strong></span> <span class='ocrx_word' id='word_1_740' title='bbox 984 5460 1104 5517; x_wconf 89' lang='lat' dir='ltr'><strong><em>loco</em></strong></span> <span class='ocrx_word' id='word_1_741' title='bbox 1134 5477 1262 5517; x_wconf 81' lang='lat' dir='ltr'><strong><em>mox</em></strong></span> <span class='ocrx_word' id='word_1_742' title='bbox 1299 5462 1397 5516; x_wconf 89' lang='lat' dir='ltr'><strong><em>cit.</em></strong></span> <span class='ocrx_word' id='word_1_743' title='bbox 1433 5461 1606 5516; x_wconf 82' lang='lat' dir='ltr'><strong><em>refert</em></strong></span> <span class='ocrx_word' id='word_1_744' title='bbox 1644 5461 1757 5516; x_wconf 81' lang='lat' dir='ltr'><strong><em>Ire-</em></strong></span> 
     </span>
    </p>
   </div>
   <div class='ocr_carea' id='block_1_100' title="bbox 167 5570 333 5611">
    <p class='ocr_par' dir='ltr' id='par_1_100' title="bbox 167 5570 333 5611">
     <span class='ocr_line' id='line_1_100' title="bbox 167 5570 333 5611; baseline 0.024 -4"><span class='ocrx_word' id='word_1_745' title='bbox 167 5570 333 5611; x_wconf 59' lang='lat' dir='ltr'><strong><em>usus.</em></strong></span> 
     </span>
    </p>
   </div>
   <div class='ocr_carea' id='block_1_101' title="bbox 223 5644 1757 5719">
    <p class='ocr_par' dir='ltr' id='par_1_101' title="bbox 223 5644 1757 5719">
     <span class='ocr_line' id='line_1_101' title="bbox 223 5644 1757 5719; baseline -0.001 -16"><span class='ocrx_word' id='word_1_746' title='bbox 223 5651 317 5705; x_wconf 76' lang='lat'><strong><em>59.</em></strong></span> <span class='ocrx_word' id='word_1_747' title='bbox 360 5651 436 5706; x_wconf 81' lang='lat' dir='ltr'><strong><em>Ex</em></strong></span> <span class='ocrx_word' id='word_1_748' title='bbox 476 5652 750 5706; x_wconf 86' lang='lat' dir='ltr'><strong><em>hactenus</em></strong></span> <span class='ocrx_word' id='word_1_749' title='bbox 785 5649 953 5705; x_wconf 89' lang='lat' dir='ltr'><strong><em>dictis</em></strong></span> <span class='ocrx_word' id='word_1_750' title='bbox 989 5657 1176 5719; x_wconf 90' lang='lat' dir='ltr'><strong><em>aperte</em></strong></span> <span class='ocrx_word' id='word_1_751' title='bbox 1200 5644 1470 5719; x_wconf 87' lang='lat' dir='ltr'><strong><em>sequitur,</em></strong></span> <span class='ocrx_word' id='word_1_752' title='bbox 1493 5656 1599 5703; x_wconf 89' lang='lat' dir='ltr'><strong><em>uta</em></strong></span> <span class='ocrx_word' id='word_1_753' title='bbox 1632 5648 1757 5702; x_wconf 88' lang='lat' dir='ltr'><strong><em>Pla-</em></strong></span> 
     </span>
    </p>
   </div>
   <div class='ocr_carea' id='block_1_102' title="bbox 168 5738 1757 5811">
    <p class='ocr_par' dir='ltr' id='par_1_102' title="bbox 168 5738 1757 5811">
     <span class='ocr_line' id='line_1_102' title="bbox 168 5738 1757 5811; baseline 0.001 -17"><span class='ocrx_word' id='word_1_754' title='bbox 168 5741 363 5795; x_wconf 73' lang='lat' dir='ltr'><strong><em>tunicis</em></strong></span> <span class='ocrx_word' id='word_1_755' title='bbox 390 5743 497 5795; x_wconf 89' lang='lat' dir='ltr'><strong><em>tria</em></strong></span> <span class='ocrx_word' id='word_1_756' title='bbox 544 5740 986 5809; x_wconf 76' lang='lat' dir='ltr'><strong><em>intelligibiliutn</em></strong></span> <span class='ocrx_word' id='word_1_757' title='bbox 1037 5740 1331 5811; x_wconf 88' lang='lat' dir='ltr'><strong><em>principia,</em></strong></span> <span class='ocrx_word' id='word_1_758' title='bbox 1377 5738 1607 5795; x_wconf 77' lang='lat' dir='ltr'><strong><em>Mentem</em></strong></span> <span class='ocrx_word' id='word_1_759' title='bbox 1642 5740 1757 5810; x_wconf 89' lang='lat' dir='ltr'><strong><em>pri-</em></strong></span> 
     </span>
    </p>
   </div>
   <div class='ocr_carea' id='block_1_103' title="bbox 168 5831 1753 5899">
    <p class='ocr_par' dir='ltr' id='par_1_103' title="bbox 168 5831 1753 5899">
     <span class='ocr_line' id='line_1_103' title="bbox 168 5831 1753 5899; baseline 0.001 -15"><span class='ocrx_word' id='word_1_760' title='bbox 168 5847 326 5897; x_wconf 72' lang='lat' dir='ltr'><strong><em>mam,</em></strong></span> <span class='ocrx_word' id='word_1_761' title='bbox 365 5831 606 5891; x_wconf 65' lang='lat' dir='ltr'><strong><em>ﬂentem</em></strong></span> <span class='ocrx_word' id='word_1_762' title='bbox 641 5832 974 5899; x_wconf 86' lang='lat' dir='ltr'><strong><em>secundam,</em></strong></span> <span class='ocrx_word' id='word_1_763' title='bbox 998 5843 1054 5887; x_wconf 88' lang='lat' dir='ltr'><strong><em>et</em></strong></span> <span class='ocrx_word' id='word_1_764' title='bbox 1080 5833 1360 5890; x_wconf 80' lang='lat' dir='ltr'><strong><em>Verbum:</em></strong></span> <span class='ocrx_word' id='word_1_765' title='bbox 1404 5834 1485 5888; x_wconf 92' lang='lat' dir='ltr'><strong><em>sic</em></strong></span> <span class='ocrx_word' id='word_1_766' title='bbox 1523 5833 1693 5888; x_wconf 83' lang='lat' dir='ltr'><strong><em>etiam</em></strong></span> <span class='ocrx_word' id='word_1_767' title='bbox 1724 5848 1753 5886; x_wconf 91' lang='lat' dir='ltr'><strong><em>a</em></strong></span> 
     </span>
    </p>
   </div>
   <div class='ocr_carea' id='block_1_104' title="bbox 174 5925 1754 6004">
    <p class='ocr_par' dir='ltr' id='par_1_104' title="bbox 174 5925 1754 6004">
     <span class='ocr_line' id='line_1_104' title="bbox 174 5925 1754 6004; baseline -0.003 -17"><span class='ocrx_word' id='word_1_768' title='bbox 174 5925 562 5989; x_wconf 67' lang='lat' dir='ltr'><strong><em>Valentinianis</em></strong></span> <span class='ocrx_word' id='word_1_769' title='bbox 590 5929 705 5988; x_wconf 83' lang='lat' dir='ltr'><strong><em>tria</em></strong></span> <span class='ocrx_word' id='word_1_770' title='bbox 742 5926 1072 5986; x_wconf 81' lang='lat' dir='ltr'><strong><em>Pleromatis</em></strong></span> <span class='ocrx_word' id='word_1_771' title='bbox 1099 5926 1267 6004; x_wconf 80' lang='lat' dir='ltr'><strong><em>(quod</em></strong></span> <span class='ocrx_word' id='word_1_772' title='bbox 1295 5927 1442 5990; x_wconf 82' lang='lat' dir='ltr'><strong><em>idem</em></strong></span> <span class='ocrx_word' id='word_1_773' title='bbox 1473 5941 1597 5991; x_wconf 82' lang='lat' dir='ltr'><strong><em>esse</em></strong></span> <span class='ocrx_word' id='word_1_774' title='bbox 1631 5941 1754 5984; x_wconf 86' lang='lat' dir='ltr'><strong><em>cum</em></strong></span> 
     </span>
    </p>
   </div>
   <div class='ocr_carea' id='block_1_105' title="bbox 1867 4714 3448 4786">
    <p class='ocr_par' dir='ltr' id='par_1_105' title="bbox 1867 4714 3448 4786">
     <span class='ocr_line' id='line_1_105' title="bbox 1867 4714 3448 4786; baseline 0.003 -19"><span class='ocrx_word' id='word_1_775' title='bbox 1867 4730 1989 4768; x_wconf 89' lang='lat' dir='ltr'><strong><em>nem</em></strong></span> <span class='ocrx_word' id='word_1_776' title='bbox 2021 4714 2437 4784; x_wconf 87' lang='lat' dir='ltr'><strong><em>comprehendit</em></strong></span> <span class='ocrx_word' id='word_1_777' title='bbox 2469 4732 2485 4770; x_wconf 82' lang='lat'><strong>:</strong></span> <span class='ocrx_word' id='word_1_778' title='bbox 2513 4716 2779 4786; x_wconf 84' lang='lat' dir='ltr'><strong><em>quidquid</em></strong></span> <span class='ocrx_word' id='word_1_779' title='bbox 2808 4714 2957 4770; x_wconf 89' lang='lat' dir='ltr'><strong><em>enim</em></strong></span> <span class='ocrx_word' id='word_1_780' title='bbox 2987 4714 3129 4769; x_wconf 86' lang='lat' dir='ltr'><strong><em>ultra</em></strong></span> <span class='ocrx_word' id='word_1_781' title='bbox 3163 4716 3448 4772; x_wconf 84' lang='lat' dir='ltr'><strong><em>denarium</em></strong></span> 
     </span>
    </p>
   </div>
   <div class='ocr_carea' id='block_1_106' title="bbox 1866 4802 3452 4873">
    <p class='ocr_par' dir='ltr' id='par_1_106' title="bbox 1866 4802 3452 4873">
     <span class='ocr_line' id='line_1_106' title="bbox 1866 4802 3452 4873; baseline 0 -14"><span class='ocrx_word' id='word_1_782' title='bbox 1866 4812 2207 4869; x_wconf 88' lang='lat' dir='ltr'><strong><em>numeratur,</em></strong></span> <span class='ocrx_word' id='word_1_783' title='bbox 2279 4804 2493 4859; x_wconf 88' lang='lat' dir='ltr'><strong><em>denarii</em></strong></span> <span class='ocrx_word' id='word_1_784' title='bbox 2560 4804 2815 4873; x_wconf 89' lang='lat' dir='ltr'><strong><em>repetitio</em></strong></span> <span class='ocrx_word' id='word_1_785' title='bbox 2880 4810 2983 4856; x_wconf 90' lang='lat' dir='ltr'><strong><em>est.</em></strong></span> <span class='ocrx_word' id='word_1_786' title='bbox 3048 4802 3452 4868; x_wconf 85' lang='lat' dir='ltr'><strong><em>Quaternarius</em></strong></span> 
     </span>
    </p>
   </div>
   <div class='ocr_carea' id='block_1_107' title="bbox 1865 4893 3450 4967">
    <p class='ocr_par' dir='ltr' id='par_1_107' title="bbox 1865 4893 3450 4967">
     <span class='ocr_line' id='line_1_107' title="bbox 1865 4893 3450 4967; baseline 0 -19"><span class='ocrx_word' id='word_1_787' title='bbox 1865 4912 2016 4964; x_wconf 80' lang='lat' dir='ltr'><strong><em>vero,</em></strong></span> <span class='ocrx_word' id='word_1_788' title='bbox 2062 4896 2106 4951; x_wconf 91' lang='lat' dir='ltr'><strong><em>si</em></strong></span> <span class='ocrx_word' id='word_1_789' title='bbox 2148 4895 2451 4967; x_wconf 81' lang='lat' dir='ltr'><strong><em>coniungas</em></strong></span> <span class='ocrx_word' id='word_1_790' title='bbox 2488 4896 2776 4962; x_wconf 81' lang='lat' dir='ltr'><strong><em>unitatem,</em></strong></span> <span class='ocrx_word' id='word_1_791' title='bbox 2820 4893 3118 4962; x_wconf 90' lang='lat' dir='ltr'><strong><em>binarium,</em></strong></span> <span class='ocrx_word' id='word_1_792' title='bbox 3167 4902 3221 4950; x_wconf 90' lang='lat' dir='ltr'><strong><em>et</em></strong></span> <span class='ocrx_word' id='word_1_793' title='bbox 3268 4905 3450 4950; x_wconf 88' lang='lat' dir='ltr'><strong><em>terna-</em></strong></span> 
     </span>
    </p>
   </div>
   <div class='ocr_carea' id='block_1_108' title="bbox 1864 4986 3448 5058">
    <p class='ocr_par' dir='ltr' id='par_1_108' title="bbox 1864 4986 3448 5058">
     <span class='ocr_line' id='line_1_108' title="bbox 1864 4986 3448 5058; baseline -0.001 -14"><span class='ocrx_word' id='word_1_794' title='bbox 1864 4991 2031 5053; x_wconf 86' lang='lat' dir='ltr'><strong><em>rium,</em></strong></span> <span class='ocrx_word' id='word_1_795' title='bbox 2061 4989 2263 5058; x_wconf 90' lang='lat' dir='ltr'><strong><em>quibus</em></strong></span> <span class='ocrx_word' id='word_1_796' title='bbox 2302 4998 2545 5053; x_wconf 89' lang='lat' dir='ltr'><strong><em>constat,</em></strong></span> <span class='ocrx_word' id='word_1_797' title='bbox 2579 5003 2698 5040; x_wconf 84' lang='lat' dir='ltr'><strong><em>mox</em></strong></span> <span class='ocrx_word' id='word_1_798' title='bbox 2734 4988 3023 5041; x_wconf 86' lang='lat' dir='ltr'><strong><em>denarium</em></strong></span> <span class='ocrx_word' id='word_1_799' title='bbox 3061 4986 3246 5042; x_wconf 85' lang='lat' dir='ltr'><strong><em>elIicit.</em></strong></span> <span class='ocrx_word' id='word_1_800' title='bbox 3279 4988 3448 5057; x_wconf 80' lang='lat' dir='ltr'><strong><em>Atqui</em></strong></span> 
     </span>
    </p>
   </div>
   <div class='ocr_carea' id='block_1_109' title="bbox 1865 5076 3451 5151">
    <p class='ocr_par' dir='ltr' id='par_1_109' title="bbox 1865 5076 3451 5151">
     <span class='ocr_line' id='line_1_109' title="bbox 1865 5076 3451 5151; baseline -0.001 -17"><span class='ocrx_word' id='word_1_801' title='bbox 1865 5090 1923 5134; x_wconf 88' lang='lat' dir='ltr'><strong><em>ut</em></strong></span> <span class='ocrx_word' id='word_1_802' title='bbox 1956 5079 2286 5151; x_wconf 86' lang='lat' dir='ltr'><strong><em>Pythagorei</em></strong></span> <span class='ocrx_word' id='word_1_803' title='bbox 2316 5078 2732 5150; x_wconf 78' lang='lat' dir='ltr'><strong><em>quaternarium</em></strong></span> <span class='ocrx_word' id='word_1_804' title='bbox 2761 5076 2985 5135; x_wconf 68' lang='lat' dir='ltr'><strong><em>Naturae</em></strong></span> <span class='ocrx_word' id='word_1_805' title='bbox 3018 5078 3223 5135; x_wconf 85' lang='lat' dir='ltr'><strong><em>fontem</em></strong></span> <span class='ocrx_word' id='word_1_806' title='bbox 3266 5089 3323 5133; x_wconf 88' lang='lat' dir='ltr'><strong><em>et</em></strong></span> <span class='ocrx_word' id='word_1_807' title='bbox 3362 5095 3451 5133; x_wconf 85' lang='lat' dir='ltr'><strong><em>ra-</em></strong></span> 
     </span>
    </p>
   </div>
   <div class='ocr_carea' id='block_1_110' title="bbox 1862 5168 3448 5241">
    <p class='ocr_par' dir='ltr' id='par_1_110' title="bbox 1862 5168 3448 5241">
     <span class='ocr_line' id='line_1_110' title="bbox 1862 5168 3448 5241; baseline 0.001 -16"><span class='ocrx_word' id='word_1_808' title='bbox 1862 5173 2059 5237; x_wconf 90' lang='lat' dir='ltr'><strong><em>dicem,</em></strong></span> <span class='ocrx_word' id='word_1_809' title='bbox 2091 5182 2148 5226; x_wconf 89' lang='lat' dir='ltr'><strong><em>et</em></strong></span> <span class='ocrx_word' id='word_1_810' title='bbox 2175 5186 2395 5227; x_wconf 89' lang='lat' dir='ltr'><strong><em>omnem</em></strong></span> <span class='ocrx_word' id='word_1_811' title='bbox 2423 5185 2714 5225; x_wconf 89' lang='lat' dir='ltr'><strong><em>numerum</em></strong></span> <span class='ocrx_word' id='word_1_812' title='bbox 2748 5170 3119 5241; x_wconf 87' lang='lat' dir='ltr'><strong><em>appellabant,</em></strong></span> <span class='ocrx_word' id='word_1_813' title='bbox 3145 5172 3225 5227; x_wconf 88' lang='lat' dir='ltr'><strong><em>sic</em></strong></span> <span class='ocrx_word' id='word_1_814' title='bbox 3252 5168 3448 5227; x_wconf 83' lang='lat' dir='ltr'><strong><em>Valen-</em></strong></span> 
     </span>
    </p>
   </div>
   <div class='ocr_carea' id='block_1_111' title="bbox 1864 5264 3447 5336">
    <p class='ocr_par' dir='ltr' id='par_1_111' title="bbox 1864 5264 3447 5336">
     <span class='ocr_line' id='line_1_111' title="bbox 1864 5264 3447 5336; baseline 0 -15"><span class='ocrx_word' id='word_1_815' title='bbox 1864 5267 2057 5322; x_wconf 88' lang='lat' dir='ltr'><strong><em>tiniani</em></strong></span> <span class='ocrx_word' id='word_1_816' title='bbox 2093 5268 2328 5336; x_wconf 90' lang='lat' dir='ltr'><strong><em>primum</em></strong></span> <span class='ocrx_word' id='word_1_817' title='bbox 2367 5264 2603 5321; x_wconf 68' lang='lat' dir='ltr'><strong><em>Eanum</em></strong></span> <span class='ocrx_word' id='word_1_818' title='bbox 2631 5264 3072 5334; x_wconf 88' lang='lat' dir='ltr'><strong><em>quaternionem,</em></strong></span> <span class='ocrx_word' id='word_1_819' title='bbox 3114 5266 3349 5334; x_wconf 89' lang='lat' dir='ltr'><strong><em>primum</em></strong></span> <span class='ocrx_word' id='word_1_820' title='bbox 3390 5278 3447 5321; x_wconf 87' lang='lat' dir='ltr'><strong><em>et</em></strong></span> 
     </span>
    </p>
   </div>
   <div class='ocr_carea' id='block_1_112' title="bbox 1860 5357 3449 5428">
    <p class='ocr_par' dir='ltr' id='par_1_112' title="bbox 1860 5357 3449 5428">
     <span class='ocr_line' id='line_1_112' title="bbox 1860 5357 3449 5428; baseline 0.003 -18"><span class='ocrx_word' id='word_1_821' title='bbox 1860 5358 2257 5428; x_wconf 85' lang='lat' dir='ltr'><strong><em>primigenum,</em></strong></span> <span class='ocrx_word' id='word_1_822' title='bbox 2314 5366 2369 5411; x_wconf 91' lang='lat' dir='ltr'><strong><em>et</em></strong></span> <span class='ocrx_word' id='word_1_823' title='bbox 2425 5357 2668 5411; x_wconf 90' lang='lat' dir='ltr'><strong><em>omnium</em></strong></span> <span class='ocrx_word' id='word_1_824' title='bbox 2734 5358 2974 5413; x_wconf 86' lang='lat' dir='ltr'><strong><em>radicem</em></strong></span> <span class='ocrx_word' id='word_1_825' title='bbox 3033 5358 3320 5425; x_wconf 88' lang='lat' dir='ltr'><strong><em>dicebant;</em></strong></span> <span class='ocrx_word' id='word_1_826' title='bbox 3380 5373 3449 5415; x_wconf 88' lang='lat' dir='ltr'><strong><em>eo</em></strong></span> 
     </span>
    </p>
   </div>
   <div class='ocr_carea' id='block_1_113' title="bbox 1860 5450 3443 5522">
    <p class='ocr_par' dir='ltr' id='par_1_113' title="bbox 1860 5450 3443 5522">
     <span class='ocr_line' id='line_1_113' title="bbox 1860 5450 3443 5522; baseline 0.001 -17"><span class='ocrx_word' id='word_1_827' title='bbox 1860 5451 2006 5520; x_wconf 84' lang='lat' dir='ltr'><strong><em>quod</em></strong></span> <span class='ocrx_word' id='word_1_828' title='bbox 2043 5467 2072 5504; x_wconf 93' lang='lat' dir='ltr'><strong><em>a</em></strong></span> <span class='ocrx_word' id='word_1_829' title='bbox 2112 5451 2289 5521; x_wconf 89' lang='lat' dir='ltr'><strong><em>primo</em></strong></span> <span class='ocrx_word' id='word_1_830' title='bbox 2318 5450 2409 5506; x_wconf 92' lang='lat' dir='ltr'><strong><em>illo</em></strong></span> <span class='ocrx_word' id='word_1_831' title='bbox 2437 5452 2792 5521; x_wconf 85' lang='lat' dir='ltr'><strong><em>quaternario</em></strong></span> <span class='ocrx_word' id='word_1_832' title='bbox 2822 5452 3117 5522; x_wconf 76' lang='lat' dir='ltr'><strong><em>proliceret</em></strong></span> <span class='ocrx_word' id='word_1_833' title='bbox 3146 5453 3443 5517; x_wconf 86' lang='lat' dir='ltr'><strong><em>secundus,</em></strong></span> 
     </span>
    </p>
   </div>
   <div class='ocr_carea' id='block_1_114' title="bbox 1858 5541 3449 5613">
    <p class='ocr_par' dir='ltr' id='par_1_114' title="bbox 1858 5541 3449 5613">
     <span class='ocr_line' id='line_1_114' title="bbox 1858 5541 3449 5613; baseline 0.001 -16"><span class='ocrx_word' id='word_1_834' title='bbox 1858 5551 2180 5599; x_wconf 72' lang='lat' dir='ltr'><strong><em>camerarum</em></strong></span> <span class='ocrx_word' id='word_1_835' title='bbox 2218 5544 2463 5599; x_wconf 90' lang='lat' dir='ltr'><strong><em>omnium</em></strong></span> <span class='ocrx_word' id='word_1_836' title='bbox 2494 5541 2732 5599; x_wconf 67' lang='lat' dir='ltr'><strong><em>Eanum</em></strong></span> <span class='ocrx_word' id='word_1_837' title='bbox 2764 5547 2886 5599; x_wconf 83' lang='lat' dir='ltr'><strong><em>fans</em></strong></span> <span class='ocrx_word' id='word_1_838' title='bbox 2916 5555 2969 5599; x_wconf 89' lang='lat' dir='ltr'><strong><em>et</em></strong></span> <span class='ocrx_word' id='word_1_839' title='bbox 2994 5543 3348 5613; x_wconf 90' lang='lat' dir='ltr'><strong><em>principium.</em></strong></span> <span class='ocrx_word' id='word_1_840' title='bbox 3379 5543 3449 5599; x_wconf 84' lang='lat' dir='ltr'><strong><em>Et</em></strong></span> 
     </span>
    </p>
   </div>
   <div class='ocr_carea' id='block_1_115' title="bbox 1861 5635 3444 5707">
    <p class='ocr_par' dir='ltr' id='par_1_115' title="bbox 1861 5635 3444 5707">
     <span class='ocr_line' id='line_1_115' title="bbox 1861 5635 3444 5707; baseline -0.001 -17"><span class='ocrx_word' id='word_1_841' title='bbox 1861 5645 1921 5690; x_wconf 90' lang='lat' dir='ltr'><strong><em>ut</em></strong></span> <span class='ocrx_word' id='word_1_842' title='bbox 1954 5652 1985 5690; x_wconf 90' lang='lat' dir='ltr'><strong><em>a</em></strong></span> <span class='ocrx_word' id='word_1_843' title='bbox 2016 5636 2372 5707; x_wconf 88' lang='lat' dir='ltr'><strong><em>quaternario</em></strong></span> <span class='ocrx_word' id='word_1_844' title='bbox 2404 5638 2697 5693; x_wconf 90' lang='lat' dir='ltr'><strong><em>denarium</em></strong></span> <span class='ocrx_word' id='word_1_845' title='bbox 2730 5636 2901 5692; x_wconf 84' lang='lat' dir='ltr'><strong><em>ﬂuere</em></strong></span> <span class='ocrx_word' id='word_1_846' title='bbox 2941 5635 3199 5691; x_wconf 87' lang='lat' dir='ltr'><strong><em>volebant</em></strong></span> <span class='ocrx_word' id='word_1_847' title='bbox 3236 5635 3444 5706; x_wconf 81' lang='lat' dir='ltr'><strong><em>Pytha-</em></strong></span> 
     </span>
    </p>
   </div>
   <div class='ocr_carea' id='block_1_116' title="bbox 1860 5727 3445 5801">
    <p class='ocr_par' dir='ltr' id='par_1_116' title="bbox 1860 5727 3445 5801">
     <span class='ocr_line' id='line_1_116' title="bbox 1860 5727 3445 5801; baseline -0.003 -16"><span class='ocrx_word' id='word_1_848' title='bbox 1860 5731 2041 5799; x_wconf 84' lang='lat' dir='ltr'><strong><em>gorei,</em></strong></span> <span class='ocrx_word' id='word_1_849' title='bbox 2076 5729 2158 5785; x_wconf 88' lang='lat' dir='ltr'><strong><em>sic</em></strong></span> <span class='ocrx_word' id='word_1_850' title='bbox 2203 5746 2233 5784; x_wconf 89' lang='lat' dir='ltr'><strong><em>a</em></strong></span> <span class='ocrx_word' id='word_1_851' title='bbox 2277 5731 2523 5787; x_wconf 86' lang='lat' dir='ltr'><strong><em>secundo</em></strong></span> <span class='ocrx_word' id='word_1_852' title='bbox 2566 5729 2921 5801; x_wconf 86' lang='lat' dir='ltr'><strong><em>quaternario</em></strong></span> <span class='ocrx_word' id='word_1_853' title='bbox 2958 5727 3195 5784; x_wconf 66' lang='lat' dir='ltr'><strong><em>Eanum</em></strong></span> <span class='ocrx_word' id='word_1_854' title='bbox 3235 5727 3445 5783; x_wconf 76' lang='lat' dir='ltr'><strong><em>decads</em></strong></span> 
     </span>
    </p>
   </div>
   <div class='ocr_carea' id='block_1_117' title="bbox 1858 5820 3445 5891">
    <p class='ocr_par' dir='ltr' id='par_1_117' title="bbox 1858 5820 3445 5891">
     <span class='ocr_line' id='line_1_117' title="bbox 1858 5820 3445 5891; baseline -0.003 -14"><span class='ocrx_word' id='word_1_855' title='bbox 1858 5822 2035 5877; x_wconf 89' lang='lat' dir='ltr'><strong><em>emitti</em></strong></span> <span class='ocrx_word' id='word_1_856' title='bbox 2067 5825 2393 5879; x_wconf 88' lang='lat' dir='ltr'><strong><em>asserebant</em></strong></span> <span class='ocrx_word' id='word_1_857' title='bbox 2418 5822 2809 5878; x_wconf 86' lang='lat' dir='ltr'><strong><em>Valentiniani.</em></strong></span> <span class='ocrx_word' id='word_1_858' title='bbox 2839 5820 2900 5875; x_wconf 85' lang='lat' dir='ltr'><strong><em>Hi</em></strong></span> <span class='ocrx_word' id='word_1_859' title='bbox 2930 5830 3197 5891; x_wconf 59' lang='lat' dir='ltr'><strong><em>praeterea</em></strong></span> <span class='ocrx_word' id='word_1_860' title='bbox 3230 5831 3445 5874; x_wconf 85' lang='lat' dir='ltr'><strong><em>octona-</em></strong></span> 
     </span>
    </p>
   </div>
   <div class='ocr_carea' id='block_1_118' title="bbox 1861 5916 3443 6006">
    <p class='ocr_par' dir='ltr' id='par_1_118' title="bbox 1861 5916 3443 6006">
     <span class='ocr_line' id='line_1_118' title="bbox 1861 5916 3443 6006; baseline -0.001 -28"><span class='ocrx_word' id='word_1_861' title='bbox 1861 5923 2055 5980; x_wconf 84' lang='lat' dir='ltr'><strong><em>tt&#39;onem</em></strong></span> <span class='ocrx_word' id='word_1_862' title='bbox 2085 5937 2150 5987; x_wconf 77' lang='lat' dir='ltr'><strong><em>ex</em></strong></span> <span class='ocrx_word' id='word_1_863' title='bbox 2184 5924 2395 5982; x_wconf 86' lang='lat' dir='ltr'><strong><em>duabus</em></strong></span> <span class='ocrx_word' id='word_1_864' title='bbox 2430 5922 2734 6006; x_wconf 82' lang='lat' dir='ltr'><strong><em>tetradibus</em></strong></span> <span class='ocrx_word' id='word_1_865' title='bbox 2769 5919 3081 5988; x_wconf 76' lang='lat' dir='ltr'><strong><em>conﬂatam,</em></strong></span> <span class='ocrx_word' id='word_1_866' title='bbox 3126 5916 3443 5997; x_wconf 72' lang='lat' dir='ltr'><strong><em>primogeni-</em></strong></span> 
     </span>
    </p>
   </div>
  </div>
