3954 6352
523 459 590 516 59
1325 457 1922 516 DISSERTATIONES
1962 451 2266 512 PRAEVIzE
2306 451 2369 509 IN
2411 452 2664 510 IRENAZI
2697 452 2964 509 LIBROS.
3696 456 3761 508 6ft

518 588 626 631 tam
656 579 1063 645 octonationem,
1105 580 1338 635 radicem
1379 591 1431 634 et
1466 580 1814 635 substantiam
1859 579 2092 630 omnium
2122 584 2168 639 Α
2196 576 2231 631 5
2279 584 2333 630 et
2387 576 2417 629 7
2466 576 2923 644 exprimerentur,
2974 582 3160 643 utpote
3204 574 3292 642 qui
3341 572 3597 644 primum,
3650 581 3761 627 ter-

520 672 931 739 nuncupabant.
970 670 1127 736 Quod
1160 673 1297 726 mire
1330 673 1600 725 consentit
1632 686 1754 725 cum
1795 685 1860 722 eo
1894 671 2096 739 Pytha-

515 774 803 828 goreorum
839 762 1024 825 eﬂ'ato,
1059 761 1244 815 Πάντα
1279 761 1442 815 ὀκτώ.
1485 761 1651 827 Cujus
1693 762 1909 829 quidem
1952 761 2093 815 hanc

515 852 795 906 notionem
838 853 992 906 affert
1047 852 1340 907 Tarrhzeus
1384 856 1435 906 in
1499 852 1795 905 Proverbiis
1844 869 1861 906 :
1911 852 2093 903 Πάντα

512 939 677 995 ὀκτώ.
718 942 989 1013 Εὖανδρος
1031 942 1156 1013 ἔφη,
1193 942 1335 995 ὀκτὼ
1368 944 1491 1004 τοὺς
1530 941 1746 994 πάντων
1774 936 1912 992 εἶναι
1959 958 2093 1011 κρα-

511 1033 739 1097 τοῦντας
758 1033 1097 1105 θεοὺς,“Πῦρ,
1132 1035 1335 1105 Ὕδωρ,
1372 1035 1499 1105 Γῆν,
1528 1035 1789 1104 Οὐρανὸν,
1833 1034 2088 1109 Σελήνην,

504 1125 726 1188 ν”Ηλιον,
762 1127 997 1197 Μίθραν,
1035 1127 1242 1180 Νύκτα.
1281 1127 1471 1178 Omnia
1514 1136 1649 1178 octo.
1694 1123 1939 1177 Evander
1979 1135 2091 1176 tra-

509 1217 614 1281 dit,
659 1219 783 1271 deos
816 1234 993 1270 rerum
1035 1218 1268 1270 omnium
1297 1225 1528 1285 potentes
1560 1225 1674 1271 octo
1710 1231 1840 1280 esse,
1884 1213 2085 1283 Ignem,

511 1308 740 1378 Aquam,
775 1307 1013 1372 Terram,
1047 1307 1267 1375 Caelum,
1308 1308 1532 1372 Lunam,
1565 1306 1764 1373 Solem,
1809 1306 2086 1371 Mil/trum,

505 1395 759 1451 Noctem.
813 1398 1277 1464 Quemadmodum
1323 1412 1452 1467 ergo
1493 1396 1857 1467 Pythagoreis
1905 1396 2086 1451 omnia

511 1499 662 1552 octo,
695 1490 823 1557 quia
851 1489 1012 1558 primi
1043 1490 1139 1552 dii,
1171 1504 1355 1544 rerum
1393 1490 1634 1544 omnium
1662 1498 1929 1559 potentes,
1963 1498 2086 1543 octo

509 1590 669 1645 sunt;
724 1580 799 1634 ita
842 1579 1246 1636 Valentinianis
1291 1581 1553 1634 octonatio
1594 1582 1937 1650 primogenita
1978 1589 2083 1648 est,

507 1672 670 1725 radix
707 1680 755 1725 et
797 1673 1093 1726 substantia
1139 1673 1394 1738 omnium,
1444 1673 1570 1742 quia
1620 1686 1690 1726 ex
1723 1672 1915 1741 primis
1958 1681 2084 1728 octo

507 1761 774 1822 monibus
814 1771 1143 1818 casterorum
1176 1763 1500 1832 parentibus
1530 1773 1763 1817 constat.

495 1876 505 1927 γ
577 1853 669 1908 40.
719 1854 777 1909 Si
822 1867 957 1908 vero
1003 1853 1281 1924 negotium
1328 1853 1586 1917 facessat,
1630 1854 1771 1922 quod
1817 1855 2081 1907 octonatio

2198 669 2355 728 tium,
2399 667 2648 734 quintum
2691 674 2747 718 et
2785 665 3071 732 septimum
3109 664 3280 716 locum
3312 664 3365 716 in
3407 665 3645 731 ogdoade
3679 673 3763 715 te-

2193 766 2419 817 nerent;
2461 758 2528 811 ab
2578 757 2684 821 his,
2716 766 2906 823 utpote
2947 756 3361 822 perfectioribus
3403 766 3456 808 et
3502 764 3763 823 prmstan-

2193 849 2442 910 tioribus,
2483 864 2680 902 nomen
2722 848 3054 901 sortiebatur
3095 848 3331 915 ogdoas;
3374 847 3764 915 praetermitte-

2190 938 2392 991 bantur
2422 951 2551 990 vero
2593 936 2739 1005 Sige,
2783 936 3022 999 Alethia,
3068 935 3173 989 Zoe
3216 945 3269 990 et
3310 936 3568 997 Ecclesia,
3614 935 3761 1002 quod

2190 1030 2432 1084 numeris
2473 1029 2527 1092 2,
2575 1029 2629 1091 4,
2671 1028 2702 1081 6
2739 1039 2792 1081 et
2832 1028 2886 1092 8,
2933 1026 3420 1095 imperfectioribus
3455 1037 3507 1080 et
3548 1026 3764 1094 ignobi-

2188 1121 2416 1175 lioribus
2447 1121 2865 1188 responderent;
2909 1119 3077 1173 altera
3110 1119 3374 1188 siquidem
3410 1120 3463 1171 in
3495 1120 3761 1183 secundo,

2188 1216 2358 1269 altera
2392 1215 2442 1267 in
2492 1223 2712 1283 quarto,
2754 1213 2919 1266 altera
2953 1214 3004 1266 in
3054 1223 3229 1277 sexto,
3270 1213 3435 1266 altera
3481 1214 3531 1265 in
3564 1223 3767 1267 octavo

2186 1307 2379 1360 ordine
2402 1306 2857 1359 constituebatur.
2896 1303 3093 1359 Lucem
3132 1306 3293 1357 etiam
3339 1305 3609 1374 accipiunt
3636 1318 3766 1373 qua}

2188 1412 2316 1451 mox
2346 1397 2626 1465 subjungit
2660 1395 2893 1450 lreuaaus
2936 1413 2949 1449 :
2996 1395 3125 1449 Esse
3161 1396 3297 1448 enim
3340 1412 3766 1465 unumquemque

2186 1488 2731 1556 masculo-feminam.
2774 1488 2905 1541 Cum
2949 1488 3091 1541 enim
3145 1488 3361 1556 syzygia
3397 1487 3650 1555 qumlibel
3690 1503 3760 1541 ex

2184 1580 2377 1648 impari
2403 1589 2565 1648 atque
2587 1579 2704 1648 pari
2725 1594 2970 1642 numero,
2997 1593 3145 1631 mare
3162 1588 3216 1630 et
3235 1577 3431 1631 femina
3455 1578 3760 1641 coalescat;

2183 1667 2323 1724 Eon
2347 1670 2576 1739 proinde
2600 1669 2833 1740 syzygiaa
2860 1678 3043 1735 Caput,
3068 1668 3255 1735 impari
3282 1684 3509 1723 numero
3542 1684 3766 1738 expres-

2183 1775 2298 1823 sus,
2331 1760 2490 1814 alteri
2519 1759 2680 1814 ΙΕοηί
2714 1759 2804 1827 qui
2836 1760 2951 1830 pari
2984 1775 3211 1813 numero
3244 1762 3547 1830 respondet,
3583 1776 3763 1831 cepuo

2184 1853 2348 1918 latus,
2383 1853 2858 1907 masculo-femina
2895 1853 3173 1907 dicendus.
3202 1854 3309 1908 Nec
3339 1854 3502 1908 etiam
3528 1868 3558 1907 a
3590 1868 3765 1909 vero-

502 1956 737 2015 quatuor
766 1946 1066 2001 nominibus
1095 1948 1359 2002 duntaxat
1383 1945 1525 2013 apud
1553 1962 1641 1999 eos
1666 1955 2078 2011 nuncuparetur,
2110 1925 2152 1980 Β
2183 1946 2347 2000 simili
2381 1947 2659 2012 abhorret,
2704 1954 2875 1999 totum
2926 1946 3053 1999 illud
3090 1946 3322 2000 Eouum
3365 1946 3762 2011 masculorum,

502 2034 728 2105 Bytltus,
758 2047 805 2090 et
838 2036 977 2103 Nus,
1008 2046 1055 2091 et
1083 2036 1277 2106 Logos,
1306 2045 1353 2090 et
1393 2036 1715 2105 A‘nlhropos,
1745 2036 2078 2103 praetermis-

501 2125 582 2180 sis
632 2124 780 2197 Sige,
826 2126 1064 2192 Alethia,
1110 2126 1220 2182 Zoe
1267 2135 1318 2179 et
1361 2127 1628 2192 Ecclesia,
1675 2128 1871 2181 nodum
1921 2127 2081 2183 facile

501 2214 682 2270 solves
747 2231 814 2269 ex
880 2214 1366 2285 Pythagoricorutn
1442 2217 1746 2286 principiis.
1810 2216 2078 2272 Numerus

500 2308 679 2367 omnis
709 2322 832 2377 par,
862 2318 957 2362 aut
982 2309 1163 2377 impar
1194 2326 1207 2362 :
1243 2308 1386 2362 hunc
1418 2308 1719 2376 perlectum
1750 2324 1893 2374 esse,
1926 2310 2075 2365 illum

498 2414 630 2455 vero
677 2399 1056 2469 imperfectum
1107 2398 1444 2455 statuebant.
1498 2399 1824 2455 Plutarchus
1862 2401 1954 2454 lib.
2003 2403 2078 2459 De

498 2491 720 2546 Homeri
766 2495 913 2561 poesi
949 2504 969 2543 :
1028 2491 1086 2544 '0
1118 2491 1228 2562 γὰρ
1261 2490 1606 2565 Πυθαγόρας,
1646 2481 1772 2555 τοὺξ
1813 2494 2077 2566 ἀριθμοὺς

500 2583 765 2654 μεγίστην
816 2582 1046 2654 δύναμιν
1090 2582 1233 2653 ἔχειν
1275 2582 1599 2653 ἡγούμενος,
1644 2584 1737 2637 καὶ
1786 2585 1963 2647 πάντα
1996 2588 2076 2650 είς

495 2673 763 2745 ἀριθμοὺς
788 2674 1092 2745 ἀναφέρων,
1114 2674 1204 2726 τὸν
1232 2673 1330 2744 μὲν
1352 2674 1555 2747 ἄρτιον,
1598 2676 1752 2730 ἐνδεᾶ
1771 2677 1863 2731 καὶ
1888 2678 2069 2749 ἀτελῆο

493 2766 588 2819 τὸν
629 2765 686 2819 δὲ
732 2765 1009 2838 περισσὸν,
1048 2765 1233 2837 πλήρη
1276 2784 1336 2819 τε
1391 2767 1484 2821 καὶ
1535 2767 1738 2822 τέλειον
1779 2770 2070 2839 ἀπέφηνεν.

495 2856 834 2928 Pythagoras
859 2858 1020 2923 enim,
1051 2859 1143 2928 qui
1175 2874 1419 2913 numeros
1449 2861 1734 2915 maximam
1760 2863 1948 2916 habere
1972 2862 2079 2916 vim

494 2950 854 3017 existimabat,
889 2950 1172 3019 omniaque
1202 2950 1272 3005 ad
1309 2966 1395 3004 eos
1436 2951 1713 3020 referebat,
1744 2970 1925 3018 parem
1956 2955 2074 3023 qui-

492 3043 635 3107 dem,
668 3044 988 3112 indigentem
1021 3053 1070 3098 et
1096 3044 1495 3114 imperfectum;
1526 3048 1775 3116 imparem
1815 3066 1930 3103 vero
1959 3049 2072 3117 ple-

496 3151 623 3188 num
651 3152 714 3189 ac
744 3134 1036 3203 perfectum
1064 3137 1310 3190 ostendit.
1343 3138 1646 3208 Eapropter
1674 3140 1936 3209 imparem
1970 3157 2071 3195 nu-

494 3242 707 3283 merum
741 3227 1180 3296 prazstantiorem
1217 3244 1339 3285 esse
1372 3230 1690 3285 censebant.
1724 3230 1973 3289 Julianus
2015 3234 2071 3289 in

493 3317 667 3387 Epist.
720 3317 789 3372 ad
840 3316 1195 3387 Serapionem
1247 3338 1261 3374 :
1309 3322 1419 3375 Kal.
1464 3322 1564 3374 οὐκ
1611 3322 1791 3391 ἀγνοῶ
1835 3324 1955 3394 μὲν,
1996 3326 2073 3390 ὡς

491 3408 760 3474 παλαιῶν,
796 3410 891 3463 καὶ
924 3410 1104 3478 σοφῶν
1138 3411 1346 3481 ἀνδρῶν
1370 3415 1399 3466 ὁ
1428 3412 1603 3482 λόγος,
1641 3414 1733 3467 τοῦ
1770 3416 1956 3486 ἀρτίου
1983 3418 2073 3473 τὸν

493 3499 750 3571 περιττὸν
775 3500 1118 3572 προκεῖσθαι.
1151 3501 1410 3573 Equidem
1437 3520 1541 3558 non
1572 3521 1688 3559 sum
1724 3508 1946 3572 nescius,
1986 3526 2071 3564 ve-

494 3600 655 3657 teres,
688 3595 999 3663 eosdemque
1035 3593 1318 3662 sapientes,
1359 3593 1611 3663 imparem
1642 3614 1915 3652 numerant
1955 3603 2073 3670 pari

492 3685 867 3754 pratposuisse.
886 3683 951 3738 Et
975 3682 1199 3747 Plinius,
1228 3682 1324 3738 lib.
1346 3700 1537 3751 xxvm,
1558 3702 1678 3756 cap.
1704 3688 1761 3740 Η
1790 3704 1804 3743 :
1834 3688 2071 3755 lmpares

494 3792 742 3830 numeros
774 3776 845 3829 ad
877 3776 1056 3829 omnia
1089 3775 1499 3829 vehementiores
1522 3778 1807 3831 credimus.
1834 3778 1969 3844 Quia
1996 3780 2067 3834 vi-

494 3866 714 3930 delicet,
747 3874 807 3920 ut
843 3866 1078 3936 explicat
1112 3880 1438 3937 anonymus,
1481 3868 1535 3922 in
1578 3868 1854 3925 Ptolemzei
1890 3870 2072 3926 Tetra-

496 3957 671 4011 biblon
705 3958 797 4013 lib.
835 3972 873 4024 ι,
912 3973 1174 4015 numerus
1212 3974 1312 4029 par
1349 3960 1577 4015 sectioni
1635 3973 1798 4032 atque
1834 3963 2069 4031 passioni

493 4050 792 4116 obnoxius;
829 4050 1004 4119 impar
1034 4065 1166 4105 vero
1194 4053 1482 4121 utriusque
1513 4066 1730 4121 expers,
1764 4062 1819 4109 et
1856 4052 2065 4121 efﬁcax,

493 4150 550 4196 et
592 4142 659 4195 ad
707 4140 992 4206 unitatem,
1037 4141 1281 4196 omnium
1329 4141 1815 4212 simplicissimam,
1850 4146 2070 4214 propius

494 4230 728 4287 accedit.
752 4230 821 4283 Et
853 4231 996 4297 ideo,
1020 4233 1211 4287 eodem
1244 4245 1518 4301 anonymo
1552 4240 1712 4296 teste,
1737 4230 2070 4302 Pythagorei

492 4337 782 4380 numerum
838 4323 1101 4393 imparem
1156 4326 1481 4393 masculum,
1533 4338 1719 4394 parem
1775 4325 2068 4381 femineum

491 4416 768 4472 dicebant.
793 4416 885 4476 Διὸ
916 4418 944 4477 ὁ
973 4417 1092 4488 μὲν,
1118 4416 1286 4487 θῆλυς
1322 4417 1661 4489 ὀνομάζεταιι
1698 4420 1726 4472 ὁ
1757 4420 1833 4485 δὲ,
1871 4420 2066 4492 ἄρρην.

491 4509 559 4563 Et
590 4508 923 4572 Macrobius,
953 4508 1004 4561 in
1047 4506 1261 4562 Somnio
1292 4508 1578 4577 Scipionis,
1619 4511 1713 4565 lib.
1751 4529 1788 4577 ι,
1832 4529 1953 4581 cap.
1989 4514 2021 4567 6
2052 4532 2065 4567 :

2182 2043 2239 2089 et
2279 2032 2517 2087 {Eonum
2563 2032 2912 2101 feminarum,
2959 2034 3041 2087 vel
3075 2034 3311 2089 [Bonum
3358 2036 3763 2093 masculorum-

2180 2125 2506 2179 feminarum
2546 2126 2862 2195 mysterium
2901 2140 2931 2179 e
2969 2124 3370 2180 Platonicorum
3412 2128 3619 2184 lacunis
3658 2129 3766 2186 de-

2177 2225 2484 2285 promptum
2506 2215 2696 2270 fuisse.
2720 2214 2859 2269 Nihil
2886 2215 3226 2287 frequentius
3250 2220 3389 2289 apud
3412 2218 3664 2277 Proelum
3698 2232 3765 2279 et

2180 2305 2321 2361 alios
2339 2306 2603 2370 occurrit,
2626 2321 2789 2375 quam
2812 2307 2942 2362 deos
2966 2309 3229 2378 quosdam
3258 2325 3463 2376 mares,
3486 2315 3759 2381 quosdam

2178 2401 2435 2464 fetutinas,
2460 2400 2542 2454 vel
2566 2403 2826 2470 quosdam
2851 2404 3353 2461 masculo-feminas
3375 2422 3512 2463 esse.
3533 2407 3635 2464 Ubi
3656 2425 3764 2478 per

2178 2491 2411 2547 feminas
2454 2494 2591 2547 nihil
2637 2495 2782 2548 aliud
2826 2495 3153 2567 intelligunt,
3188 2513 3347 2567 quam
3391 2499 3612 2554 deorum
3655 2517 3763 2572 po-

2177 2584 2374 2637 tentias
2422 2593 2478 2638 et
2518 2583 2830 2650 facultates,
2876 2586 2944 2641 iis
2994 2587 3188 2641 intime
3232 2588 3608 2655 adhaerentes,
3654 2606 3762 2661 per

2176 2673 2558 2743 quaseflectus
2598 2674 2704 2731 sibi
2734 2676 2986 2747 proprios
3033 2687 3335 2748 operantur
3380 2687 3435 2735 et
3462 2681 3518 2735 in
3576 2680 3758 2737 lucem

2176 2767 2362 2821 edunt.

2245 2859 2332 2913 41.
2412 2860 2617 2916 Deinde
2683 2861 3012 2933 Pythagorei
3090 2877 3376 2918 numerum
3452 2864 3758 2934 imparem,

2178 2950 2452 3017 dextrum,
2484 2951 2719 3007 faustum
2750 2963 2807 3008 et
2839 2968 3190 3024 prosperum;
3221 2968 3407 3023 parem
3432 2969 3584 3018 vero,
3612 2954 3763 3010 sini-

2173 3052 2345 3097 strum
2374 3051 2428 3097 et
2463 3043 2760 3098 infaustum
2801 3045 3097 3101 habebant.
3131 3045 3487 3111 Jantblichus,
3529 3045 3606 3100 De
3641 3046 3771 3101 vita.

2174 3122 2515 3205 Pythagorae,
2550 3135 2646 3190 lib.
2678 3152 2719 3200 ι,
2745 3152 2863 3207 cap.
2903 3135 2973 3192 28
3008 3153 3022 3189 :
3056 3136 3296 3190 Είσιέναι
3326 3137 3383 3189 δὲ
3422 3139 3500 3200 είς
3528 3136 3596 3190 τὰ
3626 3138 3759 3209 ἱερὰ

2174 3226 2314 3280 κατά
2372 3227 2498 3290 τοὺς
2521 3225 2758 3291 ιδεξιοὺς
2809 3229 3005 3291 τόπους
3034 3228 3419 3300 παραγγέλλει·
3457 3228 3657 3295 ἐξιέναι
3691 3231 3758 3284 δὲ

2174 3317 2313 3373 κατά
2365 3319 2490 3382 τοὺς
2532 3319 2872 3390 ἀριστερούςο
2921 3319 2983 3372 τὸ
3037 3320 3135 3390 μὲν
3191 3320 3380 3385 δεξιὸν,
3429 3320 3601 3392 ἀρχὴν
3652 3321 3758 3375 τοῦ

2174 3409 2429 3481 περιττοῦ
2470 3409 2761 3482 λεγομένου
2806 3410 2912 3465 τῶν
2954 3411 3200 3483 ἀριθμῶν
3242 3412 3540 3482 τιθέμενος,
3585 3414 3648 3466 τὸ
3693 3415 3760 3468 δὲ

2174 3499 2482 3570 ἀριστερὸν,
2510 3501 2604 3554 τοῦ
2643 3502 2829 3573 ἀρτίου
2863 3503 3149 3574 σύμϐολον.
3189 3503 3400 3570 Templa
3428 3505 3630 3573 ingredi
3660 3522 3760 3573 per

2173 3592 2289 3646 loca
2335 3595 2523 3647 dextra
2568 3596 2929 3664 praecipiebat,
2978 3596 3154 3665 egredi
3200 3613 3318 3649 t-ero
3361 3612 3452 3664 per
3493 3597 3752 3663 sinistra,

2172 3685 2358 3754 quippe
2391 3685 2634 3738 dextrunt
2675 3686 2899 3750 numeri,
2946 3687 3038 3756 qui
3076 3688 3248 3755 impar
3276 3688 3492 3749 dicitur,
3537 3688 3757 3741 initium

2172 3790 2312 3838 esse;
2361 3775 2637 3828 sinistrum
2693 3785 2890 3841 autem,
2947 3779 3091 3847 paris
3145 3778 3437 3847 symbolum
3497 3776 3751 3852 [XXIX].

2172 3864 2528 3933 Censorinus,
2573 3865 2651 3920 De
2678 3868 2764 3921 die
2795 3867 2987 3934 natali,
3021 3884 3143 3938 cap.
3176 3870 3245 3924 20
3285 3888 3298 3923 :
3340 3869 3520 3939 Impar
3556 3887 3752 3925 nume-

2171 3971 2264 4008 rus
2299 3956 2506 4025 plenus,
2528 3968 2574 4012 et
2604 3959 2770 4027 magis
2799 3959 3002 4027 faustus
3028 3962 3329 4015 habebatur.
3368 3962 3640 4028 Lutatius,
3678 3966 3753 4017 ad

2173 4046 2335 4104 Statii
2372 4048 2531 4103 Tlteb.
2572 4066 2604 4101 ν
2642 4068 2655 4104 :
2686 4050 2866 4105 Omnis
2899 4054 3070 4121 impar
3103 4070 3350 4108 numerus
3387 4072 3630 4124 prospera
3671 4058 3754 4109 si-

2171 4142 2406 4212 gniﬁcat,
2438 4152 2485 4196 et
2514 4143 2643 4197 vivis
2674 4144 2980 4201 ascribitur.
3014 4143 3209 4199 Festus
3238 4147 3471 4213 denique
3499 4163 3514 4199 :
3558 4146 3752 4215 Impa-

2172 4247 2280 4284 rem
2321 4247 2596 4286 numerum
2636 4234 2838 4304 antiqui
2883 4235 3180 4289 hominibus
3211 4239 3591 4301 prosperiorem
3630 4254 3753 4294 esse

2173 4324 2527 4379 crediderunt.
2599 4324 2807 4390 Quibus
2872 4326 3030 4382 facile
3085 4328 3390 4396 explicatur
3452 4345 3514 4383 ea
3579 4346 3748 4399 quam

2171 4416 2267 4470 lib.
2302 4432 2343 4483 ι,
2380 4431 2501 4485 cap.
2542 4416 2630 4484 Η,
2668 4432 2725 4471 n.
2760 4417 2817 4481 2,
2851 4417 3088 4473 fremens
3130 4420 3297 4473 refert
3341 4419 3600 4486 Secundi,
3642 4421 3750 4477 Va-

2172 4504 2361 4560 lentini
2415 4506 2691 4575 discipuli,
2738 4508 3010 4563 sententia
3059 4528 3073 4564 :
3126 4511 3590 4576 Quaternationem
3630 4529 3749 4571 esse

492 4601 628 4655 Esse
679 4601 931 4663 imparem
988 4616 1209 4663 marem,
1256 4617 1436 4667 parem
1493 4602 1767 4669 feminam,
1827 4607 2063 4672 superius
2095 4607 2139 4661 D
2168 4597 2432 4665 ἀειττναηι,
2464 4610 2511 4651 ει
2542 4602 2996 4667 qualeruationem
3031 4604 3324 4668 δὶηίειναηι,
3362 4613 3409 4657 εί
3454 4605 3654 4669 lumen.
3693 4618 3747 4661 ει

492 4692 869 4758 expressimus.
904 4690 1171 4744 Numerus
1200 4691 1452 4758 proinde,
1493 4691 1585 4760 qui
1617 4707 1685 4746 ex
1724 4695 1865 4762 pari,
1904 4706 2065 4765 atque

492 4781 689 4850 impari
729 4781 993 4839 conﬂatus
1021 4794 1122 4840 est.
1164 4785 1215 4838 id
1244 4795 1417 4841 estex
1451 4802 1601 4844 mare
1637 4799 1802 4858 atque
1841 4788 2063 4857 femina,

490 4873 879 4945 ἀρρενόοηλυς,
907 4876 1364 4944 masculo-femina
1400 4881 1712 4935 vocabatur.
1747 4885 2065 4955 Anonymus

490 4965 548 5021 In
588 4963 1016 5033 Theologumenis
1049 4967 1418 5035 arithmeticis,
1459 4971 1548 5026 ubi
1590 4973 1659 5027 de
1708 4990 1936 5028 numero
1982 4991 2068 5030 se-

490 5056 649 5111 nario
676 5074 690 5111 :
716 5054 808 5121 Ἐξ
830 5056 1039 5130 ἀρτίου,
1068 5060 1161 5113 καὶ
1188 5063 1470 5135 περισσοῦ,
1495 5062 1601 5116 τῶν
1627 5063 2065 5139 πρώτων,.ἆρῤε-

489 5163 580 5210 νος
599 5146 692 5201 καὶ
710 5146 919 5219 θήλεος,
938 5148 1164 5221 δυνάμει
1185 5153 1282 5205 καὶ¹
1300 5153 1799 5226 πολλαπλασιασμῷ
1815 5157 2024 5225 γίνεται
2045 5198 2059 5223 ,

488 5236 571 5291 διὸ
594 5237 688 5292 καὶ
712 5238 1075 5311 ἀρρενόθηλυς
1106 5242 1372 5299 καλεῖται.
1405 5246 1487 5300 Ex
1517 5248 1632 5315 pari
1661 5256 1709 5299 et
1735 5249 1923 5314 impari
1954 5252 2065 5317 pri-

488 5334 612 5398 mis,
651 5348 796 5386 mare
824 5342 874 5386 et
901 5333 1124 5402 femina,
1156 5340 1386 5403 potentia
1419 5350 1467 5392 et
1498 5341 1932 5409 multiplicatione
1963 5359 2062 5395 ua-

488 5426 654 5480 scitur
682 5439 702 5479 :
741 5424 879 5480 unde
903 5434 953 5479 et
984 5427 1449 5499 masculo-femina
1490 5433 1705 5487 dicitur.
1740 5420 1819 5487 Ex
1860 5435 2057 5503 quibus

489 5515 740 5584 omnibus
761 5516 938 5572 lucem
962 5519 1259 5589 accipiunt,
1283 5535 1401 5589 qua:
1424 5525 1583 5580 modo
1611 5541 1676 5580 ex
1702 5526 1904 5582 Irenaeo
1927 5527 2061 5581 refe-

490 5607 764 5675 rebamus,
794 5610 1195 5680 primogenitum
1227 5614 1606 5668 octonationem
1631 5628 1859 5687 quatuor
1894 5621 2061 5673 nomi-

490 5699 646 5753 nibus
666 5700 809 5767 apud
838 5700 1236 5757 Valentinianus
1257 5714 1613 5774 nuncupatam
1637 5707 1824 5773 fuisse,
1850 5708 2057 5779 Bytbon

491 5799 545 5843 et
570 5788 712 5862 Nun,
738 5801 791 5846 et
809 5794 992 5862 Logon
1018 5806 1074 5851 et
1095 5782 1437 5867 Anthropo'n.
1458 5797 1662 5868 Nempe
1685 5818 1805 5855 cum
1826 5802 2055 5872 Bythus,

491 5881 624 5949 Nus.
657 5882 835 5953 Laxos
864 5896 917 5943 et
941 5887 1275 5956 Anthropos,
1308 5891 1609 5957 imparibus
1640 5894 1881 5950 numeris
1913 5896 1967 5958 1,
2002 5895 2055 5957 5,

2167 4690 2425 4745 tenebras.
2474 4690 2608 4745 Cum
2651 4692 2817 4757 enim,
2869 4692 3164 4749 Plutarcho
3215 4704 3372 4760 teste,
3422 4696 3473 4748 in
3518 4696 3615 4752 lib.
3663 4697 3767 4751 De.

2165 4784 2357 4837 animte
2381 4785 2766 4853 procreatione,
2806 4784 2960 4853 cujus
2985 4788 3150 4841 verba
3185 4803 3309 4841 mox
3357 4788 3741 4858 recitabimus,

2164 4874 2543 4946 Pythagoricis
2588 4878 2784 4947 duplex
2831 4888 2978 4933 esset
3025 4881 3426 4947 quaternarius,
3477 4880 3615 4934 alter
3669 4898 3745 4937 ex

2166 4968 2357 5037 primis
2381 4978 2615 5038 quatuor
2652 4971 2975 5040 imparibus,
3010 4971 3147 5025 alter
3177 4986 3244 5025 ex
3274 4973 3464 5041 primis
3502 4983 3746 5043 quatuor

2164 5060 2385 5128 paribus
2413 5062 2773 5130 compositus,
2817 5062 3017 5132 illeque
3057 5064 3246 5119 dexter
3290 5075 3344 5119 et
3385 5064 3613 5131 faustus,
3647 5067 3745 5124 hic

2164 5152 2389 5207 sinister
2424 5164 2478 5208 et
2514 5154 2787 5209 infaustus
2826 5157 3268 5222 existimaretur;
3310 5172 3416 5212 non
3460 5162 3655 5213 mirum
3692 5162 3741 5217 si

2167 5242 2450 5300 Secundus
2495 5259 2685 5300 eorum
2741 5248 2971 5317 vestigia
3020 5249 3292 5317 relegens,
3349 5249 3743 5308 Gnosticorunt

2164 5339 2506 5394 octonarium
2538 5339 2591 5393 in
2629 5340 2764 5397 duos
2795 5346 3177 5411 quaternarios
3206 5352 3442 5410 secaret,
3477 5344 3736 5399 dextrum

2163 5433 2373 5488 scilicet
2401 5441 2455 5488 et
2495 5432 2799 5490 sinistrum.
2845 5434 3039 5489 Dexter
3078 5434 3124 5489 is
3161 5444 3281 5489 erat
3317 5437 3410 5505 qui
3445 5451 3512 5490 ex
3543 5437 3741 5506 primis

2163 5536 2396 5595 quatuor
2431 5526 2731 5595 imparibus
2768 5526 3037 5583 IEonibus
3067 5526 3333 5583 conﬂatus
3377 5536 3516 5593 erat,
3552 5528 3737 5597 primo

2162 5618 2437 5684 videlicet,
2474 5618 2663 5684 tertio,
2693 5619 2886 5688 quinto
2913 5629 2967 5673 et
2994 5621 3256 5689 septimo;
3286 5620 3514 5676 sinister
3543 5621 3635 5690 qui
3663 5639 3736 5679 ex

2162 5710 2352 5778 primis
2388 5720 2620 5781 quatuor
2658 5713 2899 5781 paribus,
2939 5713 3199 5779 secundo,
3236 5722 3460 5784 quarto.
3490 5724 3645 5770 sexto
3679 5722 3740 5769 et

2162 5813 2374 5858 octavo.
2419 5803 2636 5859 Primus
2684 5804 2862 5859 lumen
2886 5812 3023 5871 erat,
3059 5805 3187 5873 quia
3232 5808 3443 5861 numeri
3492 5807 3737 5875 impares

2162 5895 2325 5953 fausti
2370 5906 2424 5953 et
2472 5912 2679 5965 mares;
2730 5897 2998 5955 secundus
3038 5899 3298 5965 tenebrae,
3343 5899 3471 5965 quia
3516 5898 3744 5959 numeri

3737 6098 3795 6151 τὶ
