3954 6352
199 442 266 496 5|
1122 441 1587 499 DlSSERTATlO
1628 447 1672 505 l’,
1715 439 1854 494 ART
1922 441 1962 503 l,
2004 439 2093 501 DE
2133 438 2544 494 VALENTINO‘.
3402 439 3469 494 62

198 575 355 631 pares
380 560 615 617 infausti
646 571 704 617 et
737 562 975 625 feminae,
1010 563 1199 633 haeque
1238 578 1267 617 a
1301 563 1566 630 maribus,
1600 577 1630 616 a
1665 561 1785 631 qui-
1815 564 1861 620 Α
1892 560 2158 614 reconditi
2193 571 2324 614 sunt
2355 576 2531 614 omnes
2570 559 2810 613 thesauri
2847 560 3121 625 sapientia'
3151 570 3199 613 el
3229 559 3470 612 scientia

198 656 298 711 bus
326 654 594 722 pendent,
631 656 818 711 lumen
849 656 1145 726 accipiunt.

265 746 346 799 42.
381 744 636 816 Denique
674 762 740 801 ea
774 748 859 802 vis
899 757 984 802 est
1016 747 1363 817 Pythagorici
1395 746 1758 817 quaternarii,

196 850 254 893 ut
281 855 570 893 numerum
601 856 700 896 sex
737 851 786 896 et
820 842 1045 910 triginta
1081 843 1390 905 contineat;
1420 855 1611 909 nempe
1645 855 1783 909 qua-

196 942 317 990 tuor
341 936 555 1003 primos
598 951 764 1003 pares
812 952 1099 1001 numeros,
1138 936 1435 997 binarium,
1486 944 1783 1005 quaterna-

194 1031 352 1091 rium,
410 1029 725 1091 senarium,
781 1031 1125 1085 octonarium
1164 1074 1174 1085 .
1208 1039 1266 1083 et
1314 1037 1546 1097 quatuor
1574 1029 1782 1098 primos

195 1123 451 1188 impares,
486 1121 789 1187 unitatem,
819 1123 1147 1188 ternarium,
1173 1122 1489 1190 quinarium
1518 1130 1572 1176 et
1603 1131 1783 1190 septe-

194 1215 441 1280 narium;
469 1216 567 1285 qui
593 1215 817 1271 collecti
835 1231 958 1271 eum
986 1230 1271 1270 numerum
1299 1217 1596 1282 exhibent;
1628 1218 1779 1272 ideo—

192 1325 302 1378 que
360 1309 596 1366 Mundus
650 1311 976 1381 appellatur.
1031 1310 1377 1375 Plutarchus,
1430 1310 1505 1363 De
1558 1310 1701 1364 Iside
1731 1320 1782 1364 et

193 1400 413 1454 Osiride
442 1418 460 1455 :
508 1402 572 1453 'H
623 1402 683 1454 δὲ
734 1402 1046 1473 καλουμένη
1087 1402 1409 1473 τετρακτὺς,
1468 1403 1535 1456 τὰ
1582 1401 1639 1469 ἒξ
1688 1402 1780 1456 καὶ

192 1494 511 1565 ςριάκοντα,
549 1495 813 1565 μέγιστος
844 1491 912 1565 ἦν
936 1496 1117 1566 ὅρκος,
1166 1494 1241 1558 ὡς
1275 1495 1649 1567 τεθρύλληται,
1686 1495 1780 1549 καὶ

189 1588 403 1657 κόσμος
425 1587 766 1657 ὠνόμασται,
803 1587 1085 1659 τεσσάρων
1135 1586 1234 1655 μὲν
1262 1586 1465 1657 ἀρτίων
1492 1585 1599 1639 τῶν
1631 1584 1781 1659 πρώ-

184 1696 319 1743 των,
357 1680 640 1751 τεσσάρων
670 1680 729 1733 δὲ
758 1678 864 1733 τῶν
899 1677 1196 1750 περισσῶν,
1225 1681 1304 1741 εἰς
1338 1679 1398 1731 τὸ
1434 1678 1566 1731 αὐτὸ
1602 1696 1780 1731 συντι-

185 1773 444 1843 causam
470 1772 921 1843 ἀποτελούμενος.
949 1771 1050 1838 Qui
1082 1788 1198 1825 vero
1227 1772 1603 1843 quaternarius
1626 1787 1779 1823 voca-

186 1866 390 1930 batur,
439 1884 468 1920 e
512 1882 604 1920 ses
644 1876 699 1920 et
742 1867 959 1936 triginta
1015 1875 1284 1929 constans,
1333 1864 1624 1917 maximum
1664 1870 1779 1915 erat

176 1960 589 2027 ferramentum,
624 1967 680 2011 ut
706 1973 943 2011 sermone
982 1957 1215 2010 omnium
1249 1956 1431 2009 tritum
1476 1964 1573 2021 est,
1615 1963 1662 2008 et
1688 1970 1778 2023 ap-

177 2051 494 2118 pellabatur
540 2048 770 2103 Mundus
796 2066 883 2103 :-e
924 2050 1109 2119 primis
1152 2056 1385 2118 quatuor
1430 2046 1669 2115 paribus,
1716 2060 1778 2097 ac

177 2146 380 2212 primis
408 2155 640 2208 quatuor
667 2142 961 2211 imparibus
1009 2142 1347 2196 constitutus.
1382 2141 1445 2194 Et
1482 2141 1533 2194 in
1572 2139 1664 2193 lib.
1702 2138 1779 2193 De

175 2238 387 2289 animi:
417 2237 785 2306 procreatioue
812 2248 827 2287 :
871 2234 938 2287 Ἠ
970 2233 1075 2305 μὲν
1115 2234 1221 2286 ὑπὸ
1250 2233 1355 2287 τῶν
1384 2229 1779 2304 Πυθαγορικῶν

174 2328 512 2400 ἐμνουμένη
541 2332 862 2400 τετρακτὺς,
892 2328 961 2381 τὰ
988 2326 1048 2392 ἓξ
1070 2328 1163 2380 καὶ
1186 2325 1254 2379 τὰ
1295 2324 1607 2397 τριάκοντα,
1644 2322 1777 2376 θαυ-

177 2422 402 2491 μαστὸν
431 2420 581 2491 ἔχειν
619 2422 785 2487 δοκεῖ,
824 2421 886 2475 τὸ
929 2417 1244 2489 συγκεῖσθαι
1293 2417 1389 2486 μὲν
1435 2416 1499 2467 ὲκ
1544 2412 1778 2486 πρώτων

172 2511 397 2583 ἀρτίων
427 2512 731 2585 τεσσάρων,
766 2513 862 2566 καὶ
896 2510 1127 2584 πρώτων
1163 2506 1440 2580 περισσῶν
1471 2506 1773 2576 τεσσάρων.

171 2604 452 2675 Equidem
467 2608 842 2678 quam-uarius
866 2604 957 2662 ille
977 2623 1009 2660 a
1035 2605 1403 2676 Pythagoricis
1429 2604 1772 2671 prwdicatus,

171 2706 390 2759 scilicet
441 2719 538 2758 sea:
588 2715 647 2757 et
683 2704 945 2771 triginta,
983 2702 1118 2756 illud
1172 2701 1325 2755 habet
1372 2699 1775 2762 admirandum,

171 2802 317 2870 quod
342 2800 671 2869 compositus
702 2800 771 2854 sit
798 2815 825 2853 e
854 2808 1085 2869 quatuor
1112 2796 1298 2866 primis
1326 2794 1568 2863 paribus,
1602 2801 1649 2846 et
1674 2792 1779 2860 prio

174 2895 282 2947 suis
334 2904 573 2963 quatuor
616 2892 934 2963 imparibus.
971 2889 1176 2944 Eadem
1211 2888 1295 2940 vis
1339 2886 1443 2940 fuit
1493 2884 1778 2952 utriusque

180 2986 553 3056 quaternarii,
587 3001 711 3041 cum
750 2986 922 3055 paris,
953 2992 1065 3038 tum
1096 2980 1345 3050 imparis,
1379 2995 1473 3035 seu
1507 2978 1781 3033 octonarii»

178 3078 589 3133 Valentiniani.
643 3076 879 3131 Mundus
925 3085 982 3130 et
1017 3076 1135 3144 ipse
1179 3083 1319 3141 erat,
1376 3087 1777 3139 numerumque

178 3186 275 3227 se:
325 3180 387 3226 et
418 3173 645 3241 triginta
704 3169 1191 3239 complectebatur.
1231 3166 1541 3221 Exltibebat
1582 3182 1777 3236 nempe

176 3274 308 3317 octo
339 3262 559 3332 primos
590 3260 821 3324 Eones,
869 3276 997 3315 cum
1043 3259 1163 3314 aliis
1214 3258 1403 3328 viginti
1442 3267 1497 3311 et
1538 3258 1773 3323 duobus,

172 3354 461 3424 Horaque,
496 3353 721 3410 Christo
753 3360 806 3408 et
835 3351 1040 3422 Spiritu
1069 3361 1292 3418 sancto,
1319 3359 1374 3407 et
1398 3350 1683 3405 Salvatore
1705 3349 1773 3403 ab

179 3448 247 3504 iis
279 3447 533 3511 emissis,
564 3446 762 3515 quibus
788 3445 1037 3499 Pleroma
1067 3460 1163 3500 seu
1193 3442 1428 3498 mundus
1456 3442 1774 3511 intelligibi-

178 3539 244 3593 lis
276 3538 587 3602 deﬁnitur;
624 3548 678 3592 et
722 3536 1069 3590 Achamotha
1109 3550 1173 3591 ac
1213 3535 1532 3604 Detniurgo,
1584 3533 1773 3588 tnundi

178 3630 343 3698 hujus
375 3628 737 3701 aspectabilis
789 3629 1024 3684 ducibus
1056 3643 1121 3683 ac
1147 3628 1541 3693 conditoribus,
1570 3627 1772 3696 quique

178 3738 208 3777 a
256 3723 523 3792 supernis
572 3720 847 3777 [Eonibus
888 3730 1072 3777 ortum
1099 3720 1336 3785 ducunt,
1370 3735 1436 3775 ac
1478 3734 1769 3774 numerum

179 3818 246 3872 36
276 3816 585 3885 complent.

248 3911 345 3964 45.
386 3909 470 3963 Ex
516 3906 697 3977 primo
746 3904 835 3960 illo
877 3903 1111 3959 Bonum
1153 3901 1455 3965 octonario,
1488 3900 1772 3955 denarium

180 4002 452 4063 alterum,
497 4008 550 4054 et
582 3996 983 4052 duodenarium
1015 3994 1343 4051 derivabant
1374 3991 1772 4057 Valentiniani,

181 4106 380 4160 nempe
411 4091 609 4145 decem
644 4102 673 4140 a
716 4086 897 4140 Verbo
930 4094 985 4140 et
1008 4085 1152 4149 Vita,
1209 4083 1496 4139 duodecim
1541 4084 1610 4136 ab
1662 4082 1773 4135 Ho-

182 4185 327 4239 mine
359 4193 416 4238 et
450 4180 702 4237 Ecclesia
739 4178 1005 4243 emissos;
1040 4186 1099 4231 ut
1136 4193 1200 4232 ex
1228 4176 1296 4231 iis
1327 4177 1584 4232 omnibus
1616 4180 1775 4229 ﬁeret

182 4275 521 4329 tricenarius
583 4270 823 4327 IEonum
887 4286 1167 4325 numerus.
1221 4270 1593 4325 Posteriorum
1649 4268 1774 4337 qui-

183 4371 298 4422 dem
338 4371 578 4422 istorum
625 4366 845 4420 nomina
897 4373 953 4419 et
990 4362 1403 4432 coniugationes
1435 4377 1540 4416 non
1574 4376 1774 4416 occur-

186 4471 307 4512 runt
340 4458 399 4512 in
433 4455 847 4511 Platonicorum
878 4453 1479 4525 Pythagoricorumque
1516 4453 1772 4522 scriptis;

188 4559 373 4619 utpote
410 4565 543 4619 qua:
564 4548 651 4603 vel
674 4563 705 4602 e
729 4547 1034 4617 Scripturis
1068 4546 1384 4609 corraserit,
1416 4545 1502 4599 vel
1533 4545 1774 4599 fabrica-

189 4646 325 4697 verit
353 4644 477 4714 ipse
505 4641 848 4696 Valentinus.
874 4640 1225 4709 Quaecunque
1246 4639 1322 4701 .in
1360 4638 1657 4708 Scripturis
1687 4653 1777 4693 vo-

192 4753 278 4791 tes
306 4735 485 4789 divini
522 4734 685 4789 Verbi
719 4733 1103 4802 proprietates,
1131 4731 1354 4803 ejusque
1386 4733 1438 4787 in
1476 4732 1773 4785 humanum

193 4843 362 4898 genus
384 4827 579 4883 effusae
622 4825 982 4897 benignitatis
1024 4824 1254 4880 eﬁ‘ectus
1304 4822 1642 4893 signiﬁcant,
1674 4823 1774 4877 has

192 4922 433 4976 studiose
460 4919 751 4989 colligens,
782 4927 838 4972 et
868 4917 1105 4974 artiﬁcio
1130 4918 1366 4988 quodam
1419 4916 1683 4986 colligans
1709 4929 1774 4971 ac
1806 4967 1815 4974 .

192 5022 545 5077 connectens,
567 5012 623 5063 in
657 5009 882 5064 totidem
911 5008 1115 5065 Eones
1144 5008 1557 5064 transformavit
1583 5024 1598 5073 ;
1630 5022 1773 5063 vana

195 5107 549 5178 persuasione
594 5104 879 5168 seductus,
919 5101 1152 5157 diversis
1196 5101 1304 5156 illis
1334 5100 1651 5157 nominibus
1683 5115 1773 5156 res

197 5202 435 5255 diversas
466 5193 772 5264 designari.
820 5190 1061 5246 Verbum
1102 5193 1378 5246 hominem
1415 5191 1617 5246 factum
1667 5192 1773 5246 Ec-

195 5294 409 5348 clesiam
442 5292 727 5355 fundasse,
764 5290 1144 5359 inspirataque
1182 5288 1232 5345 ei
1270 5289 1376 5343 vita
1428 5289 1481 5344 in
1517 5303 1791 5359 sponsam-

195 5388 286 5440 sibi
311 5385 697 5454 assumpsisse,
722 5384 774 5437 in
813 5382 1115 5452 Scripturis
1150 5380 1352 5451 passim
1388 5380 1640 5452 legimus.
1676 5379 1773 5436 His

194 5476 383 5530 abusus
409 5486 667 5545 nugator,
697 5490 726 5528 a
778 5474 957 5528 Verbo
997 5483 1051 5527 et
1084 5472 1205 5526 Vita
1259 5472 1547 5527 Hominem
1579 5481 1635 5527 et
1671 5472 1775 5529 Ec-

192 5566 407 5621 clesium
447 5564 724 5619 ellluxisse
756 5564 939 5618 ﬁnxit.
965 5562 1097 5630 Quia
1123 5578 1254 5620 vero
1290 5565 1343 5618 in
1366 5564 1587 5619 Christo
1613 5565 1773 5618 inha-

192 5661 313 5714 bitat
329 5662 503 5713 omnis
528 5660 807 5730 plenitudo
832 5658 1139 5712 Divinitatis
1157 5659 1589 5728 corporaliter,et
1618 5658 1672 5713 in
1706 5673 1771 5713 eo

287 5817 332 5847 δ’
361 5816 583 5873 Coloss.
610 5832 673 5881 ll,
699 5817 815 5883 9_'et
840 5814 895 5866 9..

198 5902 265 5951 tu,
294 5887 383 5941 17.
479 5889 528 5920 ⁸⁸
566 5887 744 5957 Apoc.
774 5902 816 5943 ι.
844 5888 896 5938 8.
992 5885 1037 5916 ⁵⁵
1065 5885 1375 5957 Joan._svt.
1416 5886 1502 5939 15.

200 5959 237 5989 ⁶⁵
272 5958 433 6016 Rom.
472 5977 525 6030 ν,
714 5959 755 5989 ⁸⁸
793 5958 810 6011 ι
842 5957 971 6014 Cor.
1006 5972 1067 6023 tt,
1101 5955 1201 6025 10;
1234 5955 1278 6011 ll
1306 5957 1433 6014 Cor.
1468 5972 1564 6024 vn,
1624 5954 1680 6012 2.

975 5814 1019 5845 '°
1047 5812 1180 5869 Heh.
1213 5832 1251 5878 ι,
1282 5815 1370 5877 ll,
1424 5814 1511 5869 l2.
1588 5815 1631 5845 ⁸¹
1662 5814 1821 5870 Prov.
1859 5831 1975 5873 vttt.
2019 5812 2111 5865 22.
2189 5810 2233 5841 ⁵³
2266 5806 2514 5878 ιοδηημ,
2558 5803 2609 5856 1-

1584 5886 1625 5916 ⁵⁷
1665 5886 1819 5943 Hom.
1854 5902 1971 5953 vm,
2006 5883 2092 5950 15,
2125 5882 2209 5947 17,
2252 5879 2339 5936 19.

1887 654 1983 707 Dei
2019 652 2085 717 ιθ,
2109 652 2240 705 hinc
2288 652 2512 720 Bytltins
2565 666 2661 706 seu
2708 648 3043 717 Profundus,
3093 659 3147 704 et
3185 648 3343 702 Mixis
3373 665 3466 703 seu

1888 743 2122 797 Mistura
2150 760 2166 796 :
2202 743 2512 798 Profundus
2543 741 2765 811 quidem
2800 742 2869 795 ob
2902 740 3298 809 perfectionum
3338 740 3465 793 inﬁ-

1887 839 2058 891 nitam
2092 835 2558 903 profunditatem;
2607 833 2831 887 Mistura
2866 847 2999 887 vero
3027 834 3096 885 ob
3142 833 3462 887 earumdem

1885 926 2355 982 Ordinatissimam
2409 925 2629 979 seriem.
2689 924 2764 977 De
2812 922 3032 978 Christo
3067 938 3129 977 ea
3173 923 3364 991 psalmi
3415 940 3463 977 Cl

1883 1020 2048 1075 verba
2081 1017 2335 1086 intelligit
2370 1016 2707 1085 Apostolus:
2739 1015 2853 1085 Ipsi
2884 1014 3055 1085 (cteli)
3098 1015 3378 1082 peribunt;
3409 1026 3465 1065 tu

1885 1123 2060 1167 autem
2103 1111 2456 1182 permanebis,
2489 1118 2537 1163 et
2582 1124 2763 1162 omnes
2786 1118 2842 1161 ut
2875 1109 3233 1161 vestimentum
3263 1117 3466 1161 vetera-

1882 1212 2069 1266 sceut;
2100 1210 2156 1253 tu
2181 1208 2359 1253 autem
2392 1200 2530 1253 idem
2577 1199 2689 1268 ipse
2712 1216 2787 1264 es,
2832 1207 2880 1252 et
2905 1199 3035 1252 anni
3076 1199 3156 1251 tui
3192 1215 3297 1252 non
3330 1198 3463 1265 deﬁ-

1884 1295 2019 1346 cient
2048 1291 2130 1355 ⁸ος
2162 1301 2220 1344 ut
2248 1289 2494 1345 omittam
2529 1289 2633 1341 alia
2659 1289 3087 1359 quamplurima,
3110 1304 3231 1357 qum
3252 1289 3459 1344 Christi

1884 1386 2381 1442 immutabilitatem
2408 1384 2539 1439 nulli
2564 1383 2854 1437 obnoxiam
2881 1384 3059 1448 senio,
3081 1383 3305 1451 ejusque
3336 1398 3465 1450 per-

1884 1480 2151 1534 fectiones
2213 1494 2491 1547 nunquam
2560 1478 2795 1531 caducas
2868 1478 3261 1530 demonstrant.
3330 1474 3463 1528 inde

1884 1574 2172 1642 Ageratos,
2199 1572 2332 1626 senii
2368 1586 2572 1639 expers,
2614 1570 2701 1624 cui
2735 1568 3022 1637 copulatur
3059 1568 3276 1630 Enosis,
3313 1567 3460 1627 uitio.

1882 1666 1950 1719 ob
1982 1664 2375 1733 perlectionum
2402 1676 2681 1730 nunquam
2694 1658 3120 1729 defectttrarnm,
3143 1660 3468 1714 minuenda-

1883 1774 2003 1813 rutn
2056 1767 2151 1812 aut
2185 1756 2627 1826 dissipandarum
2682 1754 3053 1811 arctissimum
3089 1768 3311 1808 nexum.
3362 1752 3466 1806 Sa—

1884 1852 2090 1923 pientia
2122 1852 2175 1906 in
2210 1851 2511 1922 Scripturis
2543 1850 2589 1882 ⁵¹
2616 1848 2785 1903 fuisse
2823 1848 3030 1903 dicitur
3056 1848 3114 1900 in
3155 1846 3319 1900 initio
3347 1845 3461 1899 via-

1884 1964 2002 2002 rum
2034 1945 2271 2011 Domini,
2297 1954 2593 2012 antequam
2628 1942 2926 2011 quidquam
2965 1941 3173 1993 l'aceret
3200 1953 3227 1991 a
3257 1937 3464 2006 princi-

1881 2042 1995 2112 pio,
2031 2042 2097 2096 ab
2130 2048 2336 2094 aeterno
2387 2038 2665 2101 ordinata,
2692 2046 2746 2089 et
2776 2049 2843 2090 ex
2880 2033 3126 2103 antiquis
3166 2040 3463 2101 antequam

1881 2143 2029 2189 terra
2066 2132 2241 2199 ﬁeret,
2272 2138 2399 2185 ante
2423 2130 2651 2197 abyssos
2678 2135 2964 2195 concepta,
2998 2135 3132 2187 etc.,
3160 2124 3269 2178 Deo
3295 2124 3466 2177 fuisse

1882 2226 1934 2280 in
1969 2223 2204 2279 deliciis.
2250 2220 2475 2274 Verbum
2524 2220 2579 2272 in
2624 2218 2880 2285 principio
2923 2229 3035 2271 erat
3075 2217 3150 2280 ",
3202 2215 3467 2284 Egressus

1880 2317 1995 2385 ejus
2026 2315 2089 2368 ab
2121 2313 2300 2377 initio,
2350 2329 2382 2365 a
2427 2310 2609 2365 diebus
2641 2309 2963 2362 azternitatis
3002 2309 3071 2372 ⁵³,
3108 2306 3279 2361 Filius
3314 2306 3465 2361 Patri

1881 2408 2122 2464 maxime
2177 2405 2410 2461 dilectus
2473 2412 2560 2459 est
2604 2403 2691 2467 ⁸⁸,
2753 2408 2798 2456 Α
2844 2411 2893 2455 et
2922 2402 2989 2465 0,
3050 2400 3370 2468 principium
3416 2407 3466 2452 et

1879 2502 2002 2569 ﬁnis
2033 2501 2100 2565 ⁸⁸,
2129 2508 2237 2555 etc.
2281 2496 2438 2552 Unde
2474 2496 2813 2566 AutOphyes,
2863 2510 2927 2547 ex
2958 2508 3013 2546 se
3059 2502 3239 2555 natus,
3274 2500 3329 2545 et
3357 2491 3468 2545 He-

1881 2595 2044 2657 done,
2070 2592 2327 2661 voluptas.
2355 2588 2513 2656 Quod
2540 2602 2668 2641 vero
2691 2595 2956 2640 aeternum
2984 2584 3058 2638 sit
3082 2582 3174 2638 Dei
3196 2581 3464 2648 Verbum,

1880 2685 2025 2753 quod
2054 2683 2268 2739 initium
2299 2679 2578 2747 excludat,
2607 2677 3044 2743 successionem,
3091 2690 3157 2730 ac
3187 2671 3467 2729 mutabili-

1883 2785 2073 2840 tatem,
2115 2788 2178 2828 ac
2210 2772 2368 2826 ﬁnem
2397 2786 2413 2835 ;
2450 2769 2593 2839 quod
2624 2767 2678 2821 in
2708 2773 2909 2837 puncto
2934 2778 2998 2818 ac
3029 2768 3311 2817 momento
3334 2774 3467 2813 con-

1879 2869 2114 2931 sistens,
2176 2864 2534 2919 mutationem
2598 2874 2665 2915 ac
2722 2855 3159 2913 vicissitudinem
3215 2851 3461 2916 nesciat;

1880 2961 2023 3032 quod
2046 2960 2281 3028 denique
2305 2956 2640 3012 inﬁnitatem
2676 2952 2896 3007 mobilis
2933 2948 3197 3017 temporis
3229 2958 3467 3014 praesen-

1878 3063 1985 3109 tetn
2030 3052 2254 3117 habeat,
2288 3058 2343 3105 et
2378 3050 2431 3103 in
2464 3063 2571 3118 quo
2602 3046 2784 3103 omnis
2810 3051 3031 3098 aetatum
3067 3050 3123 3096 et
3156 3049 3464 3106 temporum

1879 3145 2140 3211 varietas,
2190 3142 2450 3207 futurum,
2490 3154 2731 3211 praesens
2782 3146 2839 3192 et
2892 3133 3233 3207 prseteritum
3278 3129 3462 3199 perfe-

1805 3249 1846 3306 (ἶ
1880 3238 2131 3295 ctissime
2157 3245 2210 3293 et
2235 3236 2444 3305 absque
2473 3232 2582 3288 ullo
2600 3231 2743 3285 ﬂuxu
2764 3237 2995 3292 coeunt;
3024 3227 3154 3281 hinc
3176 3222 3462 3284 Acinetos,

1878 3327 2189 3393 immobilis,
2231 3326 2391 3395 cujus
2418 3324 2728 3394 proprietas
2778 3328 2865 3373 est
2896 3313 3219 3388 Syncrasis,
3252 3321 3463 3380 tempo-

1878 3434 2022 3485 rum,
2078 3425 2137 3470 ut
2167 3418 2243 3470 ita
2303 3415 2504 3479 dicam,
2567 3408 3001 3479 contemperatio.
3041 3404 3181 3472 Quia
3229 3402 3465 3469 denique

1877 3512 2116 3568 Verbum
2144 3507 2472 3579 Unigenitus
2496 3504 2587 3559 Dei
2616 3502 2785 3557 Filius
2812 3499 3015 3570 passim
3047 3496 3271 3560 dicitur,
3298 3506 3463 3563 quem

1877 3614 2211 3672 cognoscere
2268 3598 2379 3652 vita
2431 3606 2633 3651 aeterna
2683 3601 2787 3657 est,
2826 3599 2880 3645 et
2926 3602 3160 3658 quocum
3207 3586 3259 3639 in
3307 3583 3465 3639 cmlis

1878 3708 2129 3765 regnare,
2164 3706 2418 3761 suprema
2452 3689 2713 3743 mentium
2740 3693 3055 3738 nostrarum
3085 3678 3323 3733 felicitas
3352 3684 3456 3739 est,

1882 3788 2272 3860 Monogenem,
2355 3784 2731 3854 Uuigenitum,
2788 3788 2842 3833 et
2903 3776 3174 3831 Macarian
3244 3773 3459 3844 (suppl.

1879 3885 2058 3955 Ζωήν,
2092 3880 2308 3950 vitam),
2338 3880 2541 3933 beatam
2576 3876 2734 3930 vitam
2764 3872 3020 3928 dixerunt
3052 3868 3317 3924 haeretici.

1949 3979 2039 4034 44.
2070 3976 2170 4042 Qui
2204 3982 2385 4029 autem
2419 3972 2488 4025 ab
2521 3969 2752 4023 Homine
2783 3977 2837 4020 et
2862 3964 3108 4018 Ecclesia
3139 3960 3326 4017 emissi
3375 3960 3463 4014 di-

1878 4083 2080 4129 cuntur
2106 4068 2307 4124 Eones
2332 4106 2347 4132 ,
2373 4074 2426 4119 et
2461 4063 2515 4117 hi
2544 4078 2611 4116 ex
2635 4060 2701 4115 iis
2734 4059 2971 4129 Spiritus
2995 4058 3173 4111 sancti
3212 4054 3465 4124 proprie-

1879 4165 2084 4220 tatibus
2104 4171 2160 4215 et
2182 4159 2362 4223 donis,
2385 4170 2503 4226 qua:
2528 4154 2785 4225 leguntur
2810 4152 2863 4203 in
2886 4148 3213 4216 Scripturis,
3240 4145 3439 4201 stolide

1882 4273 1911 4311 a
1938 4255 2157 4312 vesanis
2188 4250 2500 4307 hominibus
2553 4243 2774 4301 conﬂati
2806 4252 2954 4297 sunt.
3000 4242 3091 4296 Sic
3124 4240 3436 4294 Paracletus

1884 4350 2123 4420 Spiritus
2151 4357 2375 4401 sanctus
2406 4354 2524 4405 est,
2549 4356 2711 4413 quem
2735 4339 3033 4393 missurum
3058 4349 3115 4390 se
3144 4333 3305 4389 toties
3334 4346 3462 4399 spo-

1884 4441 2071 4512 pondit
2090 4440 2366 4503 Salvator,
2400 4448 2458 4491 ttt
2480 4437 2705 4491 doceret
2728 4447 2826 4485 nos
2844 4443 3062 4485 omnem
3083 4426 3370 4481 veritatem
3390 4422 3459 4487 ⁸⁸,

1884 4538 2152 4606 ﬁdemque
2204 4531 2436 4603 proinde
2479 4527 2638 4583 nobis
2684 4524 2998 4595 inspiraret.
3051 4518 3322 4583 Patricos,
3360 4530 3461 4585 pa-

1808 4597 1853 4652 D
1881 4630 2099 4698 ternusi,
2130 4627 2367 4697 Spiritus
2394 4620 2706 4691 adoptionis
2752 4626 2858 4683 est,
2893 4616 2948 4670 in
2996 4628 3103 4683 quo
3135 4610 3462 4675 clamamus,

1881 4725 2050 4789 Abba,
2092 4721 2281 4787 Pater,
2314 4715 2692 4775 testimonium
2723 4710 2959 4766 reddens
2987 4704 3219 4777 Spiritui
3244 4713 3462 4771 nostro,

1879 4812 2022 4883 quod
2056 4824 2248 4866 sumus
2281 4808 2376 4862 ﬁlii
2410 4807 2529 4871 Dei,
2562 4803 2809 4859 haeredes
2850 4796 3099 4868 proinde,
3134 4808 3461 4864 exspeCtan-

1882 4916 1961 4961 tes
1994 4902 2381 4960 revelationem
2432 4899 2670 4953 ﬁliorum
2712 4894 2805 4948 Dei
2838 4893 2906 4959 ⁸⁷,
2939 4900 2995 4947 et
3033 4890 3376 4945 abundantes
3405 4887 3461 4942 in

1878 5014 1974 5069 spe
1998 5005 2053 5053 et
2077 4996 2278 5049 virtute
2299 4991 2535 5061 Spiritus
2568 4985 2748 5043 sancti
2769 4985 2835 5038 ⁸⁸.
2862 4981 3137 5048 Melricos,
3158 4978 3458 5040 Maternus,

1875 5088 2193 5146 Paracletus
2232 5092 2339 5151 est,
2374 5082 2466 5152 qui
2535 5075 2811 5152 quomodo
2859 5075 2905 5129 si
2952 5072 3039 5127 cui
3089 5078 3263 5125 mater
3302 5068 3462 5123 blan-

1878 5186 2084 5247 diatur,
2128 5182 2203 5235 ita
2233 5176 2551 5232 consolatur
2583 5186 2682 5226 nos
2721 5170 2790 5238 ",
2836 5167 3113 5224 charitate
3157 5160 3355 5219 diﬁ'usa
3403 5160 3461 5214 in

1879 5276 2137 5333 cordibus
2178 5270 2383 5327 nostris
2429 5266 2498 5320 °°.
2547 5264 2742 5331 Ainos,
2797 5260 2988 5317 Graece
3034 5255 3268 5321 ἀείνους,
3314 5269 3460 5309 mens

1881 5380 2078 5424 aeterna
2113 5379 2179 5419 ac
2225 5374 2441 5430 semper
2467 5357 2738 5428 cogitans,
2785 5352 3026 5423 Spiritus
3059 5358 3144 5403 est
3172 5346 3265 5418 qui
3298 5360 3461 5401 scru-

1884 5470 2028 5516 tatur
2052 5457 2261 5518 omnia,
2292 5453 2460 5508 etiatn
2490 5447 2765 5520 profunda
2793 5445 2911 5510 Dei,
2944 5452 2999 5497 et
3040 5455 3162 5510 qua:
3195 5438 3292 5492 Dei
3334 5444 3466 5493 sunt

1884 5556 2193 5630 cognoscit,
2242 5568 2339 5625 per
2372 5566 2534 5623 quem
2582 5546 2740 5603 nobis
2785 5540 3051 5599 revelavit
3082 5530 3284 5611 [XXX]
3319 5536 3460 5630 Deus

1885 5654 2213 5726 sapientiam
2256 5649 2312 5705 in
2359 5645 2645 5718 mysterio,
2702 5655 2823 5711 quae
2887 5634 3208 5693 abscondita
3258 5641 3343 5685 est
3373 5629 3457 5691 ⁶²,

2688 5799 2734 5832 ⁸³
2775 5797 2936 5853 Mich.
2973 5811 3028 5858 v,
3058 5794 3116 5848 2.
3192 5791 3236 5823 ⁵⁸
3270 5783 3457 5843 Matth.

2440 5858 2770 5937 “Hom.u,
2808 5870 2893 5923 15.
2972 5866 3015 5899 ⁸⁸
3056 5865 3160 5921 lsa.
3193 5877 3340 5925 vat,
3371 5858 3459 5911 13.
