3954 6352
532 473 604 531 65
1349 481 1946 539 DISSERTATIONES
1984 481 2087 538 PR.

2190 482 2288 538 1.4:}
2328 482 2397 537 IN
2438 483 2697 541 ιΒΕΝιιΕΙ
2732 484 3003 542 LIBROS.
3721 495 3795 554 6.}

530 605 587 650 et
614 596 832 664 σύνεσις
854 640 871 667 ,
916 602 1270 674 intelligentia
1323 606 1478 661 nobis
1532 606 1693 661 datur
1751 620 1935 660 eorum
1998 620 2117 675 qua:
2145 611 2191 669 Α
2221 605 2488 675 siquidem
2526 607 2851 663 temerarios
2884 606 3104 677 Saphiaa
3133 617 3187 662 et
3215 607 3608 681 Euthymescos
3630 628 3801 670 cone-

530 703 562 743 a
620 689 730 745 Deo
778 693 977 748 donata
1016 706 1144 749 sunt
1191 697 1374 752 nobis.
1426 697 1871 761 Ecclesiasticos,
1929 694 2110 751 Eccle-

528 780 779 837 siasticus
816 784 958 839 idem
988 786 1210 854 dicitur,
1236 790 1361 857 quia
1399 789 1697 844 Ecclesiam
1731 803 1893 859 quam
1922 803 1991 844 ex
2022 803 2111 843 va-

528 869 629 924 riis
661 874 916 940 gentibus
945 876 1229 943 adunavit,
1260 878 1421 947 regit,
1458 887 1645 932 tuetur
1675 889 1731 934 et
1762 878 1933 943 fovet,
1969 878 2111 933 mul-

528 963 814 1035 tiplicique
875 969 1263 1041 μακαριότητι,
1309 971 1665 1040 beatitudine,
1697 987 1797 1042 per
1843 972 2108 1041 inspirata

527 1052 672 1107 dona
703 1054 1021 1125 locupletat.
1059 1057 1319 1114 Theletos
1352 1061 1609 1132 denique,
1636 1077 1730 1117 seu
1769 1061 2107 1116 voluntarius

524 1154 633 1211 est,
669 1148 800 1216 quia
846 1165 913 1203 ex
958 1167 1146 1207 amore
1197 1162 1253 1206 et
1306 1152 1587 1208 voluntate
1641 1154 1909 1225 procedit,
1946 1152 2107 1223 eique

523 1238 756 1305 proinde
787 1255 909 1294 cum
948 1242 1131 1297 datum
1166 1243 1237 1299 sit
1268 1244 1697 1313 profundissima
1729 1259 1959 1315 quaeque
2006 1244 2106 1300 Dei

522 1330 821 1386 voluntatis
853 1333 1081 1389 consilia
1137 1338 1396 1404 scrutari,
1432 1353 1529 1407 per
1560 1339 1706 1394 hunc
1741 1339 1901 1392 datur
1949 1338 2106 1394 nobis

521 1435 708 1476 sermo
734 1424 964 1493 σοφίας,
1001 1428 1301 1498 sapientiae,
1337 1430 1716 1501 loquimurque
1754 1429 1852 1486 Dei
1885 1430 2101 1500 sapien-

523 1517 654 1570 tiam
704 1518 757 1572 in
794 1522 1080 1589 mysterio,
1116 1538 1239 1592 qua:
1295 1524 1617 1579 abscondita
1673 1532 1777 1589 est,
1828 1532 1886 1579 et
1939 1537 2102 1593 quam

519 1625 682 1664 nemo
716 1612 1021 1682 principum
1056 1612 1216 1681 hujus
1250 1616 1434 1671 καθευιί
1469 1615 1842 1687 cognovit‘".

589 1701 680 1756 45.
716 1705 786 1757 At
817 1708 1076 1775 quamvis
1107 1709 1480 1776 posteriorum
1514 1708 1753 1764 Eonum
1790 1710 2014 1765 nomina
2047 1720 2102 1766 et

514 1796 890 1865 proprietates
937 1799 1277 1870 ignoraverlt
1323 1801 1634 1868 Platonica,
1685 1803 1979 1858 Cltaldaica
2047 1811 2105 1860 et

513 1884 879 1958 Pythagorica
916 1892 1211 1963 theologia,
1243 1894 1602 1949 tricenarium
1636 1904 1818 1950 tamen
1853 1897 2097 1952 omnium

2217 707 2306 753 tus
2340 702 2601 770 repressit
2632 719 2647 756 :
2679 702 2910 773 Bythum
2948 710 3005 756 et
3043 700 3296 757 Pleroma
3334 705 3483 772 (nam
3520 706 3795 774 duplicem

2217 792 2400 848 Iloron
2448 793 2687 863 tingebat
2719 792 3059 857 Valentinus,
3087 807 3254 847 unum
3290 792 3435 848 inter
3478 794 3712 865 Bythum
3738 800 3797 851 et

2217 879 2462 951 Eones,
2522 883 2751 938 alterum
2805 883 2947 939 inter
2998 882 3248 941 Pleroma
3298 896 3355 941 et
3405 885 3795 958 Enthymesin)

2213 975 2369 1043 quasi
2409 974 2550 1030 vallo
2593 976 2766 1047 cingit
2798 986 2854 1032 et
2892 978 3087 1045 munit,
3125 982 3348 1051 propius
3395 979 3796 1038 accedentibus

2212 1067 2419 1122 aditum
2451 1066 2785 1133 intercludit,
2815 1068 3235 1141 exclamansque
3272 1067 3391 1138 Iao,
3428 1070 3482 1126 id
3510 1080 3615 1138 est,
3643 1073 3793 1129 inef-

2212 1158 2380 1214 fabile
2409 1159 2502 1215 Dei
2529 1175 2723 1215 nomen
2752 1160 3134 1231 pronuntians,
3170 1161 3434 1231 impervia
3456 1178 3578 1219 esse
3600 1165 3793 1220 divina

2211 1254 2472 1325 mysteria
2530 1253 2822 1325 signiﬁcat.
2884 1253 3198 1309 llorothetes
3253 1271 3348 1310 seu
3415 1258 3783 1313 terminorum

2211 1359 2412 1416 praeses
2448 1360 2511 1400 ac
2546 1346 2878 1402 constitutor
2900 1355 2954 1401 et
2994 1346 3108 1416 ipse
3137 1345 3342 1403 dicitur
3373 1365 3387 1401 :
3422 1348 3655 1419 denique
3684 1365 3794 1405 ceu

2208 1440 2386 1495 virtus
2413 1453 2532 1508 qua:
2558 1443 2835 1507 confirmat
2863 1450 3013 1494 extra
3062 1441 3475 1497 inenarrabilem
3519 1443 3795 1512 magnitu~

2207 1531 2405 1597 dinem,
2437 1538 2484 1583 et
2518 1530 2747 1583 custodit
2776 1531 2975 1597 omnia,
2998 1541 3439 1600 reprtesentatur.
3472 1532 3609 1599 Quia
3646 1548 3789 1587 vero

2208 1637 2276 1677 ex
2333 1621 2603 1677 catholica
2656 1622 2907 1677 doctrina
2960 1635 3359 1694 perceperant,
3412 1624 3611 1680 Filium
3663 1625 3791 1692 Dei,

2206 1727 2369 1782 quem
2421 1713 2589 1768 etiam
2635 1712 2779 1767 Νοῦν
2818 1713 3001 1769 Patris
3034 1730 3208 1771 sacrae
3253 1714 3448 1773 litterae
3486 1717 3790 1789 appellant,

2204 1806 2331 1880 ὅρον
2360 1806 2454 1860 καὶ
2479 1805 2651 1875 Λόγον
2682 1805 2777 1860 τοῦ
2806 1806 3023 1882 Πατρὸς
3066 1808 3358 1873 nominari,
3402 1809 3455 1863 id
3504 1820 3609 1877 est,
3646 1809 3792 1879 deli-

2206 1897 2460 1952 nitionem
2485 1906 2538 1951 et
2565 1899 2843 1962 rationem,
2876 1913 2972 1954 seu
3018 1895 3239 1951 Verbum
3271 1896 3495 1965 Patris;
3530 1900 3659 1956 hinc
3689 1916 3793 1956 oc-

512 1994 803 2035 numerum
837 1981 1125 2055 eliingendi
1170 1986 1479 2055 exemplum
1524 1989 1592 2042 ab
1640 2002 1702 2042 ea
1738 1989 1946 2054 petiere
1998 1988 2071 2044 Va
2113 1983 2157 2038 Β
2201 1989 2353 2045 casio
2400 1989 2470 2044 ab
2513 1988 2721 2046 insanis
2750 1990 3061 2046 hominibus
3096 2000 3311 2061 captata
3333 1992 3458 2063 ὅρον
3496 1994 3593 2047 καὶ
3621 1993 3792 2063 λόγον

509 2068 827 2127 lentiniani.
891 2073 1218 2131 Plutarchus
1253 2079 1305 2132 in
1344 2078 1481 2132 libro
1522 2077 1600 2132 De
1628 2078 1777 2134 Iside
1805 2090 1855 2135 et
1887 2080 2099 2137 Osiride

509 2162 704 2227 refert,
762 2178 889 2217 eam
954 2165 1125 2221 fuisse
1177 2165 1486 2221 Zoroastris
1547 2166 1687 2238 Magi
1744 2172 2094 2238 sententiam,

508 2252 646 2307 duos
678 2268 801 2309 esse
836 2256 986 2322 deos,
1041 2257 1275 2311 alterum
1326 2259 1621 2323 bonorum,
1660 2260 1891 2317 alterum
1926 2267 2098 2320 malo-

507 2352 632 2392 rum
679 2340 956 2409 Opilicem.
991 2343 1073 2397 illi
1111 2360 1310 2400 nomen
1366 2346 1686 2416 Oromazes,
1723 2352 1848 2408 huic
1878 2355 2097 2411 Arima-

502 2432 648 2488 nius.
685 2435 793 2488 Καὶ
820 2436 848 2487 ὁ
883 2435 988 2506 μὲν
1025 2436 1083 2502 ἒξ
1121 2436 1275 2501 θεοὺς
1307 2439 1554 2511 ἐποίησε,
1600 2443 1693 2496 τὸν
1734 2443 1836 2514 μὲν
1878 2445 2093 2517 πρῶτον

503 2525 737 2589 εὐνοίας,
768 2526 860 2581 τὸν
893 2528 950 2581 δὲ
983 2527 1239 2601 δεύτερον
1274 2530 1554 2602 ἀληθείας,
1584 2534 1676 2588 τὸν
1701 2535 1758 2589 δὲ
1784 2537 1966 2609 τρίτον
2001 2539 2091 2591 εὐ-

499 2620 720 2690 νομίας·
749 2620 856 2674 τῶν
894 2621 951 2674 δὲ
980 2621 1207 2688 λοιπῶν,
1237 2624 1329 2679 τὸν
1358 2626 1457 2697 μὲν
1487 2628 1700 2698 σοφίας,
1729 2630 1822 2684 τὸν
1848 2632 1905 2685 δὲ
1928 2632 2094 2686 πλούσ-

500 2728 620 2774 του,
656 2710 746 2765 τὸν
777 2712 833 2765 δὲ
862 2714 956 2767 ἐπὶ
983 2717 1099 2780 τοῖς
1133 2715 1317 2782 καλοῖς
1344 2719 1517 2789 ἡδέων
1548 2722 2085 2795 δημιουργόν.........

499 2797 697 2862 ἄλλους
747 2801 805 2854 δὲ
842 2803 1079 2875 ποιήσας
1120 2804 1397 2879 τέσσαρας
1447 2810 1539 2864 καὶ
1593 2810 1765 2865 εἴκοσι
1795 2813 1963 2875 Θεοὺς.
2006 2817 2090 2880 εἰς

496 2891 607 2946 ὠὸν
635 2892 850 2964 ἔθηκεν.
880 2895 1054 2950 Porro
1083 2914 1177 2951 sex
1204 2900 1327 2953 deos
1358 2900 1483 2969 fecit
1514 2902 1825 2971 Oromazes,
1857 2909 2088 2975 primum

501 2984 895 3054 benevolentia},
928 2991 1219 3043 secundum
1252 2994 1512 3058 veritatis,
1555 2998 1769 3051 tertium
1795 3000 2085 3068 a'quitatis,

495 3077 731 3147 reliquos
784 3082 1094 3151 sapientiw,
1146 3086 1457 3142 divitiarum
1516 3099 1565 3144 et
1608 3091 1922 3162 voluptatis,
1970 3112 2087 3164 qua:

496 3170 718 3224 honesta
747 3177 1112 3242 consequitur,
1145 3179 1503 3246 Opiﬁces......
1552 3184 1700 3239 Alios
1740 3203 1859 3241 vero
1902 3190 2086 3258 viginti

495 3271 734 3330 quatuor
758 3265 885 3318 deos
924 3268 1180 3331 condidit,
1218 3280 1264 3322 et
1290 3272 1343 3323 in
1366 3288 1458 3326 ovo
1490 3276 1686 3342 posuit.
1722 3275 1822 3332 Ubi
1863 3279 2085 3351 triginta

2201 2082 2271 2137 ab
2303 2082 2578 2152 unigenito
2610 2082 2792 2139 Patris
2812 2082 2951 2140 Filio
2981 2083 3376 2155 distinguendi,
3404 2087 3593 2156 sicque
3615 2102 3791 2142 unam

2200 2186 2257 2231 et
2289 2178 2533 2232 eamdem
2568 2190 2886 2245 personam,
2930 2191 3026 2233 seu
3080 2178 3243 2234 unius
3284 2189 3341 2235 et
3381 2179 3623 2251 ejusdem
3657 2196 3794 2250 per-

2197 2282 2348 2323 sona:
2396 2268 2545 2322 varia
2594 2270 2818 2331 nomina
2865 2278 2924 2325 et
2974 2270 3221 2326 rationes
3257 2271 3312 2326 in
3342 2271 3527 2343 plures
3569 2270 3789 2328 {Eones

2197 2361 2561 2431 discerpendi.
2599 2359 2669 2416 Ut
2697 2363 2840 2417 enim
2870 2361 3026 2432 λόγον
3056 2379 3087 2417 a
3121 2361 3204 2418 Nn
3237 2364 3503 2421 emissum
3548 2374 3787 2421 conten-

2196 2452 2425 2521 debant,
2459 2456 2538 2509 sic
2569 2465 2623 2511 et
2649 2453 2831 2511 Horon
2867 2472 2894 2510 a
2926 2456 3103 2528 Bytho
3145 2471 3242 2526 per
3286 2456 3407 2512 Nun
3436 2458 3491 2513 in
3538 2457 3790 2529 imagine

2194 2544 2379 2601 Patris
2443 2546 2711 2616 prodiisse
2770 2548 3046 2605 volebant.
3097 2548 3252 2615 Quod
3311 2550 3461 2606 {teda
3515 2550 3782 2607 catholici

2192 2636 2462 2706 dogmatis
2497 2638 2824 2696 deformatio
2848 2652 2990 2705 erat.
3021 2642 3230 2713 Quippe
3253 2660 3394 2700 unus
3422 2651 3478 2698 et
3504 2643 3644 2697 idem
3671 2643 3775 2698 Dei

2192 2727 2363 2785 Filius
2391 2730 2515 2804 ὄρος
2563 2730 2657 2785 καὶ
2697 2731 2873 2801 Λόγος
2914 2731 3007 2786 τοῦ
3053 2733 3269 2805 Πατρὸς
3312 2748 3344 2787 a
3375 2731 3473 2789 SS.
3511 2731 3774 2786 Patribus

2193 2824 2412 2881 dicitur.
2466 2825 2631 2894 Cujus
2679 2825 2898 2894 quidem
2961 2827 3194 2881 nominis
3255 2827 3775 2897 interpretationem

2193 2914 2312 2970 fuse
2359 2916 2616 2972 edisserit
2656 2916 2958 2987 Gregorius
3016 2915 3399 2972 Nazianzenus
3458 2925 3603 2972 orat.
3666 2916 3781 2983 ⁸56,

2189 3019 2244 3074 p.
2274 3003 2380 3059 590
2412 3023 2426 3059 :
2463 3004 2634 3074 Λόγος
2657 3005 2731 3071 δὲ,
2765 3006 2848 3060 ὅτι.
2878 3004 3050 3069 οὕτως
3077 3005 3191 3079 ἔχει
3224 3007 3359 3079 πρὸς
3396 3006 3488 3061 τὸν
3547 3008 3786 3078 Πατέρα

2191 3095 2266 3160 ὡς
2295 3097 2430 3168 πρὸς
2462 3097 2586 3151 νοῦν
2633 3097 2904 3167 λόγοςόὺ
2959 3100 3118 3170 μόνον
3170 3101 3259 3155 διὰ
3302 3101 3363 3155 τὸ
3411 3102 3620 3166 ἀπαθὲς
3671 3102 3783 3173 τῆς

2189 3191 2514 3259 γεννήσεως,
2545 3190 2681 3245 ἀλλὰ
2716 3191 2811 3245 καὶ
2845 3193 2905 3249 τὸ
2938 3194 3195 3263 συναφὲς,
3232 3195 3325 3247 καὶ
3369 3194 3429 3250 τὸ
3460 3194 3785 3264 ὲξαγγελτι-

2190 3280 2284 3335 κόν
2306 3298 2320 3312 ⁸
2356 3282 2495 3354 τάχα
2528 3283 2574 3336 δ’
2606 3282 2673 3338 ἂν
2712 3285 2856 3339 εἴποι
2890 3303 2991 3349 τις,
3026 3286 3128 3350 ὅτι,
3160 3287 3252 3339 καὶ
3285 3287 3360 3351 ὡς
3382 3288 3505 3359 ὅρος
3539 3288 3677 3360 πρὸς
3712 3288 3784 3342 τὸ

498 3351 635 3407 deos
669 3352 864 3421 habes,
914 3371 1147 3426 quorum
1196 3361 1365 3415 etiam
1403 3366 1621 3420 nomina
1676 3369 1922 3437 qntndam
1960 3389 2082 3428 cum

2190 3340 2524 3446 ὁριζόμενον,
2561 3375 2749 3447 ἐπειδὴ
2790 3378 2885 3430 καὶ
2918 3340 3073 3431 enim
3096 3340 3312 3447 ὶίέγεται
3340 3340 3528 3448 λόγος.

490 3442 1018 3526 ςνειΙειιιίιιὶλιιοινιιιιι
1046 3451 1316 3511 Euntibus
1344 3459 1698 3514 conveniunt.
1735 3461 2083 3522 Zoroastrem

491 3546 727 3603 secutus
766 3538 1033 3597 Hesiodus
1074 3546 1296 3615 triginta
1341 3557 1397 3603 et
1430 3550 1547 3619 ipse
1576 3552 1709 3609 deos
1742 3556 1920 3624 tinxit,
1949 3575 2086 3623 quo-

490 3644 622 3689 ,rum
659 3628 938 3700 Θεογονίαν
966 3634 1294 3706 descripsit;
1332 3641 1469 3696 adeo
1499 3653 1557 3697 ut
1586 3645 1655 3700 ab
1703 3662 1767 3699 eo
1801 3646 2085 3705 Pteroma-

490 3722 571 3777 ‘tis
603 3721 835 3779 formam
868 3727 1244 3799 desumpsisse
1277 3733 1689 3793 Valentinianos
1718 3746 2085 3799 antumaverit

496 3815 857 3884 Epiphanius.
894 3817 1050 3885 Quod
1082 3836 1211 3877 vero
1253 3824 1309 3878 hi
1351 3824 1559 3883 Eones
1593 3830 1907 3899 quindecim
1962 3852 2082 3890 ma-

496 3911 703 3971 sculos,
748 3924 871 3964 cum
909 3912 1137 3967 totidem
1174 3914 1399 3973 feminis
1422 3920 1772 3991 copularent,
1809 3922 2081 3996 Pythago-

495 3999 740 4054 ricorum
773 4004 1029 4073 exemplo
1077 4005 1274 4063 fecisse
1306 4010 1822 4082 demonstravimus,
1850 4019 1945 4088 qui
1983 4035 2083 4073 nu-

494 4106 683 4148 meros
732 4094 972 4165 impares
1007 4114 1130 4154 cum
1182 4103 1412 4170 paribus
1440 4104 1824 4178 conjugabant,
1867 4111 2082 4183 hosque

495 4180 757 4255 feminas,
790 4187 913 4244 illos
941 4206 1122 4246 mares
1152 4195 1517 4265 appellabant.

565 4277 659 4333 46.
700 4278 976 4339 monibus
1036 4288 1282 4359 triginta,
1328 4300 1567 4360 quatuor
1602 4293 1760 4361 alios,
1789 4298 1884 4351 sed
1926 4309 2080 4354 extra

497 4371 949 4444 conjugationum
979 4387 1035 4433 et
1057 4382 1411 4438 emissionum
1437 4387 1659 4450 seriem,
1687 4387 1741 4441 in
1770 4388 2082 4448 Pleromate

498 4475 705 4536 tamen,
750 4472 975 4544 insuper
1006 4475 1372 4544 adjungebant
1418 4481 1683 4550 lueretici,
1717 4484 1898 4540 Horon
1934 4488 2083 4543 vide-

496 4561 648 4629 licet,
678 4564 954 4620 Christum
991 4577 1046 4622 et
1089 4568 1354 4638 Spiritum
1402 4585 1675 4641 sanctum,
1720 4593 1784 4632 ac
1826 4579 2077 4637 Salvato-

2185 3464 2473 3535 νενοηκὼς,
2502 3464 2655 3536 φησὶ,
2691 3465 2781 3519 τὸν
2815 3466 2942 3522 Υἰὸν
3001 3466 3179 3538 (τοῦτο
3214 3467 3323 3539 γάρ
3360 3471 3478 3523 ἐστι
3502 3468 3563 3523 τὸ
3587 3470 3781 3538 ἑωρα-

2187 3557 2349 3626 κώς),
2381 3558 2603 3629 νενόηκε
2622 3558 2711 3612 τὸν
2749 3559 2991 3633 Πατέρα.
3033 3562 3144 3614 Καὶ
3177 3560 3437 3633 σύντομος
3474 3562 3782 3629 ἀπόδειξις,

2185 3647 2278 3705 καὶ
2296 3648 2454 3721 ῥᾳδία
2471 3650 2568 3721 τῆς
2584 3648 2680 3703 τοῦ
2703 3650 2916 3723 Πατρὸς
2936 3652 3149 3722 φύσεως
3163 3655 3192 3707 ὁ
3209 3654 3357 3719 Υἱὸς.
3385 3655 3636 3727 Γέννημα
3652 3657 3775 3731 γὰρ

2185 3739 2331 3794 ἅπαν
2358 3741 2452 3795 τοῦ
2492 3743 2881 3814 γεγεννηκότος
2916 3746 3137 3799 σιωπῶν
3172 3745 3349 3815 λόγος.
3402 3745 3627 3801 Verbum
3672 3767 3780 3819 ap-

2182 3832 2431 3902 pellatur,
2461 3836 2599 3904 quod
2628 3836 2702 3889 sic
2728 3838 2797 3888 ad
2822 3833 3036 3891 Patrem
3068 3853 3123 3892 se
3156 3838 3369 3903 habeat,
3402 3848 3461 3893 ut
3489 3855 3661 3895 sermo
3695 3843 3774 3896 ad

2183 3935 2407 3979 mentem
2434 3940 2454 3979 :
2486 3941 2591 3979 non
2637 3926 2794 3981 modo
2826 3937 3039 3996 propter
3065 3930 3455 3999 generationem
3498 3931 3775 3993 passionis

2184 4018 2353 4071 omnis
2370 4028 2670 4087 expertem,
2700 4037 2879 4075 verum
2908 4022 3066 4075 etiam
3089 4032 3303 4092 propter
3332 4023 3770 4093 conjunctionent

2182 4110 2348 4178 ipsius
2398 4128 2518 4166 cum
2552 4111 2737 4180 Patre,
2779 4114 2980 4183 vimque
3023 4117 3448 4172 enuntiatricem.
3500 4116 3769 4176 Fortasse

2184 4204 2367 4267 etiam,
2403 4206 2529 4275 quia
2573 4208 2753 4260 eodem
2787 4208 2943 4260 modo
2974 4223 3031 4261 se
3061 4208 3131 4261 ad
3164 4204 3386 4262 Patrem
3435 4210 3612 4275 habet,
3653 4228 3769 4282 quo

2183 4296 2425 4364 deﬁnitio
2462 4299 2531 4351 ad
2578 4300 2877 4369 deﬁnitum.
2919 4299 3062 4354 Nam
3101 4302 3337 4369 deﬁnitio
3371 4320 3579 4374 quoque
3603 4302 3772 4375 λόγος

2181 4389 2395 4443 dicitur.
2446 4389 2550 4457 Qui
2598 4393 2737 4446 enim
2769 4392 3295 4460 Filiumjutellexit,
3338 4397 3415 4449 ait
3458 4398 3579 4469 (hoc
3621 4403 3772 4452 enim

2180 4478 2448 4546 signiﬁcat
2497 4479 2655 4546 illud,
2682 4480 2772 4546 qui
2804 4480 2976 4550 vidit),
3012 4482 3172 4534 etiam
3217 4481 3472 4536 intellexit
3519 4484 3766 4541 Patrem.

2180 4570 2256 4625 Ac
2281 4572 2447 4626 brevis
2470 4582 2518 4627 et
2548 4574 2939 4642 compendiosa,
2977 4572 3254 4644 facilisque
3295 4586 3503 4631 natura:
3524 4586 3769 4646 paterna:
3817 4566 3831 4579 ’

495 4669 636 4713 rem.
666 4656 909 4713 Priorem
940 4675 1005 4715 ex
1028 4659 1435 4733 Egyptiorum,
1476 4678 1585 4723 tres
1606 4670 1744 4725 alios
1774 4688 1804 4729 e
1830 4674 2076 4743 Scriptu-

2190 4664 2494 4730 declaratio,
2530 4662 2709 4720 Filius
2737 4678 2835 4720 est.
2874 4665 3040 4723 Omne
3064 4672 3201 4724 enim
3224 4671 3364 4740 quod
3396 4672 3625 4740 genitum
3653 4683 3766 4738 est,

494 4761 682 4800 rarum
711 4764 991 4805 sacrarum
1020 4752 1264 4809 fontibus
1286 4755 1604 4817 hauserant.
1630 4760 1813 4817 lioron
1836 4764 2075 4837 Egyptii

494 4836 777 4908 ﬁngebant
798 4841 1080 4911 Typhonis
1108 4857 1335 4903 conatus
1356 4849 1605 4920 fregisse.
1630 4853 1711 4907 Ab
1733 4855 1818 4919 iis,
1848 4836 2076 4913 Kirkero

497 4936 659 4991 teste,
711 4930 1037 4999 piugebatur
1067 4952 1221 5005 puer,
1278 4938 1431 4993 labra
1476 4956 1749 5010 premens,
1797 4947 2077 5018 digitoque

493 5019 733 5076 suadens
760 5022 1064 5092 silentium,
1110 5038 1167 5082 ut
1205 5030 1500 5087 ineffabilia
1545 5048 1667 5091 esse
1706 5040 1965 5109 mysteria
1996 5041 2077 5095 in-

494 5111 730 5169 dicaret.
777 5115 960 5171 lloron
1003 5133 1139 5174 vero
1180 5122 1365 5192 ipsum
1407 5126 1714 5196 Apollinem
1767 5146 1907 5199 esse,
1944 5148 2077 5189 con-

495 5214 693 5260 centus
737 5211 920 5264 omnis
947 5218 1001 5264 et
1033 5212 1335 5271 harmoniae
1374 5230 1681 5289 auctorem,
1715 5225 2076 5296 medendique

494 5313 560 5353 ac
607 5300 892 5357 divinandi
952 5306 1368 5375 peritissimum,
1400 5311 1647 5380 pluribus
1679 5311 1919 5371 ostendit
1950 5317 2074 5374 Plu-

498 5392 721 5447 tarchus
754 5385 992 5451 in'lside
1023 5408 1072 5451 et
1119 5397 1352 5464 Osiride,
1386 5405 1529 5459 unde
1561 5415 1617 5461 et
1643 5422 1893 5463 manasse
1918 5409 2071 5466 vide-

496 5495 585 5538 tur
620 5484 1096 5545 Hermionensium
1143 5492 1235 5548 ille
1284 5493 1472 5566 Ὀριος
1499 5496 1713 5567 Apollo,
1740 5502 1792 5555 id
1822 5510 1926 5569 est,
1961 5511 2077 5557 ter-1

496 5577 767 5632 minorum
797 5596 1024 5650 praeses.
1056 5599 1239 5655 quem,
1278 5595 1417 5641 teste
1445 5587 1736 5651 Pausania,
1774 5593 1901 5649 olim
1928 5594 2073 5649 cole-

495 5669 651 5724 bant.
704 5671 1023 5729 Terminum
1072 5676 1239 5731 etiam
1287 5693 1318 5733 a
1364 5679 1550 5735 multis
1603 5682 1847 5740 habitum
1898 5688 2071 5743 fuisse

504 5758 691 5829 deum,
724 5766 984 5835 pacisque
1035 5771 1339 5835 custodem,
1381 5779 1437 5826 et
1478 5771 1707 5840 justitiae
1750 5788 1943 5834 testem
1984 5782 2069 5836 di-

496 5863 669 5920 ctum,
704 5856 875 5927 liquet
925 5876 992 5914 ex
1033 5862 1223 5917 eodem
1266 5863 1558 5921 Plutarcho
1602 5867 1655 5921 in
1702 5865 1897 5927 Numa.
1936 5874 2068 5940 Quae

495 5947 681 6031 omnia
711 5949 798 6031 ad.
832 5950 1335 6010 Valentinianorum
1396 5955 1575 6012 Horon
1631 5960 1917 6031 quadram.
1967 5963 2065 6021 Hic

612 6022 730 6100 “'_l
760 6023 885 6082 Cor.
918 6043 953 6083 ιι
979 6037 1032 6085 et
1063 6044 1165 6095 xtl.

2179 4757 2472 4827 genitorem
2503 4760 2675 4812 ‘sttum
2708 4761 2872 4812 tacita
2901 4760 3133 4829 quadam
3175 4778 3296 4816 voce
3339 4762 3547 4831 tle/init.
3589 4761 3769 4834 Igitur

2180 4849 2446 4912 definitio,
2472 4850 2617 4920 ὄρος,
2644 4860 2851 4905 natura:
2893 4862 3138 4920 paterna:
3168 4870 3231 4909 ac
3256 4856 3604 4924 proprietatis
3634 4858 3765 4914 ideo

2179 4937 2352 4995 Filius
2381 4940 2604 5006 dicitur,
2638 4943 2898 5013 quoniam
2948 4958 3209 5013 expressa
3243 4956 3326 5000 est
3367 4947 3509 5003 illius
3551 4949 3761 5019 imago,

2176 5044 2407 5103 eamque
2492 5036 2905 5105 complectitur,
3001 5039 3288 5105 continet,
3361 5041 3760 5111 explicatque;

2176 5128 2639 5197 quemadmodum
2666 5129 2915 5185 delinitio
2943 5145 3059 5187 rem
3087 5132 3369 5191 deﬁnitam
3397 5137 3655 5205 explicat,
3697 5150 3765 5195 et

2177 5218 2339 5275 eﬂicit
2372 5230 2430 5275 ut
2469 5236 2533 5276 ea
2578 5231 2761 5277 mente
2813 5223 3065 5291 capiatur
3105 5236 3160 5280 et
3205 5227 3561 5295 intelligatur.
3594 5229 3757 5296 Quod

2175 5313 2398 5384 quidem
2426 5314 2609 5384 aliqua
2636 5329 2703 5369 ex
2731 5326 2886 5386 parte
2914 5321 3225 5389 exprimere
3252 5322 3541 5376 voluerunt
3577 5321 3755 5377 haere-

2177 5406 2291 5473 tici,
2327 5407 2535 5462 aientes
2564 5407 2746 5465 Horon
2772 5410 2824 5465 in
2849 5412 3091 5484 imagine
3119 5414 3298 5470 Patris
3326 5414 3528 5480 emitti,
3558 5413 3755 5471 Plero-

2175 5499 2339 5555 matis
2362 5499 2702 5557 llorothetcn
2734 5517 2876 5569 esse,
2914 5508 3060 5574 quod
3090 5521 3175 5563 est
3202 5508 3546 5564 divinitatem
3589 5508 3657 5563 ab
3684 5524 3756 5563 eo

2172 5589 2395 5646 deliniri
2425 5608 2491 5648 ac
2517 5594 2811 5661 declarari,
2851 5598 3067 5666 aliaque
3097 5599 3218 5653 Filii
3250 5599 3343 5655 Dei
3374 5600 3593 5654 nomina
3624 5600 3757 5653 huic

2172 5692 2441 5753 aptantes,
2474 5696 2603 5756 puta
2646 5687 2943 5761 λυτῳτοῦ,
2981 5689 3362 5762 Redemptoris,
3400 5690 3751 5764 Καμπιστοῦ,

2170 5776 2412 5846 vindicis,
2455 5788 2563 5834 etc.
2600 5777 2706 5834 Sed
2757 5782 2843 5836 his
2892 5796 2997 5835 non
3034 5784 3297 5847 contenti,
3330 5783 3544 5838 fabulas
3577 5781 3748 5852 {Egy-

2170 5870 2379 5940 ptiacas
2398 5871 2449 5924 in
2469 5872 2769 5927 subsidium
2788 5884 3077 5939 vocarunt,
3097 5884 3150 5929 et
3175 5890 3298 5943 quae
3320 5876 3584 5931 catholica
3614 5874 3753 5930 tides

2170 5961 2402 6021 deVerbi
2423 5964 2587 6021 divini
2604 5965 2954 6037 generatione
2971 5968 3150 6033 docet,
3166 5966 3363 6024 misere
3378 5965 3746 6023 delatdarunt.
