3954 6352
180 279 252 338 es
967 339 974 344 .
1123 281 1590 351 Dtsssa'm'rto
1628 287 1673 362 ι,
1714 288 1876 352 ART.
1921 289 1966 364 ι,
2004 298 2092 356 ne
2126 293 2538 365 nmmo.
2893 263 2900 269 ’
3406 314 3476 373 ea

249 409 347 465 ιτ.
389 408 597 465 Eodem
633 413 908 485 sacrilegii
941 431 1142 486 genere
1165 418 1443 476 Christum
1475 425 1544 478 ab
1572 421 1776 494 Unige-
1806 425 1854 482 Α
1884 418 2228 491 faterentur;
2286 427 2375 482 alii
2419 444 2550 484 vero
2595 431 2721 487 dum
2765 431 3044 504 duplicem
3088 433 3260 489 Deum
3306 434 3474 492 lateri

178 503 318 566 nito,
376 500 547 563 Horo,
589 503 790 568 Verbo,
828 505 1116 566 Salvatore
1159 519 1215 566 et
1259 510 1387 567 Jcsu
1441 514 1773 584 dividentes,

179 595 460 650 ﬁnxerunt
495 597 734 652 alterum
771 614 870 669 par
907 600 1168 668 .lEonum,
1198 603 1473 661 Christum
1515 619 1572 664 et
1604 611 1777 681 Spiri-

182 697 288 741 tum
324 700 580 746 sanetum
618 710 647 744 a
693 691 1002 765 Monogene
1042 700 1335 755 secundum
1371 704 1772 771 providentiam

179 779 363 836 Patris
412 785 653 840 emissos
703 785 914 854 fuisse;
971 789 1148 858 illum,
1193 803 1252 848 ut
1301 795 1506 852 Eones
1553 799 1777 856 doceret

178 876 457 946 Unigeniti
507 878 682 934 solius
718 880 886 938 menti
939 885 1186 954 pervium
1232 903 1352 944 esse
1393 889 1638 959 Patrem,
1673 910 1776 952 nec

176 985 206 1023 a
233 986 512 1039 quoquam
542 975 748 1043 percipi
780 985 872 1029 aut
905 977 1157 1050 intelligi,
1185 982 1288 1035 nisi
1333 983 1654 1058 Monogenis
1680 989 1775 1046 be-

176 1065 398 1129 uelicio,
454 1079 655 1134 posse;
715 1069 860 1122 hunc
905 1086 1056 1133 vero,
1114 1083 1172 1128 ut
1210 1073 1422 1132 [Eones
1464 1095 1653 1135 omnes
1705 1083 1774 1138 ad

177 1158 547 1226 :equalitatem
602 1161 907 1231 redigeret,
951 1179 1250 1236 omnesque
1295 1168 1538 1239 ejusdem
1581 1173 1774 1231 forma:

174 1261 232 1303 et
258 1251 425 1304 animi
452 1250 724 1318 ediceret,
760 1265 816 1309 ut
844 1257 1084 1314 universi
1124 1262 1332 1331 pariter
1362 1273 1417 1318 et
1452 1265 1655 1322 Mentes
1687 1285 1774 1324 es-

175 1349 326 1404 sent,
374 1352 428 1395 et
470 1342 792 1420 Sermones,
845 1355 900 1400 et
946 1347 1230 1414 llomines,
1284 1364 1338 1406 et
1386 1353 1610 1423 Christi,
1660 1369 1768 1415 etc.

172 1430 396 1500 Nempe
427 1437 561 1501 quod
593 1436 649 1489 in
679 1436 977 1508 Evangelio
1006 1441 1260 1498 Christus
1283 1447 1462 1510 docet,
1495 1452 1770 1507 neminem

175 1541 352 1580 nosse
379 1525 612 1593 Patrem,
645 1529 750 1583 nisi
776 1529 998 1597 Filium,
1028 1544 1082 1589 et
1105 1537 1192 1590 cui
1217 1538 1446 1595 voluerit
1481 1541 1654 1598 Filius
1687 1564 1773 1601 re-

174 1619 390 1682 velare;
437 1629 493 1672 et
551 1622 688 1690 iuod
735 1620 958 1698 [XXle
1020 1626 1127 1681 ﬁde
1188 1633 1438 1688 novimus
1503 1635 1766 1705 Spiritum

172 1723 426 1765 sanctum
457 1727 581 1767 esse
622 1715 951 1772 charitatem
984 1729 1039 1774 et
1067 1737 1348 1790 amorem,
1379 1728 1770 1802 vinculumque

170 1806 541 1862 sanctissimae
569 1807 882 1878 Trinitatis,
928 1827 993 1868 ac
1037 1831 1234 1872 nexum
1279 1836 1388 1888 quo
1432 1822 1618 1877 ﬁdi-les
1646 1841 1773 1879 con-

171 1901 548 1970 stringuntur,
606 1913 661 1957 et
714 1920 883 1958 unum
930 1905 1089 1974 ﬁunt,
1147 1911 1263 1968 haec
1309 1919 1771 1975 comminisccndi

170 2009 366 2046 ansam
401 1994 788 2081 prtebuerunt:
821 1997 1167 2056 Salvatorem
1198 2014 1402 2072 autem,
1431 2021 1499 2062 ex
1525 2025 1589 2064 eo
1623 2013 1767 2081 quod

168 2085 374 2155 singuli
412 2085 746 2146 Pleromatis
775 2069 982 2148 .IEones
1036 2094 1090 2149 in
1142 2111 1199 2151 se
1250 2102 1765 2168 prtestantissimum

169 2194 236 2233 ac
257 2179 721 2237 ﬂorentissimum
749 2184 1039 2254 haberent,
1073 2188 1210 2244 scite
1238 2195 1570 2261 composito,
1599 2207 1767 2268 atque

172 2269 462 2339 eleganter
530 2283 829 2342 contexto,
891 2291 988 2332 ceu
1041 2277 1362 2338 Pleromatis
1418 2286 1601 2353 sidus,
1650 2303 1771 2358 per-

175 2359 499 2431 fectumque
541 2363 803 2432 fructum,
851 2383 913 2423 ac
964 2371 1210 2437 paternis
1236 2371 1474 2428 Eanum
1523 2379 1766 2434 oumium

171 2452 494 2508 nominibus
524 2454 875 2525 insignitum,
908 2458 960 2511 in
989 2457 1390 2517 lucemeditnm
1424 2464 1765 2537 elfntiebant,

167 2545 314 2609 quod
345 2545 490 2614 apud
521 2544 847 2615 Apostolum
878 2548 1163 2618 legissent,
1196 2553 1476 2611 Christum
1515 2571 1764 2616 nostrum

168 2636 404 2691 inﬁnitis
439 2637 643 2692 divina:
681 2641 968 2709 sapientiae
994 2646 1054 2697 'et
1085 2644 1332 2702 scientia:
1371 2649 1647 2706 thesauris
1684 2654 1768 2709 di-

172 2739 374 2796 tatum,
416 2740 473 2784 et
524 2729 577 2784 in
631 2746 697 2785 eo
747 2731 1143 2801 plenitudinem
1178 2754 1396 2794 omnem
1452 2743 1767 2803 Divinitatis

165 2823 424 2878 habitare
454 2824 821 2894 corporaliter
852 2826 919 2881 ".
956 2829 1128 2893 Quem
1161 2830 1290 2886 dum
1317 2835 1526 2902 angelis
1561 2839 1766 2894 satelli-

168 2917 311 2971 tibus
357 2915 553 2971 eodem
609 2927 859 2987 tempore
901 2921 1183 2988 productis
1242 2926 1503 2994 stipatum
1557 2932 1764 2987 deseri-

170 3008 316 3072 bant,
357 3009 564 3078 partim
615 3006 1001 3079 Evangelium,
1042 3011 1095 3066 in
1145 3030 1255 3084 quo
1299 3018 1497 3088 legitur
1537 3026 1763 3094 angelos

1883 515 2081 569 merito
2144 517 2614 590 reformidabant‘,
2666 523 2832 578 aliam
2888 519 3163 581 divinitati
3213 525 3474 595 iniuriam

1879 601 2090 658 inferre
2115 609 2275 662 veriti
2305 625 2412 664 non
2441 623 2567 666 sunt
2595 626 2608 665 :
2642 624 2886 670 statuere
2932 618 3203 687 siquidem
3249 620 3476 690 angelos

1878 703 1937 746 ut
1965 699 2154 753 mttttdi
2180 711 2455 770 auctores,
2483 704 2561 759 sic
2586 713 2638 758 et
2663 707 2930 762 malorum
2959 711 3200 764 omnium
3223 713 3473 781 opiﬁces.

1878 783 2010 850 Qua:
2039 799 2284 844 veterum
2315 793 2562 847 omnium
2599 796 3013 866 Gnosticorum,
3058 800 3320 863 Simonis,
3364 803 3475 858 Meo

1878 881 2098 946 uandri,
2122 883 2431 952 Saturnini,
2466 887 2814 962 aliorumque
2842 910 3074 964 quorum
3099 896 3474 965 blasphemias

1879 975 2076 1029 recitat
2122 975 2360 1034 lrentetts
2412 981 2506 1036 lib.
2547 999 2612 1051 ι,
2671 984 2836 1055 itnpia
2903 987 3009 1043 fuit
3063 990 3327 1058 opinatio.
3365 989 3474 1046 Sed

1876 1067 2005 1134 quia
2068 1068 2407 1140 importuna,
2483 1091 2582 1131 nec
2636 1092 2790 1132 vana:
2861 1081 3185 1136 subtilitatis
3260 1083 3472 1139 artibus

1878 1174 2112 1228 usquam
2165 1161 2454 1229 eludenda,
2509 1176 2602 1221 aut
2655 1169 2916 1224 solvenda
2980 1189 3200 1244 semper
3259 1176 3466 1232 redibat

1877 1253 2130 1319 qutestio.
2165 1257 2309 1310 unde
2357 1260 2539 1328 angeli
2579 1261 2682 1329 ipsi
2721 1277 2786 1316 eo
2831 1279 3004 1333 usque
3045 1281 3168 1320 cum
3220 1268 3467 1336 malitize,

1879 1353 1991 1399 tum
2023 1348 2282 1416 potentia:
2314 1349 2573 1407 devenire
2601 1364 2919 1424 potuerunt,
2977 1367 3034 1411 ut
3065 1361 3326 1412 mundum
3359 1361 3471 1416 Deo

1877 1438 2023 1492 bono
2055 1440 2137 1494 \el
2166 1443 2359 1509 invito,
2390 1444 2472 1499 vel
2511 1461 2615 1500 non
2648 1459 2984 1520 repugnante
3023 1466 3075 1505 et
3109 1451 3465 1519 fabt‘icarettt,

1880 1543 1936 1585 et
1967 1534 2123 1590 malis
2149 1536 2623 1606 contaminarent;
2655 1543 2798 1596 hanc
2831 1542 3142 1597 fabularum
3179 1560 3469 1600 commcn-

1881 1624 1983 1690 tis,
2016 1628 2358 1684 certissitnas
2394 1633 2654 1687 veritates
2699 1636 3046 1690 obscurando
3074 1677 3088 1701 ,
3117 1638 3374 1706 expedire
3408 1653 3471 1694 se

1878 1734 2038 1787 posse
2069 1731 2328 1788 putarunt
2359 1723 2749 1780 Valentiniani.
2779 1729 3081 1782 Audierant
3118 1729 3172 1782 in
3200 1731 3470 1784 Christia-

1877 1825 2068 1864 norum
2093 1813 2312 1878 scholis,
2334 1814 2549 1870 initium
2581 1819 2759 1872 omnis
2791 1821 3114 1887 perditionis
3149 1823 3466 1890 superbiam

1873 1904 2182 1972 exstitisse;
2210 1907 2432 1976 angelos
2454 1910 2679 1978 quippe,
2714 1913 2858 1979 quod
2881 1913 2949 1965 ad
2972 1912 3239 1968 Altissimi
3269 1914 3468 1970 solium

1871 1995 2124 2064 propius,
2171 2011 2335 2065 quam
2386 2015 2578 2053 eorum
2624 2003 2868 2056 conditio
2914 2001 3154 2068 ferebat,
3202 2008 3470 2062 accedere

1873 2086 2203 2153 voluissent,
2228 2089 2483 2158 quodque
2523 2105 2793 2147 summam
2830 2095 2922 2164 Dei
2944 2097 3230 2150 scientiam
3260 2113 3324 2151 ac
3352 2115 3470 2153 uta-

1865 2174 2122 2245 jestatem
2171 2190 2376 2234 temere
2426 2184 2695 2250 aemulati,
2747 2188 2913 2241 rebus
2960 2190 3215 2242 omnibus
3264 2188 3468 2244 creatis

1871 2273 2145 2328 dominari
2198 2289 2262 2330 ac
2317 2277 2627 2347 providere,
2682 2279 2878 2334 affectu
2937 2281 3130 2336 saltem
3191 2299 3255 2338 ac
3318 2296 3464 2353 voto,

1871 2367 2312 2437 concupiissent,
2361 2387 2393 2425 e
2463 2372 2608 2427 ctelo
2673 2373 2920 2440 dejectos
2976 2377 3247 2448 praecipiti
3309 2381 3468 2434 ruina

1871 2460 2132 2527 periisse,
2178 2465 2504 2534 eodemque,
2551 2479 2660 2535 quo
2708 2467 2945 2536 primum
3000 2469 3191 2524 infecti
3248 2471 3469 2526 fuerant

1869 2554 2139 2622 superbia:
2186 2571 2417 2622 veneno,
2476 2558 2778 2612 humanum
2827 2575 3002 2628 genus
3060 2561 3350 2630 infecisse,
3399 2581 3467 2621 ac

1877 2647 2208 2716 perdidisse,
2257 2658 2311 2703 et
2363 2650 2596 2719 proinde
2637 2652 2908 2708 malorum
2953 2657 3225 2723 omnium,
3264 2660 3466 2726 quibus

1863 2735 1974 2804 jam
2011 2737 2377 2794 labefactatur
2415 2742 2587 2807 orbis,
2645 2741 2893 2798 fomitem
2957 2745 3321 2802 ministrasse.
3354 2751 3466 2804 Au-

1870 2829 2106 2895 dierant,
2160 2840 2217 2884 et
2253 2831 2395 2900 apud
2443 2832 2763 2901 Apostolum
2815 2835 3082 2905 legerant,
3133 2837 3304 2893 Deum
3360 2841 3464 2896 sibi

1868 2923 2218 2994 proposuisse
2272 2928 2577 2980 instaurare
2629 2929 2806 2982 omnia
2851 2931 2907 2984 in
2952 2927 3190 2998 Christo,
3235 2951 3357 3003 quae
3405 2938 3462 2991 in

1867 3018 2032 3083 cazlis,
2056 3029 2103 3072 et
2132 3035 2249 3088 quw
2283 3019 2338 3073 in
2368 3029 2513 3073 terra
2547 3032 2695 3089 sunt,
2729 3023 2784 3076 in
2813 3024 2929 3093 ipso
2957 3025 3035 3091 ⁶⁸;
3076 3035 3132 3080 et
3173 3030 3319 3098 quod
3366 3045 3464 3098 per

165 3098 368 3153 Christi
398 3110 586 3152 ortttm
619 3107 674 3153 et
705 3100 1166 3157 resurrectionem
1195 3109 1576 3175 annuntiasse,
1603 3112 1764 3182 eique
1791 3130 1834 3188 α
1870 3111 2064 3166 Filium
2100 3128 2282 3180 suum,
2313 3113 2403 3183 qui
2431 3122 2505 3168 est
2530 3116 2705 3186 imago
2745 3117 2840 3170 Dei
2878 3118 3180 3186 invisibilis,
3215 3125 3460 3194 rompla-

166 3189 220 3240 in
246 3189 513 3244 omnibus
548 3189 896 3244 ministrasse
922 3232 936 3255 ,
968 3194 1164 3260 partim
1195 3194 1506 3253 Platonicos
1535 3200 1762 3258 imitan-

171 3290 270 3343 tur,
323 3281 440 3349 qui,
471 3278 790 3335 Jamblicho
842 3293 998 3348 teste,
1056 3295 1192 3341 seet.
1245 3304 1306 3354 tt,
1361 3307 1484 3360 cap.
1517 3294 1572 3360 2,
1625 3297 1658 3350 5
1708 3307 1762 3352 et

163 3388 304 3441 seq.,
343 3374 449 3426 diis
485 3374 724 3443 aliquam
753 3377 1061 3445 angelorum
1107 3382 1338 3448 turbam,
1381 3396 1634 3456 tanquam
1674 3407 1758 3445 sa-

164 3467 380 3528 tellites,
413 3468 722 3536 assignant.

229 3584 319 3639 48.
361 3583 607 3654 Sophia},
647 3584 878 3638 Eouutn
910 3588 1214 3659 novissimi,
1242 3595 1440 3662 casus,
1487 3597 1762 3669 insignior

164 3675 567 3732 Valentinianze
637 3675 838 3732 fabula:
886 3694 1032 3747 pars,
1093 3682 1148 3737 in
1204 3687 1531 3744 recensione
1574 3690 1762 3748 Plero-

163 3769 319 3823 tnatis
350 3769 542 3823 omitti
576 3785 688 3823 non
735 3771 916 3826 debet.
966 3771 1217 3830 Alterum
1253 3780 1484 3850 aenigma
1539 3787 1756 3843 cteteris

160 3871 216 3914 ut
247 3861 544 3928 insulsius,
587 3862 670 3916 sic
703 3864 1089 3921 etobscurius.
1140 3867 1282 3936 Quid
1315 3888 1378 3927 ea
1420 3875 1486 3929 de
1535 3892 1592 3931 re
1629 3893 1756 3934 sen-

162 3955 307 4017 tiam,
343 3954 541 4023 paucis
575 3954 899 4024 eXplicabo.
940 3957 1210 4018 Pervetus
1249 3975 1332 4018 est
1365 3966 1433 4020 de
1473 3968 1602 4023 mali
1641 3972 1754 4026 ori-

160 4045 277 4114 giae
305 4047 610 4112 dubitatio,
663 4063 785 4117 qua:
817 4058 928 4103 tum
964 4050 1414 4124 philosophorum
1452 4059 1753 4120 Christiani

153 4141 433 4211 dogmatis
486 4141 831 4212 ignarorum,
881 4151 994 4198 tum
1043 4148 1208 4204 etiam
1250 4167 1442 4208 eorum
1479 4158 1757 4224 quiCbri-

159 4235 395 4287 stiannm
429 4249 632 4288 nomen
674 4237 1105 4307 proﬁtebantur,
1149 4245 1355 4302 diutius
1405 4251 1564 4304 torsit
1599 4252 1754 4320 inge-

159 4330 258 4380 nia.
299 4327 443 4384 Cum
474 4330 626 4384 enim
657 4331 785 4388 hinc
819 4348 884 4390 ea
915 4334 986 4390 sit
1019 4340 1262 4392 omnium
1285 4342 1485 4397 animis
1513 4343 1752 4416 ingenita

160 4421 324 4487 notio,
376 4423 557 4476 Deum
616 4439 832 4479 suntme
892 4425 1091 4483 bonum
1149 4434 1416 4490 malorum
1471 4450 1751 4495 auctorem

159 4531 271 4572 esse
317 4533 430 4572 non
472 4534 672 4588 posse;
720 4523 870 4578 illinc
912 4542 1043 4582 vero
1096 4529 1256 4586 malis
1303 4536 1564 4588 mundum
1610 4537 1752 4593 hunc
1789 4507 1830 4560 υ

159 4619 371 4664 scatere
404 4610 605 4666 doceat
635 4615 1014 4683 experientia;
1051 4622 1248 4676 nodum
1280 4625 1492 4680 solvere
1519 4642 1627 4681 non
1658 4643 1750 4682 va-

160 4698 330 4755 lentes
353 4702 606 4770 plurimi,
646 4706 729 4759 vel
754 4706 1141 4774 desperatione
1182 4712 1340 4769 fracti
1379 4727 1530 4784 sunt,
1576 4721 1662 4774 vel
1695 4722 1747 4775 in

160 4792 683 4851 absurdissimorum
739 4814 997 4856 errorum
1062 4805 1386 4862 barathrum
1439 4813 1750 4881 prtecipites

159 4887 278 4951 acti,
310 4889 631 4944 miserrime
663 4893 973 4959 perierunt.
1016 4894 1085 4951 Ut
1137 4899 1386 4955 omittam
1423 4916 1518 4957 eos
1558 4919 1588 4958 ε
1622 4902 1750 4960 Pla-

162 4982 375 5048 tonicis,
422 4985 521 5052 qui
571 4987 864 5040 materiam
917 4999 1178 5046 aeternam
1229 5003 1286 5048 et
1333 5012 1362 5049 a
1414 4997 1565 5051 nullo
1619 5016 1744 5067 pro-

159 5070 368 5127 ductam
416 5074 687 5131 invexere
739 5077 1008 5132 malornnt
1064 5083 1328 5148 radicem,
1373 5099 1496 5154 quae
1546 5087 1747 5143 divinis

160 5171 408 5234 operibus
437 5170 698 5236 admista,
750 5171 875 5227 haec
914 5175 1240 5244 contagione
1281 5179 1514 5244 quadam
1555 5181 1747 5236 inﬁce-

161 5271 264 5327 ret;
292 5262 390 5316 alii
426 5279 553 5316 cum
595 5264 932 5334 philosophi,
974 5277 1086 5319 tum
1131 5271 1354 5324 nomine
1394 5282 1547 5326 tenus
1583 5273 1745 5329 Chri-

158 5357 335 5420 stiani,
382 5358 579 5426 quales
617 5357 985 5423 Marcionita}.
1028 5360 1307 5416 llianiehazi
1353 5374 1408 5418 et
1439 5363 1744 5422 Priscillia-

160 5449 321 5514 εἰπερ,
367 5451 507 5505 duos
565 5451 848 5508 allirmarc
904 5455 1036 5509 deos
1088 5454 1422 5524 tnaluerunt,
1473 5469 1526 5513 et
1575 5475 1742 5516 unum

160 5551 332 5595 eorum
364 5543 493 5598 mali
526 5544 891 5613 principium,
920 5559 987 5599 ne
1023 5544 1168 5599 illum
1198 5562 1386 5602 verum
1419 5549 1608 5616 Deum,
1648 5555 1742 5621 qui

162 5645 340 5688 natura
376 5635 552 5692 bonus
593 5649 700 5698 est,
754 5637 967 5690 fontem
1007 5647 1064 5690 et
1110 5638 1384 5710 originem
1435 5643 1563 5698 mali
1613 5661 1740 5702 esse

231 5822 268 5854 ‘1
301 5819 394 5875 Col
449 5837 512 5891 ιι,
543 5823 599 5881 9.
701 5823 747 5854 "
780 5820 984 5891 Epltcs.
1017 5838 1054 5890 t,
1096 5823 1181 5881 ιο.

1297 5827 1340 5858 ιι
1381 5825 1496 5883 Col.
1541 5843 1580 5896 l,
1617 5830 1706 5899 ts,
1739 5828 1826 5893 eo.

1868 3208 2045 3261 cuerit
2083 3205 2428 3260 reconciliare
2477 3208 2655 3260 omnia
2699 3208 2752 3262 in
2785 3213 2976 3280 ipsum,
3027 3216 3324 3286 paciﬁcans
3369 3233 3465 3289 per

1866 3304 2177 3371 sanguinem
2215 3306 2387 3357 crucis
2427 3303 2564 3371 ejus,
2605 3303 2711 3359 sive
2748 3323 2869 3376 qua:
2900 3309 2953 3360 in
2984 3311 3162 3376 terris,
3197 3313 3306 3366 sive
3342 3331 3462 3385 qua:

1866 3401 1922 3455 in
1953 3403 2093 3454 cazlis
2130 3412 2251 3454 sunt
2281 3399 2346 3454 "‘.
2375 3399 2698 3455 Certissima
2738 3400 2856 3456 haec
2887 3402 3146 3461 Ecclesiae
3175 3409 3463 3467 catholica:

1865 3514 1934 3566 ab
1979 3514 2243 3582 apostolis
2285 3516 2486 3570 tradita
2531 3516 2786 3583 dogmata
2839 3519 3228 3590 depravantes,
3282 3525 3462 3596 iisque

1864 3608 2070 3664 ludicra
2098 3617 2406 3664 commenta
2439 3625 2535 3680 pro
2565 3626 2718 3666 more
2750 3613 3216 3683 inlermiscentes,
3258 3635 3457 3675 novam

1863 3704 2210 3776 hypothcsim
2235 3705 2524 3770 cuderunt,
2549 3721 2654 3775 qua
2697 3721 2879 3761 rerum
2906 3710 3130 3776 genesin
3172 3727 3294 3779 suo,
3326 3711 3457 3768 Pla-

1863 3798 2045 3852 tonico
2097 3796 2279 3865 potius
2326 3807 2390 3850 ac
2444 3795 2807 3868 Pythagorico
2843 3839 2858 3864 ,
2913 3805 3106 3868 modo,
3169 3804 3457 3871 arnigmata

1860 3879 2169 3961 tenigmatis
2215 3890 2542 3956 intexentes,
2587 3891 2953 3960 explicarent.
3001 3895 3310 3950 Finxcrunt
3351 3897 3456 3952 ita-

1861 3999 1986 4054 que,
2020 3999 2292 4039 summum
2334 3982 2504 4039 Deum
2533 3984 2765 4040 inﬁnitis
2799 3995 3108 4056 temporum
3157 3990 3370 4044 saeculis
3398 3992 3452 4045 in

1859 4091 2072 4131 summa
2124 4077 2314 4147 quiete
2363 4092 2431 4133 ac
2480 4077 2880 4146 tranquilli'ate
2935 4080 3263 4148 perstitisse,
3318 4082 3456 4139 nihil

1859 4171 2102 4226 exterius
2135 4182 2440 4241 operatum,
2473 4172 2570 4227 sed
2603 4173 2716 4227 sola
2749 4188 2846 4228 sua
2891 4174 3070 4246 ὲννοίᾳ
3110 4189 3205 4229 seu
3251 4177 3457 4241 cogita-

1861 4267 2009 4320 tione
2040 4274 2357 4319 contentum
2391 4275 2446 4320 et
2486 4275 2844 4335 occupatum:
2887 4282 3052 4336 quam
3097 4266 3225 4322 ideo
3273 4268 3454 4322 Silen-

1863 4360 1995 4412 tium
2029 4359 2321 4424 vocabant,
2349 4359 2478 4428 quia
2513 4359 2662 4415 nullo
2701 4373 2823 4415 sese
2864 4371 2988 4414 actu
3030 4361 3291 4415 exteriori
3318 4376 3452 4428 pro-

1859 4450 2328 4516 debat;Gratiam
2378 4465 2525 4517 vero,
2555 4455 2682 4522 quia
2733 4453 3134 4508 beneﬁciorum
3181 4453 3450 4520 omnium,

1861 4559 1984 4613 quae
2010 4544 2128 4599 orbi
2158 4545 2416 4613 deinceps
2457 4543 2692 4614 largitus
2731 4557 2835 4612 εει,
2877 4547 2996 4600 fons
3039 4555 3093 4600 et
3121 4545 3450 4616 principium

1861 4637 2098 4693 exstitit.
2149 4637 2230 4692 Ex
2289 4652 2399 4707 quo
2452 4637 2600 4693 enim
2658 4637 2806 4693 Deus
2840 4640 2892 4692 in
2945 4639 3186 4693 animum
3237 4640 3453 4696 indttxit

1859 4730 2047 4786 orbem
2084 4731 2345 4795 condere,
2375 4730 2765 4801 cogitationem
2794 4746 2949 4785 suam
2990 4731 3258 4787 hactenus
3283 4733 3452 4787 steri-

1860 4823 1964 4877 lem
1990 4827 2071 4879 sic
2100 4823 2442 4892 fecundavit,
2476 4833 2550 4880 ,ut
2576 4825 2631 4878 in
2665 4839 2860 4878 novum
2899 4834 3103 4890 aetum,
3139 4839 3249 4894 quo
3290 4834 3450 4882 exte-

1859 4919 1974 4970 rius
2005 4926 2334 4986 patesceret,
2363 4932 2682 4986 erumpens,
2709 4913 2856 4969 Νοῦν
2901 4931 3000 4972 seu
3047 4933 3268 4973 sensum
3313 4935 3446 4985 pro-

1857 5008 2105 5074 duceret,
2153 5024 2336 5064 rerum
2401 5010 2648 5064 omnium
2722 5017 2941 5077 patrem
2992 5025 3060 5064 ac
3115 5009 3448 5080 principium

1857 5101 2054 5155 deinde
2110 5100 2374 5164 futurum,
2437 5100 2555 5156 sive
2613 5100 2930 5169 primaevam
2984 5110 3038 5156 et
3089 5103 3444 5173 archetypum

1855 5208 2041 5248 rerum
2093 5193 2336 5248 omnium
2388 5193 2796 5247 condendarttm
2853 5194 3109 5257 formam,
3155 5204 3213 5248 et
3258 5209 3450 5249 exem-

1855 5286 1993 5351 plar.
2029 5281 2169 5338 l-luic
2215 5283 2466 5352 copulata
2513 5285 2716 5338 dicitur
2762 5284 2998 5350 Veritas,
3035 5286 3164 5355 quia
3207 5287 3444 5356 primum

1857 5375 1986 5430 illud
2017 5374 2304 5444 exemplar
2349 5390 2604 5443 suprema
2654 5377 2860 5432 veritas
2904 5386 2959 5432 et
3003 5378 3188 5448 regula
3243 5387 3348 5440 est,
3378 5379 3447 5433 ad

1852 5481 2015 5537 quam
2069 5466 2315 5520 omnium
2370 5466 2660 5522 fabricatio
2697 5468 2964 5536 exigenda
2999 5468 3090 5522 sit.
3138 5469 3277 5534 Quia
3309 5485 3445 5524 vero

1851 5559 2116 5628 apertius,
2143 5574 2306 5627 quam
2336 5568 2399 5614 ut
2441 5561 2510 5616 ab
2560 5561 2628 5615 iis
2675 5560 2770 5630 qui
2821 5559 3198 5615 Christianum
3244 5577 3443 5617 nomen

1850 5664 2129 5723 utcunque
2177 5655 2531 5727 proﬁtentur,
2576 5653 2766 5726 negari
2802 5655 2996 5725 possit,
3044 5654 3101 5712 in
3136 5655 3440 5729 Scripturis
