  <div class='ocr_page' id='page_1' title='image "/cluster/home/n/w/nwhite01/storage/ocr_20150623/7/hvd.32044019206614/041.png"; bbox 0 0 3954 6352; ppageno 0'>
   <div class='ocr_carea' id='block_1_1' title="bbox 572 296 3846 370">
    <p class='ocr_par' dir='ltr' id='par_1_1' title="bbox 572 296 3846 370">
     <span class='ocr_line' id='line_1_1' title="bbox 572 296 3846 370; baseline -0.001 -12"><span class='ocrx_word' id='word_1_1' title='bbox 572 302 641 358; x_wconf 81' lang='lat'>67</span> <span class='ocrx_word' id='word_1_2' title='bbox 1398 302 1997 361; x_wconf 57' lang='lat' dir='ltr'><strong>DlSSEBTATlONES</strong></span> <span class='ocrx_word' id='word_1_3' title='bbox 2036 300 2338 359; x_wconf 63' lang='lat' dir='ltr'><strong>PREVIE</strong></span> <span class='ocrx_word' id='word_1_4' title='bbox 2376 298 2442 354; x_wconf 84' lang='lat' dir='ltr'><strong>IN</strong></span> <span class='ocrx_word' id='word_1_5' title='bbox 2485 296 2745 355; x_wconf 66' lang='lat' dir='ltr'><strong>lRENAﬂl</strong></span> <span class='ocrx_word' id='word_1_6' title='bbox 2784 298 3055 356; x_wconf 81' lang='lat' dir='ltr'><strong>LIBROS.</strong></span> <span class='ocrx_word' id='word_1_7' title='bbox 3769 309 3846 370; x_wconf 70' lang='grc' dir='ltr'><strong>οε</strong></span> 
     </span>
    </p>
   </div>
   <div class='ocr_carea' id='block_1_2' title="bbox 575 421 3846 499">
    <p class='ocr_par' dir='ltr' id='par_1_2' title="bbox 575 421 3846 499">
     <span class='ocr_line' id='line_1_2' title="bbox 575 421 3846 499; baseline 0.001 -17"><span class='ocrx_word' id='word_1_8' title='bbox 575 429 774 499; x_wconf 79' lang='lat' dir='ltr'><strong>legitur</strong></span> <span class='ocrx_word' id='word_1_9' title='bbox 815 428 884 493; x_wconf 79' lang='lat'><strong>&quot;,</strong></span> <span class='ocrx_word' id='word_1_10' title='bbox 912 428 966 479; x_wconf 91' lang='lat' dir='ltr'><strong>in</strong></span> <span class='ocrx_word' id='word_1_11' title='bbox 1006 427 1272 496; x_wconf 89' lang='lat' dir='ltr'><strong>principio</strong></span> <span class='ocrx_word' id='word_1_12' title='bbox 1317 441 1439 482; x_wconf 90' lang='lat' dir='ltr'><strong>esse</strong></span> <span class='ocrx_word' id='word_1_13' title='bbox 1490 428 1770 492; x_wconf 81' lang='lat' dir='ltr'><strong>Verbum,‘</strong></span> <span class='ocrx_word' id='word_1_14' title='bbox 1790 432 1854 483; x_wconf 84' lang='lat' dir='ltr'><strong>&#39;et</strong></span> <span class='ocrx_word' id='word_1_15' title='bbox 1884 428 1940 481; x_wconf 93' lang='lat' dir='ltr'><strong>in</strong></span> <span class='ocrx_word' id='word_1_16' title='bbox 1980 426 2156 483; x_wconf 89' lang='lat' dir='ltr'><strong>Verbo</strong></span> <span class='ocrx_word' id='word_1_17' title='bbox 2184 430 2231 487; x_wconf 80' lang='grc' dir='ltr'><strong>Α</strong></span> <span class='ocrx_word' id='word_1_18' title='bbox 2258 438 2437 494; x_wconf 81' lang='lat' dir='ltr'><strong>nugas</strong></span> <span class='ocrx_word' id='word_1_19' title='bbox 2459 421 2812 485; x_wconf 86' lang='lat' dir='ltr'><strong>venditando,</strong></span> <span class='ocrx_word' id='word_1_20' title='bbox 2846 437 2875 475; x_wconf 92' lang='lat' dir='ltr'><strong>a</strong></span> <span class='ocrx_word' id='word_1_21' title='bbox 2908 421 3019 477; x_wconf 88' lang='lat' dir='ltr'><strong>Deo</strong></span> <span class='ocrx_word' id='word_1_22' title='bbox 3050 423 3318 479; x_wconf 86' lang='lat' dir='ltr'><strong>malorum</strong></span> <span class='ocrx_word' id='word_1_23' title='bbox 3344 439 3562 484; x_wconf 83' lang='lat' dir='ltr'><strong>causam</strong></span> <span class='ocrx_word' id='word_1_24' title='bbox 3591 441 3846 487; x_wconf 73' lang='lat' dir='ltr'><strong>avertere</strong></span> 
     </span>
    </p>
   </div>
   <div class='ocr_carea' id='block_1_3' title="bbox 574 518 2156 589">
    <p class='ocr_par' dir='ltr' id='par_1_3' title="bbox 574 518 2156 589">
     <span class='ocr_line' id='line_1_3' title="bbox 574 518 2156 589; baseline -0.001 -13"><span class='ocrx_word' id='word_1_25' title='bbox 574 524 906 589; x_wconf 86' lang='lat' dir='ltr'><strong>vitam;per</strong></span> <span class='ocrx_word' id='word_1_26' title='bbox 937 519 1200 584; x_wconf 85' lang='lat' dir='ltr'><strong>Verbum,</strong></span> <span class='ocrx_word' id='word_1_27' title='bbox 1233 518 1398 575; x_wconf 90' lang='lat' dir='ltr'><strong>totius</strong></span> <span class='ocrx_word' id='word_1_28' title='bbox 1437 521 1743 575; x_wconf 76' lang='lat' dir='ltr'><strong>molimenti</strong></span> <span class='ocrx_word' id='word_1_29' title='bbox 1790 536 1977 575; x_wconf 91' lang='lat' dir='ltr'><strong>curam</strong></span> <span class='ocrx_word' id='word_1_30' title='bbox 2030 521 2156 575; x_wconf 87' lang='lat' dir='ltr'><strong>huic</strong></span> 
     </span>
    </p>
   </div>
   <div class='ocr_carea' id='block_1_4' title="bbox 574 612 2156 679">
    <p class='ocr_par' dir='ltr' id='par_1_4' title="bbox 574 612 2156 679">
     <span class='ocr_line' id='line_1_4' title="bbox 574 612 2156 679; baseline -0.001 -9"><span class='ocrx_word' id='word_1_31' title='bbox 574 616 940 670; x_wconf 87' lang='lat' dir='ltr'><strong>demandaute</strong></span> <span class='ocrx_word' id='word_1_32' title='bbox 969 612 1153 677; x_wconf 89' lang='lat' dir='ltr'><strong>Patre,</strong></span> <span class='ocrx_word' id='word_1_33' title='bbox 1188 612 1329 667; x_wconf 82' lang='lat' dir='ltr'><strong>facta</strong></span> <span class='ocrx_word' id='word_1_34' title='bbox 1361 628 1481 669; x_wconf 86' lang='lat' dir='ltr'><strong>esse</strong></span> <span class='ocrx_word' id='word_1_35' title='bbox 1505 616 1721 679; x_wconf 83' lang='lat' dir='ltr'><strong>omnia;</strong></span> <span class='ocrx_word' id='word_1_36' title='bbox 1756 630 1784 668; x_wconf 89' lang='lat' dir='ltr'><strong>a</strong></span> <span class='ocrx_word' id='word_1_37' title='bbox 1818 615 1995 670; x_wconf 86' lang='lat' dir='ltr'><strong>Verbo</strong></span> <span class='ocrx_word' id='word_1_38' title='bbox 2025 630 2156 670; x_wconf 85' lang='lat' dir='ltr'><strong>con-</strong></span> 
     </span>
    </p>
   </div>
   <div class='ocr_carea' id='block_1_5' title="bbox 574 704 2153 769">
    <p class='ocr_par' dir='ltr' id='par_1_5' title="bbox 574 704 2153 769">
     <span class='ocr_line' id='line_1_5' title="bbox 574 704 2153 769; baseline 0.001 -8"><span class='ocrx_word' id='word_1_39' title='bbox 574 706 747 761; x_wconf 92' lang='lat' dir='ltr'><strong>ditum</strong></span> <span class='ocrx_word' id='word_1_40' title='bbox 804 706 1113 769; x_wconf 81' lang='lat' dir='ltr'><strong>hominem;</strong></span> <span class='ocrx_word' id='word_1_41' title='bbox 1182 721 1211 758; x_wconf 88' lang='lat' dir='ltr'><strong>a</strong></span> <span class='ocrx_word' id='word_1_42' title='bbox 1278 704 1461 761; x_wconf 86' lang='lat' dir='ltr'><strong>Verbo</strong></span> <span class='ocrx_word' id='word_1_43' title='bbox 1520 707 1786 761; x_wconf 83' lang='lat' dir='ltr'><strong>refectum</strong></span> <span class='ocrx_word' id='word_1_44' title='bbox 1850 708 2153 762; x_wconf 89' lang='lat' dir='ltr'><strong>humanum</strong></span> 
     </span>
    </p>
   </div>
   <div class='ocr_carea' id='block_1_6' title="bbox 572 796 2153 869">
    <p class='ocr_par' dir='ltr' id='par_1_6' title="bbox 572 796 2153 869">
     <span class='ocr_line' id='line_1_6' title="bbox 572 796 2153 869; baseline 0.001 -17"><span class='ocrx_word' id='word_1_45' title='bbox 572 813 767 869; x_wconf 68' lang='lat' dir='ltr'><strong>genus,</strong></span> <span class='ocrx_word' id='word_1_46' title='bbox 818 812 883 851; x_wconf 87' lang='lat' dir='ltr'><strong>ac</strong></span> <span class='ocrx_word' id='word_1_47' title='bbox 936 796 1217 850; x_wconf 78' lang='lat' dir='ltr'><strong>fundatam</strong></span> <span class='ocrx_word' id='word_1_48' title='bbox 1275 797 1605 861; x_wconf 88' lang='lat' dir='ltr'><strong>Ecclesiam;</strong></span> <span class='ocrx_word' id='word_1_49' title='bbox 1666 798 1837 853; x_wconf 91' lang='lat' dir='ltr'><strong>Deum</strong></span> <span class='ocrx_word' id='word_1_50' title='bbox 1896 799 2153 853; x_wconf 78' lang='lat' dir='ltr'><strong>fundasse</strong></span> 
     </span>
    </p>
   </div>
   <div class='ocr_carea' id='block_1_7' title="bbox 574 890 2155 961">
    <p class='ocr_par' dir='ltr' id='par_1_7' title="bbox 574 890 2155 961">
     <span class='ocr_line' id='line_1_7' title="bbox 574 890 2155 961; baseline 0.001 -17"><span class='ocrx_word' id='word_1_51' title='bbox 574 899 777 945; x_wconf 91' lang='lat' dir='ltr'><strong>terram</strong></span> <span class='ocrx_word' id='word_1_52' title='bbox 831 890 1129 959; x_wconf 74' lang='lat' dir='ltr'><strong>sapientia,</strong></span> <span class='ocrx_word' id='word_1_53' title='bbox 1188 899 1243 944; x_wconf 90' lang='lat' dir='ltr'><strong>et</strong></span> <span class='ocrx_word' id='word_1_54' title='bbox 1298 891 1635 945; x_wconf 86' lang='lat' dir='ltr'><strong>stabilivisse</strong></span> <span class='ocrx_word' id='word_1_55' title='bbox 1692 891 1860 945; x_wconf 85' lang='lat' dir='ltr'><strong>caelos</strong></span> <span class='ocrx_word' id='word_1_56' title='bbox 1919 893 2155 961; x_wconf 90' lang='lat' dir='ltr'><strong>pruden-</strong></span> 
     </span>
    </p>
   </div>
   <div class='ocr_carea' id='block_1_8' title="bbox 572 981 2151 1049">
    <p class='ocr_par' dir='ltr' id='par_1_8' title="bbox 572 981 2151 1049">
     <span class='ocr_line' id='line_1_8' title="bbox 572 981 2151 1049; baseline 0 -14"><span class='ocrx_word' id='word_1_57' title='bbox 572 982 671 1044; x_wconf 90' lang='lat' dir='ltr'><strong>tia,</strong></span> <span class='ocrx_word' id='word_1_58' title='bbox 698 992 829 1045; x_wconf 87' lang='lat' dir='ltr'><strong>ete.,</strong></span> <span class='ocrx_word' id='word_1_59' title='bbox 869 983 1073 1049; x_wconf 77' lang='lat' dir='ltr'><strong>ﬁngere</strong></span> <span class='ocrx_word' id='word_1_60' title='bbox 1116 995 1343 1034; x_wconf 90' lang='lat' dir='ltr'><strong>necesse</strong></span> <span class='ocrx_word' id='word_1_61' title='bbox 1392 981 1565 1034; x_wconf 89' lang='lat' dir='ltr'><strong>visum</strong></span> <span class='ocrx_word' id='word_1_62' title='bbox 1598 990 1704 1047; x_wconf 92' lang='lat' dir='ltr'><strong>est,</strong></span> <span class='ocrx_word' id='word_1_63' title='bbox 1742 996 1772 1035; x_wconf 91' lang='lat' dir='ltr'><strong>a</strong></span> <span class='ocrx_word' id='word_1_64' title='bbox 1815 982 1920 1047; x_wconf 80' lang='lat' dir='ltr'><strong>Nu,</strong></span> <span class='ocrx_word' id='word_1_65' title='bbox 1967 998 2151 1037; x_wconf 88' lang='lat' dir='ltr'><strong>rerum</strong></span> 
     </span>
    </p>
   </div>
   <div class='ocr_carea' id='block_1_9' title="bbox 570 1067 2149 1138">
    <p class='ocr_par' dir='ltr' id='par_1_9' title="bbox 570 1067 2149 1138">
     <span class='ocr_line' id='line_1_9' title="bbox 570 1067 2149 1138; baseline -0.002 -14"><span class='ocrx_word' id='word_1_66' title='bbox 570 1072 812 1127; x_wconf 89' lang='lat' dir='ltr'><strong>omnium</strong></span> <span class='ocrx_word' id='word_1_67' title='bbox 840 1071 1132 1138; x_wconf 89' lang='lat' dir='ltr'><strong>principio.</strong></span> <span class='ocrx_word' id='word_1_68' title='bbox 1174 1068 1509 1137; x_wconf 82' lang='lat' dir='ltr'><strong>processisse</strong></span> <span class='ocrx_word' id='word_1_69' title='bbox 1555 1067 1795 1124; x_wconf 87' lang='lat' dir='ltr'><strong>Verbum</strong></span> <span class='ocrx_word' id='word_1_70' title='bbox 1830 1085 1952 1122; x_wconf 86' lang='lat' dir='ltr'><strong>cum</strong></span> <span class='ocrx_word' id='word_1_71' title='bbox 1997 1069 2149 1135; x_wconf 88' lang='lat' dir='ltr'><strong>Vita;</strong></span> 
     </span>
    </p>
   </div>
   <div class='ocr_carea' id='block_1_10' title="bbox 568 1150 2153 1233">
    <p class='ocr_par' dir='ltr' id='par_1_10' title="bbox 568 1150 2153 1233">
     <span class='ocr_line' id='line_1_10' title="bbox 568 1150 2153 1233; baseline 0 -17"><span class='ocrx_word' id='word_1_72' title='bbox 568 1164 714 1233; x_wconf 89' lang='lat' dir='ltr'><strong>quod</strong></span> <span class='ocrx_word' id='word_1_73' title='bbox 763 1164 983 1233; x_wconf 78' lang='lat' dir='ltr'><strong>quidem</strong></span> <span class='ocrx_word' id='word_1_74' title='bbox 1046 1162 1281 1215; x_wconf 85' lang='lat' dir='ltr'><strong>Verbum</strong></span> <span class='ocrx_word' id='word_1_75' title='bbox 1338 1150 1505 1214; x_wconf 84' lang='lat' dir='ltr'><strong>Patre</strong></span> <span class='ocrx_word' id='word_1_76' title='bbox 1559 1159 1823 1225; x_wconf 76' lang='lat' dir='ltr'><strong>inferius,</strong></span> <span class='ocrx_word' id='word_1_77' title='bbox 1879 1162 2153 1230; x_wconf 87' lang='lat' dir='ltr'><strong>hujusque</strong></span> 
     </span>
    </p>
   </div>
   <div class='ocr_carea' id='block_1_11' title="bbox 568 1250 2149 1320">
    <p class='ocr_par' dir='ltr' id='par_1_11' title="bbox 568 1250 2149 1320">
     <span class='ocr_line' id='line_1_11' title="bbox 568 1250 2149 1320; baseline -0.001 -14"><span class='ocrx_word' id='word_1_78' title='bbox 568 1253 841 1317; x_wconf 84' lang='lat' dir='ltr'><strong>minister,</strong></span> <span class='ocrx_word' id='word_1_79' title='bbox 872 1254 1081 1320; x_wconf 87' lang='lat' dir='ltr'><strong>primus</strong></span> <span class='ocrx_word' id='word_1_80' title='bbox 1103 1266 1285 1304; x_wconf 91' lang='lat' dir='ltr'><strong>rerum</strong></span> <span class='ocrx_word' id='word_1_81' title='bbox 1312 1252 1558 1306; x_wconf 90' lang='lat' dir='ltr'><strong>omnium</strong></span> <span class='ocrx_word' id='word_1_82' title='bbox 1589 1250 1915 1305; x_wconf 84' lang='lat' dir='ltr'><strong>inferiorum</strong></span> <span class='ocrx_word' id='word_1_83' title='bbox 1940 1261 2149 1317; x_wconf 84' lang='lat' dir='ltr'><strong>auctor,</strong></span> 
     </span>
    </p>
   </div>
   <div class='ocr_carea' id='block_1_12' title="bbox 568 1338 2148 1413">
    <p class='ocr_par' dir='ltr' id='par_1_12' title="bbox 568 1338 2148 1413">
     <span class='ocr_line' id='line_1_12' title="bbox 568 1338 2148 1413; baseline -0.003 -15"><span class='ocrx_word' id='word_1_84' title='bbox 568 1344 819 1398; x_wconf 91' lang='lat' dir='ltr'><strong>conditor</strong></span> <span class='ocrx_word' id='word_1_85' title='bbox 869 1353 922 1395; x_wconf 90' lang='lat' dir='ltr'><strong>et</strong></span> <span class='ocrx_word' id='word_1_86' title='bbox 983 1344 1317 1397; x_wconf 84' lang='lat' dir='ltr'><strong>architectus</strong></span> <span class='ocrx_word' id='word_1_87' title='bbox 1375 1351 1541 1408; x_wconf 85' lang='lat' dir='ltr'><strong>esset,</strong></span> <span class='ocrx_word' id='word_1_88' title='bbox 1610 1357 1639 1394; x_wconf 88' lang='lat' dir='ltr'><strong>a</strong></span> <span class='ocrx_word' id='word_1_89' title='bbox 1672 1338 1851 1413; x_wconf 42' lang='lat' dir='ltr'><strong>.Patre</strong></span> <span class='ocrx_word' id='word_1_90' title='bbox 1904 1342 2148 1411; x_wconf 81' lang='lat' dir='ltr'><strong>proinde,</strong></span> 
     </span>
    </p>
   </div>
   <div class='ocr_carea' id='block_1_13' title="bbox 566 1434 2150 1504">
    <p class='ocr_par' dir='ltr' id='par_1_13' title="bbox 566 1434 2150 1504">
     <span class='ocr_line' id='line_1_13' title="bbox 566 1434 2150 1504; baseline 0.001 -16"><span class='ocrx_word' id='word_1_91' title='bbox 566 1434 791 1504; x_wconf 82' lang='lat' dir='ltr'><strong>ejusque</strong></span> <span class='ocrx_word' id='word_1_92' title='bbox 818 1434 897 1487; x_wconf 92' lang='lat' dir='ltr'><strong>Nu</strong></span> <span class='ocrx_word' id='word_1_93' title='bbox 925 1450 1156 1504; x_wconf 84' lang='lat' dir='ltr'><strong>persona</strong></span> <span class='ocrx_word' id='word_1_94' title='bbox 1190 1434 1380 1488; x_wconf 89' lang='lat' dir='ltr'><strong>saltem</strong></span> <span class='ocrx_word' id='word_1_95' title='bbox 1414 1434 1738 1499; x_wconf 88' lang='lat' dir='ltr'><strong>distinctus;</strong></span> <span class='ocrx_word' id='word_1_96' title='bbox 1783 1450 1813 1487; x_wconf 87' lang='lat' dir='ltr'><strong>a</strong></span> <span class='ocrx_word' id='word_1_97' title='bbox 1842 1434 2019 1489; x_wconf 88' lang='lat' dir='ltr'><strong>Verbo</strong></span> <span class='ocrx_word' id='word_1_98' title='bbox 2051 1451 2150 1489; x_wconf 89' lang='lat' dir='ltr'><strong>au-</strong></span> 
     </span>
    </p>
   </div>
   <div class='ocr_carea' id='block_1_14' title="bbox 567 1520 2151 1590">
    <p class='ocr_par' dir='ltr' id='par_1_14' title="bbox 567 1520 2151 1590">
     <span class='ocr_line' id='line_1_14' title="bbox 567 1520 2151 1590; baseline 0.001 -10"><span class='ocrx_word' id='word_1_99' title='bbox 567 1539 673 1581; x_wconf 90' lang='lat' dir='ltr'><strong>tem</strong></span> <span class='ocrx_word' id='word_1_100' title='bbox 704 1538 756 1580; x_wconf 91' lang='lat' dir='ltr'><strong>et</strong></span> <span class='ocrx_word' id='word_1_101' title='bbox 784 1524 929 1590; x_wconf 83' lang='lat' dir='ltr'><strong>Vita,</strong></span> <span class='ocrx_word' id='word_1_102' title='bbox 964 1526 1250 1581; x_wconf 85' lang='lat' dir='ltr'><strong>Hominem</strong></span> <span class='ocrx_word' id='word_1_103' title='bbox 1285 1535 1339 1579; x_wconf 89' lang='lat' dir='ltr'><strong>et</strong></span> <span class='ocrx_word' id='word_1_104' title='bbox 1373 1524 1699 1580; x_wconf 80' lang='lat' dir='ltr'><strong>Ecclesium.</strong></span> <span class='ocrx_word' id='word_1_105' title='bbox 1739 1528 1803 1579; x_wconf 89' lang='lat' dir='ltr'><strong>At</strong></span> <span class='ocrx_word' id='word_1_106' title='bbox 1842 1543 1963 1580; x_wconf 91' lang='lat' dir='ltr'><strong>cum</strong></span> <span class='ocrx_word' id='word_1_107' title='bbox 2016 1520 2151 1583; x_wconf 78' lang='lat' dir='ltr'><strong>Ver-</strong></span> 
     </span>
    </p>
   </div>
   <div class='ocr_carea' id='block_1_15' title="bbox 564 1618 2145 1688">
    <p class='ocr_par' dir='ltr' id='par_1_15' title="bbox 564 1618 2145 1688">
     <span class='ocr_line' id='line_1_15' title="bbox 564 1618 2145 1688; baseline 0.001 -14"><span class='ocrx_word' id='word_1_108' title='bbox 564 1621 695 1675; x_wconf 90' lang='lat' dir='ltr'><strong>bttm</strong></span> <span class='ocrx_word' id='word_1_109' title='bbox 742 1630 796 1674; x_wconf 91' lang='lat' dir='ltr'><strong>et</strong></span> <span class='ocrx_word' id='word_1_110' title='bbox 840 1620 1031 1685; x_wconf 91' lang='lat' dir='ltr'><strong>llomo,</strong></span> <span class='ocrx_word' id='word_1_111' title='bbox 1089 1619 1215 1672; x_wconf 90' lang='lat' dir='ltr'><strong>licet</strong></span> <span class='ocrx_word' id='word_1_112' title='bbox 1263 1634 1292 1671; x_wconf 93' lang='lat' dir='ltr'><strong>a</strong></span> <span class='ocrx_word' id='word_1_113' title='bbox 1347 1633 1607 1688; x_wconf 91' lang='lat' dir='ltr'><strong>supremo</strong></span> <span class='ocrx_word' id='word_1_114' title='bbox 1666 1618 1830 1673; x_wconf 88' lang='lat' dir='ltr'><strong>Patre</strong></span> <span class='ocrx_word' id='word_1_115' title='bbox 1884 1620 2145 1687; x_wconf 82' lang='lat' dir='ltr'><strong>distincti,</strong></span> 
     </span>
    </p>
   </div>
   <div class='ocr_carea' id='block_1_16' title="bbox 561 1711 2148 1783">
    <p class='ocr_par' dir='ltr' id='par_1_16' title="bbox 561 1711 2148 1783">
     <span class='ocr_line' id='line_1_16' title="bbox 561 1711 2148 1783; baseline 0.001 -18"><span class='ocrx_word' id='word_1_116' title='bbox 561 1712 775 1782; x_wconf 91' lang='lat' dir='ltr'><strong>hocque</strong></span> <span class='ocrx_word' id='word_1_117' title='bbox 816 1713 976 1783; x_wconf 83' lang='lat' dir='ltr'><strong>longe</strong></span> <span class='ocrx_word' id='word_1_118' title='bbox 1022 1713 1307 1767; x_wconf 85' lang='lat' dir='ltr'><strong>inferiores</strong></span> <span class='ocrx_word' id='word_1_119' title='bbox 1351 1711 1576 1777; x_wconf 66' lang='lat' dir='ltr'><strong>Eones,</strong></span> <span class='ocrx_word' id='word_1_120' title='bbox 1633 1713 1681 1766; x_wconf 91' lang='lat' dir='ltr'><strong>ei</strong></span> <span class='ocrx_word' id='word_1_121' title='bbox 1734 1720 1912 1766; x_wconf 88' lang='lat' dir='ltr'><strong>tamen</strong></span> <span class='ocrx_word' id='word_1_122' title='bbox 1971 1712 2148 1767; x_wconf 89' lang='lat' dir='ltr'><strong>adhuc</strong></span> 
     </span>
    </p>
   </div>
   <div class='ocr_carea' id='block_1_17' title="bbox 2260 513 3851 591">
    <p class='ocr_par' dir='ltr' id='par_1_17' title="bbox 2260 513 3851 591">
     <span class='ocr_line' id='line_1_17' title="bbox 2260 513 3851 591; baseline 0.005 -22"><span class='ocrx_word' id='word_1_123' title='bbox 2260 529 2320 569; x_wconf 87' lang='lat' dir='ltr'><strong>se</strong></span> <span class='ocrx_word' id='word_1_124' title='bbox 2355 530 2537 584; x_wconf 83' lang='lat' dir='ltr'><strong>posse,</strong></span> <span class='ocrx_word' id='word_1_125' title='bbox 2570 523 2624 568; x_wconf 88' lang='lat' dir='ltr'><strong>et</strong></span> <span class='ocrx_word' id='word_1_126' title='bbox 2650 514 2705 566; x_wconf 89' lang='lat' dir='ltr'><strong>iu</strong></span> <span class='ocrx_word' id='word_1_127' title='bbox 2737 513 2911 567; x_wconf 87' lang='lat' dir='ltr'><strong>solam</strong></span> <span class='ocrx_word' id='word_1_128' title='bbox 2948 515 3311 585; x_wconf 85' lang='lat' dir='ltr'><strong>ignorantiam</strong></span> <span class='ocrx_word' id='word_1_129' title='bbox 3354 517 3645 577; x_wconf 84' lang='lat' dir='ltr'><strong>refundere</strong></span> <span class='ocrx_word' id='word_1_130' title='bbox 3685 534 3851 591; x_wconf 82' lang='lat' dir='ltr'><strong>puta-</strong></span> 
     </span>
    </p>
   </div>
   <div class='ocr_carea' id='block_1_18' title="bbox 2260 608 3843 682">
    <p class='ocr_par' dir='ltr' id='par_1_18' title="bbox 2260 608 3843 682">
     <span class='ocr_line' id='line_1_18' title="bbox 2260 608 3843 682; baseline 0.004 -21"><span class='ocrx_word' id='word_1_131' title='bbox 2260 616 2387 661; x_wconf 87' lang='lat' dir='ltr'><strong>runt</strong></span> <span class='ocrx_word' id='word_1_132' title='bbox 2417 616 2708 677; x_wconf 80' lang='lat' dir='ltr'><strong>nugatores</strong></span> <span class='ocrx_word' id='word_1_133' title='bbox 2741 608 2838 664; x_wconf 86' lang='lat' dir='ltr'><strong>illi.</strong></span> <span class='ocrx_word' id='word_1_134' title='bbox 2874 608 2940 661; x_wconf 88' lang='lat' dir='ltr'><strong>Et</strong></span> <span class='ocrx_word' id='word_1_135' title='bbox 2974 608 3100 661; x_wconf 86' lang='lat' dir='ltr'><strong>hinc</strong></span> <span class='ocrx_word' id='word_1_136' title='bbox 3132 608 3337 676; x_wconf 84' lang='lat' dir='ltr'><strong>varias,</strong></span> <span class='ocrx_word' id='word_1_137' title='bbox 3390 612 3587 680; x_wconf 89' lang='lat' dir='ltr'><strong>quibus</strong></span> <span class='ocrx_word' id='word_1_138' title='bbox 3634 617 3843 682; x_wconf 67' lang='lat' dir='ltr'><strong>laetata</strong></span> 
     </span>
    </p>
   </div>
   <div class='ocr_carea' id='block_1_19' title="bbox 2258 700 3846 777">
    <p class='ocr_par' dir='ltr' id='par_1_19' title="bbox 2258 700 3846 777">
     <span class='ocr_line' id='line_1_19' title="bbox 2258 700 3846 777; baseline 0.003 -22"><span class='ocrx_word' id='word_1_139' title='bbox 2258 711 2340 755; x_wconf 91' lang='lat' dir='ltr'><strong>est</strong></span> <span class='ocrx_word' id='word_1_140' title='bbox 2378 701 2746 771; x_wconf 82' lang='lat' dir='ltr'><strong>Euthymesis,</strong></span> <span class='ocrx_word' id='word_1_141' title='bbox 2789 700 3235 770; x_wconf 85' lang='lat' dir='ltr'><strong>perturbationes</strong></span> <span class='ocrx_word' id='word_1_142' title='bbox 3268 718 3460 759; x_wconf 90' lang='lat' dir='ltr'><strong>omnes</strong></span> <span class='ocrx_word' id='word_1_143' title='bbox 3521 721 3643 760; x_wconf 90' lang='lat' dir='ltr'><strong>cum</strong></span> <span class='ocrx_word' id='word_1_144' title='bbox 3687 708 3846 777; x_wconf 81' lang='lat' dir='ltr'><strong>igno-</strong></span> 
     </span>
    </p>
   </div>
   <div class='ocr_carea' id='block_1_20' title="bbox 2262 794 3841 866">
    <p class='ocr_par' dir='ltr' id='par_1_20' title="bbox 2262 794 3841 866">
     <span class='ocr_line' id='line_1_20' title="bbox 2262 794 3841 866; baseline 0.004 -19"><span class='ocrx_word' id='word_1_145' title='bbox 2262 794 2438 847; x_wconf 89' lang='lat' dir='ltr'><strong>rantia</strong></span> <span class='ocrx_word' id='word_1_146' title='bbox 2470 794 2795 861; x_wconf 88' lang='lat' dir='ltr'><strong>conjunctas</strong></span> <span class='ocrx_word' id='word_1_147' title='bbox 2839 794 3005 848; x_wconf 88' lang='lat' dir='ltr'><strong>luisse</strong></span> <span class='ocrx_word' id='word_1_148' title='bbox 3033 794 3189 847; x_wconf 91' lang='lat' dir='ltr'><strong>aiunt</strong></span> <span class='ocrx_word' id='word_1_149' title='bbox 3240 795 3333 849; x_wconf 90' lang='lat' dir='ltr'><strong>lib.</strong></span> <span class='ocrx_word' id='word_1_150' title='bbox 3368 812 3405 859; x_wconf 92' lang='grc' dir='ltr'>ι,</span> <span class='ocrx_word' id='word_1_151' title='bbox 3438 810 3557 866; x_wconf 91' lang='lat' dir='ltr'><strong>cap.</strong></span> <span class='ocrx_word' id='word_1_152' title='bbox 3607 797 3662 862; x_wconf 80' lang='grc'>4,</span> <span class='ocrx_word' id='word_1_153' title='bbox 3696 815 3753 853; x_wconf 94' lang='lat' dir='ltr'><strong>n.</strong></span> <span class='ocrx_word' id='word_1_154' title='bbox 3790 801 3841 863; x_wconf 97' lang='grc'>1,</span> 
     </span>
    </p>
   </div>
   <div class='ocr_carea' id='block_1_21' title="bbox 2256 887 3841 957">
    <p class='ocr_par' dir='ltr' id='par_1_21' title="bbox 2256 887 3841 957">
     <span class='ocr_line' id='line_1_21' title="bbox 2256 887 3841 957; baseline 0.001 -16"><span class='ocrx_word' id='word_1_155' title='bbox 2256 897 2310 941; x_wconf 91' lang='lat' dir='ltr'><strong>et</strong></span> <span class='ocrx_word' id='word_1_156' title='bbox 2341 888 2541 942; x_wconf 86' lang='lat' dir='ltr'><strong>Irenaeo</strong></span> <span class='ocrx_word' id='word_1_157' title='bbox 2570 898 2705 942; x_wconf 87' lang='lat' dir='ltr'><strong>teste</strong></span> <span class='ocrx_word' id='word_1_158' title='bbox 2734 887 2828 940; x_wconf 84' lang='lat' dir='ltr'><strong>lib.</strong></span> <span class='ocrx_word' id='word_1_159' title='bbox 2863 902 2924 953; x_wconf 90' lang='grc' dir='ltr'>ιι,</span> <span class='ocrx_word' id='word_1_160' title='bbox 2955 902 3076 955; x_wconf 85' lang='lat' dir='ltr'><strong>cap.</strong></span> <span class='ocrx_word' id='word_1_161' title='bbox 3116 888 3203 952; x_wconf 87' lang='grc'><strong>17,</strong></span> <span class='ocrx_word' id='word_1_162' title='bbox 3239 906 3290 940; x_wconf 84' lang='grc' dir='ltr'>ιι.</span> <span class='ocrx_word' id='word_1_163' title='bbox 3328 888 3395 941; x_wconf 90' lang='grc'>10</span> <span class='ocrx_word' id='word_1_164' title='bbox 3432 908 3445 941; x_wconf 87' lang='lat'><strong>:</strong></span> <span class='ocrx_word' id='word_1_165' title='bbox 3476 888 3841 957; x_wconf 80' lang='lat' dir='ltr'><strong>ignorantiam</strong></span> 
     </span>
    </p>
   </div>
   <div class='ocr_carea' id='block_1_22' title="bbox 2259 982 3844 1054">
    <p class='ocr_par' dir='ltr' id='par_1_22' title="bbox 2259 982 3844 1054">
     <span class='ocr_line' id='line_1_22' title="bbox 2259 982 3844 1054; baseline 0.002 -19"><span class='ocrx_word' id='word_1_166' title='bbox 2259 984 2480 1048; x_wconf 86' lang='lat' dir='ltr'><strong>malum,</strong></span> <span class='ocrx_word' id='word_1_167' title='bbox 2509 984 2686 1037; x_wconf 82' lang='lat' dir='ltr'><strong>omnia</strong></span> <span class='ocrx_word' id='word_1_168' title='bbox 2726 993 2901 1035; x_wconf 86' lang='lat' dir='ltr'><strong>autem</strong></span> <span class='ocrx_word' id='word_1_169' title='bbox 2950 982 3091 1035; x_wconf 86' lang='lat' dir='ltr'><strong>mala</strong></span> <span class='ocrx_word' id='word_1_170' title='bbox 3132 999 3197 1036; x_wconf 76' lang='lat' dir='ltr'><strong>ex</strong></span> <span class='ocrx_word' id='word_1_171' title='bbox 3232 1000 3293 1036; x_wconf 86' lang='lat' dir='ltr'><strong>ea</strong></span> <span class='ocrx_word' id='word_1_172' title='bbox 3339 984 3584 1053; x_wconf 78' lang='lat' dir='ltr'><strong>ﬂoruisse</strong></span> <span class='ocrx_word' id='word_1_173' title='bbox 3617 986 3844 1054; x_wconf 65' lang='lat' dir='ltr'><strong>deﬁnie-</strong></span> 
     </span>
    </p>
   </div>
   <div class='ocr_carea' id='block_1_23' title="bbox 2258 1074 3845 1147">
    <p class='ocr_par' dir='ltr' id='par_1_23' title="bbox 2258 1074 3845 1147">
     <span class='ocr_line' id='line_1_23' title="bbox 2258 1074 3845 1147; baseline 0.002 -18"><span class='ocrx_word' id='word_1_174' title='bbox 2258 1076 2401 1129; x_wconf 89' lang='lat' dir='ltr'><strong>bant.</strong></span> <span class='ocrx_word' id='word_1_175' title='bbox 2451 1074 2541 1130; x_wconf 87' lang='lat' dir='ltr'><strong>Sic</strong></span> <span class='ocrx_word' id='word_1_176' title='bbox 2596 1076 2660 1129; x_wconf 89' lang='lat' dir='ltr'><strong>de</strong></span> <span class='ocrx_word' id='word_1_177' title='bbox 2714 1076 2873 1128; x_wconf 88' lang='lat' dir='ltr'><strong>rebus</strong></span> <span class='ocrx_word' id='word_1_178' title='bbox 2932 1074 3131 1129; x_wconf 84' lang='lat' dir='ltr'><strong>divinis</strong></span> <span class='ocrx_word' id='word_1_179' title='bbox 3158 1076 3529 1146; x_wconf 74' lang='lat' dir='ltr'><strong>:enigaiatico,</strong></span> <span class='ocrx_word' id='word_1_180' title='bbox 3575 1093 3845 1147; x_wconf 79' lang='lat' dir='ltr'><strong>moreque</strong></span> 
     </span>
    </p>
   </div>
   <div class='ocr_carea' id='block_1_24' title="bbox 2258 1166 3845 1239">
    <p class='ocr_par' dir='ltr' id='par_1_24' title="bbox 2258 1166 3845 1239">
     <span class='ocr_line' id='line_1_24' title="bbox 2258 1166 3845 1239; baseline 0.002 -16"><span class='ocrx_word' id='word_1_181' title='bbox 2258 1170 2491 1238; x_wconf 91' lang='lat' dir='ltr'><strong>poetico,</strong></span> <span class='ocrx_word' id='word_1_182' title='bbox 2530 1170 2605 1222; x_wconf 74' lang='lat' dir='ltr'><strong>&#39;ae</strong></span> <span class='ocrx_word' id='word_1_183' title='bbox 2649 1169 2909 1222; x_wconf 89' lang='lat' dir='ltr'><strong>inusitato</strong></span> <span class='ocrx_word' id='word_1_184' title='bbox 2957 1166 3211 1239; x_wconf 90' lang='lat' dir='ltr'><strong>loquendi</strong></span> <span class='ocrx_word' id='word_1_185' title='bbox 3261 1186 3412 1225; x_wconf 89' lang='lat' dir='ltr'><strong>more</strong></span> <span class='ocrx_word' id='word_1_186' title='bbox 3460 1171 3845 1226; x_wconf 87' lang='lat' dir='ltr'><strong>disseruerunt</strong></span> 
     </span>
    </p>
   </div>
   <div class='ocr_carea' id='block_1_25' title="bbox 2255 1260 3842 1329">
    <p class='ocr_par' dir='ltr' id='par_1_25' title="bbox 2255 1260 3842 1329">
     <span class='ocr_line' id='line_1_25' title="bbox 2255 1260 3842 1329; baseline 0.001 -13"><span class='ocrx_word' id='word_1_187' title='bbox 2255 1260 2754 1329; x_wconf 63' lang='lat' dir='ltr'><strong>serui-Christiani</strong></span> <span class='ocrx_word' id='word_1_188' title='bbox 2832 1261 3082 1315; x_wconf 88' lang='lat' dir='ltr'><strong>homines</strong></span> <span class='ocrx_word' id='word_1_189' title='bbox 3127 1300 3142 1324; x_wconf 91' lang='lat'><strong>,</strong></span> <span class='ocrx_word' id='word_1_190' title='bbox 3225 1262 3466 1315; x_wconf 88' lang='lat' dir='ltr'><strong>ethnicis</strong></span> <span class='ocrx_word' id='word_1_191' title='bbox 3525 1262 3842 1317; x_wconf 80' lang='lat' dir='ltr'><strong>Christiana</strong></span> 
     </span>
    </p>
   </div>
   <div class='ocr_carea' id='block_1_26' title="bbox 2255 1351 3609 1423">
    <p class='ocr_par' dir='ltr' id='par_1_26' title="bbox 2255 1351 3609 1423">
     <span class='ocr_line' id='line_1_26' title="bbox 2255 1351 3609 1423; baseline 0 -14"><span class='ocrx_word' id='word_1_192' title='bbox 2255 1364 2583 1419; x_wconf 81' lang='lat' dir='ltr'><strong>attexentes,</strong></span> <span class='ocrx_word' id='word_1_193' title='bbox 2615 1355 2830 1423; x_wconf 89' lang='lat' dir='ltr'><strong>aliaque</strong></span> <span class='ocrx_word' id='word_1_194' title='bbox 2863 1353 2982 1407; x_wconf 88' lang='lat' dir='ltr'><strong>aliis</strong></span> <span class='ocrx_word' id='word_1_195' title='bbox 3011 1351 3161 1407; x_wconf 65' lang='lat' dir='ltr'><strong>Rede</strong></span> <span class='ocrx_word' id='word_1_196' title='bbox 3196 1353 3609 1422; x_wconf 87' lang='lat' dir='ltr'><strong>interpolantcs.</strong></span> 
     </span>
    </p>
   </div>
   <div class='ocr_carea' id='block_1_27' title="bbox 2327 1443 3845 1516">
    <p class='ocr_par' dir='ltr' id='par_1_27' title="bbox 2327 1443 3845 1516">
     <span class='ocr_line' id='line_1_27' title="bbox 2327 1443 3845 1516; baseline 0.001 -16"><span class='ocrx_word' id='word_1_197' title='bbox 2327 1445 2417 1502; x_wconf 78' lang='grc'><strong>49.</strong></span> <span class='ocrx_word' id='word_1_198' title='bbox 2462 1445 2567 1500; x_wconf 87' lang='lat' dir='ltr'><strong>Sed</strong></span> <span class='ocrx_word' id='word_1_199' title='bbox 2598 1455 2891 1513; x_wconf 85' lang='lat' dir='ltr'><strong>antequam</strong></span> <span class='ocrx_word' id='word_1_200' title='bbox 2920 1445 2986 1497; x_wconf 89' lang='lat' dir='ltr'><strong>ad</strong></span> <span class='ocrx_word' id='word_1_201' title='bbox 3014 1444 3241 1498; x_wconf 88' lang='lat' dir='ltr'><strong>alteram</strong></span> <span class='ocrx_word' id='word_1_202' title='bbox 3272 1443 3637 1499; x_wconf 80' lang='lat' dir='ltr'><strong>Valentiniani</strong></span> <span class='ocrx_word' id='word_1_203' title='bbox 3663 1458 3845 1516; x_wconf 64' lang='lat' dir='ltr'><strong>systeo</strong></span> 
     </span>
    </p>
   </div>
   <div class='ocr_carea' id='block_1_28' title="bbox 2254 1536 3840 1606">
    <p class='ocr_par' dir='ltr' id='par_1_28' title="bbox 2254 1536 3840 1606">
     <span class='ocr_line' id='line_1_28' title="bbox 2254 1536 3840 1606; baseline 0.001 -15"><span class='ocrx_word' id='word_1_204' title='bbox 2254 1538 2418 1592; x_wconf 89' lang='lat' dir='ltr'><strong>matis</strong></span> <span class='ocrx_word' id='word_1_205' title='bbox 2470 1550 2678 1606; x_wconf 89' lang='lat' dir='ltr'><strong>partem</strong></span> <span class='ocrx_word' id='word_1_206' title='bbox 2732 1550 3104 1603; x_wconf 87' lang='lat' dir='ltr'><strong>transeamus,</strong></span> <span class='ocrx_word' id='word_1_207' title='bbox 3156 1538 3261 1591; x_wconf 90' lang='lat' dir='ltr'><strong>alia</strong></span> <span class='ocrx_word' id='word_1_208' title='bbox 3310 1536 3462 1592; x_wconf 89' lang='lat' dir='ltr'><strong>nobis</strong></span> <span class='ocrx_word' id='word_1_209' title='bbox 3536 1538 3840 1605; x_wconf 89' lang='lat' dir='ltr'><strong>incumbit,</strong></span> 
     </span>
    </p>
   </div>
   <div class='ocr_carea' id='block_1_29' title="bbox 2254 1629 3841 1699">
    <p class='ocr_par' dir='ltr' id='par_1_29' title="bbox 2254 1629 3841 1699">
     <span class='ocr_line' id='line_1_29' title="bbox 2254 1629 3841 1699; baseline -0.001 -14"><span class='ocrx_word' id='word_1_210' title='bbox 2254 1645 2427 1699; x_wconf 85' lang='lat' dir='ltr'><strong>eaque</strong></span> <span class='ocrx_word' id='word_1_211' title='bbox 2470 1630 2757 1699; x_wconf 89' lang='lat' dir='ltr'><strong>operosior</strong></span> <span class='ocrx_word' id='word_1_212' title='bbox 2789 1630 3021 1698; x_wconf 64' lang='lat' dir='ltr'><strong>quaestio</strong></span> <span class='ocrx_word' id='word_1_213' title='bbox 3065 1629 3347 1694; x_wconf 81' lang='lat' dir='ltr'><strong>solvenda,</strong></span> <span class='ocrx_word' id='word_1_214' title='bbox 3400 1629 3527 1698; x_wconf 91' lang='lat' dir='ltr'><strong>quid</strong></span> <span class='ocrx_word' id='word_1_215' title='bbox 3577 1629 3841 1685; x_wconf 88' lang='lat' dir='ltr'><strong>nimirum</strong></span> 
     </span>
    </p>
   </div>
   <div class='ocr_carea' id='block_1_30' title="bbox 2257 1720 3840 1776">
    <p class='ocr_par' dir='ltr' id='par_1_30' title="bbox 2257 1720 3840 1776">
     <span class='ocr_line' id='line_1_30' title="bbox 2257 1720 3840 1776; baseline 0.001 -1"><span class='ocrx_word' id='word_1_216' title='bbox 2257 1731 2334 1776; x_wconf 89' lang='lat' dir='ltr'><strong>tot</strong></span> <span class='ocrx_word' id='word_1_217' title='bbox 2375 1721 2612 1775; x_wconf 63' lang='grc' dir='ltr'>[Εοιιιιιιι</span> <span class='ocrx_word' id='word_1_218' title='bbox 2660 1721 2883 1774; x_wconf 88' lang='lat' dir='ltr'><strong>nomine</strong></span> <span class='ocrx_word' id='word_1_219' title='bbox 2925 1722 3026 1775; x_wconf 87' lang='lat' dir='ltr'><strong>sibi</strong></span> <span class='ocrx_word' id='word_1_220' title='bbox 3063 1720 3263 1774; x_wconf 74' lang='lat' dir='ltr'><strong>vellent</strong></span> <span class='ocrx_word' id='word_1_221' title='bbox 3296 1722 3537 1775; x_wconf 65' lang='lat' dir='ltr'><strong>hmrctici</strong></span> <span class='ocrx_word' id='word_1_222' title='bbox 3582 1722 3712 1775; x_wconf 84' lang='lat' dir='ltr'><strong>isti?</strong></span> <span class='ocrx_word' id='word_1_223' title='bbox 3758 1725 3840 1776; x_wconf 80' lang='lat' dir='ltr'><strong>An</strong></span> 
     </span>
    </p>
   </div>
   <div class='ocr_carea' id='block_1_31' title="bbox 561 1782 3842 1883">
    <p class='ocr_par' dir='ltr' id='par_1_31' title="bbox 561 1782 3842 1883">
     <span class='ocr_line' id='line_1_31' title="bbox 561 1782 3842 1883; baseline 0.003 -27"><span class='ocrx_word' id='word_1_224' title='bbox 561 1808 844 1877; x_wconf 82' lang='lat' dir='ltr'><strong>prepiorcs</strong></span> <span class='ocrx_word' id='word_1_225' title='bbox 902 1818 1104 1871; x_wconf 85' lang='lat' dir='ltr'><strong>essent,</strong></span> <span class='ocrx_word' id='word_1_226' title='bbox 1152 1807 1306 1877; x_wconf 87' lang='lat' dir='ltr'><strong>ut_iis</strong></span> <span class='ocrx_word' id='word_1_227' title='bbox 1336 1815 1589 1876; x_wconf 89' lang='lat' dir='ltr'><strong>tanquam</strong></span> <span class='ocrx_word' id='word_1_228' title='bbox 1636 1804 1925 1875; x_wconf 86' lang='lat' dir='ltr'><strong>principiis</strong></span> <span class='ocrx_word' id='word_1_229' title='bbox 1968 1808 2148 1874; x_wconf 83' lang='lat' dir='ltr'><strong>proxi-</strong></span> <span class='ocrx_word' id='word_1_230' title='bbox 2181 1782 2224 1840; x_wconf 75' lang='grc' dir='ltr'><strong>Β</strong></span> <span class='ocrx_word' id='word_1_231' title='bbox 2256 1814 2477 1867; x_wconf 82' lang='lat' dir='ltr'><strong>totidem</strong></span> <span class='ocrx_word' id='word_1_232' title='bbox 2510 1814 2639 1867; x_wconf 85' lang='lat' dir='ltr'><strong>deos</strong></span> <span class='ocrx_word' id='word_1_233' title='bbox 2678 1812 3078 1883; x_wconf 79' lang='lat' dir='ltr'><strong>intelligerent,</strong></span> <span class='ocrx_word' id='word_1_234' title='bbox 3114 1828 3177 1867; x_wconf 93' lang='lat' dir='ltr'><strong>eo</strong></span> <span class='ocrx_word' id='word_1_235' title='bbox 3212 1812 3324 1866; x_wconf 78' lang='lat' dir='ltr'><strong>fere</strong></span> <span class='ocrx_word' id='word_1_236' title='bbox 3366 1815 3526 1867; x_wconf 91' lang='lat' dir='ltr'><strong>modo</strong></span> <span class='ocrx_word' id='word_1_237' title='bbox 3569 1828 3674 1883; x_wconf 89' lang='lat' dir='ltr'><strong>quo</strong></span> <span class='ocrx_word' id='word_1_238' title='bbox 3722 1814 3842 1866; x_wconf 83' lang='lat' dir='ltr'><strong>vul-</strong></span> 
     </span>
    </p>
   </div>
   <div class='ocr_carea' id='block_1_32' title="bbox 561 1898 2146 1956">
    <p class='ocr_par' dir='ltr' id='par_1_32' title="bbox 561 1898 2146 1956">
     <span class='ocr_line' id='line_1_32' title="bbox 561 1898 2146 1956; baseline -0.002 -2"><span class='ocrx_word' id='word_1_239' title='bbox 561 1901 665 1956; x_wconf 89' lang='lat' dir='ltr'><strong>mis</strong></span> <span class='ocrx_word' id='word_1_240' title='bbox 726 1910 779 1953; x_wconf 89' lang='lat' dir='ltr'><strong>et</strong></span> <span class='ocrx_word' id='word_1_241' title='bbox 835 1900 1166 1954; x_wconf 90' lang='lat' dir='ltr'><strong>immediatis</strong></span> <span class='ocrx_word' id='word_1_242' title='bbox 1236 1914 1419 1952; x_wconf 87' lang='lat' dir='ltr'><strong>rerum</strong></span> <span class='ocrx_word' id='word_1_243' title='bbox 1492 1899 1719 1952; x_wconf 84' lang='lat' dir='ltr'><strong>materia</strong></span> <span class='ocrx_word' id='word_1_244' title='bbox 1778 1898 2146 1952; x_wconf 89' lang='lat' dir='ltr'><strong>constantium</strong></span> 
     </span>
    </p>
   </div>
   <div class='ocr_carea' id='block_1_33' title="bbox 559 1991 2148 2055">
    <p class='ocr_par' dir='ltr' id='par_1_33' title="bbox 559 1991 2148 2055">
     <span class='ocr_line' id='line_1_33' title="bbox 559 1991 2148 2055; baseline -0.001 -7"><span class='ocrx_word' id='word_1_245' title='bbox 559 1993 765 2048; x_wconf 90' lang='lat' dir='ltr'><strong>creatio</strong></span> <span class='ocrx_word' id='word_1_246' title='bbox 803 1992 1157 2055; x_wconf 88' lang='lat' dir='ltr'><strong>tribueretur,</strong></span> <span class='ocrx_word' id='word_1_247' title='bbox 1206 2007 1271 2045; x_wconf 91' lang='lat' dir='ltr'><strong>ne</strong></span> <span class='ocrx_word' id='word_1_248' title='bbox 1314 1993 1555 2045; x_wconf 70' lang='lat' dir='ltr'><strong>materia:</strong></span> <span class='ocrx_word' id='word_1_249' title='bbox 1602 1991 1731 2044; x_wconf 85' lang='lat' dir='ltr'><strong>vitia</strong></span> <span class='ocrx_word' id='word_1_250' title='bbox 1782 1992 1832 2044; x_wconf 93' lang='lat' dir='ltr'><strong>in</strong></span> <span class='ocrx_word' id='word_1_251' title='bbox 1877 2008 2148 2047; x_wconf 87' lang='lat' dir='ltr'><strong>summum</strong></span> 
     </span>
    </p>
   </div>
   <div class='ocr_carea' id='block_1_34' title="bbox 560 2084 2149 2155">
    <p class='ocr_par' dir='ltr' id='par_1_34' title="bbox 560 2084 2149 2155">
     <span class='ocr_line' id='line_1_34' title="bbox 560 2084 2149 2155; baseline -0.002 -16"><span class='ocrx_word' id='word_1_252' title='bbox 560 2086 777 2140; x_wconf 88' lang='lat' dir='ltr'><strong>Patrem</strong></span> <span class='ocrx_word' id='word_1_253' title='bbox 825 2084 1295 2139; x_wconf 82' lang='lat' dir='ltr'><strong>refunderentur:</strong></span> <span class='ocrx_word' id='word_1_254' title='bbox 1340 2086 1532 2137; x_wconf 92' lang='lat' dir='ltr'><strong>horum</strong></span> <span class='ocrx_word' id='word_1_255' title='bbox 1591 2084 1817 2151; x_wconf 86' lang='lat' dir='ltr'><strong>proinde</strong></span> <span class='ocrx_word' id='word_1_256' title='bbox 1874 2084 2087 2155; x_wconf 83' lang='lat' dir='ltr'><strong>longius</strong></span> <span class='ocrx_word' id='word_1_257' title='bbox 2118 2102 2149 2137; x_wconf 87' lang='lat' dir='ltr'><strong>a</strong></span> 
     </span>
    </p>
   </div>
   <div class='ocr_carea' id='block_1_35' title="bbox 558 2175 2146 2247">
    <p class='ocr_par' dir='ltr' id='par_1_35' title="bbox 558 2175 2146 2247">
     <span class='ocr_line' id='line_1_35' title="bbox 558 2175 2146 2247; baseline -0.001 -14"><span class='ocrx_word' id='word_1_258' title='bbox 558 2179 722 2233; x_wconf 85' lang='lat' dir='ltr'><strong>Patre</strong></span> <span class='ocrx_word' id='word_1_259' title='bbox 756 2180 1210 2234; x_wconf 90' lang='lat' dir='ltr'><strong>removendorum</strong></span> <span class='ocrx_word' id='word_1_260' title='bbox 1233 2194 1418 2245; x_wconf 88' lang='lat' dir='ltr'><strong>causa,</strong></span> <span class='ocrx_word' id='word_1_261' title='bbox 1444 2179 1612 2247; x_wconf 50' lang='lat' dir='ltr'><strong>,longa</strong></span> <span class='ocrx_word' id='word_1_262' title='bbox 1642 2175 1822 2231; x_wconf 87' lang='lat' dir='ltr'><strong>Verbo</strong></span> <span class='ocrx_word' id='word_1_263' title='bbox 1848 2186 1901 2230; x_wconf 86' lang='lat' dir='ltr'><strong>et</strong></span> <span class='ocrx_word' id='word_1_264' title='bbox 1926 2177 2146 2231; x_wconf 77' lang='lat' dir='ltr'><strong>llortiiui</strong></span> 
     </span>
    </p>
   </div>
   <div class='ocr_carea' id='block_1_36' title="bbox 558 2269 2146 2340">
    <p class='ocr_par' dir='ltr' id='par_1_36' title="bbox 558 2269 2146 2340">
     <span class='ocr_line' id='line_1_36' title="bbox 558 2269 2146 2340; baseline -0.002 -14"><span class='ocrx_word' id='word_1_265' title='bbox 558 2273 801 2340; x_wconf 77' lang='lat' dir='ltr'><strong>subjecta</strong></span> <span class='ocrx_word' id='word_1_266' title='bbox 842 2270 942 2325; x_wconf 85' lang='lat' dir='ltr'><strong>l‘nit</strong></span> <span class='ocrx_word' id='word_1_267' title='bbox 984 2270 1219 2325; x_wconf 65' lang='lat' dir='ltr'><strong>[Eouum</strong></span> <span class='ocrx_word' id='word_1_268' title='bbox 1266 2270 1456 2333; x_wconf 87' lang='lat' dir='ltr'><strong>series,</strong></span> <span class='ocrx_word' id='word_1_269' title='bbox 1519 2278 1578 2322; x_wconf 91' lang='lat' dir='ltr'><strong>ut</strong></span> <span class='ocrx_word' id='word_1_270' title='bbox 1637 2269 1902 2339; x_wconf 78' lang='lat' dir='ltr'><strong>gradatim</strong></span> <span class='ocrx_word' id='word_1_271' title='bbox 1961 2272 2146 2339; x_wconf 87' lang='lat' dir='ltr'><strong>operis</strong></span> 
     </span>
    </p>
   </div>
   <div class='ocr_carea' id='block_1_37' title="bbox 558 2359 2143 2433">
    <p class='ocr_par' dir='ltr' id='par_1_37' title="bbox 558 2359 2143 2433">
     <span class='ocr_line' id='line_1_37' title="bbox 558 2359 2143 2433; baseline -0.002 -16"><span class='ocrx_word' id='word_1_272' title='bbox 558 2363 899 2433; x_wconf 82' lang='lat' dir='ltr'><strong>ignobilioris</strong></span> <span class='ocrx_word' id='word_1_273' title='bbox 932 2363 1188 2415; x_wconf 89' lang='lat' dir='ltr'><strong>molimen</strong></span> <span class='ocrx_word' id='word_1_274' title='bbox 1221 2371 1277 2414; x_wconf 89' lang='lat' dir='ltr'><strong>et</strong></span> <span class='ocrx_word' id='word_1_275' title='bbox 1307 2376 1467 2414; x_wconf 92' lang='lat' dir='ltr'><strong>causa</strong></span> <span class='ocrx_word' id='word_1_276' title='bbox 1497 2360 1565 2413; x_wconf 87' lang='lat' dir='ltr'><strong>ad</strong></span> <span class='ocrx_word' id='word_1_277' title='bbox 1591 2359 1855 2429; x_wconf 85' lang='lat' dir='ltr'><strong>Sophiam</strong></span> <span class='ocrx_word' id='word_1_278' title='bbox 1898 2361 2143 2414; x_wconf 86' lang='lat' dir='ltr'><strong>omnium</strong></span> 
     </span>
    </p>
   </div>
   <div class='ocr_carea' id='block_1_38' title="bbox 556 2452 2144 2525">
    <p class='ocr_par' dir='ltr' id='par_1_38' title="bbox 556 2452 2144 2525">
     <span class='ocr_line' id='line_1_38' title="bbox 556 2452 2144 2525; baseline -0.001 -16"><span class='ocrx_word' id='word_1_279' title='bbox 556 2465 892 2525; x_wconf 88' lang='lat' dir='ltr'><strong>postremum</strong></span> <span class='ocrx_word' id='word_1_280' title='bbox 927 2455 1228 2515; x_wconf 80' lang='lat' dir='ltr'><strong>deveniret,</strong></span> <span class='ocrx_word' id='word_1_281' title='bbox 1264 2452 1352 2505; x_wconf 89' lang='lat' dir='ltr'><strong>cui</strong></span> <span class='ocrx_word' id='word_1_282' title='bbox 1381 2453 1561 2507; x_wconf 88' lang='lat' dir='ltr'><strong>minus</strong></span> <span class='ocrx_word' id='word_1_283' title='bbox 1586 2463 1745 2508; x_wconf 92' lang='lat' dir='ltr'><strong>notus</strong></span> <span class='ocrx_word' id='word_1_284' title='bbox 1782 2466 1925 2509; x_wconf 82' lang='lat' dir='ltr'><strong>esset</strong></span> <span class='ocrx_word' id='word_1_285' title='bbox 1957 2454 2144 2519; x_wconf 83' lang='lat' dir='ltr'><strong>Pater,</strong></span> 
     </span>
    </p>
   </div>
   <div class='ocr_carea' id='block_1_39' title="bbox 553 2544 2144 2617">
    <p class='ocr_par' dir='ltr' id='par_1_39' title="bbox 553 2544 2144 2617">
     <span class='ocr_line' id='line_1_39' title="bbox 553 2544 2144 2617; baseline 0.001 -18"><span class='ocrx_word' id='word_1_286' title='bbox 553 2548 682 2615; x_wconf 85' lang='lat' dir='ltr'><strong>quia</strong></span> <span class='ocrx_word' id='word_1_287' title='bbox 734 2546 950 2617; x_wconf 84' lang='lat' dir='ltr'><strong>longius</strong></span> <span class='ocrx_word' id='word_1_288' title='bbox 974 2547 1042 2601; x_wconf 92' lang='lat' dir='ltr'><strong>ab</strong></span> <span class='ocrx_word' id='word_1_289' title='bbox 1084 2561 1151 2600; x_wconf 89' lang='lat' dir='ltr'><strong>co</strong></span> <span class='ocrx_word' id='word_1_290' title='bbox 1196 2547 1435 2600; x_wconf 88' lang='lat' dir='ltr'><strong>dissitus.</strong></span> <span class='ocrx_word' id='word_1_291' title='bbox 1486 2544 1552 2599; x_wconf 85' lang='lat' dir='ltr'><strong>Et</strong></span> <span class='ocrx_word' id='word_1_292' title='bbox 1610 2544 1735 2600; x_wconf 90' lang='lat' dir='ltr'><strong>inde</strong></span> <span class='ocrx_word' id='word_1_293' title='bbox 1788 2556 2039 2599; x_wconf 80' lang='lat' dir='ltr'><strong>contexta</strong></span> <span class='ocrx_word' id='word_1_294' title='bbox 2077 2546 2144 2601; x_wconf 90' lang='lat' dir='ltr'><strong>de</strong></span> 
     </span>
    </p>
   </div>
   <div class='ocr_carea' id='block_1_40' title="bbox 556 2638 2143 2708">
    <p class='ocr_par' dir='ltr' id='par_1_40' title="bbox 556 2638 2143 2708">
     <span class='ocr_line' id='line_1_40' title="bbox 556 2638 2143 2708; baseline 0 -15"><span class='ocrx_word' id='word_1_295' title='bbox 556 2638 776 2708; x_wconf 69' lang='lat' dir='ltr'><strong>Sophia:</strong></span> <span class='ocrx_word' id='word_1_296' title='bbox 828 2638 1002 2693; x_wconf 89' lang='lat' dir='ltr'><strong>ultimi</strong></span> <span class='ocrx_word' id='word_1_297' title='bbox 1070 2638 1265 2693; x_wconf 60' lang='lat' dir='ltr'><strong>iEonis</strong></span> <span class='ocrx_word' id='word_1_298' title='bbox 1336 2639 1715 2707; x_wconf 80' lang='lat' dir='ltr'><strong>ignoratioae,</strong></span> <span class='ocrx_word' id='word_1_299' title='bbox 1785 2646 2143 2707; x_wconf 77' lang='lat' dir='ltr'><strong>extremoque</strong></span> 
     </span>
    </p>
   </div>
   <div class='ocr_carea' id='block_1_41' title="bbox 555 2727 2140 2799">
    <p class='ocr_par' dir='ltr' id='par_1_41' title="bbox 555 2727 2140 2799">
     <span class='ocr_line' id='line_1_41' title="bbox 555 2727 2140 2799; baseline 0.001 -16"><span class='ocrx_word' id='word_1_300' title='bbox 555 2746 693 2799; x_wconf 89' lang='lat' dir='ltr'><strong>pene</strong></span> <span class='ocrx_word' id='word_1_301' title='bbox 748 2730 1067 2785; x_wconf 86' lang='lat' dir='ltr'><strong>discrimine</strong></span> <span class='ocrx_word' id='word_1_302' title='bbox 1118 2727 1342 2794; x_wconf 80' lang='lat' dir='ltr'><strong>fabula;</strong></span> <span class='ocrx_word' id='word_1_303' title='bbox 1394 2738 1451 2783; x_wconf 92' lang='lat' dir='ltr'><strong>ut</strong></span> <span class='ocrx_word' id='word_1_304' title='bbox 1502 2730 1625 2785; x_wconf 91' lang='lat' dir='ltr'><strong>hinc</strong></span> <span class='ocrx_word' id='word_1_305' title='bbox 1670 2739 1823 2783; x_wconf 88' lang='lat' dir='ltr'><strong>eruta</strong></span> <span class='ocrx_word' id='word_1_306' title='bbox 1876 2730 2140 2784; x_wconf 86' lang='lat' dir='ltr'><strong>malorum</strong></span> 
     </span>
    </p>
   </div>
   <div class='ocr_carea' id='block_1_42' title="bbox 554 2820 2140 2891">
    <p class='ocr_par' dir='ltr' id='par_1_42' title="bbox 554 2820 2140 2891">
     <span class='ocr_line' id='line_1_42' title="bbox 554 2820 2140 2891; baseline -0.002 -13"><span class='ocrx_word' id='word_1_307' title='bbox 554 2822 915 2891; x_wconf 75' lang='lat' dir='ltr'><strong>scaturigine.</strong></span> <span class='ocrx_word' id='word_1_308' title='bbox 947 2822 1042 2875; x_wconf 90' lang='lat' dir='ltr'><strong>Dei</strong></span> <span class='ocrx_word' id='word_1_309' title='bbox 1072 2822 1350 2876; x_wconf 89' lang='lat' dir='ltr'><strong>sanctitati</strong></span> <span class='ocrx_word' id='word_1_310' title='bbox 1392 2820 1793 2876; x_wconf 85' lang='lat' dir='ltr'><strong>consuleretur.</strong></span> <span class='ocrx_word' id='word_1_311' title='bbox 1828 2822 1962 2876; x_wconf 90' lang='lat' dir='ltr'><strong>Dum</strong></span> <span class='ocrx_word' id='word_1_312' title='bbox 1994 2822 2140 2875; x_wconf 86' lang='lat' dir='ltr'><strong>enim</strong></span> 
     </span>
    </p>
   </div>
   <div class='ocr_carea' id='block_1_43' title="bbox 555 2914 2138 2987">
    <p class='ocr_par' dir='ltr' id='par_1_43' title="bbox 555 2914 2138 2987">
     <span class='ocr_line' id='line_1_43' title="bbox 555 2914 2138 2987; baseline 0.001 -17"><span class='ocrx_word' id='word_1_313' title='bbox 555 2916 815 2987; x_wconf 86' lang='lat' dir='ltr'><strong>Sophiam</strong></span> <span class='ocrx_word' id='word_1_314' title='bbox 849 2915 1049 2969; x_wconf 84' lang='lat' dir='ltr'><strong>invidia</strong></span> <span class='ocrx_word' id='word_1_315' title='bbox 1079 2914 1399 2984; x_wconf 83' lang='lat' dir='ltr'><strong>ﬂagrantem</strong></span> <span class='ocrx_word' id='word_1_316' title='bbox 1433 2916 1485 2969; x_wconf 92' lang='lat' dir='ltr'><strong>in</strong></span> <span class='ocrx_word' id='word_1_317' title='bbox 1518 2930 1735 2970; x_wconf 90' lang='lat' dir='ltr'><strong>scenam</strong></span> <span class='ocrx_word' id='word_1_318' title='bbox 1767 2924 1934 2986; x_wconf 79' lang='lat' dir='ltr'><strong>agunt</strong></span> <span class='ocrx_word' id='word_1_319' title='bbox 1968 2915 2138 2971; x_wconf 84' lang='lat' dir='ltr'><strong>delira</strong></span> 
     </span>
    </p>
   </div>
   <div class='ocr_carea' id='block_1_44' title="bbox 551 3006 2140 3077">
    <p class='ocr_par' dir='ltr' id='par_1_44' title="bbox 551 3006 2140 3077">
     <span class='ocr_line' id='line_1_44' title="bbox 551 3006 2140 3077; baseline 0.002 -15"><span class='ocrx_word' id='word_1_320' title='bbox 551 3009 642 3062; x_wconf 87' lang='lat' dir='ltr'><strong>illa</strong></span> <span class='ocrx_word' id='word_1_321' title='bbox 673 3009 873 3076; x_wconf 90' lang='lat' dir='ltr'><strong>capita,</strong></span> <span class='ocrx_word' id='word_1_322' title='bbox 909 3006 1053 3075; x_wconf 91' lang='lat' dir='ltr'><strong>quod</strong></span> <span class='ocrx_word' id='word_1_323' title='bbox 1088 3006 1376 3077; x_wconf 82' lang='lat' dir='ltr'><strong>Monogeni</strong></span> <span class='ocrx_word' id='word_1_324' title='bbox 1423 3009 1521 3064; x_wconf 89' lang='lat' dir='ltr'><strong>soli</strong></span> <span class='ocrx_word' id='word_1_325' title='bbox 1567 3010 1755 3064; x_wconf 89' lang='lat' dir='ltr'><strong>datum</strong></span> <span class='ocrx_word' id='word_1_326' title='bbox 1807 3020 1953 3065; x_wconf 92' lang='lat' dir='ltr'><strong>esset</strong></span> <span class='ocrx_word' id='word_1_327' title='bbox 1990 3026 2140 3065; x_wconf 90' lang='lat' dir='ltr'><strong>sum-</strong></span> 
     </span>
    </p>
   </div>
   <div class='ocr_carea' id='block_1_45' title="bbox 550 3090 2138 3171">
    <p class='ocr_par' dir='ltr' id='par_1_45' title="bbox 550 3090 2138 3171">
     <span class='ocr_line' id='line_1_45' title="bbox 550 3090 2138 3171; baseline 0.004 -18"><span class='ocrx_word' id='word_1_328' title='bbox 550 3115 701 3153; x_wconf 89' lang='lat' dir='ltr'><strong>mum</strong></span> <span class='ocrx_word' id='word_1_329' title='bbox 734 3099 952 3153; x_wconf 85' lang='lat' dir='ltr'><strong>Patrem</strong></span> <span class='ocrx_word' id='word_1_330' title='bbox 987 3090 1219 3169; x_wconf 91' lang='lat' dir='ltr'><strong>penitius</strong></span> <span class='ocrx_word' id='word_1_331' title='bbox 1262 3100 1460 3154; x_wconf 90' lang='lat' dir='ltr'><strong>intueri</strong></span> <span class='ocrx_word' id='word_1_332' title='bbox 1488 3117 1502 3167; x_wconf 90' lang='lat'><strong>;</strong></span> <span class='ocrx_word' id='word_1_333' title='bbox 1534 3101 1661 3155; x_wconf 90' lang='lat' dir='ltr'><strong>dum</strong></span> <span class='ocrx_word' id='word_1_334' title='bbox 1708 3102 1846 3157; x_wconf 89' lang='lat' dir='ltr'><strong>male</strong></span> <span class='ocrx_word' id='word_1_335' title='bbox 1876 3114 2138 3171; x_wconf 84' lang='lat' dir='ltr'><strong>concepto</strong></span> 
     </span>
    </p>
   </div>
   <div class='ocr_carea' id='block_1_46' title="bbox 550 3190 2138 3261">
    <p class='ocr_par' dir='ltr' id='par_1_46' title="bbox 550 3190 2138 3261">
     <span class='ocr_line' id='line_1_46' title="bbox 550 3190 2138 3261; baseline 0.004 -16"><span class='ocrx_word' id='word_1_336' title='bbox 550 3192 735 3245; x_wconf 85' lang='lat' dir='ltr'><strong>Patris</strong></span> <span class='ocrx_word' id='word_1_337' title='bbox 798 3190 1232 3261; x_wconf 76' lang='lat' dir='ltr'><strong>magnitudinem</strong></span> <span class='ocrx_word' id='word_1_338' title='bbox 1298 3192 1801 3261; x_wconf 84' lang='lat' dir='ltr'><strong>comprehendendi</strong></span> <span class='ocrx_word' id='word_1_339' title='bbox 1867 3195 2138 3251; x_wconf 89' lang='lat' dir='ltr'><strong>desiderio</strong></span> 
     </span>
    </p>
   </div>
   <div class='ocr_carea' id='block_1_47' title="bbox 550 3284 2138 3354">
    <p class='ocr_par' dir='ltr' id='par_1_47' title="bbox 550 3284 2138 3354">
     <span class='ocr_line' id='line_1_47' title="bbox 550 3284 2138 3354; baseline 0.004 -17"><span class='ocrx_word' id='word_1_340' title='bbox 550 3290 895 3346; x_wconf 65' lang='lat' dir='ltr'><strong>aestuantem,</strong></span> <span class='ocrx_word' id='word_1_341' title='bbox 947 3284 1256 3353; x_wconf 87' lang='lat' dir='ltr'><strong>abreptam,</strong></span> <span class='ocrx_word' id='word_1_342' title='bbox 1311 3299 1375 3338; x_wconf 90' lang='lat' dir='ltr'><strong>ac</strong></span> <span class='ocrx_word' id='word_1_343' title='bbox 1422 3299 1535 3353; x_wconf 69' lang='lat' dir='ltr'><strong>pra:</strong></span> <span class='ocrx_word' id='word_1_344' title='bbox 1582 3285 1659 3338; x_wconf 89' lang='lat' dir='ltr'><strong>rei</strong></span> <span class='ocrx_word' id='word_1_345' title='bbox 1700 3285 2138 3354; x_wconf 84' lang='lat' dir='ltr'><strong>impossibilitate</strong></span> 
     </span>
    </p>
   </div>
   <div class='ocr_carea' id='block_1_48' title="bbox 548 3364 2136 3449">
    <p class='ocr_par' dir='ltr' id='par_1_48' title="bbox 548 3364 2136 3449">
     <span class='ocr_line' id='line_1_48' title="bbox 548 3364 2136 3449; baseline 0.004 -20"><span class='ocrx_word' id='word_1_346' title='bbox 548 3390 691 3446; x_wconf 87' lang='lat' dir='ltr'><strong>pene</strong></span> <span class='ocrx_word' id='word_1_347' title='bbox 723 3364 1063 3429; x_wconf 50' lang='lat' dir='ltr'><strong>‘dissolutam</strong></span> <span class='ocrx_word' id='word_1_348' title='bbox 1098 3376 1367 3430; x_wconf 78' lang='lat' dir='ltr'><strong>exhibent</strong></span> <span class='ocrx_word' id='word_1_349' title='bbox 1401 3394 1414 3430; x_wconf 89' lang='lat'>:</span> <span class='ocrx_word' id='word_1_350' title='bbox 1460 3378 1591 3446; x_wconf 90' lang='lat' dir='ltr'><strong>quid</strong></span> <span class='ocrx_word' id='word_1_351' title='bbox 1637 3380 1784 3434; x_wconf 92' lang='lat' dir='ltr'><strong>aliud</strong></span> <span class='ocrx_word' id='word_1_352' title='bbox 1822 3396 1985 3449; x_wconf 91' lang='lat' dir='ltr'><strong>quam</strong></span> <span class='ocrx_word' id='word_1_353' title='bbox 2038 3396 2136 3435; x_wconf 91' lang='lat' dir='ltr'><strong>ne-</strong></span> 
     </span>
    </p>
   </div>
   <div class='ocr_carea' id='block_1_49' title="bbox 549 3467 2138 3537">
    <p class='ocr_par' dir='ltr' id='par_1_49' title="bbox 549 3467 2138 3537">
     <span class='ocr_line' id='line_1_49' title="bbox 549 3467 2138 3537; baseline 0.005 -17"><span class='ocrx_word' id='word_1_354' title='bbox 549 3467 689 3521; x_wconf 86' lang='lat' dir='ltr'><strong>faria</strong></span> <span class='ocrx_word' id='word_1_355' title='bbox 749 3476 919 3531; x_wconf 90' lang='lat' dir='ltr'><strong>vota,</strong></span> <span class='ocrx_word' id='word_1_356' title='bbox 985 3469 1310 3537; x_wconf 86' lang='lat' dir='ltr'><strong>tristemque</strong></span> <span class='ocrx_word' id='word_1_357' title='bbox 1364 3483 1550 3523; x_wconf 86' lang='lat' dir='ltr'><strong>casum</strong></span> <span class='ocrx_word' id='word_1_358' title='bbox 1611 3471 1940 3526; x_wconf 89' lang='lat' dir='ltr'><strong>adumbrant</strong></span> <span class='ocrx_word' id='word_1_359' title='bbox 1994 3472 2138 3528; x_wconf 92' lang='lat' dir='ltr'><strong>illius</strong></span> 
     </span>
    </p>
   </div>
   <div class='ocr_carea' id='block_1_50' title="bbox 552 3557 2137 3636">
    <p class='ocr_par' dir='ltr' id='par_1_50' title="bbox 552 3557 2137 3636">
     <span class='ocr_line' id='line_1_50' title="bbox 552 3557 2137 3636; baseline 0.004 -21"><span class='ocrx_word' id='word_1_360' title='bbox 552 3557 801 3633; x_wconf 87' lang='lat' dir='ltr'><strong>[XXXII]</strong></span> <span class='ocrx_word' id='word_1_361' title='bbox 834 3559 1008 3629; x_wconf 80' lang='lat' dir='ltr'><strong>angeli</strong></span> <span class='ocrx_word' id='word_1_362' title='bbox 1036 3599 1051 3623; x_wconf 92' lang='lat'><strong>,</strong></span> <span class='ocrx_word' id='word_1_363' title='bbox 1080 3562 1171 3629; x_wconf 91' lang='lat' dir='ltr'><strong>qui</strong></span> <span class='ocrx_word' id='word_1_364' title='bbox 1208 3560 1441 3615; x_wconf 91' lang='lat' dir='ltr'><strong>similem</strong></span> <span class='ocrx_word' id='word_1_365' title='bbox 1473 3578 1533 3617; x_wconf 92' lang='lat' dir='ltr'><strong>se</strong></span> <span class='ocrx_word' id='word_1_366' title='bbox 1570 3563 1852 3619; x_wconf 81' lang='lat' dir='ltr'><strong>Altissimo</strong></span> <span class='ocrx_word' id='word_1_367' title='bbox 1876 3565 2137 3636; x_wconf 61' lang='lat' dir='ltr'><strong>:futuruut</strong></span> 
     </span>
    </p>
   </div>
   <div class='ocr_carea' id='block_1_51' title="bbox 548 3654 2138 3724">
    <p class='ocr_par' dir='ltr' id='par_1_51' title="bbox 548 3654 2138 3724">
     <span class='ocr_line' id='line_1_51' title="bbox 548 3654 2138 3724; baseline 0.004 -16"><span class='ocrx_word' id='word_1_368' title='bbox 548 3654 655 3708; x_wconf 90' lang='lat' dir='ltr'><strong>sibi</strong></span> <span class='ocrx_word' id='word_1_369' title='bbox 694 3654 994 3722; x_wconf 87' lang='lat' dir='ltr'><strong>spondens,</strong></span> <span class='ocrx_word' id='word_1_370' title='bbox 1021 3656 1251 3724; x_wconf 83' lang='lat' dir='ltr'><strong>perdidit</strong></span> <span class='ocrx_word' id='word_1_371' title='bbox 1303 3655 1623 3723; x_wconf 79' lang='lat' dir='ltr'><strong>sapientiam</strong></span> <span class='ocrx_word' id='word_1_372' title='bbox 1672 3675 1821 3712; x_wconf 80' lang='lat' dir='ltr'><strong>suam</strong></span> <span class='ocrx_word' id='word_1_373' title='bbox 1864 3661 1917 3712; x_wconf 89' lang='lat' dir='ltr'><strong>in</strong></span> <span class='ocrx_word' id='word_1_374' title='bbox 1953 3662 2138 3715; x_wconf 85' lang='lat' dir='ltr'><strong>decore</strong></span> 
     </span>
    </p>
   </div>
   <div class='ocr_carea' id='block_1_52' title="bbox 547 3748 2135 3820">
    <p class='ocr_par' dir='ltr' id='par_1_52' title="bbox 547 3748 2135 3820">
     <span class='ocr_line' id='line_1_52' title="bbox 547 3748 2135 3820; baseline 0.003 -18"><span class='ocrx_word' id='word_1_375' title='bbox 547 3762 670 3815; x_wconf 86' lang='lat' dir='ltr'><strong>suo,</strong></span> <span class='ocrx_word' id='word_1_376' title='bbox 703 3756 755 3801; x_wconf 72' lang='lat' dir='ltr'><strong>et</strong></span> <span class='ocrx_word' id='word_1_377' title='bbox 777 3748 831 3800; x_wconf 84' lang='lat' dir='ltr'><strong>in</strong></span> <span class='ocrx_word' id='word_1_378' title='bbox 858 3758 1085 3813; x_wconf 78' lang='lat' dir='ltr'><strong>terram,</strong></span> <span class='ocrx_word' id='word_1_379' title='bbox 1121 3748 1173 3801; x_wconf 92' lang='lat' dir='ltr'><strong>in</strong></span> <span class='ocrx_word' id='word_1_380' title='bbox 1204 3762 1424 3817; x_wconf 68' lang='lat' dir='ltr'><strong>pinnam</strong></span> <span class='ocrx_word' id='word_1_381' title='bbox 1453 3750 1636 3803; x_wconf 85' lang='lat' dir='ltr'><strong>elevati</strong></span> <span class='ocrx_word' id='word_1_382' title='bbox 1668 3753 1840 3804; x_wconf 82' lang='lat' dir='ltr'><strong>cordis</strong></span> <span class='ocrx_word' id='word_1_383' title='bbox 1874 3753 2135 3820; x_wconf 75' lang='lat' dir='ltr'><strong>projectus</strong></span> 
     </span>
    </p>
   </div>
   <div class='ocr_carea' id='block_1_53' title="bbox 548 3839 2137 3911">
    <p class='ocr_par' dir='ltr' id='par_1_53' title="bbox 548 3839 2137 3911">
     <span class='ocr_line' id='line_1_53' title="bbox 548 3839 2137 3911; baseline 0.003 -18"><span class='ocrx_word' id='word_1_384' title='bbox 548 3849 627 3893; x_wconf 81' lang='lat' dir='ltr'><strong>est</strong></span> <span class='ocrx_word' id='word_1_385' title='bbox 672 3839 763 3893; x_wconf 66' lang='lat'><strong>“1?</strong></span> <span class='ocrx_word' id='word_1_386' title='bbox 796 3840 933 3893; x_wconf 93' lang='lat' dir='ltr'><strong>Dum</strong></span> <span class='ocrx_word' id='word_1_387' title='bbox 981 3855 1112 3894; x_wconf 91' lang='lat' dir='ltr'><strong>vero</strong></span> <span class='ocrx_word' id='word_1_388' title='bbox 1172 3840 1382 3905; x_wconf 86' lang='lat' dir='ltr'><strong>Horon,</strong></span> <span class='ocrx_word' id='word_1_389' title='bbox 1424 3857 1584 3911; x_wconf 88' lang='lat' dir='ltr'><strong>quem</strong></span> <span class='ocrx_word' id='word_1_390' title='bbox 1634 3843 1809 3911; x_wconf 89' lang='lat' dir='ltr'><strong>ipsum</strong></span> <span class='ocrx_word' id='word_1_391' title='bbox 1850 3844 1942 3898; x_wconf 88' lang='lat' dir='ltr'><strong>Dei</strong></span> <span class='ocrx_word' id='word_1_392' title='bbox 2003 3845 2137 3899; x_wconf 81' lang='lat' dir='ltr'><strong>Ver—</strong></span> 
     </span>
    </p>
   </div>
   <div class='ocr_carea' id='block_1_54' title="bbox 548 3932 2137 4002">
    <p class='ocr_par' dir='ltr' id='par_1_54' title="bbox 548 3932 2137 4002">
     <span class='ocr_line' id='line_1_54' title="bbox 548 3932 2137 4002; baseline 0.004 -15"><span class='ocrx_word' id='word_1_393' title='bbox 548 3936 677 3987; x_wconf 81' lang='lat' dir='ltr'><strong>bum</strong></span> <span class='ocrx_word' id='word_1_394' title='bbox 721 3946 845 3986; x_wconf 90' lang='lat' dir='ltr'><strong>esse</strong></span> <span class='ocrx_word' id='word_1_395' title='bbox 895 3932 1144 4000; x_wconf 90' lang='lat' dir='ltr'><strong>superius</strong></span> <span class='ocrx_word' id='word_1_396' title='bbox 1189 3932 1451 3997; x_wconf 75' lang='lat' dir='ltr'><strong>diximus,</strong></span> <span class='ocrx_word' id='word_1_397' title='bbox 1498 3948 1767 4002; x_wconf 87' lang='lat' dir='ltr'><strong>quemque</strong></span> <span class='ocrx_word' id='word_1_398' title='bbox 1819 3934 2039 3989; x_wconf 81' lang='lat' dir='ltr'><strong>Crucem</strong></span> <span class='ocrx_word' id='word_1_399' title='bbox 2084 3948 2137 3993; x_wconf 89' lang='lat' dir='ltr'><strong>et</strong></span> 
     </span>
    </p>
   </div>
   <div class='ocr_carea' id='block_1_55' title="bbox 546 4023 2135 4095">
    <p class='ocr_par' dir='ltr' id='par_1_55' title="bbox 546 4023 2135 4095">
     <span class='ocr_line' id='line_1_55' title="bbox 546 4023 2135 4095; baseline 0.003 -17"><span class='ocrx_word' id='word_1_400' title='bbox 546 4023 953 4093; x_wconf 82' lang='lat' dir='ltr'><strong>Redemptorem</strong></span> <span class='ocrx_word' id='word_1_401' title='bbox 997 4024 1291 4088; x_wconf 86' lang='lat' dir='ltr'><strong>vocabant,</strong></span> <span class='ocrx_word' id='word_1_402' title='bbox 1333 4025 1602 4079; x_wconf 87' lang='lat' dir='ltr'><strong>laboranti</strong></span> <span class='ocrx_word' id='word_1_403' title='bbox 1636 4042 1792 4095; x_wconf 91' lang='lat' dir='ltr'><strong>opem</strong></span> <span class='ocrx_word' id='word_1_404' title='bbox 1847 4029 2135 4094; x_wconf 83' lang='lat' dir='ltr'><strong>ferentem,</strong></span> 
     </span>
    </p>
   </div>
   <div class='ocr_carea' id='block_1_56' title="bbox 544 4116 2134 4187">
    <p class='ocr_par' dir='ltr' id='par_1_56' title="bbox 544 4116 2134 4187">
     <span class='ocr_line' id='line_1_56' title="bbox 544 4116 2134 4187; baseline 0.003 -18"><span class='ocrx_word' id='word_1_405' title='bbox 544 4116 836 4185; x_wconf 86' lang='lat' dir='ltr'><strong>ipsamque</strong></span> <span class='ocrx_word' id='word_1_406' title='bbox 873 4117 1092 4169; x_wconf 88' lang='lat' dir='ltr'><strong>demum</strong></span> <span class='ocrx_word' id='word_1_407' title='bbox 1127 4117 1376 4185; x_wconf 80' lang='lat' dir='ltr'><strong>pristina:</strong></span> <span class='ocrx_word' id='word_1_408' title='bbox 1418 4117 1785 4187; x_wconf 78' lang='lat' dir='ltr'><strong>coajugationi</strong></span> <span class='ocrx_word' id='word_1_409' title='bbox 1840 4122 2134 4174; x_wconf 88' lang='lat' dir='ltr'><strong>restituen-</strong></span> 
     </span>
    </p>
   </div>
   <div class='ocr_carea' id='block_1_57' title="bbox 546 4208 2136 4283">
    <p class='ocr_par' dir='ltr' id='par_1_57' title="bbox 546 4208 2136 4283">
     <span class='ocr_line' id='line_1_57' title="bbox 546 4208 2136 4283; baseline 0.004 -21"><span class='ocrx_word' id='word_1_410' title='bbox 546 4219 656 4264; x_wconf 89' lang='lat' dir='ltr'><strong>tem</strong></span> <span class='ocrx_word' id='word_1_411' title='bbox 714 4208 960 4279; x_wconf 81' lang='lat' dir='ltr'><strong>ﬁnguut;</strong></span> <span class='ocrx_word' id='word_1_412' title='bbox 1019 4210 1148 4279; x_wconf 90' lang='lat' dir='ltr'><strong>quid</strong></span> <span class='ocrx_word' id='word_1_413' title='bbox 1211 4210 1353 4263; x_wconf 90' lang='lat' dir='ltr'><strong>aliud</strong></span> <span class='ocrx_word' id='word_1_414' title='bbox 1409 4225 1571 4279; x_wconf 91' lang='lat' dir='ltr'><strong>quam</strong></span> <span class='ocrx_word' id='word_1_415' title='bbox 1627 4212 1984 4267; x_wconf 81' lang='lat' dir='ltr'><strong>instauratum</strong></span> <span class='ocrx_word' id='word_1_416' title='bbox 2040 4230 2136 4283; x_wconf 88' lang='lat' dir='ltr'><strong>per</strong></span> 
     </span>
    </p>
   </div>
   <div class='ocr_carea' id='block_1_58' title="bbox 544 4302 2130 4376">
    <p class='ocr_par' dir='ltr' id='par_1_58' title="bbox 544 4302 2130 4376">
     <span class='ocr_line' id='line_1_58' title="bbox 544 4302 2130 4376; baseline 0.003 -18"><span class='ocrx_word' id='word_1_417' title='bbox 544 4302 755 4358; x_wconf 89' lang='lat' dir='ltr'><strong>Christi</strong></span> <span class='ocrx_word' id='word_1_418' title='bbox 782 4319 1002 4359; x_wconf 90' lang='lat' dir='ltr'><strong>crucem</strong></span> <span class='ocrx_word' id='word_1_419' title='bbox 1044 4315 1097 4356; x_wconf 92' lang='lat' dir='ltr'><strong>ct</strong></span> <span class='ocrx_word' id='word_1_420' title='bbox 1131 4306 1455 4374; x_wconf 84' lang='lat' dir='ltr'><strong>sanguinem</strong></span> <span class='ocrx_word' id='word_1_421' title='bbox 1511 4309 1826 4376; x_wconf 83' lang='lat' dir='ltr'><strong>angelorum</strong></span> <span class='ocrx_word' id='word_1_422' title='bbox 1893 4310 2130 4374; x_wconf 89' lang='lat' dir='ltr'><strong>ruinam,</strong></span> 
     </span>
    </p>
   </div>
   <div class='ocr_carea' id='block_1_59' title="bbox 543 4396 2134 4470">
    <p class='ocr_par' dir='ltr' id='par_1_59' title="bbox 543 4396 2134 4470">
     <span class='ocr_line' id='line_1_59' title="bbox 543 4396 2134 4470; baseline 0.003 -17"><span class='ocrx_word' id='word_1_423' title='bbox 543 4399 727 4453; x_wconf 85' lang='lat' dir='ltr'><strong>citatis</strong></span> <span class='ocrx_word' id='word_1_424' title='bbox 754 4396 998 4466; x_wconf 84' lang='lat' dir='ltr'><strong>Apostoli</strong></span> <span class='ocrx_word' id='word_1_425' title='bbox 1029 4398 1211 4450; x_wconf 77' lang='lat' dir='ltr'><strong>verbis</strong></span> <span class='ocrx_word' id='word_1_426' title='bbox 1238 4400 1372 4462; x_wconf 79' lang='lat' dir='ltr'><strong>nixi,</strong></span> <span class='ocrx_word' id='word_1_427' title='bbox 1400 4401 1710 4470; x_wconf 79' lang='lat' dir='ltr'><strong>exprimere</strong></span> <span class='ocrx_word' id='word_1_428' title='bbox 1740 4402 1953 4455; x_wconf 92' lang='lat' dir='ltr'><strong>animus</strong></span> <span class='ocrx_word' id='word_1_429' title='bbox 1982 4404 2134 4457; x_wconf 89' lang='lat' dir='ltr'><strong>erat?</strong></span> 
     </span>
    </p>
   </div>
   <div class='ocr_carea' id='block_1_60' title="bbox 2253 1902 3840 1975">
    <p class='ocr_par' dir='ltr' id='par_1_60' title="bbox 2253 1902 3840 1975">
     <span class='ocr_line' id='line_1_60' title="bbox 2253 1902 3840 1975; baseline -0.002 -19"><span class='ocrx_word' id='word_1_430' title='bbox 2253 1920 2353 1975; x_wconf 80' lang='lat' dir='ltr'><strong>gus</strong></span> <span class='ocrx_word' id='word_1_431' title='bbox 2374 1906 2717 1959; x_wconf 87' lang='lat' dir='ltr'><strong>ethnicorum</strong></span> <span class='ocrx_word' id='word_1_432' title='bbox 2748 1902 3069 1967; x_wconf 86' lang='lat' dir='ltr'><strong>Saturnum,</strong></span> <span class='ocrx_word' id='word_1_433' title='bbox 3091 1903 3301 1970; x_wconf 85' lang='lat' dir='ltr'><strong>Jovem,</strong></span> <span class='ocrx_word' id='word_1_434' title='bbox 3322 1904 3675 1969; x_wconf 83' lang='lat' dir='ltr'><strong>Mercurium,</strong></span> <span class='ocrx_word' id='word_1_435' title='bbox 3704 1912 3840 1969; x_wconf 86' lang='lat' dir='ltr'><strong>ctc.,</strong></span> 
     </span>
    </p>
   </div>
   <div class='ocr_carea' id='block_1_61' title="bbox 2254 1994 3842 2066">
    <p class='ocr_par' dir='ltr' id='par_1_61' title="bbox 2254 1994 3842 2066">
     <span class='ocr_line' id='line_1_61' title="bbox 2254 1994 3842 2066; baseline 0 -17"><span class='ocrx_word' id='word_1_436' title='bbox 2254 1998 2401 2057; x_wconf 90' lang='lat' dir='ltr'><strong>deos,</strong></span> <span class='ocrx_word' id='word_1_437' title='bbox 2446 1996 2687 2066; x_wconf 81' lang='lat' dir='ltr'><strong>singulos</strong></span> <span class='ocrx_word' id='word_1_438' title='bbox 2736 1997 3001 2050; x_wconf 88' lang='lat' dir='ltr'><strong>habentes</strong></span> <span class='ocrx_word' id='word_1_439' title='bbox 3053 1994 3299 2065; x_wconf 70' lang='lat' dir='ltr'><strong>singulas</strong></span> <span class='ocrx_word' id='word_1_440' title='bbox 3342 2004 3569 2051; x_wconf 86' lang='lat' dir='ltr'><strong>naturas</strong></span> <span class='ocrx_word' id='word_1_441' title='bbox 3620 1995 3842 2049; x_wconf 85' lang='lat' dir='ltr'><strong>divinas</strong></span> 
     </span>
    </p>
   </div>
   <div class='ocr_carea' id='block_1_62' title="bbox 2252 2086 3844 2144">
    <p class='ocr_par' dir='ltr' id='par_1_62' title="bbox 2252 2086 3844 2144">
     <span class='ocr_line' id='line_1_62' title="bbox 2252 2086 3844 2144; baseline -0.001 -1"><span class='ocrx_word' id='word_1_442' title='bbox 2252 2088 2643 2143; x_wconf 81' lang='lat' dir='ltr'><strong>existimabat?</strong></span> <span class='ocrx_word' id='word_1_443' title='bbox 2686 2088 2766 2142; x_wconf 88' lang='lat' dir='ltr'><strong>An</strong></span> <span class='ocrx_word' id='word_1_444' title='bbox 2806 2090 3031 2143; x_wconf 91' lang='lat' dir='ltr'><strong>totidem</strong></span> <span class='ocrx_word' id='word_1_445' title='bbox 3067 2091 3121 2142; x_wconf 93' lang='lat' dir='ltr'><strong>in</strong></span> <span class='ocrx_word' id='word_1_446' title='bbox 3154 2106 3262 2144; x_wconf 91' lang='lat' dir='ltr'><strong>una</strong></span> <span class='ocrx_word' id='word_1_447' title='bbox 3297 2096 3353 2143; x_wconf 89' lang='lat' dir='ltr'><strong>et</strong></span> <span class='ocrx_word' id='word_1_448' title='bbox 3382 2089 3574 2143; x_wconf 90' lang='lat' dir='ltr'><strong>eadem</strong></span> <span class='ocrx_word' id='word_1_449' title='bbox 3625 2086 3844 2141; x_wconf 76' lang='lat' dir='ltr'><strong>Divini-</strong></span> 
     </span>
    </p>
   </div>
   <div class='ocr_carea' id='block_1_63' title="bbox 2253 2180 3843 2250">
    <p class='ocr_par' dir='ltr' id='par_1_63' title="bbox 2253 2180 3843 2250">
     <span class='ocr_line' id='line_1_63' title="bbox 2253 2180 3843 2250; baseline 0.001 -17"><span class='ocrx_word' id='word_1_450' title='bbox 2253 2190 2364 2235; x_wconf 91' lang='lat' dir='ltr'><strong>tate</strong></span> <span class='ocrx_word' id='word_1_451' title='bbox 2407 2182 2770 2236; x_wconf 87' lang='lat' dir='ltr'><strong>subsistentes</strong></span> <span class='ocrx_word' id='word_1_452' title='bbox 2829 2194 3131 2250; x_wconf 87' lang='lat' dir='ltr'><strong>personas,</strong></span> <span class='ocrx_word' id='word_1_453' title='bbox 3193 2180 3262 2234; x_wconf 92' lang='lat' dir='ltr'><strong>ad</strong></span> <span class='ocrx_word' id='word_1_454' title='bbox 3313 2194 3436 2233; x_wconf 86' lang='lat' dir='ltr'><strong>eum</strong></span> <span class='ocrx_word' id='word_1_455' title='bbox 3478 2180 3695 2234; x_wconf 92' lang='lat' dir='ltr'><strong>modum</strong></span> <span class='ocrx_word' id='word_1_456' title='bbox 3726 2193 3843 2249; x_wconf 90' lang='lat' dir='ltr'><strong>quo</strong></span> 
     </span>
    </p>
   </div>
   <div class='ocr_carea' id='block_1_64' title="bbox 2250 2268 3842 2334">
    <p class='ocr_par' dir='ltr' id='par_1_64' title="bbox 2250 2268 3842 2334">
     <span class='ocr_line' id='line_1_64' title="bbox 2250 2268 3842 2334; baseline -0.001 -10"><span class='ocrx_word' id='word_1_457' title='bbox 2250 2270 2508 2324; x_wconf 88' lang='lat' dir='ltr'><strong>catholici</strong></span> <span class='ocrx_word' id='word_1_458' title='bbox 2560 2280 2673 2324; x_wconf 89' lang='lat' dir='ltr'><strong>tres</strong></span> <span class='ocrx_word' id='word_1_459' title='bbox 2717 2270 2770 2323; x_wconf 92' lang='lat' dir='ltr'><strong>in</strong></span> <span class='ocrx_word' id='word_1_460' title='bbox 2820 2286 2927 2323; x_wconf 93' lang='lat' dir='ltr'><strong>una</strong></span> <span class='ocrx_word' id='word_1_461' title='bbox 2970 2280 3165 2324; x_wconf 88' lang='lat' dir='ltr'><strong>natura</strong></span> <span class='ocrx_word' id='word_1_462' title='bbox 3214 2268 3396 2323; x_wconf 81' lang='lat' dir='ltr'><strong>divina</strong></span> <span class='ocrx_word' id='word_1_463' title='bbox 3440 2269 3842 2334; x_wconf 80' lang='lat' dir='ltr'><strong>subsistentes,</strong></span> 
     </span>
    </p>
   </div>
   <div class='ocr_carea' id='block_1_65' title="bbox 2250 2360 3840 2432">
    <p class='ocr_par' dir='ltr' id='par_1_65' title="bbox 2250 2360 3840 2432">
     <span class='ocr_line' id='line_1_65' title="bbox 2250 2360 3840 2432; baseline 0 -18"><span class='ocrx_word' id='word_1_464' title='bbox 2250 2362 2642 2432; x_wconf 82' lang='lat' dir='ltr'><strong>diStinctasque</strong></span> <span class='ocrx_word' id='word_1_465' title='bbox 2674 2376 2936 2431; x_wconf 88' lang='lat' dir='ltr'><strong>personas</strong></span> <span class='ocrx_word' id='word_1_466' title='bbox 2968 2362 3297 2432; x_wconf 78' lang='lat' dir='ltr'><strong>profitentur</strong></span> <span class='ocrx_word' id='word_1_467' title='bbox 3338 2370 3393 2415; x_wconf 90' lang='lat' dir='ltr'><strong>et</strong></span> <span class='ocrx_word' id='word_1_468' title='bbox 3438 2360 3721 2415; x_wconf 87' lang='lat' dir='ltr'><strong>credunt?</strong></span> <span class='ocrx_word' id='word_1_469' title='bbox 3755 2360 3840 2414; x_wconf 85' lang='lat' dir='ltr'><strong>An</strong></span> 
     </span>
    </p>
   </div>
   <div class='ocr_carea' id='block_1_66' title="bbox 2249 2451 3842 2522">
    <p class='ocr_par' dir='ltr' id='par_1_66' title="bbox 2249 2451 3842 2522">
     <span class='ocr_line' id='line_1_66' title="bbox 2249 2451 3842 2522; baseline -0.002 -16"><span class='ocrx_word' id='word_1_470' title='bbox 2249 2453 2481 2522; x_wconf 86' lang='lat' dir='ltr'><strong>denique</strong></span> <span class='ocrx_word' id='word_1_471' title='bbox 2517 2455 2741 2508; x_wconf 90' lang='lat' dir='ltr'><strong>totidem</strong></span> <span class='ocrx_word' id='word_1_472' title='bbox 2774 2454 2939 2505; x_wconf 90' lang='lat' dir='ltr'><strong>unius</strong></span> <span class='ocrx_word' id='word_1_473' title='bbox 2970 2451 3210 2520; x_wconf 88' lang='lat' dir='ltr'><strong>ejusdem</strong></span> <span class='ocrx_word' id='word_1_474' title='bbox 3249 2459 3309 2505; x_wconf 89' lang='lat' dir='ltr'><strong>ut</strong></span> <span class='ocrx_word' id='word_1_475' title='bbox 3341 2460 3553 2505; x_wconf 71' lang='lat' dir='ltr'><strong>natura:</strong></span> <span class='ocrx_word' id='word_1_476' title='bbox 3591 2451 3842 2520; x_wconf 86' lang='lat' dir='ltr'><strong>singula-</strong></span> 
     </span>
    </p>
   </div>
   <div class='ocr_carea' id='block_1_67' title="bbox 2249 2541 3842 2615">
    <p class='ocr_par' dir='ltr' id='par_1_67' title="bbox 2249 2541 3842 2615">
     <span class='ocr_line' id='line_1_67' title="bbox 2249 2541 3842 2615; baseline -0.003 -15"><span class='ocrx_word' id='word_1_477' title='bbox 2249 2546 2357 2611; x_wconf 89' lang='lat' dir='ltr'><strong>ris,</strong></span> <span class='ocrx_word' id='word_1_478' title='bbox 2416 2547 2495 2600; x_wconf 85' lang='lat' dir='ltr'><strong>sic</strong></span> <span class='ocrx_word' id='word_1_479' title='bbox 2545 2555 2599 2600; x_wconf 89' lang='lat' dir='ltr'><strong>et</strong></span> <span class='ocrx_word' id='word_1_480' title='bbox 2655 2560 2903 2615; x_wconf 66' lang='lat' dir='ltr'><strong>personae</strong></span> <span class='ocrx_word' id='word_1_481' title='bbox 2948 2545 3346 2615; x_wconf 88' lang='lat' dir='ltr'><strong>proprietates,</strong></span> <span class='ocrx_word' id='word_1_482' title='bbox 3406 2541 3729 2597; x_wconf 70' lang='lat' dir='ltr'><strong>affectiones</strong></span> <span class='ocrx_word' id='word_1_483' title='bbox 3790 2550 3842 2597; x_wconf 85' lang='lat' dir='ltr'><strong>et</strong></span> 
     </span>
    </p>
   </div>
   <div class='ocr_carea' id='block_1_68' title="bbox 2245 2636 3844 2713">
    <p class='ocr_par' dir='ltr' id='par_1_68' title="bbox 2245 2636 3844 2713">
     <span class='ocr_line' id='line_1_68' title="bbox 2245 2636 3844 2713; baseline -0.003 -19"><span class='ocrx_word' id='word_1_484' title='bbox 2245 2641 2563 2713; x_wconf 75' lang='grc' dir='ltr'><strong>ἐνεργείας,</strong></span> <span class='ocrx_word' id='word_1_485' title='bbox 2624 2642 3083 2709; x_wconf 87' lang='lat' dir='ltr'><strong>quemadmodum</strong></span> <span class='ocrx_word' id='word_1_486' title='bbox 3140 2638 3408 2693; x_wconf 83' lang='lat' dir='ltr'><strong>Sabellius</strong></span> <span class='ocrx_word' id='word_1_487' title='bbox 3482 2636 3726 2692; x_wconf 85' lang='lat' dir='ltr'><strong>Verbum</strong></span> <span class='ocrx_word' id='word_1_488' title='bbox 3787 2646 3844 2692; x_wconf 88' lang='lat' dir='ltr'><strong>et</strong></span> 
     </span>
    </p>
   </div>
   <div class='ocr_carea' id='block_1_69' title="bbox 2263 2727 3839 2803">
    <p class='ocr_par' dir='ltr' id='par_1_69' title="bbox 2263 2727 3839 2803">
     <span class='ocr_line' id='line_1_69' title="bbox 2263 2727 3839 2803; baseline -0.003 -15"><span class='ocrx_word' id='word_1_489' title='bbox 2263 2734 2528 2803; x_wconf 86' lang='lat' dir='ltr'><strong>Spiritum</strong></span> <span class='ocrx_word' id='word_1_490' title='bbox 2577 2743 2825 2788; x_wconf 89' lang='lat' dir='ltr'><strong>sanctum</strong></span> <span class='ocrx_word' id='word_1_491' title='bbox 2877 2733 3014 2789; x_wconf 91' lang='lat' dir='ltr'><strong>duas</strong></span> <span class='ocrx_word' id='word_1_492' title='bbox 3065 2732 3331 2786; x_wconf 82' lang='lat' dir='ltr'><strong>duntaxat</strong></span> <span class='ocrx_word' id='word_1_493' title='bbox 3380 2746 3672 2801; x_wconf 88' lang='lat' dir='ltr'><strong>merasque</strong></span> <span class='ocrx_word' id='word_1_494' title='bbox 3713 2727 3839 2786; x_wconf 72' lang='lat' dir='ltr'><strong>elﬁ-</strong></span> 
     </span>
    </p>
   </div>
   <div class='ocr_carea' id='block_1_70' title="bbox 2255 2824 3839 2895">
    <p class='ocr_par' dir='ltr' id='par_1_70' title="bbox 2255 2824 3839 2895">
     <span class='ocr_line' id='line_1_70' title="bbox 2255 2824 3839 2895; baseline 0 -16"><span class='ocrx_word' id='word_1_495' title='bbox 2255 2826 2483 2880; x_wconf 81' lang='lat' dir='ltr'><strong>cieutias</strong></span> <span class='ocrx_word' id='word_1_496' title='bbox 2535 2840 2656 2880; x_wconf 90' lang='lat' dir='ltr'><strong>esse</strong></span> <span class='ocrx_word' id='word_1_497' title='bbox 2690 2824 2912 2880; x_wconf 91' lang='lat' dir='ltr'><strong>dicebat</strong></span> <span class='ocrx_word' id='word_1_498' title='bbox 2962 2824 3123 2878; x_wconf 88' lang='lat' dir='ltr'><strong>unius</strong></span> <span class='ocrx_word' id='word_1_499' title='bbox 3174 2835 3228 2879; x_wconf 90' lang='lat' dir='ltr'><strong>et</strong></span> <span class='ocrx_word' id='word_1_500' title='bbox 3263 2824 3509 2895; x_wconf 81' lang='lat' dir='ltr'><strong>ejusdem</strong></span> <span class='ocrx_word' id='word_1_501' title='bbox 3559 2839 3839 2894; x_wconf 69' lang='lat' dir='ltr'><strong>personae,</strong></span> 
     </span>
    </p>
   </div>
   <div class='ocr_carea' id='block_1_71' title="bbox 2244 2916 3841 2987">
    <p class='ocr_par' dir='ltr' id='par_1_71' title="bbox 2244 2916 3841 2987">
     <span class='ocr_line' id='line_1_71' title="bbox 2244 2916 3841 2987; baseline -0.003 -14"><span class='ocrx_word' id='word_1_502' title='bbox 2244 2918 2333 2973; x_wconf 91' lang='lat' dir='ltr'><strong>cui</strong></span> <span class='ocrx_word' id='word_1_503' title='bbox 2377 2919 2587 2972; x_wconf 84' lang='lat' dir='ltr'><strong>diversa</strong></span> <span class='ocrx_word' id='word_1_504' title='bbox 2644 2928 2834 2972; x_wconf 90' lang='lat' dir='ltr'><strong>essent</strong></span> <span class='ocrx_word' id='word_1_505' title='bbox 2888 2931 2989 2985; x_wconf 89' lang='lat' dir='ltr'><strong>pro</strong></span> <span class='ocrx_word' id='word_1_506' title='bbox 3039 2916 3269 2973; x_wconf 85' lang='lat' dir='ltr'><strong>diversis</strong></span> <span class='ocrx_word' id='word_1_507' title='bbox 3326 2916 3741 2987; x_wconf 83' lang='lat' dir='ltr'><strong>operationibus</strong></span> <span class='ocrx_word' id='word_1_508' title='bbox 3787 2923 3841 2968; x_wconf 91' lang='lat' dir='ltr'><strong>et</strong></span> 
     </span>
    </p>
   </div>
   <div class='ocr_carea' id='block_1_72' title="bbox 2244 3006 3840 3081">
    <p class='ocr_par' dir='ltr' id='par_1_72' title="bbox 2244 3006 3840 3081">
     <span class='ocr_line' id='line_1_72' title="bbox 2244 3006 3840 3081; baseline -0.003 -17"><span class='ocrx_word' id='word_1_509' title='bbox 2244 3009 2669 3081; x_wconf 85' lang='lat' dir='ltr'><strong>proprietatibus</strong></span> <span class='ocrx_word' id='word_1_510' title='bbox 2705 3009 2946 3063; x_wconf 91' lang='lat' dir='ltr'><strong>nomina.</strong></span> <span class='ocrx_word' id='word_1_511' title='bbox 2980 3008 3045 3062; x_wconf 85' lang='lat' dir='ltr'><strong>Et</strong></span> <span class='ocrx_word' id='word_1_512' title='bbox 3075 3006 3317 3078; x_wconf 87' lang='lat' dir='ltr'><strong>quidem,</strong></span> <span class='ocrx_word' id='word_1_513' title='bbox 3357 3017 3419 3063; x_wconf 89' lang='lat' dir='ltr'><strong>ut</strong></span> <span class='ocrx_word' id='word_1_514' title='bbox 3464 3016 3611 3064; x_wconf 91' lang='lat' dir='ltr'><strong>certa</strong></span> <span class='ocrx_word' id='word_1_515' title='bbox 3642 3008 3711 3062; x_wconf 86' lang='lat' dir='ltr'><strong>ab</strong></span> <span class='ocrx_word' id='word_1_516' title='bbox 3754 3009 3840 3060; x_wconf 86' lang='lat' dir='ltr'><strong>iu-</strong></span> 
     </span>
    </p>
   </div>
   <div class='ocr_carea' id='block_1_73' title="bbox 2167 3097 3837 3196">
    <p class='ocr_par' dir='ltr' id='par_1_73' title="bbox 2167 3097 3837 3196">
     <span class='ocr_line' id='line_1_73' title="bbox 2167 3097 3837 3196; baseline -0.003 -38"><span class='ocrx_word' id='word_1_517' title='bbox 2167 3139 2208 3196; x_wconf 77' lang='lat' dir='ltr'>c</span> <span class='ocrx_word' id='word_1_518' title='bbox 2244 3103 2412 3158; x_wconf 88' lang='lat' dir='ltr'><strong>certis</strong></span> <span class='ocrx_word' id='word_1_519' title='bbox 2439 3115 2815 3163; x_wconf 87' lang='lat' dir='ltr'><strong>secernamus,</strong></span> <span class='ocrx_word' id='word_1_520' title='bbox 2834 3114 3019 3155; x_wconf 84' lang='lat' dir='ltr'><strong>vocem</strong></span> <span class='ocrx_word' id='word_1_521' title='bbox 3044 3097 3189 3153; x_wconf 65' lang='lat' dir='ltr'><strong>Att‘ov</strong></span> <span class='ocrx_word' id='word_1_522' title='bbox 3218 3115 3322 3155; x_wconf 94' lang='lat' dir='ltr'><strong>non</strong></span> <span class='ocrx_word' id='word_1_523' title='bbox 3349 3098 3625 3155; x_wconf 79' lang='lat' dir='ltr'><strong>GnOSticis</strong></span> <span class='ocrx_word' id='word_1_524' title='bbox 3648 3099 3837 3163; x_wconf 81' lang='lat' dir='ltr'><strong>modo,</strong></span> 
     </span>
    </p>
   </div>
   <div class='ocr_carea' id='block_1_74' title="bbox 2244 3192 3836 3262">
    <p class='ocr_par' dir='ltr' id='par_1_74' title="bbox 2244 3192 3836 3262">
     <span class='ocr_line' id='line_1_74' title="bbox 2244 3192 3836 3262; baseline -0.003 -13"><span class='ocrx_word' id='word_1_525' title='bbox 2244 3195 2340 3249; x_wconf 89' lang='lat' dir='ltr'><strong>sed</strong></span> <span class='ocrx_word' id='word_1_526' title='bbox 2372 3205 2428 3248; x_wconf 90' lang='lat' dir='ltr'><strong>et</strong></span> <span class='ocrx_word' id='word_1_527' title='bbox 2457 3194 2737 3248; x_wconf 83' lang='lat' dir='ltr'><strong>veteribus</strong></span> <span class='ocrx_word' id='word_1_528' title='bbox 2768 3192 3046 3262; x_wconf 90' lang='lat' dir='ltr'><strong>plerisque</strong></span> <span class='ocrx_word' id='word_1_529' title='bbox 3074 3193 3243 3247; x_wconf 92' lang='lat' dir='ltr'><strong>Deum</strong></span> <span class='ocrx_word' id='word_1_530' title='bbox 3273 3193 3567 3247; x_wconf 88' lang='lat' dir='ltr'><strong>denotasse</strong></span> <span class='ocrx_word' id='word_1_531' title='bbox 3589 3200 3836 3246; x_wconf 85' lang='lat' dir='ltr'><strong>constat.</strong></span> 
     </span>
    </p>
   </div>
   <div class='ocr_carea' id='block_1_75' title="bbox 2240 3282 3839 3358">
    <p class='ocr_par' dir='ltr' id='par_1_75' title="bbox 2240 3282 3839 3358">
     <span class='ocr_line' id='line_1_75' title="bbox 2240 3282 3839 3358; baseline -0.001 -17"><span class='ocrx_word' id='word_1_532' title='bbox 2240 3288 2349 3341; x_wconf 76' lang='grc' dir='ltr'>Καὶ</span> <span class='ocrx_word' id='word_1_533' title='bbox 2380 3287 2490 3358; x_wconf 84' lang='grc' dir='ltr'><strong>γὰρ</strong></span> <span class='ocrx_word' id='word_1_534' title='bbox 2517 3285 2674 3338; x_wconf 77' lang='grc' dir='ltr'>τοῦτο</span> <span class='ocrx_word' id='word_1_535' title='bbox 2701 3283 2938 3355; x_wconf 76' lang='grc' dir='ltr'>τοῦνομα</span> <span class='ocrx_word' id='word_1_536' title='bbox 2986 3283 3145 3348; x_wconf 81' lang='grc' dir='ltr'>οείως</span> <span class='ocrx_word' id='word_1_537' title='bbox 3192 3284 3488 3355; x_wconf 76' lang='grc' dir='ltr'>ἔφθεγκται</span> <span class='ocrx_word' id='word_1_538' title='bbox 3534 3282 3685 3355; x_wconf 71' lang='grc' dir='ltr'>παρὰ</span> <span class='ocrx_word' id='word_1_539' title='bbox 3722 3285 3839 3339; x_wconf 76' lang='grc' dir='ltr'>τῶν</span> 
     </span>
    </p>
   </div>
   <div class='ocr_carea' id='block_1_76' title="bbox 2240 3377 3838 3453">
    <p class='ocr_par' dir='ltr' id='par_1_76' title="bbox 2240 3377 3838 3453">
     <span class='ocr_line' id='line_1_76' title="bbox 2240 3377 3838 3453; baseline -0.002 -19"><span class='ocrx_word' id='word_1_540' title='bbox 2240 3378 2504 3453; x_wconf 86' lang='grc' dir='ltr'>ἀρχαίων.</span> <span class='ocrx_word' id='word_1_541' title='bbox 2543 3379 2728 3433; x_wconf 82' lang='lat' dir='ltr'><strong>Divine</strong></span> <span class='ocrx_word' id='word_1_542' title='bbox 2769 3394 2995 3449; x_wconf 86' lang='lat' dir='ltr'><strong>namque</strong></span> <span class='ocrx_word' id='word_1_543' title='bbox 3041 3394 3230 3431; x_wconf 83' lang='lat' dir='ltr'><strong>nomen</strong></span> <span class='ocrx_word' id='word_1_544' title='bbox 3277 3377 3374 3430; x_wconf 86' lang='lat' dir='ltr'><strong>hoc</strong></span> <span class='ocrx_word' id='word_1_545' title='bbox 3422 3378 3838 3446; x_wconf 79' lang='lat' dir='ltr'><strong>pronuntiatum</strong></span> 
     </span>
    </p>
   </div>
   <div class='ocr_carea' id='block_1_77' title="bbox 2238 3470 3835 3536">
    <p class='ocr_par' dir='ltr' id='par_1_77' title="bbox 2238 3470 3835 3536">
     <span class='ocr_line' id='line_1_77' title="bbox 2238 3470 3835 3536; baseline -0.002 -9"><span class='ocrx_word' id='word_1_546' title='bbox 2238 3483 2312 3528; x_wconf 84' lang='lat' dir='ltr'><strong>est</strong></span> <span class='ocrx_word' id='word_1_547' title='bbox 2365 3490 2396 3526; x_wconf 89' lang='lat' dir='ltr'><strong>a</strong></span> <span class='ocrx_word' id='word_1_548' title='bbox 2446 3472 2729 3535; x_wconf 82' lang='lat' dir='ltr'><strong>veteribus,</strong></span> <span class='ocrx_word' id='word_1_549' title='bbox 2791 3473 2869 3525; x_wconf 90' lang='lat' dir='ltr'><strong>ait</strong></span> <span class='ocrx_word' id='word_1_550' title='bbox 2941 3470 3284 3535; x_wconf 90' lang='lat' dir='ltr'><strong>Aristoteles,</strong></span> <span class='ocrx_word' id='word_1_551' title='bbox 3340 3470 3431 3525; x_wconf 92' lang='lat' dir='ltr'><strong>lib.</strong></span> <span class='ocrx_word' id='word_1_552' title='bbox 3489 3486 3505 3526; x_wconf 92' lang='grc' dir='ltr'><strong>ι</strong></span> <span class='ocrx_word' id='word_1_553' title='bbox 3555 3470 3629 3524; x_wconf 88' lang='lat' dir='ltr'><strong>De</strong></span> <span class='ocrx_word' id='word_1_554' title='bbox 3674 3471 3835 3536; x_wconf 70' lang='lat' dir='ltr'><strong>caelo,</strong></span> 
     </span>
    </p>
   </div>
   <div class='ocr_carea' id='block_1_78' title="bbox 2240 3560 3838 3632">
    <p class='ocr_par' dir='ltr' id='par_1_78' title="bbox 2240 3560 3838 3632">
     <span class='ocr_line' id='line_1_78' title="bbox 2240 3560 3838 3632; baseline -0.002 -14"><span class='ocrx_word' id='word_1_555' title='bbox 2240 3580 2362 3632; x_wconf 89' lang='lat' dir='ltr'><strong>cap.</strong></span> <span class='ocrx_word' id='word_1_556' title='bbox 2398 3564 2454 3618; x_wconf 87' lang='lat'><strong>9.</strong></span> <span class='ocrx_word' id='word_1_557' title='bbox 2483 3562 2619 3617; x_wconf 88' lang='lat' dir='ltr'><strong>llinc</strong></span> <span class='ocrx_word' id='word_1_558' title='bbox 2653 3562 2953 3632; x_wconf 88' lang='lat' dir='ltr'><strong>Epictetus,</strong></span> <span class='ocrx_word' id='word_1_559' title='bbox 2987 3563 3125 3629; x_wconf 88' lang='lat' dir='ltr'><strong>apud</strong></span> <span class='ocrx_word' id='word_1_560' title='bbox 3164 3560 3427 3615; x_wconf 83' lang='lat' dir='ltr'><strong>Arianqu</strong></span> <span class='ocrx_word' id='word_1_561' title='bbox 3476 3562 3687 3628; x_wconf 89' lang='lat' dir='ltr'><strong>eadem,</strong></span> <span class='ocrx_word' id='word_1_562' title='bbox 3722 3577 3838 3631; x_wconf 84' lang='lat' dir='ltr'><strong>qua</strong></span> 
     </span>
    </p>
   </div>
   <div class='ocr_carea' id='block_1_79' title="bbox 2242 3652 3835 3723">
    <p class='ocr_par' dir='ltr' id='par_1_79' title="bbox 2242 3652 3835 3723">
     <span class='ocr_line' id='line_1_79' title="bbox 2242 3652 3835 3723; baseline -0.003 -10"><span class='ocrx_word' id='word_1_563' title='bbox 2242 3657 2568 3713; x_wconf 87' lang='lat' dir='ltr'><strong>Valentinus</strong></span> <span class='ocrx_word' id='word_1_564' title='bbox 2612 3654 2773 3717; x_wconf 81' lang='lat' dir='ltr'><strong>vixit,</strong></span> <span class='ocrx_word' id='word_1_565' title='bbox 2819 3664 2982 3708; x_wconf 59' lang='lat' dir='ltr'><strong>aetate</strong></span> <span class='ocrx_word' id='word_1_566' title='bbox 3028 3656 3336 3719; x_wconf 90' lang='lat' dir='ltr'><strong>lloreutem,</strong></span> <span class='ocrx_word' id='word_1_567' title='bbox 3375 3652 3468 3707; x_wconf 89' lang='lat' dir='ltr'><strong>lib.</strong></span> <span class='ocrx_word' id='word_1_568' title='bbox 3503 3669 3565 3721; x_wconf 92' lang='grc' dir='ltr'>ιι,</span> <span class='ocrx_word' id='word_1_569' title='bbox 3612 3668 3738 3723; x_wconf 89' lang='lat' dir='ltr'><strong>cap.</strong></span> <span class='ocrx_word' id='word_1_570' title='bbox 3778 3656 3835 3722; x_wconf 87' lang='lat'><strong>5,</strong></span> 
     </span>
    </p>
   </div>
   <div class='ocr_carea' id='block_1_80' title="bbox 2248 3747 3835 3817">
    <p class='ocr_par' dir='ltr' id='par_1_80' title="bbox 2248 3747 3835 3817">
     <span class='ocr_line' id='line_1_80' title="bbox 2248 3747 3835 3817; baseline -0.003 -11"><span class='ocrx_word' id='word_1_571' title='bbox 2248 3763 2376 3806; x_wconf 89' lang='lat' dir='ltr'><strong>ante</strong></span> <span class='ocrx_word' id='word_1_572' title='bbox 2423 3752 2594 3813; x_wconf 91' lang='lat' dir='ltr'><strong>med.,</strong></span> <span class='ocrx_word' id='word_1_573' title='bbox 2630 3749 2824 3817; x_wconf 84' lang='lat' dir='ltr'><strong>mortis</strong></span> <span class='ocrx_word' id='word_1_574' title='bbox 2857 3747 3235 3802; x_wconf 89' lang='lat' dir='ltr'><strong>necessitatem</strong></span> <span class='ocrx_word' id='word_1_575' title='bbox 3285 3747 3665 3811; x_wconf 87' lang='lat' dir='ltr'><strong>considerans,</strong></span> <span class='ocrx_word' id='word_1_576' title='bbox 3697 3748 3783 3800; x_wconf 90' lang='lat' dir='ltr'><strong>ait</strong></span> <span class='ocrx_word' id='word_1_577' title='bbox 3816 3765 3835 3802; x_wconf 86' lang='lat'><strong>:</strong></span> 
     </span>
    </p>
   </div>
   <div class='ocr_carea' id='block_1_81' title="bbox 2241 3838 3836 3914">
    <p class='ocr_par' dir='ltr' id='par_1_81' title="bbox 2241 3838 3836 3914">
     <span class='ocr_line' id='line_1_81' title="bbox 2241 3838 3836 3914; baseline -0.004 -16"><span class='ocrx_word' id='word_1_578' title='bbox 2241 3846 2315 3898; x_wconf 77' lang='grc' dir='ltr'><strong>Οὐ</strong></span> <span class='ocrx_word' id='word_1_579' title='bbox 2370 3843 2479 3914; x_wconf 79' lang='grc' dir='ltr'><strong>γάρ</strong></span> <span class='ocrx_word' id='word_1_580' title='bbox 2539 3844 2651 3913; x_wconf 80' lang='grc' dir='ltr'><strong>εἰμι</strong></span> <span class='ocrx_word' id='word_1_581' title='bbox 2704 3840 2882 3903; x_wconf 83' lang='grc' dir='ltr'>Αἱὼν,</span> <span class='ocrx_word' id='word_1_582' title='bbox 2938 3838 3385 3911; x_wconf 79' lang='grc' dir='ltr'><strong>ἀλλ’ᾶνθρωπος.</strong></span> <span class='ocrx_word' id='word_1_583' title='bbox 3455 3838 3640 3909; x_wconf 83' lang='lat' dir='ltr'><strong>Neque</strong></span> <span class='ocrx_word' id='word_1_584' title='bbox 3684 3841 3836 3894; x_wconf 80' lang='lat' dir='ltr'><strong>enim</strong></span> 
     </span>
    </p>
   </div>
   <div class='ocr_carea' id='block_1_82' title="bbox 2246 3932 3839 4001">
    <p class='ocr_par' dir='ltr' id='par_1_82' title="bbox 2246 3932 3839 4001">
     <span class='ocr_line' id='line_1_82' title="bbox 2246 3932 3839 4001; baseline -0.003 -11"><span class='ocrx_word' id='word_1_585' title='bbox 2246 3938 2385 3990; x_wconf 80' lang='lat' dir='ltr'><strong>Deus</strong></span> <span class='ocrx_word' id='word_1_586' title='bbox 2420 3953 2559 3998; x_wconf 84' lang='lat' dir='ltr'><strong>sum,</strong></span> <span class='ocrx_word' id='word_1_587' title='bbox 2592 3936 2681 3987; x_wconf 84' lang='lat' dir='ltr'><strong>sed</strong></span> <span class='ocrx_word' id='word_1_588' title='bbox 2717 3936 2895 3987; x_wconf 85' lang='lat' dir='ltr'><strong>homo.</strong></span> <span class='ocrx_word' id='word_1_589' title='bbox 2940 3933 3143 3987; x_wconf 81' lang='lat' dir='ltr'><strong>Alludit</strong></span> <span class='ocrx_word' id='word_1_590' title='bbox 3195 3933 3405 3987; x_wconf 86' lang='lat' dir='ltr'><strong>scilicet</strong></span> <span class='ocrx_word' id='word_1_591' title='bbox 3452 3933 3518 3987; x_wconf 84' lang='lat' dir='ltr'><strong>ad</strong></span> <span class='ocrx_word' id='word_1_592' title='bbox 3569 3932 3839 4001; x_wconf 86' lang='lat' dir='ltr'><strong>etymolo-</strong></span> 
     </span>
    </p>
   </div>
   <div class='ocr_carea' id='block_1_83' title="bbox 2241 4024 3836 4100">
    <p class='ocr_par' dir='ltr' id='par_1_83' title="bbox 2241 4024 3836 4100">
     <span class='ocr_line' id='line_1_83' title="bbox 2241 4024 3836 4100; baseline -0.001 -18"><span class='ocrx_word' id='word_1_593' title='bbox 2241 4031 2382 4100; x_wconf 80' lang='lat' dir='ltr'><strong>giam</strong></span> <span class='ocrx_word' id='word_1_594' title='bbox 2414 4028 2563 4082; x_wconf 88' lang='lat' dir='ltr'><strong>vocis</strong></span> <span class='ocrx_word' id='word_1_595' title='bbox 2592 4026 2746 4081; x_wconf 84' lang='grc' dir='ltr'>αἰών.</span> <span class='ocrx_word' id='word_1_596' title='bbox 2774 4025 2918 4079; x_wconf 78' lang='grc' dir='ltr'>Αἰὼν</span> <span class='ocrx_word' id='word_1_597' title='bbox 2943 4027 3114 4091; x_wconf 89' lang='lat' dir='ltr'><strong>enim,</strong></span> <span class='ocrx_word' id='word_1_598' title='bbox 3148 4026 3324 4095; x_wconf 91' lang='lat' dir='ltr'><strong>inquit</strong></span> <span class='ocrx_word' id='word_1_599' title='bbox 3349 4026 3671 4081; x_wconf 87' lang='lat' dir='ltr'><strong>Aristoteles</strong></span> <span class='ocrx_word' id='word_1_600' title='bbox 3703 4024 3836 4080; x_wconf 82' lang='lat' dir='ltr'><strong>loco</strong></span> 
     </span>
    </p>
   </div>
   <div class='ocr_carea' id='block_1_84' title="bbox 2238 4114 3833 4190">
    <p class='ocr_par' dir='ltr' id='par_1_84' title="bbox 2238 4114 3833 4190">
     <span class='ocr_line' id='line_1_84' title="bbox 2238 4114 3833 4190; baseline -0.003 -15"><span class='ocrx_word' id='word_1_601' title='bbox 2238 4122 2358 4186; x_wconf 90' lang='lat' dir='ltr'><strong>cit.,</strong></span> <span class='ocrx_word' id='word_1_602' title='bbox 2387 4121 2534 4173; x_wconf 77' lang='grc' dir='ltr'>ἔστιν</span> <span class='ocrx_word' id='word_1_603' title='bbox 2560 4119 2667 4173; x_wconf 78' lang='grc' dir='ltr'><strong>ἀπὸ</strong></span> <span class='ocrx_word' id='word_1_604' title='bbox 2687 4117 2781 4171; x_wconf 75' lang='grc' dir='ltr'><strong>τοῦ</strong></span> <span class='ocrx_word' id='word_1_605' title='bbox 2813 4120 2899 4171; x_wconf 77' lang='grc' dir='ltr'><strong>ἀεὶ</strong></span> <span class='ocrx_word' id='word_1_606' title='bbox 2928 4114 3066 4172; x_wconf 82' lang='grc' dir='ltr'>εἶναι</span> <span class='ocrx_word' id='word_1_607' title='bbox 3093 4115 3330 4189; x_wconf 74' lang='grc' dir='ltr'><strong>εἰληφὼς</strong></span> <span class='ocrx_word' id='word_1_608' title='bbox 3356 4118 3452 4190; x_wconf 81' lang='grc' dir='ltr'>τὴν</span> <span class='ocrx_word' id='word_1_609' title='bbox 3482 4118 3833 4188; x_wconf 77' lang='grc' dir='ltr'>ἐπωνυμίαν,</span> 
     </span>
    </p>
   </div>
   <div class='ocr_carea' id='block_1_85' title="bbox 2238 4211 3834 4284">
    <p class='ocr_par' dir='ltr' id='par_1_85' title="bbox 2238 4211 3834 4284">
     <span class='ocr_line' id='line_1_85' title="bbox 2238 4211 3834 4284; baseline -0.001 -17"><span class='ocrx_word' id='word_1_610' title='bbox 2238 4232 2270 4267; x_wconf 89' lang='lat' dir='ltr'><strong>a</strong></span> <span class='ocrx_word' id='word_1_611' title='bbox 2304 4231 2504 4280; x_wconf 79' lang='lat' dir='ltr'><strong>semper</strong></span> <span class='ocrx_word' id='word_1_612' title='bbox 2532 4215 2748 4267; x_wconf 79' lang='lat' dir='ltr'><strong>essendo</strong></span> <span class='ocrx_word' id='word_1_613' title='bbox 2783 4213 3192 4284; x_wconf 81' lang='lat' dir='ltr'><strong>appellationem</strong></span> <span class='ocrx_word' id='word_1_614' title='bbox 3238 4214 3479 4279; x_wconf 81' lang='lat' dir='ltr'><strong>sumpsit.</strong></span> <span class='ocrx_word' id='word_1_615' title='bbox 3517 4211 3627 4266; x_wconf 86' lang='lat' dir='ltr'><strong>Hoc</strong></span> <span class='ocrx_word' id='word_1_616' title='bbox 3655 4224 3834 4265; x_wconf 80' lang='lat' dir='ltr'><strong>sensu</strong></span> 
     </span>
    </p>
   </div>
   <div class='ocr_carea' id='block_1_86' title="bbox 2240 4302 3828 4379">
    <p class='ocr_par' dir='ltr' id='par_1_86' title="bbox 2240 4302 3828 4379">
     <span class='ocr_line' id='line_1_86' title="bbox 2240 4302 3828 4379; baseline -0.003 -18"><span class='ocrx_word' id='word_1_617' title='bbox 2240 4325 2267 4361; x_wconf 92' lang='lat' dir='ltr'><strong>a</strong></span> <span class='ocrx_word' id='word_1_618' title='bbox 2295 4307 2819 4379; x_wconf 81' lang='lat' dir='ltr'><strong>Pseudo-Dionysio,</strong></span> <span class='ocrx_word' id='word_1_619' title='bbox 2876 4307 2968 4359; x_wconf 91' lang='lat' dir='ltr'><strong>lib.</strong></span> <span class='ocrx_word' id='word_1_620' title='bbox 3014 4305 3088 4359; x_wconf 84' lang='lat' dir='ltr'><strong>De</strong></span> <span class='ocrx_word' id='word_1_621' title='bbox 3115 4307 3221 4359; x_wconf 83' lang='lat' dir='ltr'><strong>div.</strong></span> <span class='ocrx_word' id='word_1_622' title='bbox 3260 4321 3429 4369; x_wconf 85' lang='lat' dir='ltr'><strong>nom.,</strong></span> <span class='ocrx_word' id='word_1_623' title='bbox 3471 4319 3589 4373; x_wconf 91' lang='lat' dir='ltr'><strong>cap.</strong></span> <span class='ocrx_word' id='word_1_624' title='bbox 3629 4302 3739 4374; x_wconf 83' lang='lat'><strong>5,§</strong></span> <span class='ocrx_word' id='word_1_625' title='bbox 3771 4304 3828 4367; x_wconf 69' lang='grc'>4,</span> 
     </span>
    </p>
   </div>
   <div class='ocr_carea' id='block_1_87' title="bbox 2240 4394 3833 4471">
    <p class='ocr_par' dir='ltr' id='par_1_87' title="bbox 2240 4394 3833 4471">
     <span class='ocr_line' id='line_1_87' title="bbox 2240 4394 3833 4471; baseline -0.007 -13"><span class='ocrx_word' id='word_1_626' title='bbox 2240 4405 2381 4458; x_wconf 90' lang='lat' dir='ltr'><strong>Deus</strong></span> <span class='ocrx_word' id='word_1_627' title='bbox 2406 4403 2624 4469; x_wconf 92' lang='lat' dir='ltr'><strong>dicitur,</strong></span> <span class='ocrx_word' id='word_1_628' title='bbox 2652 4400 2793 4471; x_wconf 78' lang='grc' dir='ltr'>ἀρχὴ</span> <span class='ocrx_word' id='word_1_629' title='bbox 2828 4400 2922 4452; x_wconf 73' lang='grc' dir='ltr'><strong>καὶ</strong></span> <span class='ocrx_word' id='word_1_630' title='bbox 2951 4397 3153 4470; x_wconf 81' lang='grc' dir='ltr'>μέτρον</span> <span class='ocrx_word' id='word_1_631' title='bbox 3190 4395 3422 4462; x_wconf 82' lang='grc' dir='ltr'>αἰώνων,</span> <span class='ocrx_word' id='word_1_632' title='bbox 3476 4396 3570 4449; x_wconf 71' lang='grc' dir='ltr'><strong>καὶ</strong></span> <span class='ocrx_word' id='word_1_633' title='bbox 3610 4394 3833 4466; x_wconf 85' lang='grc' dir='ltr'>χρόνων</span> 
     </span>
    </p>
   </div>
   <div class='ocr_carea' id='block_1_88' title="bbox 542 4487 2139 4566">
    <p class='ocr_par' dir='ltr' id='par_1_88' title="bbox 542 4490 2131 4564">
     <span class='ocr_line' id='line_1_88' title="bbox 542 4490 2131 4564; baseline 0 -17"><span class='ocrx_word' id='word_1_634' title='bbox 542 4492 673 4547; x_wconf 63' lang='lat' dir='ltr'><strong>ﬂare</strong></span> <span class='ocrx_word' id='word_1_635' title='bbox 701 4492 921 4560; x_wconf 88' lang='lat' dir='ltr'><strong>quidem</strong></span> <span class='ocrx_word' id='word_1_636' title='bbox 955 4490 1198 4560; x_wconf 84' lang='lat' dir='ltr'><strong>Apostoli</strong></span> <span class='ocrx_word' id='word_1_637' title='bbox 1251 4494 1411 4546; x_wconf 85' lang='lat' dir='ltr'><strong>verba</strong></span> <span class='ocrx_word' id='word_1_638' title='bbox 1468 4510 1752 4564; x_wconf 88' lang='lat' dir='ltr'><strong>perperam</strong></span> <span class='ocrx_word' id='word_1_639' title='bbox 1804 4496 2131 4563; x_wconf 85' lang='lat' dir='ltr'><strong>interpreta-</strong></span> 
     </span>
    </p>
   </div>
   <div class='ocr_carea' id='block_1_89' title="bbox 2247 4487 3828 4566">
    <p class='ocr_par' dir='ltr' id='par_1_89' title="bbox 2247 4487 3828 4566">
     <span class='ocr_line' id='line_1_89' title="bbox 2247 4487 3828 4566; baseline -0.004 -17"><span class='ocrx_word' id='word_1_640' title='bbox 2247 4498 2475 4566; x_wconf 66' lang='grc' dir='ltr'>ὂντὸτης,</span> <span class='ocrx_word' id='word_1_641' title='bbox 2527 4496 2620 4549; x_wconf 74' lang='grc' dir='ltr'>καὶ</span> <span class='ocrx_word' id='word_1_642' title='bbox 2664 4494 2799 4547; x_wconf 78' lang='grc' dir='ltr'>αἰὼν</span> <span class='ocrx_word' id='word_1_643' title='bbox 2838 4493 2945 4546; x_wconf 82' lang='grc' dir='ltr'>τῶν</span> <span class='ocrx_word' id='word_1_644' title='bbox 2994 4492 3183 4555; x_wconf 76' lang='grc' dir='ltr'>ὄντων,</span> <span class='ocrx_word' id='word_1_645' title='bbox 3222 4487 3553 4557; x_wconf 86' lang='lat' dir='ltr'><strong>Principium</strong></span> <span class='ocrx_word' id='word_1_646' title='bbox 3587 4500 3632 4541; x_wconf 87' lang='lat' dir='ltr'><strong>et</strong></span> <span class='ocrx_word' id='word_1_647' title='bbox 3668 4504 3828 4542; x_wconf 66' lang='lat' dir='ltr'><strong>meno</strong></span> 
     </span>
    </p>
   </div>
   <div class='ocr_carea' id='block_1_90' title="bbox 540 4583 2127 4653">
    <p class='ocr_par' dir='ltr' id='par_1_90' title="bbox 540 4583 2127 4653">
     <span class='ocr_line' id='line_1_90' title="bbox 540 4583 2127 4653; baseline 0.003 -13"><span class='ocrx_word' id='word_1_648' title='bbox 540 4584 764 4648; x_wconf 84' lang='lat' dir='ltr'><strong>bantur,</strong></span> <span class='ocrx_word' id='word_1_649' title='bbox 812 4592 865 4637; x_wconf 90' lang='lat' dir='ltr'><strong>et</strong></span> <span class='ocrx_word' id='word_1_650' title='bbox 914 4599 943 4635; x_wconf 90' lang='lat' dir='ltr'><strong>a</strong></span> <span class='ocrx_word' id='word_1_651' title='bbox 990 4583 1226 4653; x_wconf 81' lang='lat' dir='ltr'><strong>genuino</strong></span> <span class='ocrx_word' id='word_1_652' title='bbox 1265 4599 1428 4638; x_wconf 90' lang='lat' dir='ltr'><strong>sensu</strong></span> <span class='ocrx_word' id='word_1_653' title='bbox 1482 4587 1855 4651; x_wconf 85' lang='lat' dir='ltr'><strong>abducebant;</strong></span> <span class='ocrx_word' id='word_1_654' title='bbox 1915 4599 1971 4643; x_wconf 88' lang='lat' dir='ltr'><strong>at</strong></span> <span class='ocrx_word' id='word_1_655' title='bbox 2022 4606 2127 4645; x_wconf 93' lang='lat' dir='ltr'><strong>non</strong></span> 
     </span>
    </p>
   </div>
   <div class='ocr_carea' id='block_1_91' title="bbox 543 4676 2128 4751">
    <p class='ocr_par' dir='ltr' id='par_1_91' title="bbox 543 4676 2128 4751">
     <span class='ocr_line' id='line_1_91' title="bbox 543 4676 2128 4751; baseline 0.002 -17"><span class='ocrx_word' id='word_1_656' title='bbox 543 4680 685 4745; x_wconf 88' lang='lat' dir='ltr'><strong>soli;</strong></span> <span class='ocrx_word' id='word_1_657' title='bbox 725 4687 913 4747; x_wconf 90' lang='lat' dir='ltr'><strong>postea</strong></span> <span class='ocrx_word' id='word_1_658' title='bbox 949 4676 1222 4745; x_wconf 87' lang='lat' dir='ltr'><strong>siquidem</strong></span> <span class='ocrx_word' id='word_1_659' title='bbox 1266 4676 1552 4748; x_wconf 83' lang='lat' dir='ltr'><strong>Origenes,</strong></span> <span class='ocrx_word' id='word_1_660' title='bbox 1587 4691 1641 4735; x_wconf 91' lang='lat' dir='ltr'><strong>et</strong></span> <span class='ocrx_word' id='word_1_661' title='bbox 1672 4682 1787 4751; x_wconf 90' lang='lat' dir='ltr'><strong>ipse</strong></span> <span class='ocrx_word' id='word_1_662' title='bbox 1822 4683 2128 4738; x_wconf 82' lang='lat' dir='ltr'><strong>Platonico-</strong></span> 
     </span>
    </p>
   </div>
   <div class='ocr_carea' id='block_1_92' title="bbox 542 4767 2125 4839">
    <p class='ocr_par' dir='ltr' id='par_1_92' title="bbox 542 4767 2125 4839">
     <span class='ocr_line' id='line_1_92' title="bbox 542 4767 2125 4839; baseline 0.001 -14"><span class='ocrx_word' id='word_1_663' title='bbox 542 4787 665 4825; x_wconf 84' lang='lat' dir='ltr'><strong>rum</strong></span> <span class='ocrx_word' id='word_1_664' title='bbox 700 4769 912 4837; x_wconf 87' lang='lat' dir='ltr'><strong>placitis</strong></span> <span class='ocrx_word' id='word_1_665' title='bbox 946 4767 1160 4837; x_wconf 78' lang='lat' dir='ltr'><strong>longius</strong></span> <span class='ocrx_word' id='word_1_666' title='bbox 1185 4782 1347 4835; x_wconf 87' lang='lat' dir='ltr'><strong>quant</strong></span> <span class='ocrx_word' id='word_1_667' title='bbox 1381 4784 1478 4838; x_wconf 91' lang='lat' dir='ltr'><strong>par</strong></span> <span class='ocrx_word' id='word_1_668' title='bbox 1522 4769 1710 4824; x_wconf 81' lang='lat' dir='ltr'><strong>fuisset</strong></span> <span class='ocrx_word' id='word_1_669' title='bbox 1760 4773 2046 4839; x_wconf 84' lang='lat' dir='ltr'><strong>abductus,</strong></span> <span class='ocrx_word' id='word_1_670' title='bbox 2074 4775 2125 4828; x_wconf 92' lang='lat' dir='ltr'><strong>in</strong></span> 
     </span>
    </p>
   </div>
   <div class='ocr_carea' id='block_1_93' title="bbox 541 4860 2126 4937">
    <p class='ocr_par' dir='ltr' id='par_1_93' title="bbox 541 4860 2126 4937">
     <span class='ocr_line' id='line_1_93' title="bbox 541 4860 2126 4937; baseline 0.003 -20"><span class='ocrx_word' id='word_1_671' title='bbox 541 4861 794 4917; x_wconf 88' lang='lat' dir='ltr'><strong>eumdem</strong></span> <span class='ocrx_word' id='word_1_672' title='bbox 830 4874 1051 4914; x_wconf 90' lang='lat' dir='ltr'><strong>sensum</strong></span> <span class='ocrx_word' id='word_1_673' title='bbox 1082 4860 1361 4929; x_wconf 89' lang='lat' dir='ltr'><strong>accepisse</strong></span> <span class='ocrx_word' id='word_1_674' title='bbox 1394 4860 1630 4927; x_wconf 86' lang='lat' dir='ltr'><strong>videtur,</strong></span> <span class='ocrx_word' id='word_1_675' title='bbox 1686 4863 2126 4937; x_wconf 73' lang='lat' dir='ltr'><strong>instauratosque</strong></span> 
     </span>
    </p>
   </div>
   <div class='ocr_carea' id='block_1_94' title="bbox 542 4952 2122 5027">
    <p class='ocr_par' dir='ltr' id='par_1_94' title="bbox 542 4952 2122 5027">
     <span class='ocr_line' id='line_1_94' title="bbox 542 4952 2122 5027; baseline 0.004 -17"><span class='ocrx_word' id='word_1_676' title='bbox 542 4971 575 5010; x_wconf 87' lang='lat' dir='ltr'><strong>a</strong></span> <span class='ocrx_word' id='word_1_677' title='bbox 609 4954 832 5010; x_wconf 91' lang='lat' dir='ltr'><strong>Christo</strong></span> <span class='ocrx_word' id='word_1_678' title='bbox 866 4952 1089 5021; x_wconf 84' lang='lat' dir='ltr'><strong>angelos</strong></span> <span class='ocrx_word' id='word_1_679' title='bbox 1117 4954 1488 5009; x_wconf 80' lang='lat' dir='ltr'><strong>existimasse.</strong></span> <span class='ocrx_word' id='word_1_680' title='bbox 1524 4955 1795 5020; x_wconf 88' lang='lat' dir='ltr'><strong>Quorsum</strong></span> <span class='ocrx_word' id='word_1_681' title='bbox 1843 4974 1972 5012; x_wconf 87' lang='lat' dir='ltr'><strong>vero</strong></span> <span class='ocrx_word' id='word_1_682' title='bbox 2008 4962 2122 5027; x_wconf 80' lang='lat' dir='ltr'><strong>jam</strong></span> 
     </span>
    </p>
   </div>
   <div class='ocr_carea' id='block_1_95' title="bbox 541 5043 2127 5123">
    <p class='ocr_par' dir='ltr' id='par_1_95' title="bbox 541 5043 2127 5123">
     <span class='ocr_line' id='line_1_95' title="bbox 541 5043 2127 5123; baseline 0.006 -24"><span class='ocrx_word' id='word_1_683' title='bbox 541 5048 705 5101; x_wconf 81' lang='lat' dir='ltr'><strong>abeat</strong></span> <span class='ocrx_word' id='word_1_684' title='bbox 755 5043 959 5106; x_wconf 76' lang='lat' dir='ltr'><strong>fabula,</strong></span> <span class='ocrx_word' id='word_1_685' title='bbox 1014 5045 1248 5115; x_wconf 85' lang='lat' dir='ltr'><strong>quisque</strong></span> <span class='ocrx_word' id='word_1_686' title='bbox 1294 5046 1457 5105; x_wconf 83' lang='lat' dir='ltr'><strong>videt.</strong></span> <span class='ocrx_word' id='word_1_687' title='bbox 1505 5057 1563 5099; x_wconf 92' lang='lat' dir='ltr'><strong>ut</strong></span> <span class='ocrx_word' id='word_1_688' title='bbox 1620 5048 1832 5103; x_wconf 88' lang='lat' dir='ltr'><strong>scilicet</strong></span> <span class='ocrx_word' id='word_1_689' title='bbox 1888 5066 2127 5123; x_wconf 82' lang='lat' dir='ltr'><strong>praeceps</strong></span> 
     </span>
    </p>
   </div>
   <div class='ocr_carea' id='block_1_96' title="bbox 540 5134 2128 5207">
    <p class='ocr_par' dir='ltr' id='par_1_96' title="bbox 540 5134 2128 5207">
     <span class='ocr_line' id='line_1_96' title="bbox 540 5134 2128 5207; baseline 0.003 -13"><span class='ocrx_word' id='word_1_690' title='bbox 540 5140 676 5195; x_wconf 85' lang='lat' dir='ltr'><strong>illud</strong></span> <span class='ocrx_word' id='word_1_691' title='bbox 724 5136 1196 5206; x_wconf 90' lang='lat' dir='ltr'><strong>temerariumque</strong></span> <span class='ocrx_word' id='word_1_692' title='bbox 1257 5134 1476 5205; x_wconf 73' lang='lat' dir='ltr'><strong>Sophia:</strong></span> <span class='ocrx_word' id='word_1_693' title='bbox 1531 5139 1887 5207; x_wconf 90' lang='lat' dir='ltr'><strong>desiderium,</strong></span> <span class='ocrx_word' id='word_1_694' title='bbox 1943 5153 2017 5207; x_wconf 92' lang='lat' dir='ltr'><strong>et,</strong></span> <span class='ocrx_word' id='word_1_695' title='bbox 2071 5155 2128 5199; x_wconf 92' lang='lat' dir='ltr'><strong>ut</strong></span> 
     </span>
    </p>
   </div>
   <div class='ocr_carea' id='block_1_97' title="bbox 540 5226 2129 5299">
    <p class='ocr_par' dir='ltr' id='par_1_97' title="bbox 540 5226 2129 5299">
     <span class='ocr_line' id='line_1_97' title="bbox 540 5226 2129 5299; baseline 0.003 -16"><span class='ocrx_word' id='word_1_696' title='bbox 540 5232 835 5293; x_wconf 84' lang='lat' dir='ltr'><strong>vocabant,</strong></span> <span class='ocrx_word' id='word_1_697' title='bbox 881 5226 1273 5299; x_wconf 74' lang='lat' dir='ltr'><strong>Enthymesin,</strong></span> <span class='ocrx_word' id='word_1_698' title='bbox 1316 5226 1369 5280; x_wconf 90' lang='lat' dir='ltr'><strong>in</strong></span> <span class='ocrx_word' id='word_1_699' title='bbox 1402 5227 1574 5283; x_wconf 84' lang='lat' dir='ltr'><strong>fetum</strong></span> <span class='ocrx_word' id='word_1_700' title='bbox 1619 5233 1903 5297; x_wconf 90' lang='lat' dir='ltr'><strong>quemdam</strong></span> <span class='ocrx_word' id='word_1_701' title='bbox 1955 5233 2129 5289; x_wconf 81' lang='lat' dir='ltr'><strong>infor—</strong></span> 
     </span>
    </p>
   </div>
   <div class='ocr_carea' id='block_1_98' title="bbox 539 5320 2125 5389">
    <p class='ocr_par' dir='ltr' id='par_1_98' title="bbox 539 5320 2125 5389">
     <span class='ocr_line' id='line_1_98' title="bbox 539 5320 2125 5389; baseline 0.001 -11"><span class='ocrx_word' id='word_1_702' title='bbox 539 5339 684 5378; x_wconf 85' lang='lat' dir='ltr'><strong>mem</strong></span> <span class='ocrx_word' id='word_1_703' title='bbox 729 5320 1216 5387; x_wconf 83' lang='lat' dir='ltr'><strong>transformareut,</strong></span> <span class='ocrx_word' id='word_1_704' title='bbox 1255 5335 1322 5375; x_wconf 79' lang='lat' dir='ltr'><strong>ex</strong></span> <span class='ocrx_word' id='word_1_705' title='bbox 1352 5337 1460 5389; x_wconf 88' lang='lat' dir='ltr'><strong>quo</strong></span> <span class='ocrx_word' id='word_1_706' title='bbox 1503 5322 1720 5377; x_wconf 88' lang='lat' dir='ltr'><strong>demum</strong></span> <span class='ocrx_word' id='word_1_707' title='bbox 1774 5339 1953 5379; x_wconf 89' lang='lat' dir='ltr'><strong>rerum</strong></span> <span class='ocrx_word' id='word_1_708' title='bbox 2008 5341 2125 5380; x_wconf 87' lang='lat' dir='ltr'><strong>om-</strong></span> 
     </span>
    </p>
   </div>
   <div class='ocr_carea' id='block_1_99' title="bbox 540 5414 2123 5485">
    <p class='ocr_par' dir='ltr' id='par_1_99' title="bbox 540 5414 2123 5485">
     <span class='ocr_line' id='line_1_99' title="bbox 540 5414 2123 5485; baseline 0.003 -17"><span class='ocrx_word' id='word_1_709' title='bbox 540 5417 692 5468; x_wconf 85' lang='lat' dir='ltr'><strong>nium</strong></span> <span class='ocrx_word' id='word_1_710' title='bbox 726 5414 1139 5468; x_wconf 89' lang='lat' dir='ltr'><strong>condendarum</strong></span> <span class='ocrx_word' id='word_1_711' title='bbox 1174 5415 1463 5468; x_wconf 89' lang='lat' dir='ltr'><strong>materiam</strong></span> <span class='ocrx_word' id='word_1_712' title='bbox 1511 5428 1808 5485; x_wconf 87' lang='lat' dir='ltr'><strong>eruerent;</strong></span> <span class='ocrx_word' id='word_1_713' title='bbox 1858 5418 2123 5473; x_wconf 90' lang='lat' dir='ltr'><strong>malorum</strong></span> 
     </span>
    </p>
   </div>
   <div class='ocr_carea' id='block_1_100' title="bbox 538 5504 2126 5579">
    <p class='ocr_par' dir='ltr' id='par_1_100' title="bbox 538 5504 2126 5579">
     <span class='ocr_line' id='line_1_100' title="bbox 538 5504 2126 5579; baseline 0.003 -19"><span class='ocrx_word' id='word_1_714' title='bbox 538 5508 783 5560; x_wconf 89' lang='lat' dir='ltr'><strong>omnium</strong></span> <span class='ocrx_word' id='word_1_715' title='bbox 816 5505 937 5560; x_wconf 89' lang='lat' dir='ltr'><strong>ideo</strong></span> <span class='ocrx_word' id='word_1_716' title='bbox 962 5504 1340 5568; x_wconf 86' lang='lat' dir='ltr'><strong>seminarium,</strong></span> <span class='ocrx_word' id='word_1_717' title='bbox 1368 5507 1510 5574; x_wconf 91' lang='lat' dir='ltr'><strong>quod</strong></span> <span class='ocrx_word' id='word_1_718' title='bbox 1539 5522 1681 5561; x_wconf 63' lang='lat' dir='ltr'><strong>caeco</strong></span> <span class='ocrx_word' id='word_1_719' title='bbox 1714 5509 1888 5579; x_wconf 85' lang='lat' dir='ltr'><strong>ignari</strong></span> <span class='ocrx_word' id='word_1_720' title='bbox 1936 5508 2126 5565; x_wconf 62' lang='lat' dir='ltr'><strong>dionis</strong></span> 
     </span>
    </p>
   </div>
   <div class='ocr_carea' id='block_1_101' title="bbox 538 5598 2126 5667">
    <p class='ocr_par' dir='ltr' id='par_1_101' title="bbox 538 5598 2126 5667">
     <span class='ocr_line' id='line_1_101' title="bbox 538 5598 2126 5667; baseline 0.004 -14"><span class='ocrx_word' id='word_1_721' title='bbox 538 5598 811 5654; x_wconf 88' lang='lat' dir='ltr'><strong>desiderio</strong></span> <span class='ocrx_word' id='word_1_722' title='bbox 857 5598 1125 5667; x_wconf 78' lang='lat' dir='ltr'><strong>originem</strong></span> <span class='ocrx_word' id='word_1_723' title='bbox 1180 5606 1459 5666; x_wconf 88' lang='lat' dir='ltr'><strong>acceptam</strong></span> <span class='ocrx_word' id='word_1_724' title='bbox 1498 5598 1748 5658; x_wconf 86' lang='lat' dir='ltr'><strong>referret.</strong></span> <span class='ocrx_word' id='word_1_725' title='bbox 1807 5601 1900 5657; x_wconf 91' lang='lat' dir='ltr'><strong>Sic</strong></span> <span class='ocrx_word' id='word_1_726' title='bbox 1955 5603 2126 5659; x_wconf 83' lang='lat' dir='ltr'><strong>aniles</strong></span> 
     </span>
    </p>
   </div>
   <div class='ocr_carea' id='block_1_102' title="bbox 614 5780 1714 5850">
    <p class='ocr_par' dir='ltr' id='par_1_102' title="bbox 614 5780 1714 5850">
     <span class='ocr_line' id='line_1_102' title="bbox 614 5780 1714 5850; baseline -0.002 -13"><span class='ocrx_word' id='word_1_727' title='bbox 614 5780 658 5813; x_wconf 79' lang='lat'><strong>&quot;</strong></span> <span class='ocrx_word' id='word_1_728' title='bbox 681 5780 840 5837; x_wconf 77' lang='lat' dir='ltr'><strong>Joan.</strong></span> <span class='ocrx_word' id='word_1_729' title='bbox 873 5798 912 5850; x_wconf 83' lang='grc' dir='ltr'>ι,</span> <span class='ocrx_word' id='word_1_730' title='bbox 954 5783 1004 5837; x_wconf 87' lang='grc'>1.</span> <span class='ocrx_word' id='word_1_731' title='bbox 1084 5781 1129 5814; x_wconf 79' lang='grc'><strong>⁸⁸</strong></span> <span class='ocrx_word' id='word_1_732' title='bbox 1162 5781 1367 5839; x_wconf 83' lang='lat' dir='ltr'><strong>Ezceh.</strong></span> <span class='ocrx_word' id='word_1_733' title='bbox 1394 5795 1596 5846; x_wconf 79' lang='lat' dir='ltr'><strong>xxvm,</strong></span> <span class='ocrx_word' id='word_1_734' title='bbox 1628 5781 1714 5836; x_wconf 80' lang='grc'><strong>17.</strong></span> 
     </span>
    </p>
   </div>
   <div class='ocr_carea' id='block_1_103' title="bbox 2238 4576 3828 4653">
    <p class='ocr_par' dir='ltr' id='par_1_103' title="bbox 2238 4576 3828 4653">
     <span class='ocr_line' id='line_1_103' title="bbox 2238 4576 3828 4653; baseline -0.006 -9"><span class='ocrx_word' id='word_1_735' title='bbox 2238 4576 2364 4647; x_wconf 67' lang='lat' dir='ltr'><strong>sura</strong></span> <span class='ocrx_word' id='word_1_736' title='bbox 2426 4588 2764 4650; x_wconf 78' lang='lat' dir='ltr'><strong>sreculorum,</strong></span> <span class='ocrx_word' id='word_1_737' title='bbox 2828 4595 2879 4640; x_wconf 87' lang='lat' dir='ltr'><strong>et</strong></span> <span class='ocrx_word' id='word_1_738' title='bbox 2932 4596 3225 4653; x_wconf 85' lang='lat' dir='ltr'><strong>temporum</strong></span> <span class='ocrx_word' id='word_1_739' title='bbox 3266 4581 3515 4644; x_wconf 80' lang='lat' dir='ltr'><strong>essentia,</strong></span> <span class='ocrx_word' id='word_1_740' title='bbox 3556 4589 3605 4632; x_wconf 90' lang='lat' dir='ltr'><strong>et</strong></span> <span class='ocrx_word' id='word_1_741' title='bbox 3648 4596 3828 4634; x_wconf 70' lang='lat' dir='ltr'><strong>meum</strong></span> 
     </span>
    </p>
   </div>
   <div class='ocr_carea' id='block_1_104' title="bbox 2235 4673 3828 4753">
    <p class='ocr_par' dir='ltr' id='par_1_104' title="bbox 2235 4673 3828 4753">
     <span class='ocr_line' id='line_1_104' title="bbox 2235 4673 3828 4753; baseline -0.007 -15"><span class='ocrx_word' id='word_1_742' title='bbox 2235 4702 2417 4738; x_wconf 85' lang='lat' dir='ltr'><strong>eorum</strong></span> <span class='ocrx_word' id='word_1_743' title='bbox 2475 4698 2591 4753; x_wconf 78' lang='lat' dir='ltr'><strong>qtta’</strong></span> <span class='ocrx_word' id='word_1_744' title='bbox 2640 4681 2921 4735; x_wconf 75' lang='lat' dir='ltr'><strong>exsistunt.</strong></span> <span class='ocrx_word' id='word_1_745' title='bbox 2978 4678 3071 4730; x_wconf 83' lang='lat' dir='ltr'><strong>Et</strong></span> <span class='ocrx_word' id='word_1_746' title='bbox 3104 4677 3361 4731; x_wconf 85' lang='lat' dir='ltr'><strong>Clemens</strong></span> <span class='ocrx_word' id='word_1_747' title='bbox 3417 4673 3715 4739; x_wconf 74' lang='lat' dir='ltr'><strong>Alexand.,</strong></span> <span class='ocrx_word' id='word_1_748' title='bbox 3770 4674 3828 4727; x_wconf 90' lang='lat' dir='ltr'><strong>in</strong></span> 
     </span>
    </p>
   </div>
   <div class='ocr_carea' id='block_1_105' title="bbox 2238 4767 3825 4847">
    <p class='ocr_par' dir='ltr' id='par_1_105' title="bbox 2238 4767 3825 4847">
     <span class='ocr_line' id='line_1_105' title="bbox 2238 4767 3825 4847; baseline -0.007 -17"><span class='ocrx_word' id='word_1_749' title='bbox 2238 4778 2439 4847; x_wconf 87' lang='lat' dir='ltr'><strong>hymno</strong></span> <span class='ocrx_word' id='word_1_750' title='bbox 2491 4789 2653 4842; x_wconf 89' lang='lat' dir='ltr'><strong>quem</strong></span> <span class='ocrx_word' id='word_1_751' title='bbox 2702 4773 2923 4827; x_wconf 87' lang='lat' dir='ltr'><strong>Christo</strong></span> <span class='ocrx_word' id='word_1_752' title='bbox 2955 4768 3237 4823; x_wconf 84' lang='lat' dir='ltr'><strong>Servatori</strong></span> <span class='ocrx_word' id='word_1_753' title='bbox 3268 4768 3438 4833; x_wconf 90' lang='lat' dir='ltr'><strong>cauit,</strong></span> <span class='ocrx_word' id='word_1_754' title='bbox 3491 4767 3557 4819; x_wconf 91' lang='lat' dir='ltr'><strong>ad</strong></span> <span class='ocrx_word' id='word_1_755' title='bbox 3609 4767 3825 4822; x_wconf 88' lang='lat' dir='ltr'><strong>calcem</strong></span> 
     </span>
    </p>
   </div>
   <div class='ocr_carea' id='block_1_106' title="bbox 2237 4856 3829 4932">
    <p class='ocr_par' dir='ltr' id='par_1_106' title="bbox 2237 4856 3829 4932">
     <span class='ocr_line' id='line_1_106' title="bbox 2237 4856 3829 4932; baseline -0.004 -14"><span class='ocrx_word' id='word_1_756' title='bbox 2237 4866 2331 4920; x_wconf 88' lang='lat' dir='ltr'><strong>lib.</strong></span> <span class='ocrx_word' id='word_1_757' title='bbox 2373 4881 2433 4917; x_wconf 89' lang='grc' dir='ltr'>ιιι</span> <span class='ocrx_word' id='word_1_758' title='bbox 2474 4861 2718 4932; x_wconf 79' lang='lat' dir='ltr'><strong>l’wdag.,</strong></span> <span class='ocrx_word' id='word_1_759' title='bbox 2743 4878 2865 4914; x_wconf 89' lang='lat' dir='ltr'><strong>eum</strong></span> <span class='ocrx_word' id='word_1_760' title='bbox 2903 4868 3081 4923; x_wconf 83' lang='lat' dir='ltr'><strong>vocat,</strong></span> <span class='ocrx_word' id='word_1_761' title='bbox 3116 4859 3297 4911; x_wconf 77' lang='grc' dir='ltr'>Λξῶνα</span> <span class='ocrx_word' id='word_1_762' title='bbox 3329 4857 3580 4920; x_wconf 79' lang='grc' dir='ltr'>ἄπλετον,</span> <span class='ocrx_word' id='word_1_763' title='bbox 3617 4856 3829 4911; x_wconf 63' lang='lat' dir='ltr'><strong>Erum</strong></span> 
     </span>
    </p>
   </div>
   <div class='ocr_carea' id='block_1_107' title="bbox 2232 4950 3830 5025">
    <p class='ocr_par' dir='ltr' id='par_1_107' title="bbox 2232 4950 3830 5025">
     <span class='ocr_line' id='line_1_107' title="bbox 2232 4950 3830 5025; baseline -0.004 -14"><span class='ocrx_word' id='word_1_764' title='bbox 2232 4958 2524 5025; x_wconf 78' lang='lat' dir='ltr'><strong>inﬁnitum.</strong></span> <span class='ocrx_word' id='word_1_765' title='bbox 2560 4954 2667 5009; x_wconf 88' lang='lat' dir='ltr'><strong>Sed</strong></span> <span class='ocrx_word' id='word_1_766' title='bbox 2696 4954 2876 5007; x_wconf 90' lang='lat' dir='ltr'><strong>nullus</strong></span> <span class='ocrx_word' id='word_1_767' title='bbox 2906 4954 3007 5007; x_wconf 90' lang='lat' dir='ltr'><strong>hac</strong></span> <span class='ocrx_word' id='word_1_768' title='bbox 3045 4968 3175 5006; x_wconf 88' lang='lat' dir='ltr'><strong>voce</strong></span> <span class='ocrx_word' id='word_1_769' title='bbox 3204 4952 3256 5005; x_wconf 93' lang='lat' dir='ltr'><strong>in</strong></span> <span class='ocrx_word' id='word_1_770' title='bbox 3292 4966 3357 5006; x_wconf 92' lang='lat' dir='ltr'><strong>eo</strong></span> <span class='ocrx_word' id='word_1_771' title='bbox 3397 4967 3560 5006; x_wconf 90' lang='lat' dir='ltr'><strong>sensu</strong></span> <span class='ocrx_word' id='word_1_772' title='bbox 3589 4950 3830 5006; x_wconf 89' lang='lat' dir='ltr'><strong>liberius</strong></span> 
     </span>
    </p>
   </div>
   <div class='ocr_carea' id='block_1_108' title="bbox 2233 5042 3826 5122">
    <p class='ocr_par' dir='ltr' id='par_1_108' title="bbox 2233 5042 3826 5122">
     <span class='ocr_line' id='line_1_108' title="bbox 2233 5042 3826 5122; baseline -0.004 -17"><span class='ocrx_word' id='word_1_773' title='bbox 2233 5062 2285 5105; x_wconf 91' lang='lat' dir='ltr'><strong>et</strong></span> <span class='ocrx_word' id='word_1_774' title='bbox 2309 5051 2645 5122; x_wconf 80' lang='lat' dir='ltr'><strong>frequentius</strong></span> <span class='ocrx_word' id='word_1_775' title='bbox 2670 5049 2843 5101; x_wconf 88' lang='lat' dir='ltr'><strong>utitur</strong></span> <span class='ocrx_word' id='word_1_776' title='bbox 2874 5046 3106 5117; x_wconf 84' lang='lat' dir='ltr'><strong>Synesio</strong></span> <span class='ocrx_word' id='word_1_777' title='bbox 3144 5047 3197 5098; x_wconf 92' lang='lat' dir='ltr'><strong>iu</strong></span> <span class='ocrx_word' id='word_1_778' title='bbox 3236 5044 3483 5114; x_wconf 80' lang='lat' dir='ltr'><strong>Hymnis.</strong></span> <span class='ocrx_word' id='word_1_779' title='bbox 3515 5042 3639 5110; x_wconf 87' lang='lat' dir='ltr'><strong>Qui,</strong></span> <span class='ocrx_word' id='word_1_780' title='bbox 3673 5057 3737 5098; x_wconf 87' lang='lat' dir='ltr'><strong>ut</strong></span> <span class='ocrx_word' id='word_1_781' title='bbox 3770 5046 3826 5098; x_wconf 89' lang='lat' dir='ltr'><strong>id</strong></span> 
     </span>
    </p>
   </div>
   <div class='ocr_carea' id='block_1_109' title="bbox 2232 5136 3828 5208">
    <p class='ocr_par' dir='ltr' id='par_1_109' title="bbox 2232 5136 3828 5208">
     <span class='ocr_line' id='line_1_109' title="bbox 2232 5136 3828 5208; baseline -0.006 -9"><span class='ocrx_word' id='word_1_782' title='bbox 2232 5146 2410 5200; x_wconf 87' lang='lat' dir='ltr'><strong>obiter</strong></span> <span class='ocrx_word' id='word_1_783' title='bbox 2443 5144 2643 5208; x_wconf 89' lang='lat' dir='ltr'><strong>dicam,</strong></span> <span class='ocrx_word' id='word_1_784' title='bbox 2684 5143 2726 5195; x_wconf 92' lang='lat' dir='ltr'><strong>si</strong></span> <span class='ocrx_word' id='word_1_785' title='bbox 2772 5141 2823 5193; x_wconf 91' lang='lat' dir='ltr'><strong>in</strong></span> <span class='ocrx_word' id='word_1_786' title='bbox 2865 5141 2968 5193; x_wconf 92' lang='lat' dir='ltr'><strong>hoc</strong></span> <span class='ocrx_word' id='word_1_787' title='bbox 2993 5154 3098 5193; x_wconf 91' lang='lat' dir='ltr'><strong>non</strong></span> <span class='ocrx_word' id='word_1_788' title='bbox 3136 5139 3361 5192; x_wconf 90' lang='lat' dir='ltr'><strong>omnino</strong></span> <span class='ocrx_word' id='word_1_789' title='bbox 3390 5136 3828 5204; x_wconf 74' lang='lat' dir='ltr'><strong>vituperandus,</strong></span> 
     </span>
    </p>
   </div>
   <div class='ocr_carea' id='block_1_110' title="bbox 2234 5233 3832 5304">
    <p class='ocr_par' dir='ltr' id='par_1_110' title="bbox 2234 5233 3832 5304">
     <span class='ocr_line' id='line_1_110' title="bbox 2234 5233 3832 5304; baseline -0.003 -14"><span class='ocrx_word' id='word_1_790' title='bbox 2234 5241 2326 5293; x_wconf 82' lang='lat' dir='ltr'><strong>vix</strong></span> <span class='ocrx_word' id='word_1_791' title='bbox 2381 5236 2730 5292; x_wconf 76' lang='lat' dir='ltr'><strong>excusandus</strong></span> <span class='ocrx_word' id='word_1_792' title='bbox 2771 5235 2917 5304; x_wconf 90' lang='lat' dir='ltr'><strong>quod</strong></span> <span class='ocrx_word' id='word_1_793' title='bbox 2974 5233 3475 5288; x_wconf 81' lang='lat' dir='ltr'><strong>Valcntiniauorum</strong></span> <span class='ocrx_word' id='word_1_794' title='bbox 3533 5246 3832 5286; x_wconf 86' lang='lat' dir='ltr'><strong>sermones</strong></span> 
     </span>
    </p>
   </div>
   <div class='ocr_carea' id='block_1_111' title="bbox 2234 5321 3828 5394">
    <p class='ocr_par' dir='ltr' id='par_1_111' title="bbox 2234 5321 3828 5394">
     <span class='ocr_line' id='line_1_111' title="bbox 2234 5321 3828 5394; baseline -0.005 -10"><span class='ocrx_word' id='word_1_795' title='bbox 2234 5331 2507 5384; x_wconf 89' lang='lat' dir='ltr'><strong>incautius</strong></span> <span class='ocrx_word' id='word_1_796' title='bbox 2546 5328 2821 5393; x_wconf 88' lang='lat' dir='ltr'><strong>adhibeat,</strong></span> <span class='ocrx_word' id='word_1_797' title='bbox 2863 5341 3026 5381; x_wconf 90' lang='lat' dir='ltr'><strong>sensu</strong></span> <span class='ocrx_word' id='word_1_798' title='bbox 3076 5326 3296 5394; x_wconf 88' lang='lat' dir='ltr'><strong>quidem</strong></span> <span class='ocrx_word' id='word_1_799' title='bbox 3349 5321 3627 5380; x_wconf 84' lang='lat' dir='ltr'><strong>catholico</strong></span> <span class='ocrx_word' id='word_1_800' title='bbox 3663 5331 3716 5375; x_wconf 84' lang='lat' dir='ltr'><strong>et</strong></span> <span class='ocrx_word' id='word_1_801' title='bbox 3753 5326 3828 5376; x_wconf 88' lang='lat' dir='ltr'><strong>ab</strong></span> 
     </span>
    </p>
   </div>
   <div class='ocr_carea' id='block_1_112' title="bbox 2229 5416 3828 5489">
    <p class='ocr_par' dir='ltr' id='par_1_112' title="bbox 2229 5416 3828 5489">
     <span class='ocr_line' id='line_1_112' title="bbox 2229 5416 3828 5489; baseline -0.005 -12"><span class='ocrx_word' id='word_1_802' title='bbox 2229 5421 2621 5477; x_wconf 65' lang='lat' dir='ltr'><strong>haereticorum</strong></span> <span class='ocrx_word' id='word_1_803' title='bbox 2652 5421 2887 5475; x_wconf 88' lang='lat' dir='ltr'><strong>somniis</strong></span> <span class='ocrx_word' id='word_1_804' title='bbox 2918 5419 3110 5489; x_wconf 88' lang='lat' dir='ltr'><strong>procul</strong></span> <span class='ocrx_word' id='word_1_805' title='bbox 3142 5419 3363 5482; x_wconf 81' lang='lat' dir='ltr'><strong>dissito,</strong></span> <span class='ocrx_word' id='word_1_806' title='bbox 3396 5427 3451 5470; x_wconf 88' lang='lat' dir='ltr'><strong>at</strong></span> <span class='ocrx_word' id='word_1_807' title='bbox 3486 5416 3638 5470; x_wconf 82' lang='lat' dir='ltr'><strong>Musa</strong></span> <span class='ocrx_word' id='word_1_808' title='bbox 3664 5417 3828 5487; x_wconf 81' lang='lat' dir='ltr'><strong>jusw</strong></span> 
     </span>
    </p>
   </div>
   <div class='ocr_carea' id='block_1_113' title="bbox 2228 5508 3827 5584">
    <p class='ocr_par' dir='ltr' id='par_1_113' title="bbox 2228 5508 3827 5584">
     <span class='ocr_line' id='line_1_113' title="bbox 2228 5508 3827 5584; baseline -0.004 -14"><span class='ocrx_word' id='word_1_809' title='bbox 2228 5515 2474 5570; x_wconf 91' lang='lat' dir='ltr'><strong>solutiori</strong></span> <span class='ocrx_word' id='word_1_810' title='bbox 2520 5522 2574 5567; x_wconf 83' lang='lat' dir='ltr'><strong>et</strong></span> <span class='ocrx_word' id='word_1_811' title='bbox 2607 5514 2724 5581; x_wconf 90' lang='lat' dir='ltr'><strong>plus</strong></span> <span class='ocrx_word' id='word_1_812' title='bbox 2751 5530 2906 5584; x_wconf 72' lang='lat' dir='ltr'><strong>azquo</strong></span> <span class='ocrx_word' id='word_1_813' title='bbox 2938 5508 3367 5583; x_wconf 76' lang='grc' dir='ltr'>πλατωνιζούσῃ.</span> <span class='ocrx_word' id='word_1_814' title='bbox 3422 5510 3623 5563; x_wconf 91' lang='lat' dir='ltr'><strong>Durum</strong></span> <span class='ocrx_word' id='word_1_815' title='bbox 3662 5523 3827 5563; x_wconf 81' lang='lat' dir='ltr'><strong>certe</strong></span> 
     </span>
    </p>
   </div>
   <div class='ocr_carea' id='block_1_114' title="bbox 2229 5597 3823 5671">
    <p class='ocr_par' dir='ltr' id='par_1_114' title="bbox 2229 5597 3823 5671">
     <span class='ocr_line' id='line_1_114' title="bbox 2229 5597 3823 5671; baseline -0.006 -13"><span class='ocrx_word' id='word_1_816' title='bbox 2229 5602 2516 5658; x_wconf 87' lang='lat' dir='ltr'><strong>catholicis</strong></span> <span class='ocrx_word' id='word_1_817' title='bbox 2565 5605 3005 5668; x_wconf 57' lang='lat' dir='ltr'><strong>auribus,sonat_,</strong></span> <span class='ocrx_word' id='word_1_818' title='bbox 3049 5604 3193 5671; x_wconf 88' lang='lat' dir='ltr'><strong>quod</strong></span> <span class='ocrx_word' id='word_1_819' title='bbox 3251 5600 3547 5654; x_wconf 84' lang='lat' dir='ltr'><strong>identidem</strong></span> <span class='ocrx_word' id='word_1_820' title='bbox 3592 5597 3823 5651; x_wconf 80' lang='lat' dir='ltr'><strong>Patrem</strong></span> 
     </span>
    </p>
   </div>
  </div>
