3954 6352
179 291 256 346 69

1107 260 1578 332 'thSERTATtO
1616 273 1660 337 ι,
1698 265 1859 324 aur.
1901 270 1946 326 ι.
1987 253 2078 322 DE
2115 263 2535 326 VALENTINO.

3412 271 3484 329 70

185 418 460 462 aternum
487 400 693 458 Βυθὸν
719 398 1015 468 πατρῷον,
1052 395 1280 467 Bythum
1305 405 1582 464 paternum
1614 397 1787 453 vocat,

1901 386 2173 442 Christum
2249 401 2311 441 ac
2365 384 2632 455 Spiritum
2678 392 2964 452 sanctum,
3017 395 3071 442 et
3121 384 3486 450 Salvatorem,

190 511 256 553 ut
288 499 444 553 initio
469 495 659 569 hymni
683 493 934 549 secundi.
969 489 1172 545 Durius
1198 488 1341 559 quod
1371 486 1561 543 eodem
1589 484 1793 554 hymno

191 591 396 660 legitur
437 607 452 642 :

407 685 454 735 Σ
461 681 495 733 iv
517 679 568 732 δ’
596 679 808 746 ᾶῤῥην,
837 675 918 730 σὺ
1041 671 1250 746 θῆλυς,

407 753 493 805 Σὺ
524 749 591 803 δὲ
616 743 804 823 ῥωνᾴ,
828 745 909 799 σὺ
933 743 1185 823 δὲ’-σιγὰ,

407 824 657 885 Φύσεως
677 822 864 888 φύσις
888 822 1146 888 rer-mou.

408 893 497 963 Σὺ
654 885 831 963 rigati,
861 885 1074 963 αὶώξιος
1095 885 1262 950 αἰὼν,

416 962 490 1015 Τὸ
517 960 656 1031 μὲν,
687 959 723 1026 ᾗ
751 959 917 1031 θέμις
939 957 1164 1031 βοᾶσιξι
1190 993 1205 1008 .

409 1025 600 1106 Μέῇᾳ,
618 1025 1082 1106 χᾳῖρεξξιέντρ-ον
1096 1025 1323 1106 Δόητων,

407 1098 626 1167 Morith
643 1098 843 1169 ἀμϐρό
847 1115 962 1151 των
974 1098 1264 1169 ἀριθμῶν,

416 1165 843 1234 Προεφῖουξγίων
870 1165 1166 1234 ἀιςᾴκτων.

412 1229 499 1293 ri.
535 1239 724 1300 Pater,
758 1246 812 1288 tu
846 1248 906 1286 es
933 1229 1124 1289 Mater,

423 1309 504 1362 Tu
537 1325 676 1370 mas,
714 1317 768 1356 tu
800 1303 1022 1373 femina,

422 1379 499 1432 Tu
527 1394 650 1441 vox,
682 1388 736 1427 tu
759 1372 1054 1430 silentium,

430 1448 655 1502 Natura:
685 1458 877 1498 natura
909 1442 1158 1510 [ecundm

427 1520 526 1583 In,
547 1537 576 1570 ο
605 1533 720 1578 rex,
749 1511 1226 1584 stvculisteculum,
1555 1574 1568 1584 _

425 1581 698 1654 Quantum
728 1587 779 1638 id
804 1583 1015 1652 quidem
1044 1581 1126 1650 fas
1153 1589 1229 1633 est
1250 1593 1365 1630 voce
1384 1581 1590 1631 testari.

422 1659 687 1727 Longum,
721 1656 886 1714 salt-9,
916 1661 1152 1705 centrum
1184 1664 1382 1709 rerum,

425 1729 620 1783 Unitas
654 1728 958 1780 divinorum
986 1735 1355 1782 numerorum,

423 1799 880 1867 Sempiternorum
914 1808 1117 1866 regum.

206 1881 266 1933 Et
295 1881 508 1950 hymno
541 1894 624 1943 nt,
655 1878 725 1932 de
761 1879 954 1931 eodem
984 1875 1146 1930 Patre
1179 1891 1194 1928 :

425 1969 714 2038 Πατέρων
743 1968 986 2038 πάντων

424 2033 645 2107 Πάτερ,
676 2033 1048 2106 αὐτοπάτωρ,

426 2110 782 2178 Πρϋπάτωρ,
808 2107 1046 2176 ἀπάτωρ

440 2180 540 2234 Υἱὲ
565 2181 850 2234 σεαυτοῦ.

433 2258 666 2315 Patrum
709 2262 948 2314 omnium

433 2328 623 2394 Pater,
663 2329 826 2383 Pater
856 2332 934 2383 tui
967 2331 1157 2398 ipsius,

431 2400 658 2454 Primus
688 2402 923 2454 omnium
955 2400 1139 2466 Pater,
1165 2401 1276 2455 sine
1313 2398 1493 2463 Putre,

434 2468 552 2524 Fili
582 2471 663 2524 tui
693 2470 879 2540 ipsius.

210 2562 278 2617 Et
306 2573 503 2628 postea
533 2581 549 2618 :

431 2655 682 2724 Σπέρμα
710 2656 775 2708 τὸ
802 2654 1062 2720 πάντων,

441 2725 602 2785 Ῥίζα
633 2727 731 2779 καὶ
757 2725 968 2794 emas.

430 2798 631 2861 Φύσις
663 2797 737 2848 ἐν
768 2798 1020 2863 νοεροῖς,

437 2864 608 2933 Θῆλυ
631 2865 730 2919 καὶ
761 2866 963 2933 appar,

430 2939 492 2988 Μ
495 2938 688 3001 ῥστας
705 2935 774 3001 δὲ
793 2937 936 3001 νόος

433 2997 514 3051 Τά
537 3016 600 3052 τε
631 2997 730 3051 aiat
754 3001 826 3052 τὰ
846 2999 1030 3068 λέγει,

425 3071 632 3127 Βυθὸν
653 3071 916 3139 dmin-sor

435 3145 616 3211 Ἀμςοι
619 3141 907 3211 χορεύων.

418 3227 617 3278 Semen
651 3227 909 3290 omnium,

413 3293 598 3346 Radix
623 3304 672 3349 et
701 3311 935 3349 summus
963 3313 1164 3360 ramus,

422 3362 647 3418 Natura
679 3366 733 3416 in
764 3367 1228 3430 intellectualibus,

422 3432 663 3487 Femina
690 3444 740 3488 et
769 3453 905 3490 mas.

424 3503 666 3574 Mystica
692 3514 869 3559 autent
894 3523 1061 3562 mens.

423 3573 562 3626 Han:
591 3584 747 3640 atque
775 3577 869 3629 illa
899 3578 1052 3637 dicit,

427 3643 864 3716 frofunditatem
895 3648 1217 3716 ine/fabilem

420 3713 583 3768 Circa
618 3714 816 3769 ducens
840 3713 1080 3772 choreas.

202 3805 268 3864 Ut
296 3808 562 3864 omittam
617 3807 720 3862 alia
763 3809 999 3878 plurima
1043 3827 1072 3863 a
1112 3811 1311 3881 quibus
1359 3805 1504 3868 Musa
1547 3815 1794 3871 severior

199 3909 522 3970 temperare
545 3897 848 3956 debuisset.

266 3992 364 4046 50.
424 3992 567 4047 lllud
625 3993 789 4047 etiam
831 4004 1066 4060 certum,
1121 4011 1151 4050 e
1207 3995 1309 4052 SS.
1363 3996 1622 4054 Patrihus
1682 4015 1790 4056 non

197 4101 408 4155 paucos
455 4085 809 4141 existimasse
860 4085 1201 4143 Valentinum
1263 4091 1483 4160 triginta
1533 4092 1664 4147 deos
1715 4095 1795 4148 in-

200 4178 442 4232 vexisse.
486 4175 582 4230 Sic
633 4177 1010 4248 Epiphanius,
1050 4181 1184 4236 liter.
1235 4180 1394 4254 3I,§
1445 4182 1501 4250 2,
1551 4187 1640 4240 ubi
1691 4187 1790 4241 tri-

199 4270 353 4338 ginta
409 4267 626 4323 Eones
675 4269 1063 4335 recensuisset,
1119 4272 1271 4325 addit
1316 4287 1410 4327 eos
1440 4290 1468 4327 a
1510 4275 1792 4331 Valentino

201 4364 329 4416 deos
355 4361 700 4422 nominatos,
732 4358 826 4424 οὒς
855 4361 948 4414 καὶ
974 4360 1129 4425 θεοὺς
1163 4362 1436 4433 ὀνομάζει.
1469 4365 1560 4420 Sic
1587 4368 1793 4435 pariter

1898 483 2116 545 quoset
2143 491 2261 528 cum
2308 475 2522 540 reliquis
2560 473 2828 529 λΕοηὶὁιω
2874 476 3322 532 annumerandos
3363 491 3489 534 esse

1898 570 2268 633 demonstrat;
2305 568 2441 622 duos
2486 581 2553 621 ex
2597 566 2717 621 istis
2762 567 2940 636 potuit
2988 567 3314 623 Ambrosius
3361 568 3487 625 aliis

1895 658 2124 729 triginta
2157 671 2467 711 accensere.
2501 655 2571 710 At
2607 663 2666 709 ut
2714 656 2781 711 de
2818 655 3054 711 .Eonnm
3108 671 3360 724 numero,
3391 660 3486 730 qui

1897 749 2117 803 aliunde
2172 762 2239 802 ex
2307 747 2553 812 Irenaeo,
2628 747 2970 802 Tertulliano
3040 748 3277 819 aliisque
3352 750 3488 805 satis

1897 849 2136 905 constat,
2201 838 2489 894 dissentiat
2553 838 2914 902 Ambrosius,
2972 838 3038 894 de
3106 839 3282 894 indito
3340 840 3477 908 ipsis

1897 931 2126 986 deorum
2161 931 2385 986 nomine
2417 944 2542 985 cum
2584 945 2750 1000 supra
2788 931 3026 986 laudatis
3065 931 3323 987 Patribus
3355 947 3488 987 con-

1897 1026 2084 1078 sentit.

1982 1113 2070 1168 5|.
2097 1113 2170 1167 At
2199 1113 2570 1168 Valentiniani
2601 1113 2871 1168 Eonibus
2896 1114 3010 1169 suis
3042 1113 3265 1169 deorum
3291 1129 3488 1168 nomen

1899 1205 2211 1268 tribuerint,
2272 1221 2381 1261 non
2445 1205 2575 1259 inde
2645 1214 2827 1258 tamen
2877 1203 3175 1259 elﬁcaciter
3227 1205 3487 1259 concludi

1895 1310 2054 1368 posse
2086 1306 2293 1367 putem.
2325 1311 2426 1352 ceu
2465 1298 2688 1352 totidem
2719 1303 2815 1351 aut
2853 1305 3078 1352 naturas
3110 1297 3350 1361 divinas,
3393 1285 3508 1352 aut

1887 1389 2058 1444 'unius
2105 1400 2310 1443 natura:
2357 1389 2556 1444 divinae
2607 1403 2868 1458 personas
2917 1390 2986 1442 ab
3034 1387 3304 1461 [XXXIII]
3355 1389 3487 1459 ipsis

1895 1481 2116 1536 habitos
2147 1481 2334 1536 fuisse.
2389 1482 2446 1536 Si
2475 1483 2639 1540 Eenim
2687 1481 2998 1536 hominibus
3031 1481 3195 1549 justis
3243 1497 3306 1536 ac
3358 1482 3484 1550 piis,

1899 1573 2246 1642 principibus
2276 1587 2340 1626 ac
2364 1573 2776 1644 magistratibus
2805 1573 3109 1640 ascriptum
3137 1573 3191 1626 in
3229 1572 3486 1641 Scriptu-

1891 1661 1976 1716 ris
2010 1661 2344 1732 quandoque
2395 1662 2487 1716 Dei
2548 1676 2778 1728 nomen;
2829 1672 3060 1731 potuere
3107 1661 3486 1716 Valentiniani

1821 1767 1870 1822 B
1897 1753 2222 1808 substantiis
2261 1754 2623 1822 quibusdam,
2668 1755 2780 1808 Deo
2831 1755 3055 1824 quidem
3102 1753 3484 1819 inferioribus,

1824 3099 1866 3156 C

202 4453 472 4525 Origenes
523 4452 674 4505 hOm.
721 4453 745 4506 l
789 4453 845 4505 in
896 4453 988 4509 lib.
1041 4453 1192 4527 Reg.,
1246 4474 1370 4512 cum
1418 4459 1644 4513 Tertull.
1694 4461 1789 4517 lib.
1825 4446 1867 4499 Ι)

207 4551 416 4601 aduers.
465 4543 709 4608 Valent.,
764 4562 886 4614 cap.
915 4547 973 4615 8,
1006 4549 1209 4620 Cyrillo
1242 4550 1453 4606 Hieros.
1487 4548 1706 4607 Cateelt.
1736 4556 1790 4618 6,

206 4646 257 4689 et
298 4635 558 4698 Pauline,
593 4637 644 4689 in
686 4635 804 4692 Vtta
837 4636 894 4693 S.
929 4641 1216 4695 Ambrosii.
1272 4644 1341 4695 At
1384 4657 1516 4698 vero
1563 4645 1797 4699 Ambro-

208 4727 320 4779 sius
348 4727 459 4794 ipso.
496 4727 657 4793 epist.
698 4727 767 4781 40
834 4745 957 4783 ιιον.
995 4731 1234 4792 edit.,ad
1283 4729 1647 4789 Theodosium
1697 4737 1796 4789 im-

210 4833 322 4887 per.
357 4829 596 4887 scripta,
641 4838 694 4873 ιι.
737 4821 825 4884 16,
874 4823 940 4876 de
979 4824 1204 4879 nomine
1244 4827 1515 4880 consentit
1551 4828 1794 4896 quidem,

211 4911 274 4962 de
304 4926 540 4964 numero
573 4911 868 4966 dissentire
919 4913 1160 4969 videtur.
1203 4915 1368 4981 Licet,
1419 4917 1616 4987 inquit,
1669 4935 1796 4989 gen-

214 5002 327 5053 tites
380 5002 668 5054 duodecim
719 5004 846 5057 deos
896 5006 1178 5070 appellent,
1238 5008 1330 5060 isti
1374 5005 1795 5079 (Valentiniani)

214 5095 425 5162 triginta
470 5109 519 5146 et
549 5096 684 5148 duos
712 5093 928 5148 Eonas
957 5099 1157 5163 colunt,
1183 5116 1314 5167 quos
1346 5101 1615 5168 appellunt
1645 5103 1791 5156 deos.

215 5184 301 5240 Sic
345 5189 496 5240 enim
548 5189 836 5257 legendum
869 5205 1011 5253 esse,
1057 5208 1162 5244 non
1213 5195 1434 5262 triginta
1481 5193 1707 5258 xEones,
1741 5203 1798 5248 ut

216 5278 460 5348 legerunt
490 5280 730 5334 editores
764 5279 1024 5346 Romani,
1065 5284 1450 5339 demonstrant
1495 5302 1647 5340 nova:
1683 5286 1797 5340 edi-

217 5375 371 5427 tionis
396 5384 653 5427 auctores
678 5390 743 5426 ex
780 5375 1030 5429 unanimi
1063 5387 1302 5431 veterum
1341 5394 1464 5432 cum
1502 5395 1632 5434 mss.
1680 5391 1794 5434 tum

214 5468 362 5517 etlitt.
387 5483 693 5521 consensu.
722 5468 832 5522 Sed
867 5485 990 5521 cum
1023 5470 1280 5534 Irenzutts,
1315 5469 1412 5525 lib.
1458 5486 1520 5535 ιι,
1555 5488 1674 5541 cap.
1709 5473 1794 5538 l2,

216 5573 265 5611 ιι.
302 5559 352 5624 7,
388 5575 456 5614 ex
512 5559 1028 5614 Valentinianorum
1085 5563 1365 5630 principiis
1409 5565 1636 5633 probet,
1689 5582 1794 5618 non

215 5649 372 5702 solum
411 5654 637 5722 triginta
692 5653 1007 5707 emissiones
1064 5656 1350 5707 secundum
1401 5654 1521 5708 illos
1573 5655 1795 5710 emissas

217 5761 336 5813 esse,
383 5747 478 5800 sed
507 5759 744 5815 quatuor
780 5763 897 5798 tum
941 5746 1057 5799 istis
1105 5763 1232 5811 xxx,
1285 5745 1464 5799 [loton
1515 5746 1790 5813 videlicet,

1897 1848 1993 1903 sed
2024 1847 2236 1902 caeteris
2263 1846 2683 1914 quibuscunque
2730 1847 2896 1901 rebus
2941 1845 3144 1900 creatis
3181 1844 3489 1914 superiori—

1895 1939 2021 2005 bus,
2057 1940 2248 1992 eodem
2276 1937 2451 1992 ferme
2477 1953 2642 1994 sensu
2668 1937 2968 1993 ascribere.
2997 1936 3162 1991 Certe
3195 1935 3487 2006 Synesius,

1896 2027 2102 2098 hymno
2140 2042 2204 2080 ιιι
2251 2027 2365 2096 jam
2389 2029 2581 2092 citato,
2605 2027 2830 2098 angelos
2869 2026 2992 2095 plus
3019 2023 3187 2080 semel
3224 2039 3291 2080 eo
3326 2040 3491 2082 sensu

1897 2118 2030 2175 deos
2051 2129 2232 2175 vocat.
2263 2119 2355 2172 Sic
2385 2119 2534 2172 enim
2568 2118 2737 2173 Deum
2768 2117 2985 2172 Patrem
3019 2118 3222 2172 nitatur
3257 2157 3272 2170 .

2245 2231 2598 2295 Αὶωνοτόκε,

2251 2300 2548 2354 Αῑωνόϐιε.

2162 2388 2165 2391 ·
2236 2370 2551 2425 Ἐπέκεινα
2574 2367 2745 2424 θεῶν.

2270 2439 2580 2494 Ἐπέκεινα
2601 2440 2825 2498 γόων...

2266 2510 2509 2580 Ἀρχητὲ
2542 2508 2713 2580 θεῶν,

2250 2577 2722 2648 Πὺεὺλὶατοεργὲ,

2249 2651 2359 2704 Καὶ
2386 2651 2751 2719 Ψυχοτρόφε.

2256 2741 2586 2797 Steculorum
2614 2758 2827 2810 parens,

2256 2813 2586 2868 Steculorum
2616 2814 2745 2879 vita,

2265 2885 2536 2950 Superans
2564 2884 2711 2945 deos,

2260 2952 2527 3022 superam
2564 2965 2919 3010 mentes.......

2265 3021 2535 3092 Origine":
2571 3026 2808 3092 prtebens
2848 3027 2976 3092 diis,

2258 3091 2552 3162 spirituum
2574 3091 2781 3162 'opifex,

2254 3161 2326 3215 Et
2348 3161 2647 3217 animarum
2675 3161 2863 3217 alitor.

1899 3275 1964 3331 Et
1994 3289 2178 3346 [malea
2213 3294 2228 3332 :

2248 3369 2345 3429 Σὲ,
2388 3368 2571 3437 πάτερ
2609 3369 2874 3438 κόσμων,

2249 3437 2443 3506 Πάτερ
2467 3438 2716 3502 αἰώνων,

2247 3508 2553 3578 Αὐτουργὲ
2576 3507 2746 3572 θεῶν,

2249 3577 2481 3647 Εὺαγὲς
2495 3577 2502 3578 ί
2514 3579 2725 3632 αἰνεῖν.

2247 3648 2325 3701 Σὲ
2343 3649 2460 3715 μὲν
2480 3651 2532 3700 el
2552 3649 2746 3716 νοεροὶ

2251 3718 2625 3784 Μέλπουσιν,
2667 3717 2844 3783 ἅναξ,

2248 3787 2328 3841 Σὲ
2353 3787 2420 3840 δὲ
2457 3789 2751 3858 statuta-mi

2260 3858 2777 3927 Ὀμματολαμπεῖς
2792 3898 2806 3924 ,

2245 3927 2398 3994 Νόες
2417 3929 2685 3996 ὸστέριοι

2259 3997 2272 4016 '
2287 3998 2568 4068 Υμνοῦσι,
2599 3998 2822 4068 μάκαρ,
2851 4008 2955 4058 etc.

2253 4085 2344 4151 Te,
2373 4101 2522 4156 pater
2550 4089 2890 4156 mundorum,

2251 4156 2412 4210 Pater
2442 4159 2781 4224 steculorum,

2250 4226 2443 4297 Qpifex
2480 4230 2724 4290 deorum,

2246 4296 2362 4351 Fas
2387 4311 2464 4351 est
2498 4299 2744 4352 laudare.

2257 4367 2328 4441 Ie
2364 4370 2578 4436 quidem
2603 4369 2965 4441 intelligentia:

2249 4436 2483 4500 Canunt,
2518 4457 2546 4491 ο
2583 4455 2696 4505 rex,

2252 4507 2324 4561 Te
2352 4509 2536 4560 mundi
2561 4520 2809 4577 rectores,

2252 4578 2407 4647 (lculi
2445 4579 2726 4647 fulgentes,

2248 4645 2453 4702 ﬂentes
2485 4645 2704 4704 siderea:

2252 4716 2550 4784 Celebrant,
2585 4738 2613 4774 ο
2644 4722 2809 4775 beate.

1897 4831 2027 4897 Quae
2060 4846 2165 4884 non
2211 4831 2313 4884 nisi
2366 4833 2431 4886 de
2471 4833 2712 4904 angelis,
2751 4849 2889 4902 quos
2935 4847 3044 4889 non
3097 4836 3261 4892 modo
3316 4838 3478 4906 deos,

1908 4922 2004 4976 sed
2030 4932 2083 4977 et
2111 4921 2345 4988 A‘lonas,
2375 4924 2471 4978 sed
2507 4924 2708 4978 saecula
2733 4939 2914 4991 vocat,
2957 4927 3187 4998 intelligi
3229 4941 3476 4998 possunt,

1899 5023 1958 5066 ut
1985 5023 2130 5066 totus
2160 5021 2450 5068 contextus
2483 5026 2674 5082 aperte
2715 5014 2984 5072 declarat.
3043 5017 3185 5084 Quin
3211 5030 3266 5074 et
3293 5019 3479 5076 Plato-

1901 5104 2035 5169 nici,
2075 5120 2309 5172 quorum
2361 5105 2604 5172 vestigiis
2637 5103 2962 5162 insistebant
2994 5107 3240 5164 Gnostici
3269 5125 3475 5173 omnes.

1902 5196 2131 5250 deorum
2171 5197 2362 5263 triplex
2399 5210 2573 5264 genus
2607 5196 3044 5266 distinguebant,
3079 5212 3137 5254 ut
3170 5203 3310 5270 apud
3341 5202 3480 5257 Pro-

1899 5287 2067 5354 clum,
2092 5285 2480 5350 Jamblichum,
2505 5285 2874 5356 Damascium,
2899 5289 3148 5359 aliosque
3171 5290 3352 5362 legere
3373 5301 3478 5356 est,

1902 5379 2040 5432 alios
2086 5377 2344 5431 nimirum
2390 5377 2835 5444 supercoslestes,
2863 5380 3000 5434 alios
3035 5380 3312 5448 cmlestes,
3342 5383 3479 5438 alios

1899 5469 2289 5534 subcaelestes;
2324 5467 2532 5537 primos
2561 5471 2898 5539 superiores,
2936 5472 3217 5528 secundos
3248 5475 3476 5537 medios,

1902 5561 2092 5616 tertios
2116 5559 2404 5614 inferiores
2433 5578 2446 5613 :
2473 5577 2609 5629 quos
2631 5578 2820 5617 omnes
2845 5572 2955 5618 tota
2974 5567 3236 5631 essentia,
3257 5575 3478 5634 totoque

1901 5669 2100 5724 genere
2149 5653 2466 5723 discrepare
2511 5655 2951 5720 contendebant,
3007 5656 3130 5710 κατ’
3181 5657 3369 5712 οὐσίαν
3417 5675 3476 5712 τε

1901 5745 2049 5816 ὅλην,
2096 5745 2188 5798 καὶ
2239 5746 2399 5798 παντὶ
2437 5744 2514 5815 τῷ
2562 5747 2708 5814 γένει
2748 5745 3254 5820 ὲξαλλαττομένοις,
3299 5749 3482 5824 inquit
