3954 6352
515 337 575 393 7t
1327 314 1920 386 DISSEBTATIONES
1955 322 2261 381 Palmm
2300 321 2365 378 IN
2404 312 2665 380 meum
2701 321 2973 379 LIBROS.
3710 312 3792 378 '72

514 452 875 519 Jamblichus,
905 460 1041 508 sect.
1072 444 1126 516 l,
1156 466 1275 522 cap.
1309 450 1366 517 4,
1434 467 1464 505 a
1491 450 1872 521 superioribus
1892 448 2093 518 quippe
2122 453 2169 510 Α
2196 462 2357 519 posse
2372 445 3006 516 pluresautsubstantias
3020 456 3392 516 autpersonas
3410 444 3620 498 divinas
3640 460 3794 498 esse.

514 546 825 617 pendebant
864 543 1052 611 medii,
1111 545 1179 599 ab
1212 544 1298 599 his
1350 543 1547 599 inﬁmi.
1594 542 1867 598 Omnibus
1910 552 2092 594 tamen

518 640 612 695 Dei
645 652 841 694 nomen
892 636 1231 702 tribuebant;
1281 637 1537 706 quamvis
1569 636 1767 689 mediis
1799 644 1855 689 et
1889 634 2097 689 inﬁmis

516 730 701 786 inesse
727 743 915 784 veram
950 728 1049 783 Dei
1095 727 1395 783 essentiam
1420 736 1474 781 et
1497 736 1748 781 naturam
1781 724 2099 779 existimare

516 838 625 877 non
654 821 952 891 potuerint;
984 833 1106 874 cum
1131 817 1296 873 insita
1319 818 1564 872 omnium
1603 817 1803 871 animis
1836 816 1927 871 Dei
1948 816 2098 871 notio

517 928 679 969 onme
711 910 1072 982 subiectionis
1110 924 1282 979 genus
1330 907 1520 978 procul
1569 908 1805 979 ableget.
1861 908 2004 976 Quin
2046 917 2099 962 et

518 1006 648 1061 deos
689 1004 1001 1059 invisibiles
1056 1019 1152 1057 seu
1219 1002 1655 1072 supercoﬂestes,
1690 1002 1940 1072 quamvis
1976 1016 2097 1055 cum

514 1102 675 1171 vulgo
712 1100 997 1172 loquentes
1026 1098 1283 1154 efferrent
1326 1111 1559 1151 numero
1606 1095 1833 1166 plurali,
1890 1108 2094 1148 revera

516 1209 683 1247 unum
716 1193 910 1256 Deum,
961 1192 1123 1246 unius
1154 1199 1390 1254 naturae,
1436 1188 1692 1243 essentia:
1739 1196 1794 1241 et
1839 1202 2100 1256 personae

471 1289 478 1297 '
516 1299 639 1339 esse
705 1284 1025 1339 censebant.
1111 1281 1412 1337 Sallustius
1457 1279 1839 1350 philosophus,
1883 1279 1978 1335 lib.
2024 1277 2100 1332 De

524 1375 629 1427 diis
654 1384 700 1426 et
728 1371 948 1436 mundo,
976 1385 1098 1441 cap.
1125 1370 1181 1435 ἓ,
1220 1370 1321 1435 ait,
1353 1370 1579 1424 deorum
1606 1380 1838 1424 naturas
1870 1382 2047 1439 neque
2070 1382 2101 1422 a

516 1467 691 1537 prima
721 1480 906 1531 causa,
938 1480 1119 1535 neque
1146 1478 1177 1518 a
1212 1478 1272 1519 se
1315 1462 1553 1517 invicem
1584 1462 1826 1531 separari
1853 1479 1867 1528 ;
1895 1477 2089 1532 quem-

516 1559 810 1613 admodum
842 1573 1064 1625 nequea
1095 1566 1279 1611 mente
1305 1556 1589 1621 notiones,
1620 1570 1796 1624 neque
1823 1556 1891 1608 ab
1920 1556 2101 1609 animo

515 1650 847 1719 disciplinas.
890 1651 958 1701 Ai
990 1648 1101 1703 τῶν
1139 1648 1289 1702 Θεῶν
1335 1648 1533 1713 οὐσίαι,
1578 1647 1699 1701 οὐδὲ
1743 1647 1843 1718 τῆς
1876 1646 2100 1718 πρώτης

515 1741 761 1811 attingi)
784 1742 1030 1814 ἀλλήλων
1055 1742 1401 1815 χωρίζονται,
1420 1739 1609 1811 ὥσπερ
1635 1740 1754 1794 οὐδὲ
1778 1738 1869 1793 νοῦ
1894 1740 1949 1794 αἱ
1972 1742 2100 1811 νοή-

517 1853 651 1900 σεις,
672 1835 795 1888 οὐδὲ
817 1834 993 1904 ψυχῆς
1010 1835 1064 1886 αἱ
1088 1832 1410 1903 ἐπιστῆμαι.
1438 1832 1750 1901 Omnesque
1770 1831 2102 1902 philosophi,

515 1929 560 1981 si
590 1926 1045 1991 Damasciolides,
1066 1925 1192 1988 τοὺς
1232 1924 1388 1989 Θεοὺς
1414 1926 1539 1989 τοὺς
1568 1923 1819 1988 πολλοὺς,
1868 1924 1959 1977 τοῦ
1984 1921 2102 1987 ἐνὸς

512 2019 649 2074 Θεοῦ
669 2019 990 2090 ὑπερουσίου
1008 2014 1451 2090 ὲλλάμψειςεῖναι
1466 2017 1738 2085 λέγουσιν,
1758 2016 1858 2069 οὐκ
1879 2016 2103 2069 αὐτοτε-

511 2111 625 2175 λεῖς
639 2109 990 2174 ὑποστάσεις,
1013 2109 1149 2162 Deos
1172 2110 1296 2161 illos
1326 2109 1500 2175 plures
1526 2108 1683 2160 unius
1709 2106 2104 2176 Deisupersub-

513 2203 778 2258 stantialis
798 2202 1030 2271 fulgores
1044 2216 1157 2254 esse
1170 2198 1434 2264 dicebant,
1456 2214 1562 2253 non
1579 2200 1851 2253 absolutas
1870 2218 1932 2253 ac
1945 2217 2036 2269 per
2048 2217 2102 2254 se

510 2298 853 2353 subsistentes
881 2294 1161 2349 essentias.
1190 2291 1323 2358 Quae
1347 2306 1470 2346 cum
1495 2289 1790 2346 Jamblichi
1819 2294 2099 2348 sententia

514 2389 764 2456 apprime
807 2385 1185 2449 consentiunt,
1220 2383 1312 2453 qui
1344 2383 1477 2438 deos
1506 2382 1811 2438 invisibiles
1836 2384 2102 2452 ipsastnet

512 2477 667 2533 ideas
700 2491 823 2531 esse
858 2482 1036 2545 putat,
1071 2488 1210 2543 quas
1244 2486 1440 2528 omnes
1468 2472 1636 2527 unius
1664 2488 1791 2527 esse
1813 2472 2093 2537 essentite,

517 2585 799 2639 unumque
833 2568 977 2623 inter
1016 2583 1074 2622 se
1101 2580 1223 2621 esse
1252 2564 1367 2619 vult
1404 2579 1420 2618 :
1457 2565 1583 2634 quia
1637 2581 1747 2619 una
1791 2568 2100 2622 communis

510 2665 693 2719 unitas
722 2663 983 2717 dilatatur
1026 2661 1079 2714 in
1113 2673 1332 2722 omnes,
1366 2666 1421 2712 et
1453 2660 1567 2727 'per
1598 2673 1941 2715 communem
1971 2660 2093 2714 uni-

514 2764 703 2820 tatem,
737 2754 998 2809 videlicet
1027 2768 1124 2822 per
1144 2753 1378 2821 primam
1407 2760 1646 2805 mentem
1672 2791 1687 2815 ,
1711 2763 1923 2807 cunctae
1953 2752 2100 2808 exsi-

512 2856 703 2911 stunt;
742 2846 809 2900 ad
844 2861 1034 2917 quam,
1068 2854 1127 2898 ut
1150 2847 1217 2898 ad
1250 2860 1419 2899 unum
1446 2843 2096 2913 objectum,'prineipium

509 2948 566 2996 et
601 2940 790 3003 linem,
821 2954 1015 2993 omnes
1051 2938 1239 3005 simul,
1277 2939 1481 3008 absque
1505 2938 1612 2995 ulla
1645 2939 1917 3008 temporis
1941 2938 2098 2994 dilic-

511 3032 720 3096 reutia,
751 3030 806 3084 in
852 3031 1043 3085 eodem
1080 3040 1362 3086 momento
1387 3032 1719 3086 referuntur.
1760 3031 1948 3101 Neque
1979 3047 2099 3087 om-

511 3124 671 3180 nibus
710 3124 845 3192 ipsis
880 3123 1068 3188 simul,
1093 3125 1223 3194 quia
1260 3125 1489 3196 singula:
1520 3139 1611 3179 res
1645 3125 1892 3179 diversas
1918 3124 2095 3193 respi-
2123 3150 2165 3207 ο

511 3216 681 3280 ciant,
737 3216 1007 3269 unitatem
1069 3228 1388 3286 competere
1434 3215 1743 3285 negandum
1795 3224 1899 3271 est.
1954 3214 2090 3269 Nam

509 3322 703 3361 earum
732 3308 1047 3362 essentialis
1079 3311 1265 3363 unitas
1296 3325 1479 3363 rerum
1501 3308 1905 3363 multitudinem
1938 3318 2094 3360 ante-

511 3398 679 3465 cedit;
715 3414 892 3466 neque
926 3411 1161 3467 possunt
1190 3416 1282 3455 res
1314 3412 1509 3454 natura
1551 3400 1917 3471 posteriores,
1966 3400 2092 3453 uni-

511 3498 679 3545 tatem
715 3491 876 3554 ideis,
912 3501 1105 3546 natura
1128 3492 1429 3561 prioribus,
1454 3492 1691 3547 auferre.
1732 3490 1797 3545 Et
1829 3491 2093 3546 binccum

510 3583 856 3648 Aristoteles,
883 3592 942 3636 nt
976 3584 1237 3640 invidiam
1271 3584 1485 3639 Platoni
1518 3583 1747 3650 laceret,
1774 3584 1932 3653 hujus
1967 3599 2095 3639 sen-

513 3674 739 3727 tentiam
772 3674 853 3728 sic
874 3674 1239 3743 exposuisset,
1272 3674 1430 3743 quasi
1462 3674 1614 3729 ideas
1645 3689 1674 3729 a
1700 3683 1883 3731 mente
1910 3675 2094 3730 divina

511 3775 795 3835 separatas
831 3767 1099 3821 exsistere
1125 3766 1475 3831 aﬁirmasset;
1505 3767 1836 3821 calumniam
1868 3768 2091 3839 propul-

511 3867 696 3912 santes
725 3856 973 3912 Platonis
995 3857 1272 3928 discipuli,
1298 3873 1405 3912 uno
1427 3874 1523 3913 ore
1550 3867 1819 3929 negarunt
1862 3876 2090 3930 usquam

508 3949 714 4004 dixisse
764 3949 1074 4016 Platonem,
1122 3952 1268 4022 quod
1326 3951 1483 4023 ﬁngit
1533 3950 1888 4017 Aristoteles,
1934 3953 2085 4009 ideas

508 4050 800 4109 separatas
849 4043 1121 4097 exsistere
1168 4058 1196 4097 a
1251 4054 1436 4099 mente
1480 4044 1703 4110 divina,
1735 4046 1831 4100 sed
1879 4054 2092 4101 tantum

509 4142 793 4201 separatas
820 4146 943 4187 esse
973 4148 1003 4187 a
1038 4134 1368 4199 substantia,
1392 4150 1513 4204 quae
1544 4136 1624 4191 eis
1652 4135 1886 4192 inferior
1919 4146 2090 4196 esset.

509 4222 737 4279 Proclus
781 4225 959 4293 primo
996 4226 1050 4280 in
1094 4224 1467 4283 Parmenidem
1512 4226 1952 4296 Commentario,
1997 4232 2093 4286 ad-

510 4315 689 4369 ductis
727 4316 893 4369 variis
919 4331 987 4369 ex
1020 4313 1239 4384 Orpheo
1265 4328 1320 4373 et
1348 4316 1601 4372 Oraculis
1630 4321 1966 4376 testimoniis
1996 4337 2094 4391 pro

511 4405 669 4471 ideis,
705 4406 985 4462 concludit
1011 4407 1226 4478 longam
1260 4410 1690 4479 disputationem
1733 4422 1923 4468 contra
1960 4415 2091 4469 Ari-

509 4496 807 4560 Stotelicos,
842 4498 927 4552 his
960 4498 1170 4555 verbis:
1194 4500 1410 4572 Σμικρὰ
1432 4504 1780 4574 φροντιστέον
1803 4505 1910 4558 τῶν
1945 4522 2095 4575 σοφι-
2127 4490 2172 4545 Ῐ)

512 4588 712 4643 πικῶν
741 4590 913 4659 λόγων
944 4590 1122 4643 αὐτῶν
1141 4591 1230 4660 ὑφ’
1261 4593 1467 4647 ἑαυτῶν
1509 4596 1888 4667 ἐληλεγμένων
1908 4640 1922 4665 ,
1945 4598 2093 4652 οὐδὲν

510 4681 956 4753 ἐπιστημονικὸν,
1012 4684 1120 4737 οὐδ’
1172 4684 1323 4753 ὑγιὲς
1363 4685 1647 4754 λεγόντων.
1681 4690 1876 4759 Σαφὼς
1904 4691 2012 4764 γὰρ
2046 4693 2094 4745 oi

510 4772 622 4827 Οεοὶ
648 4775 920 4845 εἰρήκασι,
951 4775 1028 4840 ὡς
1067 4775 1267 4831 ἔννοιαι
1311 4776 1405 4829 τοῦ
1439 4780 1654 4851 Πατρός
1688 4785 1793 4836 εἱσι
1815 4823 1828 4847 ,
1868 4783 2095 4855 μένουσι

509 4864 618 4937 γὰρ
647 4865 705 4919 ὲν
735 4868 855 4929 ταῖς
886 4869 1103 4939 νοήσεσι
1144 4868 1239 4921 τοῦ
1278 4870 1513 4941 Πατρὸς,
1560 4874 1655 4925 καὶ
1694 4874 1865 4939 οὕτως
1899 4878 2096 4950 προέρ-

510 4956 816 5029 χοπαιάπὺ
836 4956 930 5011 τοῦ
952 4958 1164 5031 Πατρὸς
1195 4960 1332 5033 πρὸς
1357 4961 1457 5032 τὴν
1491 4961 1585 5015 τοῦ
1612 4965 1817 5035 κόσμου
1845 4966 2097 5039 δημιουρ-

510 5050 657 5119 γίαν.
693 5048 899 5104 Parum
938 5053 1318 5106 attendendum
1343 5056 1412 5106 atl
1436 5070 1618 5108 eorum
1643 5073 1935 5124 sermones,
1961 5077 2093 5130 quos

510 5157 684 5194 meras
715 5157 824 5195 esse
853 5142 1218 5198 cavillationes
1244 5161 1309 5199 ea:
1352 5147 1599 5215 ipsismet
1642 5150 1969 5216 ostenditur,
2004 5168 2095 5205 nec

509 5235 799 5304 quidquam
826 5235 1060 5298 doctum,
1088 5246 1178 5288 aut
1204 5253 1392 5291 sanum
1416 5256 1526 5309 pra:
1549 5240 1875 5311 seferentes.
1903 5245 2094 5313 Aperte

511 5329 647 5381 enim
687 5328 935 5383 dixerunt
984 5330 1086 5395 dii,
1145 5329 1327 5385 Patris
1384 5335 1621 5388 notiones
1662 5350 1828 5391 esse:
1873 5351 2091 5393 manent

508 5422 699 5490 quippe
736 5424 789 5474 in
825 5420 1003 5475 Patris
1049 5422 1481 5492 cogitationibus,
1515 5435 1564 5479 et
1620 5429 1695 5481 sic
1746 5429 2008 5497 prodeunt
2056 5448 2089 5484 a

510 5511 677 5565 Patre
695 5514 747 5566 in
769 5513 1261 5583 mundiopiﬁcium.
1282 5512 1394 5568 Has
1412 5523 1591 5570 tamen
1612 5532 1704 5571 seu
1727 5519 1978 5575 notiones
1996 5534 2093 5574 seu

511 5603 657 5659 ideas
680 5604 903 5660 deorum
930 5606 1150 5661 nomine
1173 5607 1582 5675 nuncupabant;
1605 5612 1913 5668 certissimo
1932 5628 2095 5683 argu-

511 5705 714 5763 mento,
739 5712 804 5754 ex
830 5698 1003 5758 indito
1036 5698 1284 5772 pluribus
1307 5699 1404 5757 Dei
1434 5702 1678 5769 nomine,
1709 5705 1959 5761 concludi
1982 5720 2089 5761 non

2271 541 2359 595 5‘2.
2402 540 2506 593 Sed
2532 539 2672 606 quod
2699 539 2873 605 majus
2894 547 2999 604 est,
3032 546 3085 593 et
3117 538 3568 608 Caustejugulum
3597 546 3797 607 petere

2201 633 2438 696 videtur,
2475 639 2685 685 tantum
2718 630 2871 685 abest
2914 641 2974 684 ut
3006 629 3330 685 Valentinus
3371 629 3464 683 Dei
3509 629 3786 683 unitatem

2201 732 2457 794 negaret;
2489 724 2620 793 quin
2652 723 2855 791 potius,
2882 723 3086 777 Irench
3113 730 3272 789 teste,
3310 729 3499 791 aperte
3554 720 3795 790 proﬁte-

2202 827 2373 871 retur.
2424 814 2617 870 Omnes
2670 816 2846 880 enim,
2891 814 3068 883 inquit
3112 815 3205 868 lib.
3240 831 3293 877 ι,
3351 829 3471 882 cap.
3510 813 3605 880 εξ,
3636 830 3695 867 n.
3733 815 3789 879 Ι,

2201 911 2310 980 fere
2325 921 2574 979 quotquot
2592 920 2712 963 sunt
2731 910 2953 963 Itwreses
2976 908 3140 961 Deum
3160 907 3369 976 quidem
3389 922 3550 959 unum
3573 906 3790 969 dicunt,

2200 1003 2289 1056 sed
2320 1019 2409 1069 per
2430 1000 2738 1054 sententiam
2764 1002 3066 1053 imntutant.
3103 997 3220 1051 Non
3252 998 3347 1063 ait,
3392 997 3785 1066 multiplicant,

2202 1094 2295 1147 sed
2342 1094 2677 1156 immutant;
2736 1103 3007 1161 quatenus
3065 1105 3094 1144 a
3163 1089 3257 1144 Dei
3325 1089 3445 1143 idea
3513 1090 3793 1142 rationem

2202 1184 2647 1252 omnipotentis,
2714 1190 2772 1236 ct
2824 1198 3008 1237 rerum
3083 1183 3329 1237 omnium
3399 1181 3613 1249 opiﬁcis
3696 1195 3797 1234 seu

2202 1277 2508 1348 parabant,
2562 1276 2725 1328 alium
2756 1290 2785 1327 a
2816 1288 3070 1343 supremo
3128 1276 3373 1327 omnium
3402 1273 3563 1327 Patre
3592 1276 3792 1328 mundi

2203 1370 2545 1424 conditorem
2604 1366 3025 1430 constituentes,
3085 1382 3247 1435 quem
3308 1377 3362 1421 et
3438 1369 3615 1437 ipsum
3686 1368 3792 1420 Dei

2203 1461 2421 1516 nomine
2463 1461 2774 1522 vocabant;
2808 1459 3059 1527 quamvis
3098 1460 3322 1525 factum,
3348 1470 3404 1514 et
3451 1460 3788 1528 ignorantia!

2204 1552 2503 1606 obnoxium
2541 1566 2662 1607 esse
2710 1553 2979 1616 dicerent,
3018 1567 3117 1606 nec
3148 1552 3379 1620 proinde
3421 1564 3549 1603 vere
3587 1551 3792 1614 Deum,

2206 1644 2307 1696 nisi
2351 1659 2505 1698 mens
2533 1661 2628 1698 eos
2652 1648 2879 1700 omnino
2909 1644 3279 1705 destituisset,
3310 1658 3434 1697 esse
3463 1644 3787 1700 crederent.

2204 1737 2270 1791 Et
2295 1739 2398 1792 hoc
2431 1740 2605 1807 ipsum
2630 1739 3124 1809 explicatlrenzeus
3155 1738 3249 1791 lib.
3275 1752 3350 1799 tv,
3374 1752 3496 1804 cap.
3526 1736 3617 1801 55,
3636 1753 3694 1789 η.
3718 1739 3791 1791 3:

2137 1805 2179 1859 Β
2204 1831 2473 1885 Jndicabil
2505 1843 2679 1886 autem
2722 1842 2770 1886 el
2797 1849 2883 1886 eos
2916 1833 3006 1902 qui
3042 1842 3163 1885 sunt
3195 1848 3225 1884 a
3261 1830 3542 1884 Valentino
3575 1848 3790 1897 omnes,

2204 1925 2330 1993 quia
2359 1924 2539 1991 lingua
2567 1924 2778 1994 quidem
2804 1925 3117 1992 conﬁtentur
3143 1940 3307 1976 unum
3345 1923 3510 1976 Deutn
3541 1922 3793 1988 Putrem,

2203 2026 2251 2069 et
2300 2032 2366 2069 ea:
2412 2016 2508 2070 hoc
2539 2018 2763 2079 omnia;
2792 2019 2961 2085 ipsum
2991 2027 3168 2069 autent
3223 2016 3315 2084 qui
3359 2015 3538 2083 fecerit
3580 2016 3791 2080 omnia,

2203 2107 2519 2177 defectionis
2572 2108 2676 2162 sive
2729 2107 2864 2162 labis
2913 2106 3145 2177 fructum
3195 2125 3309 2162 esse
3345 2109 3550 2162 dicunt.
3580 2110 3795 2167 Aperte

2206 2200 2374 2269 igitur
2413 2202 2690 2269 professus
2726 2209 2809 2255 est
2850 2201 3177 2256 Valentinus
3218 2217 3386 2254 unum
3442 2216 3564 2256 esse
3590 2202 3792 2256 Deum.

2203 2293 2270 2347 Et
2301 2304 2452 2349 certe
2478 2295 2740 2348 abhorret
2774 2310 2800 2347 a
2830 2294 3162 2358 verosimili,
3197 2303 3292 2346 aut
3317 2295 3531 2363 priores
3563 2292 3797 2347 Gnosti-

2204 2400 2319 2451 cos,
2346 2400 2577 2455 quorum
2604 2385 2848 2456 plerique
2889 2402 2918 2441 e
2959 2383 3267 2441 Judarornm
3295 2390 3591 2458 propagine
3612 2388 3792 2456 legem

2202 2476 2521 2543 Mosaicam,
2565 2476 2935 2548 Iudaicosque
2987 2479 3129 2533 ritus
3157 2494 3280 2533 cum
3314 2478 3626 2534 Christiana
3660 2496 3795 2547 pro-

2202 2568 2444 2625 fessione
2508 2569 2939 2640 conjungebant,
2996 2571 3197 2641 quibus
3251 2586 3351 2626 nec
3404 2573 3792 2627 venerandum

2202 2659 2306 2715 SS.
2338 2660 2630 2716 Trinitatis
2663 2663 3011 2733 mysterium,
3040 2664 3186 2733 quod
3215 2664 3311 2717 Dei
3359 2665 3626 2718 unitatem
3670 2668 3796 2718 vio-

2202 2753 2315 2807 lare
2348 2754 2656 2808 hominibus
2681 2763 2898 2809 terrena
2928 2756 3199 2810 duntaxat
3242 2757 3587 2826 sapientibus
3634 2759 3797 2812 vide-

2202 2856 2373 2911 retur,
2420 2846 2737 2915 persuaderi
2782 2862 2891 2902 non
2928 2857 3221 2919 potuerat;
3254 2860 3349 2904 aut
3396 2849 3791 2917 Valentinum,

2200 2953 2403 3008 eosque
2434 2954 2649 3004 omnes,
2708 2940 2798 3009 qui
2835 2950 3019 3010 spreta
3062 2942 3349 3011 gentilium
3391 2945 3794 3013 superstitione

2200 3030 2566 3086 Christianam
2617 3031 2940 3101 religionem
2989 3033 3225 3103 amplexi
3278 3033 3543 3103 fuerant,
3587 3054 3786 3093 omnes

2201 3122 2440 3191 aliquam
2490 3123 2686 3179 saltem
2735 3125 3033 3195 Evangelio
3065 3127 3228 3181 ﬁdem
3278 3127 3489 3183 habere
3534 3144 3593 3184 se
3637 3146 3782 3185 con-

2197 3212 2395 3281 fessos,
2431 3215 2720 3285 profanum
2752 3221 3268 3291 exsecrandumque
3295 3220 3629 3275 Christianis
3662 3239 3790 3277 om-

2195 3307 2356 3361 nibus
2402 3309 2827 3379 polytheismum
2870 3314 2937 3367 ab
2967 3313 3196 3367 interitu
3241 3315 3503 3379 excitare,
3538 3322 3633 3368 aut
3684 3315 3792 3367 im-

2196 3414 2446 3456 mensum
2471 3417 2832 3472 personarum
2858 3405 3170 3460 divinarum
3201 3421 3493 3461 numerum
3531 3407 3793 3477 proﬁteri

2194 3490 2452 3547 voluisse.
2478 3494 2534 3549 ld
2556 3495 2770 3550 scilicet
2787 3496 3203 3552 exborruissent
3231 3496 3533 3554 Christiani
3570 3514 3793 3567 omnes,

2194 3584 2706 3655 veteratoribusquc
2730 3592 2905 3658 §vante
2937 3588 3095 3645 fama:
3116 3600 3171 3646 et
3201 3589 3537 3644 asseclarum
3571 3592 3796 3662 cupidis

2199 3674 2345 3729 male
2380 3678 2655 3734 cessisset.
2685 3678 2796 3736 Nec
2826 3691 3037 3737 tantum
3080 3684 3236 3738 nefas
3266 3682 3498 3737 inultum
3524 3683 3680 3738 abire
3721 3685 3797 3739 si-

2192 3774 2366 3829 visset
2390 3772 2650 3835 Irenazus,
2682 3773 2773 3841 qui
2794 3772 3076 3827 hominum
3102 3772 3306 3842 ﬂagitia
3333 3774 3519 3826 omnia
3547 3783 3601 3828 et
3630 3788 3796 3829 erro-

2196 3880 2315 3918 rum
2342 3874 2589 3934 portenta
2629 3863 2953 3935 detegenda,
2992 3875 3047 3918 et
3092 3880 3190 3934 pro
3219 3865 3415 3921 merito
3461 3865 3792 3936 castiganda

2197 3958 2300 4013 sibi
2334 3966 2678 4026 susceperat.
2715 3956 2765 4012 ls
2803 3971 2955 4022 vero,
3001 3958 3131 4012 licet
3176 3972 3319 4028 saepe
3349 3956 3554 4026 saepius
3584 3970 3794 4029 arguat

2195 4050 2337 4120 quod
2368 4050 2553 4105 mundi
2576 4049 2917 4104 conditorem
2941 4064 2969 4102 a
2990 4063 3247 4118 supremo
3271 4049 3434 4106 Patre
3455 4050 3791 4113 dividerent,

2196 4156 2472 4210 unumque
2495 4152 2550 4196 et
2575 4142 2826 4197 eumdem
2851 4156 2972 4196 esse
2995 4158 3179 4197 rerum
3215 4143 3465 4211 Opiﬁcem
3494 4158 3559 4198 ac
3594 4159 3797 4215 supre-

2197 4251 2342 4289 tnum
2374 4234 2591 4289 Patrem
2617 4237 2988 4301 demonstret;
3020 4236 3147 4292 licet
3173 4236 3240 4290 de
3261 4236 3371 4291 Deo
3401 4238 3620 4307 indigne
3644 4254 3786 4293 sen-

2197 4328 2354 4396 sisse,
2385 4328 2780 4399 hominumque
2825 4327 3078 4396 allectus,
3106 4329 3547 4396 imperfectiones
3574 4331 3789 4385 etvitia

2198 4421 2250 4474 in
2286 4435 2408 4475 eum
2460 4420 2601 4475 male
2639 4418 2988 4476 transtulisse
3018 4402 3316 4493 ’[ΧΧΧΝ]
3350 4422 3565 4492 probet;
3634 4438 3788 4476 nun-

2197 4528 2361 4582 quam
2407 4522 2595 4567 tamen
2631 4522 2691 4567 ut
2720 4512 3035 4579 πολυθὼυς,
3091 4524 3189 4569 aut
3231 4514 3546 4570 divinarum
3589 4530 3792 4584 persoo

2198 4621 2392 4658 narum
2436 4620 2725 4659 numerum
2771 4620 2938 4675 supra
2970 4606 3187 4661 modum
3233 4617 3492 4677 augentes
3523 4608 3788 4674 traducit,

2198 4705 2589 4768 argumentave
2614 4698 2896 4767 conquirit
2921 4698 3120 4768 quibus
3158 4698 3352 4753 Patres
3383 4699 3479 4754 Dei
3513 4700 3790 4756 unitatem

2196 4791 2534 4860 persuadere
2562 4788 2864 4855 solebant;
2897 4806 2926 4843 a
2960 4791 3161 4861 quibus
3195 4792 3579 4856 nihilominus,
3626 4800 3685 4845 ut
3713 4795 3792 4849 ab

2198 4883 2322 4938 imis
2353 4881 2631 4937 radicibus
2666 4882 2865 4935 malum
2899 4884 3082 4937 statim
3130 4883 3484 4950 convelleret,
3528 4884 3786 4954 disputa-t

2200 4973 2363 5029 tionis
2388 4974 2544 5028 initia
2572 4974 2776 5029 ducere
2799 4972 3100 5029 debuisset.
3135 4976 3289 5041 Quod
3317 4990 3441 5030 cum
3477 4990 3579 5028 non
3632 4990 3785 5044 pra:-

2206 5067 2416 5122 stiterit
2445 5068 2531 5121 vir
2559 5065 2893 5137 cmteroquin
2919 5066 3390 5129 accuratissimus,
3414 5076 3468 5121 et
3494 5067 3580 5121 cui
3604 5069 3788 5137 pro‘ne

2199 5167 2323 5212 nota
2354 5167 2510 5212 erant
2543 5155 2929 5213 Gnosticorum
2953 5155 3205 5210 omnium
3232 5158 3506 5227 dogmata;
3535 5172 3628 5212 eos
3667 5174 3786 5214 non

2197 5250 2434 5305 sensisse
2481 5264 2608 5304 suos
2636 5248 2843 5305 Eones
2890 5249 3118 5303 totidem
3150 5263 3308 5303 veros
3343 5249 3494 5311 deos,
3527 5259 3620 5301 aut
3651 5265 3789 5318 per-

2197 5356 2364 5395 sonas
2383 5341 2604 5394 divinas
2628 5339 2816 5407 fuisse,
2850 5355 2948 5411 pro
2980 5349 3132 5395 certo
3160 5340 3432 5395 atIirmare
3464 5356 3789 5411 possumus,

2197 5432 2445 5500 quamvis
2479 5432 2609 5487 deos
2641 5436 2928 5489 nominare
2955 5434 3218 5489 solerent.
3258 5433 3362 5487 Sed
3389 5448 3510 5503 quae
3539 5438 3785 5502 gepuiua

2196 5523 2358 5578 fuerit
2391 5524 2775 5580 hmreticorum
2809 5527 3025 5581 illorum
3061 5526 3127 5582 de
3157 5526 3425 5582 Eouibus
3456 5527 3569 5581 suis
3596 5542 3785 5592 mens,

2195 5616 2393 5684 quidve
2424 5625 2503 5670 tot
2525 5615 2764 5673 Aionum
2797 5633 2861 5672 ac
2888 5620 3336 5689 conjugationum
3362 5619 3580 5673 nomine
3616 5619 3784 5674 intel—

2199 5707 2457 5778 lexerint,
2489 5722 2559 5764 ex
2605 5709 2908 5766 tutioribus
2932 5720 3069 5786 ‘tum
3122 5708 3333 5777 lrcnaai,
3365 5722 3478 5765 tum
3527 5721 3782 5767 veterum
