3954 6352
210 360 293 417 75
1147 361 1603 422 DlSSERTATlO
1636 367 1680 430 l,
1719 364 1883 422 ΛΒΤ.
1923 367 1961 433 l,
2002 363 2088 421 DE
2125 364 2545 425 VALENTINO.
3433 374 3499 430 7i

213 482 445 536 aliorum
468 481 781 552 principiis,
813 493 1080 555 quantum
1112 484 1164 539 in
1205 502 1262 540 re
1291 485 1689 542 obscurissima
1719 484 1800 540 fas
1831 488 1876 544 Α
1904 496 2083 542 seant.
2113 487 2240 544 "ac
2271 503 2403 560 ergo
2459 487 2974 544 Valentinianorum
3023 488 3302 545 sententia
3353 501 3500 556 erat,

211 586 316 632 est.
346 573 814 643 investigandum.

283 667 376 723 53.
415 670 510 724 Sic
539 685 568 722 a
603 668 1009 725 Valentinianis
1035 668 1245 727 Eones
1273 672 1462 738 dividi,
1498 682 1556 725 ut
1583 672 1673 726 alii
1695 673 1808 726 sint

210 763 468 825 masculi,
507 762 600 816 alii
633 762 874 828 feminae,
907 765 1248 832 masculique
1271 781 1395 820 cum
1427 765 1646 818 feminis
1673 781 1811 818 cou-

205 850 518 920 jugentur,
572 854 684 921 jam
762 853 1026 908 diximus.
1087 855 1260 910 Porro
1323 855 1556 910 feminas
1600 854 1808 910 JEones

211 961 398 999 meras
450 962 573 1001 esse
631 947 1002 1002 masculorum
1051 947 1397 1016 affectiones,
1453 951 1692 1005 virtutes
1755 961 1810 1006 et

211 1044 608 1112 proprietates,
650 1056 761 1095 non
795 1041 1135 1097 substantias
1185 1052 1576 1112 autpersonas
1627 1047 1695 1098 ab
1738 1046 1807 1100 iis

211 1136 464 1191 diversas
496 1147 593 1190 aut
622 1137 933 1200 distinctas,
969 1145 1180 1190 certum
1213 1137 1453 1191 videtur.
1493 1136 1557 1190 Et
1583 1139 1805 1206 quidem

211 1226 289 1282 ita
353 1229 600 1282 sensisse
657 1227 942 1283 Ptolemaei
1006 1228 1306 1299 discipulos
1359 1240 1513 1284 extra
1578 1232 1805 1286 dubium

210 1330 322 1375 est.
354 1320 496 1374 Duas
526 1321 681 1375 enim
709 1335 847 1389 quas
897 1319 1073 1390 Bytho
1115 1322 1468 1392 assignabant
1523 1323 1803 1390 conjuges,

213 1415 488 1468 vocabant
541 1414 670 1483 ipsi,
724 1415 931 1469 Irenaeo
964 1424 1123 1478 teste,
1157 1414 1249 1469 lib.
1289 1431 1330 1478 ι,
1363 1430 1484 1483 cap.
1523 1416 1613 1478 12,
1663 1434 1718 1470 n.
1755 1417 1804 1482 1,

217 1506 382 1576 Bytbi
409 1504 676 1568 διαθέσεις
709 1507 800 1558 καὶ
827 1506 1110 1577 δυνάμεις,
1133 1505 1450 1575 a/fectiones
1481 1517 1526 1560 et
1562 1511 1803 1562 virtutes.

218 1597 334 1654 Nec
362 1616 519 1655 secus
544 1600 789 1655 sensisse
817 1609 1048 1655 Caeteros
1086 1601 1497 1656 Valentinianos
1520 1617 1588 1656 ex
1614 1605 1805 1657 eodem

213 1688 418 1744 iremco
460 1692 766 1745 manifeste
810 1691 1109 1762 colligitur.
1163 1689 1213 1745 Is
1244 1692 1564 1762 quippelib.
1594 1709 1655 1756 ιι.
1682 1710 1803 1763 cap.

211 1782 302 1843 {-3,
333 1783 421 1836 ubi
456 1783 801 1852 probandum
835 1784 938 1839 sibi
961 1787 1152 1847 sumit,
1186 1785 1596 1840 triacoutadem
1625 1787 1804 1841 inere-

211 1875 451 1926 ticorum
501 1884 558 1928 et
603 1873 844 1928 deiicere
885 1883 940 1927 et
986 1874 1298 1928 redundare
1331 1889 1346 1926 ε
1383 1873 1620 1928 deficere
1642 1888 1708 1927 ex
1742 1890 1807 1927 eo

210 1966 413 2033 probat
441 1966 590 2034 quod
618 1966 828 2020 Enncea
858 1981 982 2019 cum
1009 1965 1183 2037 Bytho
1215 1966 1492 2022 indivulse
1514 1968 1805 2036 conjuncta

210 2058 306 2118 sit,
366 2072 469 2109 nec
525 2057 756 2124 proinde
799 2058 868 2110 ab
907 2073 972 2110 eo
1022 2057 1234 2112 diversa
1296 2069 1391 2110 aut
1423 2072 1480 2110 re
1513 2058 1803 2114 distincta.

211 2143 556 2210 [inpossibile
577 2157 652 2200 est
680 2149 845 2212 enim,
880 2149 1076 2219 inquit,
1130 2150 1384 2205 Ennmam
1419 2151 1678 2220 alicujus,
1715 2163 1808 2205 aut

211 2237 507 2298 Silentium
536 2243 827 2309 separatim
860 2243 1109 2313 intelligi,
1143 2254 1193 2297 et
1219 2256 1370 2298 extra
1395 2261 1513 2298 eum
1559 2248 1810 2298 emissum

211 2335 494 2405 prapriam
543 2334 739 2388 habere
786 2334 1188 2404 figurationem,
1236 2338 1288 2391 id
1347 2348 1432 2391 est
1483 2337 1712 2393 formam
1755 2347 1812 2392 et

215 2437 495 2482 naturam.
539 2427 648 2480 Sed
694 2427 848 2496 quia,
892 2428 1034 2496 quod
1092 2430 1260 2497 probe
1289 2428 1550 2493 callebat,
1597 2446 1659 2485 ea
1705 2448 1808 2486 non

215 2530 339 2573 erat
373 2519 893 2573 Valentinianornm
927 2523 1225 2584 sententia,
1265 2521 1532 2578 Ennmam
1564 2540 1590 2577 a
1624 2524 1802 2594 Bytbo

216 2616 517 2683 separatim
549 2611 800 2682 intelligi,
831 2628 930 2666 nec
952 2612 1208 2667 dicebant
1238 2631 1351 2668 esse
1381 2617 1628 2670 emissam
1658 2617 1808 2670 illum

215 2723 392 2774 extra,
434 2709 526 2762 sed
581 2709 762 2777 potius
814 2709 1106 2761 adunatam
1153 2725 1265 2761 esse
1316 2707 1650 2779 l’ropatori;
1708 2713 1811 2768 hac

218 2818 410 2858 eorum
460 2802 629 2855 allata
681 2802 1038 2870 responsione
1089 2803 1277 2856 statim
1312 2802 1499 2868 infert,
1542 2805 1808 2863 Eunczam

219 2912 333 2947 cum
368 2895 589 2963 reliquis
613 2893 901 2960 Eonibus,
931 2893 1010 2947 his
1031 2895 1122 2963 qui
1148 2911 1253 2947 non
1281 2903 1404 2947 sunt
1427 2897 1671 2964 adunati,
1707 2915 1810 2953 an-

223 2987 624 3040 numerandam
657 3001 764 3040 non
800 3001 945 3047 esse,
985 2997 1171 3058 utpote
1219 3004 1344 3057 quae
1373 3005 1400 3042 a
1432 2989 1604 3060 Bylbo
1634 2992 1705 3045 sit
1729 2992 1812 3046 in-

219 3083 501 3136 distincta.
549 3080 715 3144 Tum,
757 3081 1120 3134 necessitatem
1159 3099 1272 3136 esse
1305 3099 1507 3136 omnem
1553 3084 1618 3137 ab
1660 3091 1808 3137 unita

1911 580 2126 648 htchue
2153 581 2468 634 dicebantur
2503 584 2568 635 ab
2593 583 2754 652 ipsis,
2800 581 3061 636 feminam
3100 582 3335 639 Eouem
3373 601 3501 640 cum

1910 673 2160 728 masculo
2187 673 2470 730 individue
2496 674 2766 745 c0pulari,
2799 677 2926 745 quia
2953 686 3075 730 erat
3115 677 3268 730 velut
3289 677 3504 733 aﬂ'ectio

1911 763 2053 830 ejus.
2097 763 2253 830 Quod
2287 766 2424 820 adeo
2456 778 2698 827 certum.
2736 778 2796 822 ut
2827 769 2953 823 inde
3005 769 3208 825 invicte
3244 770 3505 825 conﬁciat

1911 853 2149 909 [remeas
2179 870 2364 910 secum
2411 855 2546 925 ipsis
2573 873 2842 928 pugnare,
2879 860 3318 928 manifestissime
3358 863 3498 915 duas

1910 948 2210 1000 contrarias
2243 949 2305 1000 de
2331 949 2514 1002 eodem
2538 951 2828 1005 sententias
2856 962 3128 1006 censentes
3149 969 3168 1017 ;
3199 953 3327 1008 hinc
3350 953 3502 1007 scili-

1909 1046 1998 1092 cet
2052 1037 2312 1106 Suphiam
2373 1039 2492 1092 sine
2555 1042 2918 1110 permistione
2970 1039 3225 1111 conjugis
3281 1039 3501 1096 Tlieleti

1911 1143 2128 1198 passam
2155 1143 2279 1182 esse
2305 1130 2640 1197 passionem,
2670 1143 2724 1186 et
2764 1135 3065 1200 separatim
3105 1132 3227 1186 sine
3254 1146 3319 1185 eo
3347 1130 3502 1187 femi-

1910 1237 2036 1275 nam
2073 1237 2404 1291 generasse:
2448 1225 2598 1278 illinc
2628 1240 2756 1278 vero
2789 1224 3050 1295 Sophiain
3097 1241 3223 1280 cum
3255 1227 3492 1297 conjuge

1917 1323 2027 1366 tam
2059 1323 2214 1368 arcte
2251 1317 2622 1386 coniunctam.
2655 1329 2715 1371 ut
2738 1327 2885 1372 esset
2909 1318 3127 1373 aliectio
3153 1319 3294 1386 ejus.
3341 1320 3502 1387 Quod

1909 1406 2127 1476 quidem
2158 1419 2542 1478 argumentum
2586 1409 2746 1464 futile
2794 1419 2966 1477 esset,
3015 1411 3061 1465 si
3101 1427 3263 1466 secus
3291 1413 3498 1467 sensis-

1910 1509 2030 1554 sent
2060 1499 2330 1567 haeretici,
2366 1511 2420 1555 et
2455 1502 2688 1556 feminas
2711 1502 2919 1558 Eones
2951 1519 2978 1556 a
3015 1505 3264 1560 maribus
3290 1520 3350 1560 re
3381 1506 3499 1562 dis-

1913 1593 2228 1651 tinxissent.
2261 1594 2330 1648 Et
2359 1594 2487 1648 hinc
2509 1595 2624 1666 jam
2651 1606 2900 1665 apparet,
2933 1611 3033 1651 cur
3063 1597 3158 1652 lib.
3199 1613 3238 1663 ι,
3264 1612 3386 1668 cap.
3437 1600 3493 1664 i,

1911 1701 2357 1756 unumquemque
2381 1685 2614 1742 Eonem
2647 1688 3186 1744 masculo-feminam
3211 1704 3334 1745 esse
3357 1691 3507 1746 dice-

1911 1789 2053 1845 rent,
2090 1790 2143 1833 et
2193 1780 2559 1850 primigenum
2616 1783 2863 1850 ogdoada
2915 1793 3155 1852 quatuor
3189 1785 3504 1840 nominibus

1913 1875 2180 1928 duntaxat
2232 1885 2628 1945 nuncuparent,
2681 1875 2904 1930 omissis
2951 1876 3279 1930 feminarum
3314 1877 3502 1945 appel~

1914 1965 2230 2020 lationibus.
2275 1966 2412 2021 Cum
2443 1969 2589 2022 enim
2640 1967 2722 2021 ha:
2754 1969 3127 2025 masculorum
3176 1970 3499 2026 alfectiones

1909 2067 2116 2120 essent,
2141 2059 2508 2126 praprietates
2550 2073 2615 2111 ac
2652 2059 2883 2114 virtutes
2900 2061 3114 2126 activa),
3142 2076 3250 2115 non
3293 2060 3497 2116 mirum

1913 2155 1959 2207 si
1987 2154 2040 2206 in
2084 2167 2396 2218 numerum,
2433 2153 2526 2221 qui
2569 2168 2638 2207 es
2675 2154 2953 2209 distinctis
3003 2155 3313 2213 unitatibus
3370 2171 3502 2210 coa-

1916 2243 2098 2307 lescit,
2121 2246 2345 2312 proprie
2370 2257 2480 2297 non
2520 2245 2795 2309 venirent,
2849 2256 2905 2300 et
2945 2249 3326 2317 unusquisque
3354 2247 3504 2304 Eon

1915 2332 2392 2388 masculo-femina
2438 2334 2740 2402 diceretur,
2779 2338 2873 2405 qui
2908 2337 3112 2394 virtute
3149 2341 3328 2395 activa
3361 2358 3500 2412 gau-

1913 2424 2100 2488 debat,
2127 2439 2252 2494 qua:
2279 2425 2328 2479 ei
2351 2426 2526 2479 instar
2557 2425 2774 2482 femina:
2805 2437 2975 2482 esset.
3010 2429 3146 2483 Cum
3177 2430 3360 2500 itaque
3379 2434 3498 2501 jam

1912 2526 2129 2571 constet
2153 2516 2359 2573 Eones
2397 2519 2628 2572 feminas
2653 2534 2682 2572 a
2714 2519 2964 2575 maribus
2988 2520 3336 2579 indistinctas
3359 2540 3505 2590 esse,

1913 2609 2139 2674 .Eones,
2179 2611 2224 2664 si
2272 2611 2495 2681 proprie
2537 2621 2593 2664 et
2625 2626 2695 2666 ex
2758 2611 2839 2666 rei
2893 2613 3135 2670 veritate
3186 2615 3334 2686 loqui
3365 2618 3506 2672 veli-

1915 2718 2057 2768 mus,
2089 2717 2212 2758 esse
2241 2717 2347 2758 non
2380 2702 2744 2773 possuntplus
2766 2719 2928 2774 quam
2959 2705 3304 2775 quindecim,
3330 2718 3428 2762 aut
3457 2709 3505 2763 si

1915 2795 1981 2850 iis
2005 2793 2312 2866 adjungere
2355 2793 2527 2849 libeat
2571 2794 2781 2864 Horon,
2829 2796 3199 2853 Christum‘et
3230 2797 3500 2870 Spiritum

1917 2900 2196 2958 sanctum,
2249 2906 2314 2947 ac
2365 2889 2734 2957 Salvatorem,
2797 2891 2919 2960 plus
2969 2907 3135 2960 quam
3195 2892 3387 2948 decem
3447 2903 3507 2950 et

1914 2999 2131 3049 novem,
2161 2983 2218 3038 in
2267 2998 2501 3054 quorum
2550 2983 2824 3038 duntaxat
2869 2984 3249 3052 investiganda
3300 2994 3502 3040 natura

1916 3089 2062 3133 totus
2092 3079 2328 3132 vertitur
2361 3079 2695 3134 dillicultatis
2729 3078 2916 3132 cardo.

219 3176 621 3245 eonjugatione,
673 3185 721 3228 et
772 3174 1136 3242 inseparabili,
1183 3183 1231 3228 et
1286 3191 1452 3229 unum
1500 3178 1805 3243 easistente,
1836 3181 1878 3239 C
1982 3173 2360 3230 54.Eamdem
2382 3188 2491 3228 non
2522 3175 2698 3229 fuisse
2722 3173 3229 3228 Valentinianorum
3259 3173 3503 3230 omnium

218 3274 585 3335 indiscretum,
622 3280 669 3324 et
710 3271 916 3324 unitam
948 3285 1064 3322 eam
1101 3285 1220 3338 qua:
1243 3285 1308 3322 ea:
1337 3287 1398 3323 ea
1437 3281 1532 3336 est,
1559 3273 1806 3327 emissio-

219 3381 329 3418 nem
351 3364 498 3432 ﬁeri,
532 3374 589 3415 ut
621 3377 725 3415 non
755 3362 820 3414 sit.
846 3359 1128 3413 dissimilis
1173 3361 1235 3412 ab
1265 3377 1324 3413 eo
1356 3361 1449 3429 qui
1494 3363 1686 3417 emisit.
1721 3368 1803 3420 Ac

220 3457 466 3528 proinde,
500 3471 669 3507 unum
709 3464 755 3508 et
785 3454 924 3506 idem
947 3453 1087 3521 ﬁeri,
1119 3455 1559 3521 quemadmodum
1577 3455 1807 3526 Bytltum

218 3562 262 3605 et
292 3550 479 3618 Sigen,
524 3551 604 3602 sic
629 3560 674 3602 et
702 3547 828 3601 Ntm
857 3558 906 3600 et
931 3547 1199 3610 Alethian,
1248 3564 1449 3615 semper
1479 3551 1810 3605 adhwrentes

220 3645 436 3696 iaricem
469 3657 490 3695 :
522 3652 569 3694 et
603 3641 746 3710 quod
780 3656 882 3692 non
912 3639 1074 3707 possit
1107 3640 1333 3692 alterum
1369 3641 1482 3694 sine
1527 3643 1693 3695 altero
1727 3643 1810 3695 it;-

219 3735 400 3804 telligi,
436 3730 892 3801 quemadmodum
916 3747 1077 3800 neque
1103 3748 1239 3800 aqua
1263 3733 1373 3785 sine
1396 3734 1808 3802 Itumectatione,

219 3843 378 3894 neque
397 3824 542 3893 ignis
566 3824 678 3876 sine
696 3824 893 3886 calore,
925 3838 1086 3892 neque
1107 3822 1244 3890 lapis
1270 3824 1382 3876 sine
1407 3825 1634 3890 duritia;
1660 3827 1809 3880 unita

215 3931 334 3973 sunt
361 3919 505 3972 enim
532 3917 752 3969 invicem
778 3917 911 3977 nam,
937 3925 985 3967 et
1017 3916 1244 3967 alterum
1273 3918 1338 3968 ab
1370 3917 1539 3970 altera
1571 3921 1810 3986 separari

217 4029 314 4066 non
339 4022 540 4081 potest,
570 4010 662 4063 sed
691 4025 896 4072 semper
921 4009 1239 4062 coexsistere
1271 4009 1339 4062 ei.
1372 4009 1526 4076 Quod
1555 4022 1609 4064 et
1631 4012 1807 4080 ipsum

217 4106 276 4154 de
306 4103 455 4175 Lego
484 4113 544 4157 et
591 4101 726 4164 Zoe,
763 4099 996 4154 llomine
1045 4110 1100 4153 et
1149 4101 1423 4168 Ecclesia,
1478 4111 1532 4156 et
1579 4104 1804 4174 reliquis

217 4197 455 4252 Eanum
492 4193 984 4262 coniugationibus
1027 4192 1284 4248 similiter
1310 4195 1608 4253 concludit.
1648 4196 1806 4251 Clara

219 4301 337 4344 sunt
389 4291 514 4343 lnec
555 4297 722 4354 atque
767 4286 1078 4355 perspicua.
1123 4287 1231 4340 Sed
1268 4303 1336 4341 ne
1379 4289 1658 4343 videretur
1694 4291 1809 4346 bare

217 4383 383 4450 gratis
411 4390 470 4433 et
498 4394 530 4431 a
556 4380 742 4446 seipso
789 4379 1142 4447 supposuisse
1172 4380 1556 4436 sanctissimus
1579 4393 1808 4454 martyr,

220 4476 517 4540 ipsnmmet
551 4471 1066 4525 Valentinianorum
1143 4471 1474 4541 principium
1529 4475 1718 4537 refert.
1750 4486 1808 4531 ut

221 4565 447 4619 subinde
469 4563 702 4616 alteram
722 4561 1092 4631 hypotheseos
1107 4577 1298 4618 eorum
1317 4578 1381 4632 pa
1393 4572 1527 4618 rtem
1554 4564 1802 4620 funditus

221 4667 442 4722 evertat,
481 4656 701 4711 scilicet
731 4656 995 4726 Sophiam
1029 4657 1146 4710 sine
1176 4659 1534 4726 permistioue
1557 4659 1804 4729 conjugis

220 4752 426 4806 Theleti
457 4764 679 4820 passam
724 4763 846 4802 esse
875 4748 1218 4816 passionem,
1254 4758 1310 4804 et
1350 4751 1652 4819 separatim
1685 4753 1803 4806 sine

220 4860 276 4898 eo
310 4845 554 4898 fructum
588 4855 908 4911 generasse.
944 4839 1224 4894 Feminam
1257 4843 1397 4895 enim
1423 4841 1676 4906 onnem,
1705 4844 1802 4910 ait,

223 4942 418 5005 pariter
434 4953 547 4991 esse
572 4943 777 5002 aportet
806 4949 924 4985 cum
955 4933 1212 4996 masculo,
1237 4937 1527 4986 secundum
1558 4951 1665 4997 eos,
1685 4951 1801 4987 cum

226 5035 280 5083 sit
310 5032 442 5084 relut
468 5029 683 5097 aﬂ'ectia
716 5027 858 5095 ejus.
883 5022 949 5076 Et
976 5042 1095 5076 cum
1124 5024 1234 5076 Ιηιέ
1276 5027 1350 5076 ita
1376 5041 1428 5076 se
1466 5025 1717 5088 habeant,
1755 5035 1803 5080 et

224 5141 334 5176 eum
360 5127 470 5177 lucc
504 5125 759 5173 dicantur
783 5120 848 5170 ab
876 5117 1026 5184 ipsis,
1050 5133 1231 5168 rursus
1249 5117 1582 5182 impudorate
1609 5119 1805 5171 audent

226 5218 423 5280 docere,
456 5215 738 5284 juniorem
782 5209 1109 5262 duodecadis
1140 5207 1394 5276 xEonem,
1423 5226 1576 5278 quem
1617 5219 1663 5261 et
1701 5209 1805 5264 So-

226 5313 393 5377 phiant
441 5309 740 5376 appellarit,
789 5309 906 5361 sine
949 5307 1285 5372 permistioue
1335 5304 1599 5373 conjugis,
1646 5321 1801 5372 quem

231 5400 487 5454 Thelelttm
509 5412 723 5463 t'ocunl,
748 5415 958 5467 passam
978 5415 1085 5451 esse
1105 5401 1423 5464 passionem,
1445 5407 1489 5447 fl
1516 5398 1800 5463 separatim

226 5495 323 5544 sine
343 5495 644 5556 eojructum
691 5507 992 5560 generasse,
1023 5505 1174 5559 quem
1195 5499 1243 5541 et
1268 5487 1519 5556 feminam
1544 5504 1576 5539 a
1599 5487 1798 5556 femina

232 5588 507 5648 nominant;
536 5586 591 5636 in
624 5594 830 5634 tantum
859 5582 1135 5634 dementia:
1171 5582 1454 5649 progressi,
1492 5581 1564 5632 ita
1589 5590 1643 5632 ut
1680 5597 1800 5632 ma-

230 5680 548 5742 mjesttssime
570 5678 706 5728 duas
726 5675 1030 5727 contrarios
1061 5674 1124 5726 de
1145 5673 1323 5726 eodem
1353 5674 1638 5727 sententias
1672 5688 1800 5726 cen-

289 5841 325 5868 ⁶⁷
365 5835 476 5890 Lib.
523 5836 643 5885 :ttlv.
681 5830 922 5890 Valcnt.,
955 5843 1001 5880 c.
1043 5829 1071 5879 4

541 5935 814 5989 1Ἀίιιυι..
867 5927 986 5985 (in.
1036 5924 1169 5985 VII.

1915 3266 1983 3321 de
2038 3266 2308 3322 Eonibus
2359 3265 2710 3329 sententiam,
2767 3281 2835 3320 ex
2880 3265 3106 3327 Irenaeo,
3136 3264 3502 3328 Tertulliano.

1915 3356 2265 3412 Theodoreto
2292 3367 2342 3412 et
2371 3357 2496 3412 aliis
2525 3357 2877 3427 exploratum
2899 3365 3007 3411 est.
3031 3357 3088 3412 ln
3119 3366 3332 3412 tantum
3357 3359 3504 3412 enim

1917 3450 2250 3507 Tertulliani
2289 3451 2332 3483 ⁸⁷
2371 3460 2537 3506 aetate
2565 3453 2958 3506 abscesserunt
2988 3465 3016 3504 a
3046 3454 3310 3521 magistro
3339 3453 3507 3508 disci-

1915 3546 2054 3617 puli,
2099 3557 2157 3600 ut
2189 3562 2452 3616 nusquam
2484 3545 2599 3615 jam
2638 3543 2980 3606 Valentinus,
3025 3543 3270 3614 solusque
3299 3546 3368 3598 ad
3401 3545 3504 3598 lio-

1913 3637 2156 3690 diernum
2215 3638 2516 3691 Antiochia:
2555 3638 2848 3690 Axionicus
2887 3638 3195 3690 memoriam
3236 3635 3504 3693 Valentini

1914 3729 2116 3800 integra
2161 3730 2402 3783 custodia
2442 3730 2747 3797 regularum
2794 3727 2914 3798 ejus
2964 3728 3350 3784 consolaretur.
3387 3729 3503 3786 lmo

1913 3837 2015 3877 nec
2069 3822 2398 3892 nugivendis
2459 3821 2582 3875 istis
2633 3821 2894 3876 omnibus
2955 3821 3093 3876 satis
3153 3830 3504 3892 perspectum

1914 3917 2092 3971 fuisse
2121 3916 2252 3985 quid
2280 3916 2386 3970 sibi
2411 3915 2638 3980 vellent,
2659 3929 2840 3984 quove
2878 3914 3189 3980 tenderent,
3219 3929 3318 3969 nec
3347 3915 3504 3970 invo-

1914 4009 2043 4064 luta:
2077 4011 2156 4064 rei
2197 4009 2376 4064 ideam
2425 4008 2743 4063 definiendo
2789 4022 3023 4077 usquam
3079 4009 3359 4079 explicare
3408 4026 3507 4080 po-

1915 4104 2106 4166 tuisse,
2144 4111 2378 4157 testatur
2402 4101 2639 4156 lrenteus
2679 4101 2778 4156 lib.
2814 4116 2874 4166 n,
2907 4115 3030 4171 cap.
3055 4101 3144 4165 16,
3178 4118 3236 4157 n.
3272 4103 3328 4158 9.
3361 4102 3501 4158 Nam

1914 4198 2202 4268 proposita
2254 4194 2358 4249 sibi
2411 4195 2734 4263 qutestione,
2777 4209 2942 4263 quam
2992 4209 3142 4250 nunc
3189 4209 3503 4257 versamus.

1916 4289 2211 4356 allatisque
2235 4288 2414 4341 variis
2439 4287 2893 4355 explicandarum
2913 4289 3272 4344 emissionum
3301 4290 3504 4355 modis,

1914 4379 2192 4436 concludit
2224 4398 2238 4433 :
2272 4373 2476 4433 Prwter
2505 4379 2600 4432 has
2624 4388 2800 4432 autem
2831 4381 3138 4434 emissiones
3166 4396 3259 4449 ego
3284 4382 3500 4449 quidem

1906 4473 2026 4542 jam
2069 4488 2172 4525 non
2218 4471 2458 4540 intelligo
2495 4471 2722 4524 alteram
2752 4489 2903 4539 posse
2933 4490 3020 4526 eos
3058 4473 3254 4536 dicere;
3285 4474 3379 4527 sed
3435 4491 3501 4529 ne

1839 4537 1887 4597 θ
1906 4537 2010 4636 ipsi
2035 4567 2251 4636 quidem
2280 4537 2511 4630 falteram
2536 4537 2822 4635 quamdam
2854 4567 3226 4634 praprietatem
3250 4565 3501 4620 emissam

1916 4659 2194 4712 reddentes
2227 4657 2516 4726 aliquando
2543 4657 2738 4726 cogniti
2788 4666 2912 4710 sunt
2945 4657 3117 4720 nobis,
3172 4657 3292 4710 licet
3347 4659 3502 4712 valde

1912 4752 2134 4806 multum
2165 4751 2231 4804 de
2260 4749 2568 4818 Itujusmodi
2605 4748 2870 4816 speciebus
2898 4750 3242 4816 quaestionem
3283 4749 3490 4804 habue-

1915 4845 2082 4897 rimus
2125 4858 2244 4896 cum
2284 4843 2384 4898 eis:
2407 4842 2505 4894 hoc
2547 4848 2726 4892 autem
2769 4839 2942 4892 solum
2987 4840 3194 4907 dicunt,
3238 4845 3491 4912 quoniam

1911 4938 2092 4991 emissi
2137 4944 2261 4988 sunt
2311 4935 2670 5004 unusquisque
2718 4933 2954 4998 illorum,
3005 4944 3053 4987 et
3092 4935 3242 4989 illum
3291 4945 3504 4991 tantum

1913 5027 2217 5097 cognovisse
2267 5027 2358 5095 qui
2385 5041 2440 5077 se
2487 5025 2688 5088 emisit,
2729 5024 2984 5094 ignorans
3014 5036 3193 5078 autem
3239 5043 3358 5079 eum
3407 5029 3504 5098 qui

1911 5131 2035 5174 ante
2060 5120 2212 5173 illum
2238 5128 2338 5171 est.
2367 5115 2492 5168 lam
2531 5132 2637 5168 non
2671 5126 2847 5169 autent
2895 5132 3014 5168 cum
3061 5117 3360 5171 ostensione
3380 5135 3505 5187 pro.

1910 5210 2249 5278 grediuntur,
2276 5206 2726 5276 quemadmodum
2750 5208 2928 5261 emissi
2951 5214 3096 5270 sunt,
3122 5216 3216 5259 aut
3238 5210 3504 5278 quomodo

1909 5305 2046 5371 capit
2076 5302 2180 5355 tale
2211 5301 2341 5371 quid
2365 5300 2421 5353 in
2451 5299 2780 5368 spiritalibus
2803 5299 2943 5368 ﬁeri.
2979 5300 3046 5354 Et
3074 5316 3200 5369 Cap.
3229 5300 3318 5367 H,
3354 5317 3408 5354 n.
3428 5299 3498 5356 8:

1910 5392 1982 5446 lli
2036 5393 2304 5461 paulatim
2352 5389 2585 5444 assuetis
2623 5389 2707 5444 Itis
2757 5392 3039 5444 suadentes
3070 5391 3172 5459 (sic
3220 5389 3363 5461 lego)
3408 5406 3506 5458 per

1907 5484 2327 5553 pithanologiam
2348 5500 2618 5539 assumere
2645 5484 2955 5552 praedictam
2985 5484 3323 5538 emissionem
3379 5490 3504 5554 (sex

1908 5579 2151 5648 priorum
2178 5577 2456 5649 (Bonum),
2476 5580 2714 5648 inierunt
2745 5594 2908 5648 neque
2927 5576 3311 5647 congruentia,
3339 5591 3504 5645 neque

1911 5673 2153 5741 epinutas
2189 5671 2510 5741 reliquarum
2562 5671 2905 5726 emissionuut
2968 5669 3192 5740 species,
3244 5685 3308 5723 ea:
3355 5667 3501 5737 Logo

3146 5929 3184 5986 3
