3954 6352
478 377 551 434 τε
1300 370 1890 427 DISSERTATIONES
1921 369 2045 425 PR}.

2152 368 2227 424 EE
2264 370 2330 425 ΙΝ
2365 370 2625 427 ΙΒΕΝᾸΞΙ
2660 371 2926 428 LIBROS.
3672 378 3742 434 76

469 491 684 566 quidem
704 501 754 548 et
774 488 882 545 Zoe
904 489 1081 545 decem
1103 489 1340 545 dicentes
1360 489 1572 545 onnas
1594 490 1836 551 emissos,
1855 494 1919 541 de
1940 489 2046 541 An-
2084 489 2131 545 Α
2161 497 2336 557 taxat,
2366 504 2473 542 non
2510 489 2698 558 plures
2719 490 2851 544 deos
2873 487 3204 553 admitteret,
3236 489 3421 545 addit:
3455 490 3742 551 Ilonestior

468 590 656 654 tliropo
671 594 851 641 autem
865 592 909 636 et
926 581 1165 637 Ecclesia
1182 584 1494 647 duodecim;
1511 592 1560 637 et
1578 584 1765 636 horum
1786 596 1877 634 nec
1891 590 2058 633 osten-

465 678 693 741 sionem,
714 675 1153 738 nectestimonia,
1178 691 1272 728 nec
1290 674 1833 737 verisimilitudinem,
1876 687 1969 725 nec
2000 671 2057 723 in

465 776 640 824 totum
660 768 865 839 aliquid
882 766 1073 820 talium
1096 766 1371 832 habentes,
1390 766 1593 835 frustra
1609 772 1811 828 autem,
1830 772 1878 818 et
1898 770 2055 832 prout

465 862 656 928 evenit,
676 861 822 918 credi
838 860 1043 926 volunt,
1092 875 1158 912 ea:
1202 859 1341 929 Logo
1367 870 1415 911 et
1441 858 1550 912 Zoe
1569 858 1764 912 .Eonis
1781 856 2055 923 {exsisten-

467 958 609 1012 tibus
626 958 876 1010 emissum
897 971 1009 1009 esse
1026 954 1279 1025 Bylhinm
1293 963 1341 1007 et
1365 950 1563 1018 Mixin,
1577 960 1685 1006 etc.
1704 950 1912 1017 Quibus
1932 967 2056 1005 ver-

465 1050 551 1103 bis
565 1045 811 1120 [XXXV]
826 1045 1097 1116 signiﬁcat
1116 1041 1523 1098 Valentinianos
1541 1041 1757 1110 quidem
1795 1040 2056 1095 aﬁirmas-

469 1157 530 1197 se
545 1140 751 1198 mones
766 1141 835 1194 ab
858 1136 1127 1193 monibus
1156 1134 1331 1190 emitti
1351 1150 1366 1200 ;
1385 1134 1480 1189 sed
1500 1133 1589 1188 ubi
1610 1134 1677 1187 ad
1700 1134 2051 1188 emissionum

466 1230 913 1303 explicationem,
943 1239 1000 1284 et
1028 1231 1097 1282 ad
1128 1227 1496 1283 deliniendam
1526 1225 1766 1280 Aionum
1799 1234 2051 1281 naturam

466 1335 689 1379 ventum
717 1331 864 1389 erat,
891 1323 1119 1377 haesisse
1143 1335 1386 1390 prorsus,
1419 1335 1521 1376 uec
1546 1320 1684 1376 satis
1708 1320 2051 1390 perspicuam

466 1417 553 1471 vel
581 1416 697 1471 suis
720 1415 809 1469 vel
839 1413 1070 1469 aliorum
1100 1413 1303 1467 animis
1334 1426 1525 1467 earum
1553 1427 1734 1468 rerum
1766 1413 1944 1467 ideam
1972 1414 2054 1466 in-

466 1507 708 1563 formare
736 1507 1000 1579 potuisse.
1042 1506 1100 1561 Si
1135 1507 1487 1562 Colorbasum
1526 1507 1834 1573 audiamus,
1862 1506 2052 1575 primae

461 1601 657 1657 saltem
690 1601 955 1671 ogdoadis
976 1598 1184 1655 IEones
1213 1600 1347 1655 nihil
1371 1599 1519 1654 aliud
1550 1610 1680 1655 sunt
1706 1615 1869 1671 quam
1895 1600 2049 1670 plura

464 1691 635 1745 variis
669 1692 832 1745 unius
854 1698 912 1745 et
942 1689 1186 1760 ejusdem
1216 1690 1293 1744 rei
1325 1687 1726 1754 aﬁectionibus,
1756 1689 1969 1744 actibus
1998 1700 2053 1743 et

462 1782 898 1854 perfectionibus
926 1782 1097 1838 indita
1125 1782 1379 1848 nomina;
1414 1796 1522 1837 non
1544 1795 1702 1838 secus
1727 1798 1792 1837 ac
1813 1781 2046 1851 theologi

462 1876 719 1933 catholici
749 1878 912 1949 vulgo
935 1876 1125 1932 dicunt
1151 1875 1447 1944 justitiam,
1472 1876 1801 1939 bonitatem,
1830 1876 2049 1945 sapien-

461 1971 617 2037 tiam,
648 1980 783 2036 etc.,
817 1984 849 2023 a
879 1970 993 2025 Deo
1037 1985 1144 2023 non
1188 1983 1269 2033 re,
1298 1968 1393 2022 sed
1432 1969 1763 2039 cogitatione
1788 1968 1902 2023 sola
1936 1968 2049 2024 dis-

463 2064 678 2133 tingui,
724 2075 953 2132 esseque
987 2077 1153 2116 unum
1183 2071 1239 2115 et
1278 2060 1529 2117 eumdem
1573 2060 1766 2125 Deum,
1805 2060 1903 2129 qui
1949 2075 2048 2129 pro

462 2155 678 2209 diversa
719 2154 936 2209 ratione
966 2153 1128 2207 modo
1154 2153 1360 2221 justus,
1393 2152 1556 2206 modo
1582 2151 1780 2216 bonus,
1807 2154 2046 2223 sapiens,

458 2259 597 2317 etc.,
628 2257 853 2304 vocetur
872 2263 902 2302 a
930 2246 1109 2302 nobis.
1146 2245 1375 2311 Quando
1398 2245 1593 2316 (inquit
1610 2246 1752 2315 apud
1779 2245 2047 2301 lreneeum

460 2340 559 2397 lib.
587 2357 627 2405 ι,
653 2356 777 2411 cap.
798 2340 888 2408 12,
918 2354 975 2393 n.
997 2338 1054 2409 5)
1081 2339 1326 2408 cogitavit
1352 2338 1554 2408 aliquid
1584 2338 1820 2393 emittere
1842 2337 2048 2408 Propa-

458 2440 568 2498 tor,
608 2432 707 2486 hoc
741 2431 905 2485 Pater
936 2442 1149 2487 vocatus
1181 2444 1291 2493 est;
1332 2443 1388 2486 at
1426 2433 1518 2487 ubi
1542 2450 1658 2504 qua:
1684 2437 1881 2501 emisit,
1926 2453 2047 2491 vera

456 2525 697 2594 fuerunt,
726 2525 824 2578 hoc
852 2523 1063 2577 Alethia
1086 2537 1324 2578 vocatum
1351 2536 1451 2584 est.
1478 2525 1609 2579 Cum
1632 2543 1754 2595 ergo
1780 2528 1943 2582 valuit
1966 2544 2049 2582 se-

456 2618 739 2685 metipsum
771 2617 1060 2679 ostendere,
1098 2618 1195 2670 hoc
1226 2619 1525 2685 Anthmpos
1553 2620 1753 2673 dictum
1779 2631 1875 2674 est.
1902 2621 2046 2687 Quos

454 2719 636 2766 autem
653 2708 1107 2777 prmeogitaverat,
1130 2720 1469 2778 posteaquam
1481 2713 1675 2777 emisit,
1689 2714 1785 2767 hoc
1805 2714 2045 2768 Ecclesia

457 2812 643 2856 vocata
676 2808 775 2855 est.
793 2799 1025 2854 Baculus
1062 2811 1139 2854 est
1177 2801 1477 2872 Anthropos
1497 2801 1708 2873 Logon;
1735 2807 1820 2858 hic
1838 2817 1912 2860 est
1936 2811 2047 2875 pri-

455 2896 751 2965 mogenitus
781 2893 983 2949 Filius.
1020 2893 1378 2969 Subsequitur
1405 2907 1581 2950 autem
1618 2898 1799 2969 Logon
1838 2900 1963 2964 Zoe,
1995 2911 2046 2956 et

453 2990 536 3043 sic
567 2990 742 3058 prima
775 2990 1040 3041 octonatio
1081 2987 1338 3058 completa
1377 3000 1476 3043 est.
1511 2990 1656 3046 idem
1688 3008 1818 3062 ergo
1848 3009 2043 3065 supre—

460 3096 584 3136 mus
628 3080 792 3134 Pater
832 3090 939 3145 est,
982 3080 1074 3149 qui
1120 3081 1336 3137 diversa
1384 3080 1583 3148 Patris,
1634 3084 1884 3151 Alethire,
1932 3089 2046 3140 An-

2161 592 2209 636 et
2242 580 2516 635 liberalior
2556 580 2871 635 Valentinus
2898 621 2913 645 ,
2948 584 3037 653 qui
3070 582 3229 636 simul
3271 601 3436 640 ausus
3471 595 3550 640 est
3606 591 3744 642 duos

2161 675 2453 743 concipere,
2490 673 2719 743 Bgthum
2757 684 2804 726 et
2840 672 3021 744 Sigen,
3055 692 3173 728 cum
3206 693 3369 747 usque
3422 678 3494 731 ad
3526 679 3747 748 triginta

2159 764 2399 819 Ᾰῗοηυιη
2436 766 2593 829 fetus,
2640 776 2893 835 tanquam
2940 766 3158 821 onnia’
3195 769 3467 838 scroplue,
3521 786 3747 824 examen

2158 857 2462 910 divinitatis
2510 859 2717 927 e/j‘udit.
2756 858 2858 914 Ubi
2896 875 3001 913 non
3052 860 3215 914 Inodo
3258 862 3481 931 triginta
3532 861 3745 917 Eones

2160 950 2292 1003 deos
2321 949 2575 1019 appellat,
2626 951 2722 1004 sed
2758 967 2910 1020 aeque
2957 951 3027 1005 ab
3062 952 3296 1006 invicem
3344 963 3399 1006 et
3435 953 3743 1012 substantia

2157 1052 2211 1094 et
2248 1055 2481 1111 persona
2531 1043 2821 1097 distinctos
2863 1028 3113 1097 asserere
3157 1045 3370 1099 videtur
3403 1056 3567 1116 atque
3599 1048 3744 1104 duos

2158 1132 2457 1188 Marcionis
2493 1134 2652 1201 deos;
2686 1135 2820 1190 alias
2882 1136 3083 1190 nullam
3108 1138 3250 1192 inter
3284 1150 3551 1209 utrosque
3581 1156 3744 1197 com-

2156 1226 2503 1293 parationem
2552 1227 2838 1282 instituere
2892 1230 3182 1299 potuisset.
3233 1231 3333 1285 Vix
3384 1232 3549 1302 igitur
3578 1234 3745 1303 quid-

2158 1333 2325 1388 quam
2357 1319 2495 1373 certi
2532 1320 2636 1374 hac
2688 1320 2743 1373 in
2777 1336 2836 1375 re
2874 1321 2927 1375 in
2963 1320 3287 1377 Tertulliani
3350 1323 3458 1379 ﬁde
3494 1335 3745 1381 statuere

2155 1425 2468 1480 possumus.
2519 1410 2755 1466 lrenaaus
2789 1427 2939 1478 vero,
2958 1414 3043 1467 cui
3076 1414 3253 1481 patior
3293 1414 3542 1470 habenda
3575 1416 3741 1482 ﬁdes,

2156 1509 2344 1571 utpote
2369 1520 2396 1555 a
2419 1518 2525 1571 quo
2551 1505 2736 1558 caeteri
2764 1505 3086 1568 hauserunt,
3112 1506 3205 1560 lib.
3234 1522 3273 1573 ι,
3295 1522 3416 1575 cap.
3444 1508 3470 1562 1
3496 1516 3551 1563 et
3574 1523 3762 1581 seqq.,

2154 1594 2432 1650 Ptolemaei
2453 1637 2469 1661 ,
2505 1606 2557 1651 et
2605 1613 2730 1668 cap.
2765 1588 2832 1652 il.
2864 1598 3139 1654 Valentini
3166 1601 3489 1655 sententiam
3520 1602 3742 1658 descri-

2154 1692 2314 1755 bens,
2347 1691 2399 1745 in
2432 1707 2498 1747 eo
2532 1693 2801 1748 duntaxat
2854 1694 3090 1776 alterum
3124 1695 3195 1749 ab
3225 1695 3398 1750 altero
3421 1697 3744 1768 discrepare

2154 1781 2310 1836 docet
2332 1784 2475 1852 quod
2501 1783 2585 1838 hic
2609 1785 2769 1855 ὄρους
2799 1787 2958 1853 duos,
2988 1786 3223 1841 alterum
3249 1787 3392 1842 inter
3421 1786 3657 1859 Bythum
3680 1800 3743 1844 et

2150 1872 2378 1940 Eones,
2406 1876 2638 1931 alterum
2676 1878 2820 1933 inter
2852 1879 3101 1935 Pleroma
3134 1888 3189 1935 et
3220 1879 3609 1952 Enthymesin;
3642 1883 3742 1938 ille

2153 1979 2282 2020 vero
2317 1982 2484 2021 unum
2518 1967 2695 2023 solum
2732 1968 2981 2039 ﬁngeret.
3032 1968 3259 2034 Caetera,
3310 1973 3454 2041 quod
3494 1973 3562 2027 ad
3606 1971 3740 2027 Ple-

2150 2058 2381 2112 romatis
2403 2069 2652 2113 naturam
2671 2068 2726 2115 et
2745 2061 2994 2114 ordinem
3018 2061 3236 2127 attinet,
3254 2062 3554 2118 concordes
3575 2062 3741 2117 exhi-

2149 2150 2265 2213 bet,
2289 2164 2388 2203 nec
2410 2149 2744 2204 discriminis
2766 2166 2795 2204 a
2826 2150 3161 2207 Tertulliano
3193 2154 3476 2207 memorati
3502 2169 3740 2225 usquam

2150 2240 2418 2295 meminit.
2440 2240 2603 2295 Plura
2620 2242 2837 2311 quidem
2853 2243 3137 2312 utriusque
3153 2245 3439 2315 hypothesi
3454 2246 3741 2303 addidisse

2151 2330 2473 2402 discipulos,
2502 2333 2656 2401 plura
2692 2334 3001 2389 detraxisse
3034 2351 3139 2391 non
3176 2353 3261 2393 me
3288 2337 3451 2404 latet;
3478 2339 3573 2394 sed
3606 2338 3742 2408 Epi-

2148 2425 2329 2493 phane
2376 2434 2433 2478 et
2459 2425 2756 2480 Colorbaso
2778 2465 2795 2490 ,
2830 2426 2898 2482 de
2931 2428 3133 2497 quibus
3177 2431 3430 2499 superius
3480 2433 3695 2501 egimus
3717 2471 3740 2501 ,

2150 2516 2419 2584 exceptis,
2454 2514 2595 2568 alios
2628 2515 2696 2570 de
2741 2515 2980 2572 Eonum
3035 2528 3233 2574 natura
3277 2537 3435 2576 secus
3488 2537 3553 2578 ac
3607 2523 3738 2581 illos

2148 2610 2406 2673 sensisse,
2430 2606 2618 2662 nu!libi
2652 2607 2882 2678 legimus
2908 2627 2921 2662 :
2955 2626 3019 2663 ac
3041 2611 3268 2679 proinde
3294 2611 3345 2666 in
3370 2627 3432 2667 ea
3460 2627 3521 2668 re
3538 2627 3741 2669 omnes

2147 2700 2262 2756 fere
2294 2702 2540 2756 omnium
2591 2702 2895 2770 sententias
2943 2703 3264 2768 convenire,
3301 2718 3401 2771 pro
3429 2713 3582 2759 certo
3611 2714 3738 2759 sta-

2152 2802 2309 2847 tuere
2343 2808 2659 2863 possumus.
2714 2793 2854 2860 Quid
2905 2810 3034 2849 vero
3068 2794 3135 2849 de
3187 2795 3255 2849 iis
3287 2796 3585 2859 senserint,
3614 2796 3740 2867 jam

2146 2886 2352 2953 aperio.

2220 2976 2312 3032 56.
2368 2974 2487 3031 Non
2517 2978 2763 3033 eamdem
2791 2976 2984 3040 fuisse,
3018 2978 3070 3033 in
3098 2977 3599 3035 Valentinianorum
3627 2982 3739 3053 hy-

2146 3068 2384 3138 pothesi,
2420 3068 2658 3124 Eanum
2690 3071 2934 3124 omnium
2982 3072 3348 3127 conditionem
3369 3112 3385 3138 ,
3410 3087 3478 3127 ex
3513 3074 3578 3128 iis
3607 3091 3741 3144 qua:

458 3173 667 3240 thropi,
696 3181 833 3238 etc.,
866 3184 973 3240 pro
999 3172 1234 3226 diversis
1258 3173 1559 3244 ἐνεργείαις
1580 3184 1633 3229 et
1662 3175 1853 3232 oﬁiciis
1879 3178 2045 3232 Sorti-
2070 3172 2114 3231 c
2146 3160 2383 3214 irenaeus
2412 3161 2603 3230 primis
2637 3161 2761 3215 miri
2797 3176 2813 3215 ι
2845 3162 3119 3230 capiiibus
3145 3174 3203 3218 ει
3236 3163 3364 3218 alibi
3401 3166 3603 3235 passim
3643 3183 3739 3220 re-

457 3274 553 3318 tur
613 3263 873 3329 nomina;
936 3277 1036 3317 nec
1102 3264 1330 3332 proinde
1392 3271 1654 3320 censebat
1715 3268 2046 3326 Colorbasus

458 3355 670 3412 Eones
693 3355 881 3424 primae
913 3356 1109 3411 saltem
1141 3356 1402 3427 ogdoadis
1430 3360 1770 3417 substantias
1800 3378 1921 3418 esse
1951 3377 2044 3422 aut

458 3463 728 3517 personas
780 3464 811 3502 a
862 3444 1025 3501 Patre
1079 3448 1387 3504 distinctas.
1434 3449 1543 3506 Nec
1597 3452 1758 3508 aliter
1806 3459 2045 3514 sensisse

459 3543 801 3612 Epiphanem
848 3551 1003 3612 puto,
1052 3543 1170 3611 qui,
1216 3552 1276 3597 ut
1324 3545 1577 3614 superius
1633 3549 1888 3616 vidimus,
1934 3570 2042 3608 non

459 3635 624 3691 modo
658 3633 927 3690 llenoteta
960 3645 1016 3688 et
1042 3634 1314 3690 Monoteta
1337 3676 1353 3703 ,
1382 3638 1437 3692 id
1478 3649 1567 3694 est
1597 3639 1829 3712 Bythum
1869 3657 1922 3700 et
1956 3646 2043 3699 Si-

457 3744 585 3799 gcn,
653 3744 820 3782 unum
883 3743 1005 3783 (ssc
1058 3728 1296 3793 volebat,
1356 3734 1454 3787 sed
1503 3744 1557 3788 et
1612 3738 1880 3803 emisisse,
1933 3756 2041 3795 non

458 3822 799 3885 υιιιὶιιθηιεε,
833 3820 1064 3876 Monada
1092 3830 1147 3876 et
1180 3820 1297 3877 Heu
1330 3841 1344 3878 :
1384 3825 1438 3879 id
1467 3834 1571 3895 est,
1604 3838 1771 3883 totum
1798 3834 2040 3902 priorum

457 3915 655 3969 saltem
702 3914 1062 3968 emissionum
1115 3918 1436 3986 mysterium
1486 3934 1691 3977 meram
1741 3929 2040 3984 eminentis

457 4008 742 4079 ἐνέργειαν
792 4022 943 4073 esse,
993 4022 1101 4063 non
1154 4018 1359 4063 motum
1399 4014 1769 4082 generationis
1825 4024 2043 4089 proprie

455 4099 700 4165 dictum;
731 4097 888 4166 cujus
928 4098 1196 4153 terminus
1232 4099 1398 4156 fuerit
1438 4105 1713 4175 quidpiam
1766 4111 1834 4164 ab
1878 4112 2039 4165 emit-

461 4201 632 4257 tente,
672 4205 779 4245 non
815 4206 895 4257 re,
922 4192 1017 4245 sed
1045 4194 1267 4250 nomine
1299 4205 1455 4251 tenus
1486 4198 1825 4258 distinctum.

527 4286 619 4342 55.
653 4284 1024 4340 Tertullianus
1075 4286 1120 4318 ⁸⁸
1172 4287 1224 4341 id
1280 4288 1617 4345 discriminis
1662 4293 1805 4347 inter
1853 4294 2039 4353 Ptole-

455 4392 653 4434 maeum
698 4386 756 4432 et
788 4376 1141 4433 Valentinum
1175 4382 1481 4448 constituit,
1541 4385 1685 4453 quod
1712 4386 1800 4441 hic
1837 4388 2041 4445 [Eones

453 4485 565 4526 non
602 4469 742 4524 alias
772 4486 802 4524 a
835 4471 1125 4525 divinitate
1170 4472 1535 4542 distinxisset,
1570 4492 1733 4546 quam
1763 4488 1821 4533 ut
1857 4484 2039 4539 notio-

452 4576 574 4626 nes,
607 4560 931 4616 ali'ectiones
989 4568 1043 4614 et
1072 4566 1257 4613 motus
1294 4576 1324 4615 a
1363 4577 1463 4631 re;
1524 4563 1616 4619 ille
1662 4580 1793 4622 vero
1832 4566 2039 4625 Eoues

452 4655 511 4710 in
540 4654 859 4723 personales
886 4654 1229 4709 substantias
1261 4668 1293 4707 a
1322 4654 1433 4709 Deo
1460 4666 1743 4724 separatas
1773 4660 2039 4715 transfor-

452 4757 687 4803 masset.
721 4746 857 4801 Eam
883 4748 1093 4819 (viam),
1118 4748 1320 4816 inquit,
1341 4750 1678 4815 postmodum
1713 4751 2038 4810 Ptolemteus

451 4839 699 4905 intravit,
734 4841 1041 4895 nominibus
1069 4850 1116 4893 et
1145 4841 1379 4895 numeris
1409 4839 1647 4895 onnum
1676 4845 1938 4900 distinctis
1982 4848 2038 4901 in

450 4937 759 5010 personales
781 4938 1127 5002 substantias,
1142 4939 1235 4992 sed
1258 4943 1412 4991 extra
1431 4936 1599 4991 Deum
1627 4939 2002 4999 determinatas
2018 4959 2037 4998 :

451 5050 586 5102 quas
635 5029 944 5085 Valentinus
972 5032 1025 5083 in
1050 5031 1166 5100 ipsa
1195 5048 1403 5085 summa
1431 5029 1750 5098 divinitatis,
1776 5045 1833 5087 ut
1856 5052 2037 5091 sensus

453 5134 503 5180 et
534 5124 763 5193 aﬂ'ectus
787 5132 835 5176 et
864 5128 1039 5175 motus
1068 5122 1379 5178 incluserat.
1414 5126 1484 5179 At
1517 5139 1681 5195 quam
1706 5140 1899 5196 parum
1926 5131 2035 5185 sibi

450 5222 771 5277 constiterit
817 5218 1192 5275 Tertullianus
1265 5223 1508 5277 ostendit
1560 5224 1706 5293 quod
1763 5223 1859 5280 lib.
1911 5228 2035 5284 adv.

451 5314 653 5381 Praua,
702 5328 826 5384 cap.
880 5311 936 5379 8,
977 5311 1210 5367 scribit:
1246 5311 1561 5369 Valentinus
1606 5317 1853 5386 probolas
1907 5339 2034 5377 suos

453 5407 713 5464 discernit
734 5412 786 5461 et
816 5415 1025 5475 separat
1046 5405 1113 5458 ab
1142 5414 1387 5470 auctore,
1407 5416 1453 5458 et
1486 5408 1561 5461 ita
1585 5408 1735 5483 longe
1759 5412 1824 5466 ab
1855 5428 1914 5467 eo
1939 5430 2037 5484 po-

451 5502 551 5566 nit,
585 5508 642 5553 ut
678 5496 827 5553 Eon
863 5506 1069 5567 patrem
1123 5499 1344 5554 nesciat.
1398 5499 1464 5554 Et
1492 5502 1585 5558 lib.
1621 5520 1636 5559 l
1669 5516 1853 5560 contra
1896 5506 2041 5561 Mar-

450 5595 597 5651 cion.
622 5606 748 5663 cap.
785 5590 1255 5659 5,-adversarium
1292 5608 1494 5663 urgens
1517 5637 1532 5664 ,
1580 5614 1676 5655 cur
1721 5601 1859 5659 duos
1899 5605 2033 5658 dun-

523 5824 571 5858 ⁸⁸
602 5824 720 5882 Lib.
762 5821 885 5879 adv.
920 5821 1159 5891 Valent.,
1188 5839 1287 5893 cap
1353 5826 1405 5880 6.

2148 3249 2273 3313 fert,
2312 3250 2518 3319 liquido
2548 3260 2805 3307 constare
2840 3253 3074 3309 videtur.
3127 3252 3454 3307 lmniensum
3512 3255 3660 3308 enim
3700 3271 3737 3310 a

2152 3339 2374 3395 caeteris
2402 3339 2673 3395 Eonibus
2699 3341 3037 3410 discrepasse
3070 3341 3187 3397 Nun
3217 3358 3314 3397 seu
3344 3342 3738 3415 Monogeuem,

2146 3432 2515 3487 certissimqu
2553 3441 2658 3488 est.
2695 3432 2834 3487 lluic
2881 3433 2984 3487 soli
3018 3435 3271 3505 cognitus
3304 3450 3596 3506 supremus
3622 3437 3743 3491 Pa-

2146 3536 2269 3590 ter;
2322 3525 2554 3594 reliquis
2606 3539 2739 3579 vero
2764 3525 3017 3580 omnibus
3074 3526 3367 3582 invisibilis
3422 3537 3476 3582 et
3516 3527 3743 3583 incom-

2146 3614 2530 3685 prehensibilis
2552 3622 2689 3668 erat.
2710 3611 2865 3667 Solus
2886 3614 3343 3680 Nus,'secundum
3364 3633 3475 3683 eos,
3499 3618 3742 3674 delecta-

2145 3707 2301 3757 batur
2323 3704 2497 3759 videns
2522 3704 2762 3770 Patrem,
2784 3717 2829 3758 et
2848 3708 3265 3775 magnitudinem
3280 3708 3394 3778 ejus
3416 3708 3739 3764 immensam

2145 3798 2493 3851 considerans
2522 3796 2848 3864 exsultabat,
2870 3808 2977 3854 etc.
2996 3797 3201 3868 Reliqui
3220 3800 3427 3855 xEones
3446 3818 3625 3855 omnes
3645 3811 3741 3855 ta-

2145 3893 2245 3944 cite
2260 3892 2648 3960 quodammodo
2673 3890 3045 3943 desiderabant
3070 3891 3386 3959 prolatorem
3405 3893 3618 3947 seminis
3640 3897 3738 3949 sui

2145 3983 2342 4045 videre,
2365 3989 2413 4035 et
2436 3998 2549 4035 eam
2567 3998 2685 4052 qua:
2702 3982 2813 4035 sine
2839 3982 2991 4034 initio
3011 3992 3087 4035 est
3111 3982 3339 4035 radicem
3356 3986 3738 4053 contemplari.

2146 4073 2266 4127 Uno
2312 4075 2481 4129 verbo
2517 4072 2629 4128 Nus
2650 4075 2838 4145 ὅμοιός
2874 4092 2932 4127 τε
2964 4076 3058 4127 καὶ
3090 4070 3208 4138 ἶσος
3232 4074 3309 4146 τῷ
3344 4076 3736 4148 προϐάλλοντι,

2142 4166 2335 4219 similis
2362 4178 2409 4219 et
2442 4166 2660 4234 wqualis
2709 4166 2757 4219 ei
2802 4165 2893 4234 qui
2933 4167 3202 4231 emiserat,
3236 4176 3286 4219 et
3325 4169 3469 4222 solus
3508 4170 3738 4237 capiens

2146 4258 2565 4326 magnitudinem
2592 4256 2777 4310 Patris
2802 4295 2819 4322 ,
2863 4255 3393 4328 perfectissiinaeque
3427 4261 3739 4330 agnitionis

2143 4347 2269 4401 luce
2308 4347 2697 4414 collustratus;
2750 4334 2935 4402 caeteri
2976 4356 3085 4401 tam
3136 4348 3325 4418 procul
3376 4364 3405 4403 a
3435 4348 3598 4405 Patre
3640 4349 3739 4405 dio

2144 4448 2373 4502 stantes,
2406 4448 2461 4493 ut
2499 4438 2564 4492 iis
2599 4453 2827 4507 prorsus
2877 4437 3421 4507 incomprehensibilis
3474 4450 3648 4509 esset,
3673 4453 3735 4496 et

2075 4529 2121 4584 Β
2147 4547 2251 4584 non
2284 4541 2416 4584 esset
2447 4546 2612 4599 neque
2634 4529 2828 4595 videre,
2854 4545 3017 4600 neque
3041 4532 3227 4584 audire
3251 4548 3370 4585 eum
3397 4533 3497 4586 nisi
3522 4549 3615 4602 per
3636 4550 3737 4587 so-

2144 4622 2255 4674 lum
2321 4621 2706 4692 Monogenem;
2786 4621 3107 4690 ignorantia:
3181 4621 3410 4691 proinde
3480 4624 3735 4681 tenebris

2143 4724 2336 4784 suapte
2376 4722 2570 4767 natura
2621 4713 2884 4769 obvoluti.
2921 4712 3105 4783 Longe
3140 4712 3309 4784 igitur
3341 4713 3573 4770 alterius
3632 4732 3735 4772 su-

2148 4806 2425 4861 blimioris
2458 4822 2522 4861 ac
2556 4806 2901 4877 perfectioris
2928 4815 3135 4859 natura:
3178 4804 3313 4874 Nus,
3336 4823 3496 4877 quam
3533 4812 3733 4868 caeteri

2144 4895 2367 4950 IEones.
2404 4895 2471 4949 Et
2493 4897 2740 4965 quamvis
2766 4911 2959 4952 omnes
2990 4898 3041 4952 in
3071 4895 3309 4951 IEonum
3346 4900 3567 4953 nomine
3595 4915 3737 4957 con-

2144 4988 2415 5051 venirent,
2454 5000 2649 5041 natura
2684 4988 2983 5044 dissimiles
3015 4988 3188 5045 fuisse
3218 4989 3410 5059 liquet.
3447 4991 3622 5050 Porro
3657 4997 3737 5052 de

2142 5080 2414 5148 utrisque,
2432 5090 2691 5148 quantum
2719 5096 2786 5135 ex
2805 5081 3013 5137 lrenmo
3036 5083 3309 5154 conjicere
3331 5082 3479 5150 licet,
3500 5085 3577 5139 sic
3606 5098 3736 5143 sta-

2144 5172 2405 5225 tuendum
2437 5172 2674 5225 videtur.

2212 5261 2300 5317 57.
2346 5260 2661 5330 Mouogenis
2690 5262 2908 5331 quidem
2952 5272 3203 5319 naturam
3245 5261 3483 5320 divinam
3517 5265 3731 5336 fuisse,

2139 5340 2293 5411 extra
2320 5354 2541 5411 dubium
2577 5364 2681 5410 est.
2736 5357 2840 5423 Qui
2873 5359 3017 5412 enim
3051 5357 3247 5412 similis
3278 5366 3333 5412 et
3361 5358 3585 5427 aequalis
3623 5375 3732 5413 su-

2140 5463 2329 5518 premo
2360 5447 2506 5502 Patri
2537 5446 2818 5515 statuitur,
2845 5447 3194 5518 perfectaque
3248 5448 3467 5517 capiens
3502 5450 3735 5519 magni-

2144 5538 2389 5593 tudinem
2424 5540 2562 5609 ejus,
2609 5548 2805 5593 natura
2842 5538 3067 5594 inferior
3101 5553 3220 5593 esse
3256 5554 3361 5594 non
3406 5549 3604 5608 potest.
3655 5540 3734 5599 Et

2145 5632 2409 5703 Quidquid
2444 5634 2509 5690 de
2538 5635 2645 5692 Deo
2680 5632 2841 5689 Patre
2872 5630 3145 5689 senserint
3182 5631 3454 5699 haeretici,
3486 5631 3590 5687 nisi
3620 5647 3732 5702 pe-
3824 5650 3831 5659 ι
