3954 6352
257 392 329 448 ΤΙ

1179 395 1646 457 DISSERTATIO
1677 399 1721 465 Ι,
1758 398 1920 456 ART.
1956 398 1998 465 1,
2029 396 2117 455 DE
2150 398 2569 457 VALENTINO.

3461 406 3544 463 78‘

255 509 403 566 nitus
426 507 782 581 insanierint,
816 512 945 569 huic
966 512 1087 570 Non
1138 529 1235 570 seu
1264 515 1500 573 Mentem
1528 518 1647 590 eius
1665 536 1845 590 :equa-
1874 525 1921 581 Α
1951 518 2124 583 nium,
2182 520 2296 574 sive
2323 520 2469 589 apud
2515 518 2656 575 alios
2690 519 2932 589 praebent
2982 532 3305 593 argumenta
3365 537 3425 579 se
3460 526 3531 579 de

252 603 432 657 verint
464 617 697 660 necesse
728 614 835 661 est.
869 606 955 661 An
984 621 1142 672 vero,
1186 610 1331 677 quod
1387 612 1662 669 catholica
1704 614 1837 669 ﬁdes

247 694 319 749 de
374 694 472 748 Dei
505 694 652 751 Filio
687 698 871 764 docet,
917 696 1037 754 Nun
1070 700 1509 758 existimaverint
1552 721 1838 775 personam

246 790 682 859 subsistentem,
714 809 745 849 a
781 792 950 849 Patre
992 796 1339 865 distinctam,
1375 797 1621 867 ejusdem
1658 812 1836 857 tamen

246 898 375 937 cum
433 883 557 953 ipso
588 885 962 953 substantia,
998 888 1211 958 ipsique
1265 893 1839 949 consubstantialem?

245 969 415 1026 Plura
450 982 585 1028 sunt
619 989 743 1044 qua
797 978 1133 1032 contrarium
1182 980 1450 1045 suadere,
1522 999 1838 1053 merumque

247 1063 434 1120 Patris
460 1064 832 1136 affectionem,
869 1068 1151 1142 ἐνέργειαν
1184 1080 1276 1127 aut
1298 1074 1684 1141 proprietatem
1710 1076 1839 1128 ἁνυ-

247 1158 543 1223 πύςτατον,
568 1175 677 1214 non
710 1160 1095 1217 subsistentem
1125 1177 1248 1219 esse
1268 1167 1505 1235 probare
1530 1168 1836 1224 videantur.

247 1253 307 1308 1ο
356 1253 513 1318 Quod
550 1254 684 1309 huic
744 1254 950 1309 nullam
987 1256 1256 1313 actionem
1308 1268 1402 1314 aut
1447 1264 1836 1331 proprietatem

251 1344 520 1408 tribuant,
550 1360 674 1415 qua:
707 1359 996 1415 personam
1029 1362 1059 1401 a
1082 1345 1248 1403 Patre
1275 1349 1590 1407 distinctam
1620 1362 1836 1423 arguat.

250 1434 407 1507 Logo
452 1436 696 1506 quidem,
732 1436 978 1507 Sophim,
1032 1437 1201 1507 Horo,
1236 1440 1459 1497 Christo
1504 1454 1561 1499 et
1610 1445 1836 1515 Spiritui

258 1537 452 1583 sancto
471 1570 489 1595 ,
511 1543 580 1584 ac
614 1527 915 1594 Salvatori,
938 1546 1065 1586 suas
1100 1532 1331 1589 cuilibet
1353 1535 1602 1591 actiones
1619 1547 1672 1592 et
1702 1536 1837 1593 affe-

251 1622 466 1677 ctiones
486 1622 795 1689 ascribunt,
826 1638 947 1693 quae
968 1625 1255 1693 personale
1283 1627 1560 1698 quidpiam
1588 1630 1835 1696 innuant;

244 1726 303 1770 at
332 1714 625 1788 lonogeni
672 1714 907 1781 nullam,
936 1732 1057 1786 qua:
1091 1734 1255 1774 mera:
1282 1721 1603 1790 proprietati
1639 1738 1733 1777 seu
1766 1724 1839 1777 af-

236 1807 477 1864 fectioni
556 1825 665 1865 non
726 1810 1041 1867 subsistenti
1103 1812 1400 1868 convenire
1479 1829 1583 1867 non
1641 1818 1833 1884 possit.

236 1898 301 1952 2°
362 1899 778 1955 Valentinianus
836 1915 868 1955 a
920 1899 1196 1971 prioribus
1238 1901 1511 1959 Gnosticis
1560 1907 1837 1975 accepisse

240 1991 487 2059 primam
537 1991 784 2060 ogdoada
841 1989 1092 2059 superius
1149 1991 1505 2047 ostendimus.
1544 1994 1615 2047 At
1649 1994 1835 2047 Simon

236 2083 466 2153 Hagus,
494 2094 552 2139 et
582 2083 905 2150 Menander,
936 2084 1317 2141 Gnosticorum
1342 2086 1621 2155 principes
1653 2096 1708 2141 et
1746 2102 1838 2141 co-

240 2176 481 2246 ryphasi,
509 2191 810 2245 eorumque
835 2175 1087 2246 discipuli
1115 2175 1448 2231 Saturninus
1471 2187 1524 2231 et
1548 2178 1834 2243 Basilides,

234 2266 418 2323 Judaei
478 2284 603 2322 cum
643 2267 872 2333 fuerint,
926 2269 1011 2322 vel
1041 2266 1351 2323 Judaorum
1398 2269 1711 2337 anticipatis
1737 2271 1835 2323 ad-

237 2375 440 2416 versus
499 2376 721 2416 sacrum
775 2358 1064 2415 Trinitatis
1113 2360 1434 2430 mysterium
1488 2360 1837 2431 Opinionibus

236 2454 462 2517 imbuti,
488 2469 763 2523 nusquam
825 2467 955 2507 vere
978 2451 1301 2515 Christiani,
1333 2452 1369 2507 ii
1401 2468 1683 2521 nunquam
1715 2452 1837 2505 fue-

239 2556 376 2599 mnt
406 2546 504 2615 qui
554 2545 741 2615 plures
776 2545 830 2598 in
877 2560 983 2598 una
1024 2544 1238 2599 Deitate
1279 2559 1541 2613 personas
1601 2544 1832 2599 confite-

234 2648 464 2693 rentur:
508 2639 614 2693 rati
645 2638 923 2706 videlicet,
946 2653 1068 2693 cum
1098 2636 1407 2692 Judaeormn
1433 2638 1610 2709 vulgo,
1644 2654 1833 2709 perso-

237 2749 437 2788 narum
481 2733 803 2790 divinarum
857 2748 1090 2789 numero
1153 2731 1574 2803 polytlieismum
1626 2734 1831 2791 induci.

237 2826 381 2895 Quid
417 2826 486 2881 de
521 2826 799 2881 Trinitate
842 2826 1075 2881 sentiret
1108 2824 1372 2899 [XXXVI
1398 2823 1417 2897 ]
1445 2826 1660 2891 Simon,
1695 2826 1831 2880 satis

239 2916 584 2987 exploratum
615 2930 683 2971 ex
723 2916 792 2970 iis
817 2931 937 2986 qua:
965 2916 1031 2969 de
1060 2930 1126 2970 eo
1158 2915 1326 2970 refert
1378 2916 1613 2969 Irenazus
1644 2915 1738 2969 lib.
1790 2930 1827 2983 ι,

237 3024 360 3078 cap.
388 3009 480 3063 22.
519 3009 721 3063 Aiebat
748 3023 944 3077 nempe
974 3007 1334 3077 impiissimus
1370 3007 1480 3074 ille,
1514 3022 1629 3063 esse
1666 3024 1719 3061 se
1741 3023 1833 3061 su-

238 3101 614 3154 bii-rissimum
652 3099 935 3162 Virtutem,
963 3116 1080 3169 qua?
1110 3100 1166 3153 in
1202 3098 1450 3153 Samaria
1480 3101 1634 3170 quasi
1666 3097 1831 3153 Pater

1873 1875 1914 1930 Β

1944 609 2215 664 Trinitate
2237 623 2600 680 personarum
2629 611 2902 667 catholico
2925 614 3188 669 sensisse.
3238 614 3306 669 Et
3332 629 3532 686 capro-

1940 709 2065 768 pter
2094 699 2430 755 Athanasius
2454 701 2510 755 in
2542 700 2637 757 lib.
2673 700 2751 756 De
2778 702 3009 757 salutari
3034 704 3234 759 Christi
3277 709 3528 772 adventu,

1943 790 2293 847 Valentinum
2350 793 2887 865 Patripassianorum
2924 797 3132 851 erroris
3173 812 3323 852 reum
3358 798 3526 856 facit:

1942 897 2053 937 non
2080 884 2225 953 quod
2263 882 2484 938 Patrem
2510 900 2641 940 vere
2670 901 2889 955 passum
2914 885 3086 942 fuisse
3109 886 3397 944 alIirmarit
3428 904 3527 945 un—

1942 990 2133 1044 quam,
2170 984 2264 1030 aut
2292 976 2571 1032 aﬂirmare
2604 980 2864 1047 potuerit,
2896 980 2987 1047 qui
3024 980 3229 1034 nullam
3266 981 3530 1037 divinita-

1944 1064 2019 1119 tis
2072 1079 2194 1119 cum
2278 1065 2519 1119 humana
2567 1067 2773 1121 Christi
2841 1077 3039 1121 natura
3112 1069 3527 1126 substantialem

1944 1156 2201 1210 unionem
2238 1159 2498 1227 agnovit;
2530 1159 2625 1213 sed
2659 1160 2801 1229 quod
2836 1160 2881 1214 si
2918 1160 3119 1216 Filium
3173 1162 3268 1219 Dei
3316 1163 3530 1233 aliqua-

1946 1256 2106 1303 tenus
2137 1264 2358 1318 passum
2387 1264 2507 1305 esse
2534 1251 2759 1317 dixerit,
2794 1252 2921 1307 hinc
2948 1265 3001 1308 et
3030 1253 3275 1321 Patrem,
3312 1258 3405 1327 qui
3438 1273 3530 1312 ea-

1943 1341 2064 1394 dem
2095 1356 2220 1395 cum
2252 1354 2317 1395 eo
2348 1356 2583 1411 persona
2617 1353 2759 1408 erat,
2793 1358 3011 1412 passum
3045 1359 3166 1399 esse
3193 1347 3345 1415 sequi
3378 1347 3531 1402 vide-

1943 1443 2119 1489 retur.
2159 1435 2218 1488 ὖ·
2252 1433 2510 1498 Irenteus,
2546 1434 2640 1489 lib.
2671 1450 2735 1501 il,
2771 1450 2893 1504 cap.
2938 1436 3027 1502 i5,
3050 1446 3108 1489 ut
3152 1440 3390 1507 primum
3433 1453 3530 1494 or-

1942 1526 2129 1581 dinem
2164 1527 2496 1591 emissionis,
2538 1541 2701 1596 quem
2746 1526 3027 1597 [iungebant
3081 1528 3345 1597 haeretici,
3380 1530 3530 1585 nulla

1946 1619 2163 1675 ratione
2201 1619 2415 1674 defendi
2455 1634 2616 1689 posse
2642 1619 2857 1689 probet,
2893 1621 3106 1690 utquid
3131 1622 3529 1686 certissimum,

1940 1722 1996 1765 et
2032 1713 2098 1766 de
2122 1727 2231 1782 quo
2264 1711 2583 1783 ambigebat
2638 1713 2843 1780 nullus,
2883 1714 3183 1783 supponit,
3243 1710 3378 1767 Nun
3416 1730 3533 1769 esse

1942 1805 2114 1873 ipsum
2144 1806 2285 1875 quod
2317 1815 2395 1859 est
2426 1806 2722 1875 principale
2746 1816 2794 1860 et
2822 1823 3109 1871 summum,
3140 1816 3190 1860 et
3221 1809 3361 1862 velut
3384 1808 3533 1874 prin-

1940 1899 2135 1966 cipium
2180 1906 2232 1950 et
2258 1897 2379 1965 fons
2436 1898 2672 1952 universi
2727 1914 2947 1964 sensus;
2984 1899 3436 1969 principalemque
3480 1911 3532 1954 et

1939 1988 2171 2057 primum
2204 1988 2318 2056 ejus
2347 2004 2467 2054 qua:
2493 1998 2569 2041 est
2597 1989 2763 2054 intus,
2799 1990 3126 2044 abscondita:
3157 2001 3205 2044 et
3246 1991 3531 2046 invisibilis

1938 2080 2237 2149 aﬁ‘ectionis
2269 2078 2444 2131 locum
2468 2080 2758 2145 continere,
2792 2098 2822 2132 a
2849 2098 2953 2151 qua
2986 2100 3173 2137 sensus
3201 2096 3530 2154 generatur;

1940 2185 2001 2227 ut
2046 2172 2173 2227 inde
2210 2168 2418 2225 inferat
2452 2171 2675 2225 nonnisi
2724 2172 2961 2227 absurde
2988 2176 3213 2231 Omnino
3237 2176 3368 2242 dici,
3408 2176 3529 2231 Nun

1939 2267 2140 2321 emitti.
2178 2265 2233 2321 ld
2260 2267 2409 2319 enim
2442 2267 2793 2331 compositum
2823 2279 2873 2321 et
2901 2270 3230 2336 corporalem
3254 2271 3421 2326 Deum
3453 2272 3534 2326 fa-

1938 2372 2065 2414 cere
2092 2368 2212 2413 est:
2256 2370 2310 2411 ut
2342 2360 2410 2411 sit
2452 2357 2741 2421 separatim
2764 2360 2981 2427 quidem
3009 2361 3099 2429 qui
3127 2361 3297 2415 emisit
3350 2363 3529 2428 Deus;

1935 2451 2227 2521 separatim
2252 2460 2427 2505 autem
2461 2451 2552 2521 qui
2584 2451 2808 2505 emissus
2860 2460 2960 2515 est,
3020 2468 3227 2509 sensus.
3262 2454 3368 2509 Sed
3402 2456 3530 2524 quia

1936 2539 2109 2613 probe
2137 2543 2370 2606 sciebat,
2406 2544 2739 2614 respondere
2759 2543 3071 2610 hrereticos,
3098 2544 3218 2599 Nun
3246 2563 3349 2600 non
3371 2550 3531 2602 emis-

1935 2651 2052 2690 sum
2083 2645 2233 2691 extra
2264 2634 2503 2701 Patrem,
2532 2639 2622 2690 sed
2652 2639 2705 2688 in
2730 2637 2842 2705 ipso
2870 2633 3081 2703 Patre;
3108 2637 3295 2692 statim
3324 2638 3526 2693 infert:

1934 2730 2109 2800 primo
2136 2730 2351 2800 quidem
2378 2732 2709 2799 superﬂuum
2736 2747 2848 2783 esse
2867 2731 3028 2783 etiam
3073 2732 3251 2785 dicere
3279 2733 3532 2786 emissum

1936 2838 2048 2876 esse
2081 2838 2219 2875 eum.
2258 2821 2722 2886 Quemadmodum
2752 2823 2893 2875 enim
2918 2822 3145 2875 emissus
3169 2830 3270 2887 est,
3308 2824 3353 2876 si
3385 2823 3529 2876 intra

1935 2912 2153 2966 Patrem
2193 2913 2351 2967 erat?
2374 2912 2608 2966 Emissio
2637 2914 2774 2967 enim
2802 2925 2877 2968 est
2907 2914 3044 2981 ejus,
3071 2914 3213 2982 quod
3243 2915 3528 2981 emittitur,

1935 3012 2089 3059 extra
2140 3006 2463 3058 emittentem
2528 3004 2917 3073 manifestatio.
2999 3003 3132 3058 Post
3184 3005 3378 3059 deinde
3429 3006 3529 3058 hoc

1935 3100 2150 3163 emisso,
2182 3108 2232 3153 et
2261 3101 2306 3153 is
2336 3099 2427 3169 qui
2456 3109 2531 3152 est
2559 3099 2624 3152 ab
2654 3115 2714 3155 eo
2749 3097 2940 3169 Logos,
2965 3100 3066 3152 erit
3110 3098 3254 3153 intra
3289 3098 3525 3168 Patrem,

237 3193 597 3257 descenderit,
640 3193 779 3245 inter
824 3189 1044 3244 Judwos
1090 3192 1245 3261 quasi
1286 3188 1465 3244 Filius
1496 3192 1825 3260 apparuerit,
1856 3224 1898 3281 ο
1938 3201 2046 3248 etc.
2080 3190 2213 3258 Quae
2244 3191 2463 3261 quidem
2512 3188 2701 3244 lrentei
2754 3190 3169 3260 argumentatio
3225 3187 3529 3247 manifeste

236 3287 293 3337 in
316 3285 542 3353 reliquis
572 3301 692 3339 vero
721 3284 963 3353 gentibus
992 3285 1147 3354 quasi
1179 3284 1415 3353 Spiritus
1470 3294 1684 3338 sanctus
1726 3286 1828 3338 ad—

235 3379 549 3432 sentor-erit.
586 3376 721 3444 Qua:
764 3376 1167 3440 demonstrant,
1204 3375 1482 3429 Simonem
1536 3392 1639 3429 non
1683 3377 1826 3430 aliud

234 3472 299 3524 de
340 3469 621 3523 Trinitatc
655 3467 918 3532 sensisse,
950 3483 1111 3538 quam
1137 3467 1282 3537 quod
1319 3476 1504 3536 postea
1537 3477 1826 3522 senserunt

232 3559 441 3615 Noctes
472 3568 533 3613 et
568 3557 868 3623 Sabellius,
913 3559 1135 3611 unicam
1172 3557 1434 3612 videlicet
1483 3557 1534 3611 iu
1575 3558 1685 3611 Deo
1709 3573 1828 3614 esse

230 3667 549 3721 personam,
568 3665 693 3720 qua:
716 3665 813 3719 pro
832 3650 1060 3705 diversis
1087 3650 1278 3704 oﬂiciis
1304 3651 1517 3704 diversa
1539 3651 1828 3704 sortiretur

229 3742 476 3797 nomina.
540 3740 613 3796 Ut
663 3755 793 3810 ergo
838 3739 1118 3795 censuerit
1151 3737 1273 3792 Nun
1325 3754 1421 3793 seu
1480 3738 1825 3809 Unigeuitum

231 3834 386 3890 Patri
422 3833 667 3888 similem
709 3846 828 3887 esse
876 3841 932 3887 et
964 3831 1228 3900 aequalem
1260 3842 1482 3897 natura;
1526 3842 1677 3887 certe
1726 3846 1827 3886 nec

230 3930 489 3993 censuit,
554 3942 660 3981 nec
711 3941 943 3981 censere
1002 3925 1181 3996 potuit
1236 3940 1469 3994 persona
1503 3925 1823 3980 distinctmn

224 4036 371 4077 esse.
411 4023 533 4077 Etsi
566 4033 758 4092 postea
813 4021 1020 4075 dixerit
1073 4020 1366 4086 Basilides,
1392 4022 1631 4076 Simonis
1660 4020 1826 4076 disci-

224 4114 408 4184 pulus,
445 4115 596 4185 apud
634 4114 900 4168 lrenaaum
934 4114 1031 4168 lib.
1064 4129 1107 4177 ι,
1137 4127 1259 4183 cap.
1288 4113 1380 4177 24,
1410 4130 1466 4169 n.
1494 4115 1549 4177 4,
1578 4114 1822 4167 innatum

224 4218 273 4259 et
306 4209 715 4261 innaminatum
754 4203 973 4261 Patrem
1005 4207 1215 4261 misisse
1249 4208 1660 4278 primogenitum
1693 4206 1823 4261 Nun

224 4316 405 4360 suum,
442 4314 613 4367 quem
658 4295 921 4352 Virtutem
969 4298 1357 4367 incorporalem
1392 4310 1441 4354 et
1491 4298 1619 4353 Nun
1650 4300 1823 4353 innati

228 4390 409 4445 Patris
442 4399 631 4457 vocat,
666 4392 733 4445 ad
765 4391 999 4446 salutem
1034 4393 1319 4460 gentium;
1368 4392 1459 4462 qui
1507 4392 1822 4461 apparuerit

224 4483 274 4535 in
312 4495 467 4537 terra
498 4482 693 4545 homo,
722 4492 776 4537 et
804 4483 1037 4537 virtutes
1060 4484 1376 4554 perfecerit,
1397 4484 1597 4554 quique
1624 4500 1655 4539 e
1692 4500 1820 4539 cru-

1936 3286 2156 3357 probat,
2175 3284 2281 3339 duo
2300 3284 2414 3337 huic
2433 3282 2500 3336 ab
2520 3282 2789 3337 Iitcrcticis
2832 3290 3030 3352 negata
3056 3297 3165 3337 non
3186 3282 3382 3347 fuisse,
3401 3279 3524 3337 Nun

1930 3379 2279 3451 principalem
2308 3389 2355 3430 et
2381 3378 2611 3446 primum
2639 3377 2777 3447 ejus,
2816 3394 2934 3447 qua:
2956 3386 3033 3431 est
3060 3376 3207 3433 intus
3234 3380 3523 3435 invisibilis

1933 3470 2234 3540 a/fectionis
2257 3470 2433 3523 locum
2458 3468 2762 3529 continere;
2792 3477 2848 3524 et
2867 3466 2986 3523 Nun
3008 3485 3113 3523 non
3140 3470 3391 3525 emissum
3416 3488 3529 3527 esse

1930 3571 2083 3614 extra
2107 3559 2349 3624 Patrem,
2372 3557 2463 3611 sed
2491 3558 2548 3611 in
2568 3558 2682 3627 ipso
2704 3554 2905 3623 Patre;
2934 3574 2998 3613 ac
3030 3559 3259 3629 proinde
3279 3558 3422 3629 Nun,
3454 3575 3526 3617 ex

1931 3666 2120 3705 eorum
2168 3648 2495 3721 hypotliesi,
2542 3663 2749 3703 meram
2780 3649 2957 3706 Patris
3000 3649 3348 3708 affectionem
3397 3668 3525 3708 esse

1930 3741 2324 3804 ἀνυπόστατον,
2344 3755 2451 3795 non
2471 3739 2882 3796 subsistentem.
2904 3740 3041 3796 Nam
3059 3754 3352 3815 utrumque
3370 3747 3413 3802 si
3434 3763 3529 3803 ne-

1930 3844 2155 3904 gassent
2185 3832 2452 3899 haeretici,
2485 3832 2530 3887 si
2560 3832 2681 3887 Nun
2716 3848 2745 3886 a
2777 3833 2941 3892 Patre
2975 3850 3207 3907 persona
3232 3836 3527 3895 distinxis-

1928 3934 2073 3990 sent,
2107 3940 2304 3979 vanum
2346 3934 2569 3979 essetet
2610 3924 2772 3981 futile
2816 3942 3046 3996 prorsus
3098 3926 3288 3985 lrena~i
3351 3946 3523 4003 argu-

1928 4032 2207 4087 mentum;
2240 4028 2416 4074 totum
2464 4019 2611 4073 enim
2646 4032 2915 4089 quantum
2964 4030 3072 4089 est,
3107 4024 3210 4079 hoc
3244 4024 3523 4096 principio

1928 4113 2158 4169 nititur:
2192 4112 2312 4167 Nus
2346 4130 2492 4169 mera
2518 4113 2705 4169 Patris
2730 4113 2945 4183 a/fectio
2973 4125 3074 4180 est,
3100 4110 3221 4169 Nus
3248 4114 3395 4171 intra
3419 4116 3525 4172 Pa-

1926 4218 2059 4262 trem
2098 4209 2382 4277 emittitur,
2430 4210 2482 4264 id
2519 4208 2713 4264 estsic
2745 4224 2775 4263 a
2822 4205 2986 4263 Patre
3038 4211 3334 4277 emittitur,
3380 4220 3444 4266 ut
3490 4227 3522 4267 a

1924 4300 2091 4357 Patre
2160 4317 2265 4356 non
2318 4300 2730 4373 distinguatur,
2787 4316 2854 4355 ne
2923 4301 3259 4372 compositus
3306 4304 3524 4358 dicatur

1925 4397 2126 4453 Pater:
2181 4397 2326 4468 Ergo
2370 4415 2501 4453 vane
2555 4398 2782 4452 emissus
2832 4398 3060 4454 dicitur.
3096 4399 3333 4454 Emissio
3371 4400 3518 4455 enim

1925 4502 2001 4546 est
2024 4492 2140 4562 ejus
2162 4531 2179 4554 ,
2210 4491 2352 4562 quod
2393 4490 2653 4545 emittitur
2676 4530 2694 4557 ,
2724 4501 2876 4545 extra
2911 4492 3232 4545 emittentem
3287 4492 3519 4561 manife-

225 4579 451 4649 ciﬁgere
486 4576 791 4631 volentium
829 4578 1088 4631 manibus
1120 4577 1360 4647 elapsus,
1396 4579 1707 4634 ascenderit
1751 4579 1817 4632 ad
1850 4597 1898 4655 ι)
1924 4584 2109 4637 statio.
2142 4580 2299 4647 Quod
2342 4582 2508 4650 igitur
2550 4581 2697 4635 intra
2733 4579 2947 4637 Patrem
2975 4590 3178 4644 manet,
3218 4597 3319 4637 nec
3346 4583 3416 4639 ab
3450 4600 3516 4639 eo

223 4687 343 4728 eum
388 4675 483 4743 qui
524 4674 751 4727 miserat
783 4687 906 4727 eum
938 4711 955 4737 ,
1012 4672 1265 4728 deridens
1315 4688 1411 4728 eos
1436 4713 1451 4739 ,
1485 4690 1607 4729 cum
1646 4674 1817 4729 teneri

225 4780 329 4819 non
364 4776 587 4834 posset:
654 4764 845 4819 eodem
878 4779 1103 4833 prorsus
1136 4780 1297 4820 sensu
1335 4766 1472 4820 dixit
1498 4780 1605 4836 quo
1630 4774 1817 4834 postea

226 4858 504 4914 Sabellius
556 4860 803 4914 asseruit
838 4859 1102 4914 emissum
1137 4874 1259 4914 esse
1293 4857 1493 4921 Filium
1552 4871 1816 4932 tanquam

226 4948 437 5001 radium
498 4946 850 5013 divinitatis,
884 4948 976 5017 qui
1011 4950 1194 5003 omnia
1248 4948 1338 5004 illa
1379 4949 1648 5021 perfecit,
1697 4965 1818 5019 quae

226 5042 291 5095 ad
324 5040 607 5112 Evangelii
632 5040 1079 5112 procurationem
1115 5051 1171 5096 et
1204 5041 1429 5096 humani
1458 5041 1678 5112 generis
1727 5058 1816 5097 re-

226 5134 600 5203 demptionem
638 5135 919 5188 attinent:
957 5149 1063 5203 quo
1110 5148 1337 5189 munere
1359 5134 1670 5200 defunctus,
1696 5152 1818 5189 rur-

226 5242 314 5281 sus
342 5228 414 5281 ad
446 5228 656 5281 coelum
690 5239 1012 5297 assumptus
1044 5237 1168 5293 est;
1228 5226 1693 5297 quemadmodum
1725 5243 1814 5281 ra-

227 5319 343 5372 dius
375 5318 619 5372 emissus
650 5333 680 5371 a
714 5316 855 5382 sole,
899 5317 1095 5372 iterum
1130 5318 1367 5373 recurrit
1395 5319 1461 5370 ad
1504 5317 1715 5373 solem:
1750 5333 1815 5373 ac

222 5414 447 5482 proinde
469 5414 523 5467 in
546 5410 742 5467 Iesum
778 5427 988 5467 meram
1014 5411 1317 5467 divinitatis
1346 5409 1718 5477 eﬂicientiam,
1748 5426 1813 5466 ac

223 5504 387 5559 veluti
441 5506 811 5560 radiationem
853 5505 1147 5575 quamdam
1177 5542 1197 5571 ,
1246 5519 1347 5558 nec
1400 5504 1668 5570 solidam,
1712 5518 1813 5558 nec

223 5601 646 5663 substantivam,
683 5612 968 5651 manasse.
1012 5596 1213 5651 Eadem
1248 5596 1433 5663 itaque
1487 5596 1586 5649 fuit
1617 5604 1669 5650 et
1706 5594 1812 5649 Va-

224 5686 653 5745 lentinianorum
707 5687 1009 5751 sententia,
1058 5687 1149 5757 qui
1209 5686 1275 5741 de
1335 5686 1509 5755 prima
1564 5684 1810 5754 ogdoade

224 5798 334 5838 cum
369 5786 601 5842 Simone
628 5782 1093 5840 consentiebant:
1121 5795 1221 5836 nec
1250 5780 1356 5834 ulla
1388 5783 1501 5834 sive
1523 5778 1667 5847 apud
1698 5777 1810 5832 lre-

227 5891 413 5947 mm,
450 5880 569 5935 sive
595 5874 740 5949 apud
773 5872 1197 5940 Tertullianum,
1245 5872 1362 5927 sive
1394 5872 1529 5941 apud
1568 5868 1807 5940 Epipha-

1924 4671 2301 4740 distinguilur,
2337 4669 2540 4725 frustra
2582 4671 2846 4725 emissum
2891 4671 3115 4725 dicitur.
3144 4670 3355 4742 Negato
3385 4688 3517 4744 pro-

1923 4763 2050 4820 inde
2084 4763 2375 4835 principio,
2408 4773 2580 4817 totmn
2615 4763 2760 4832 quod
2793 4763 2897 4817 hoc
2930 4763 3187 4818 innititur
3217 4766 3512 4822 aedilicium

1922 4864 2045 4909 ruat
2078 4870 2304 4909 necesse
2348 4864 2455 4909 est.
2484 4853 2551 4909 Et
2588 4862 2742 4907 certe
2775 4853 2821 4906 si
2874 4855 3064 4907 eadem
3100 4854 3293 4910 fuisset
3334 4858 3511 4911 tuere-

1922 4946 2048 5003 ticis
2082 4948 2151 5002 de
2201 4945 2501 5018 Monogene
2548 4962 2647 5001 suo
2697 4945 2967 4999 sententia
2995 4986 3009 5009 ,
3062 4961 3186 5015 qua:
3224 4946 3513 5003 catholicis

1921 5040 2101 5095 estde
2140 5038 2426 5109 unigenito
2489 5034 2584 5091 Dei
2633 5034 2813 5101 Filio;
2876 5036 2919 5091 si
2972 5036 3123 5090 illum
3173 5052 3201 5091 a
3235 5037 3400 5092 Patre
3432 5038 3514 5094 sic

1919 5131 2097 5187 emitti
2128 5130 2466 5193 docuissent,
2495 5136 2553 5181 ut
2584 5142 2818 5196 persona
2854 5136 3089 5193 tantum,
3116 5144 3222 5183 non
3256 5128 3512 5183 substan-

1922 5223 1998 5277 tia
2045 5223 2113 5275 ab
2161 5236 2227 5275 eo
2262 5220 2716 5288 distingueretur,
2769 5233 2891 5272 eam
2928 5216 3181 5273 refellere
3236 5233 3507 5288 nusquam

1919 5315 1973 5371 in
2017 5314 2260 5369 animum
2294 5310 2397 5366 sibi
2434 5308 2743 5365 induxisset
2776 5310 3033 5372 Irenteus,
3068 5309 3356 5363 catholicae
3380 5308 3507 5364 fidei

1915 5414 2290 5478 propugnator
2307 5404 2631 5458 acerrimus.
2648 5402 2759 5457 Nec
2777 5402 2947 5469 enim,
2965 5411 3117 5469 puto,
3132 5402 3508 5471 displicuisset

1915 5502 2059 5569 quod
2094 5497 2366 5571 προϐολῆς
2408 5511 2502 5550 seu
2545 5494 2861 5549 emissionis
2888 5494 3112 5547 nomine
3135 5533 3150 5557 ,
3204 5493 3270 5546 de
3297 5503 3503 5547 aeterna

1915 5592 2035 5647 Filii
2075 5591 2167 5645 Dei
2204 5586 2561 5659 generatione
2594 5585 2879 5654 loquentes
2902 5625 2917 5650 ,
2954 5585 3035 5638 nsi
3078 5583 3349 5637 fuissent:
3394 5583 3504 5637 hoc

1913 5688 2118 5757 quippe
2151 5683 2431 5737 veteribus
2484 5679 2771 5735 catholicis
2832 5678 3104 5747 ingratum
3146 5694 3253 5731 non
3300 5675 3498 5739 fuisse.

1914 5780 2083 5849 liquet
2103 5793 2169 5832 ex
2193 5775 2554 5837 Tcrtulliano,
2580 5774 2675 5828 lib.
2702 5773 2822 5826 adv.
2851 5770 3022 5825 Prax.
3050 5786 3174 5839 cap.
3206 5770 3261 5834 8,
3295 5771 3404 5822 imo
3430 5786 3499 5825 ex

1917 5872 2032 5942 ipso
2068 5867 2294 5936 Irenaeo,
2326 5867 2420 5922 lib.
2448 5881 2510 5931 ll,
2544 5881 2661 5934 cap,
2696 5862 2789 5931 28,
2819 5879 2874 5916 n.
2902 5861 2955 5918 6.
2980 5861 3155 5917 Minus
3193 5860 3368 5914 adhuc
3395 5859 3500 5913 dis.
