3954 6352
442 402 513 464 79
1255 405 1857 465 DISSERTATIONES
1886 402 2192 462 PRAEVIIE
2226 401 2293 460 IN
2334 402 2594 460 IRENA‘II
2624 402 2904 462 LIBROS.
3640 403 3723 462 30

440 527 647 599 plicere
691 526 911 599 potuit,
965 528 1112 601 quod
1166 543 1272 583 non
1327 528 1577 584 eamdem
1642 526 1919 599 Unigenili
1976 536 2033 581 et
2062 529 2109 588 Α
2137 529 2380 595 credam,
2412 538 2471 583 ut
2509 546 2647 600 quos
2676 528 2906 592 Eones,
2943 524 3208 596 personas
3242 522 3337 577 aut
3361 521 3726 595 perfectiones

441 620 628 677 Patris
651 637 942 692 personam
991 637 1115 677 esse
1153 622 1461 677 voluerim:
1497 623 1615 678 haec
1653 623 1801 677 enim
1837 622 2031 677 catho-

445 715 545 769 lica
582 715 718 771 ﬁdes
761 724 866 770 est.
928 715 983 771 Id
1046 716 1211 786 igitur
1259 717 1434 771 solum
1482 713 1837 769 oﬁ‘ensionem
1891 712 2032 781 apud

443 808 707 864 Irenaeum
743 809 947 866 habere
980 812 1182 880 potuit,
1218 810 1363 881 quod
1391 808 1517 864 Non
1550 823 1645 863 seu
1678 807 2030 878 Unigenitum

442 916 472 955 a
502 900 665 956 Patre
692 916 792 957 nec
816 912 1012 958 natura
1038 917 1137 958 nec
1160 916 1394 972 persona
1417 901 1844 972 distiuguentes,
1869 899 2033 955 emis-

442 1009 563 1049 sum
601 1004 784 1050 tamen
816 994 1058 1051 vellent:
1091 992 1239 1065 quod
1274 1007 1466 1049 revera
1499 992 1799 1048 absurdum
1825 999 1931 1047 est.
1965 989 2031 1045 Et

440 1086 574 1143 hinc
620 1102 689 1143 ex
741 1087 1127 1142 haereticorum
1162 1084 1466 1157 'hypothesi
1498 1085 1598 1140 tria
1645 1085 1761 1140 haec
1791 1082 2030 1138 absurda

438 1182 762 1237 necessario
779 1182 1040 1251 consequi
1060 1182 1410 1236 demonstrat
1431 1189 1544 1236 toto
1562 1195 1685 1250 cap.
1708 1178 1798 1235 15.
1822 1176 2026 1241 Primo,

439 1277 585 1347 quod
615 1275 934 1331 nominibus
968 1273 1146 1341 abusi,
1182 1274 1447 1329 emissum
1485 1274 1538 1329 id
1568 1274 1836 1338 dicerent,
1882 1273 2028 1343 quod

438 1382 509 1423 ne
558 1366 781 1439 quidem
831 1365 886 1422 in
924 1366 1243 1423 hominibus
1298 1366 1470 1436 ipsis,
1511 1364 1639 1421 licet
1686 1365 2028 1434 compositis,

437 1459 613 1516 emitti
650 1467 856 1529 potest.
891 1460 957 1514 2°
984 1460 1137 1528 Quod
1172 1457 1294 1513 Nun
1327 1457 1397 1513 ab
1419 1458 1628 1513 Ennoia
1657 1457 1835 1513 Patris
1862 1458 2030 1514 emis-

435 1573 557 1613 sum
595 1557 844 1613 dicentes
866 1594 882 1620 ,
923 1563 977 1609 et
1034 1569 1064 1608 a
1097 1552 1178 1607 Nu
1209 1551 1434 1619 Logon;
1469 1550 1747 1607 hominum
1780 1552 2026 1624 ipsorum

434 1649 771 1719 affectiones,
811 1657 861 1702 et
894 1646 1196 1717 passiones,
1223 1653 1273 1700 et
1296 1645 1613 1700 intentiones
1653 1646 1871 1710 mentis,
1895 1645 2025 1700 dum

433 1740 641 1810 cogitat
680 1754 745 1794 ac
805 1752 994 1794 secnm
1044 1738 1161 1808 ipsa
1228 1737 1508 1807 loquitur,
1565 1737 1917 1793 describerent
1978 1746 2026 1792 et

432 1833 768 1901 applicarent
808 1831 1044 1887 omnium
1083 1830 1261 1885 Patri.
1290 1829 1359 1885 In
1412 1831 1718 1886 hominibus
1755 1830 2023 1902 siquidem

431 1926 736 1994 compositis
766 1934 989 1991 natura,
1030 1933 1081 1979 et
1125 1940 1192 1979 ea:
1246 1940 1465 1994 corpore
1509 1933 1563 1978 et
1625 1925 1807 1978 anima
1849 1924 2025 1978 subsi-

430 2020 693 2074 stentibus
719 2060 733 2086 ,
770 2019 912 2089 capit
945 2018 1073 2082 dici.
1105 2033 1135 2073 a
1170 2017 1253 2072 Nu
1277 2032 1500 2072 sensum
1540 2017 1815 2089 generari,
1841 2029 1896 2072 et
1918 2016 2027 2072 En-

429 2111 621 2177 noian,
648 2120 702 2167 et
734 2110 1129 2183 Enthymesin:
1164 2125 1289 2180 quae
1319 2110 1545 2181 quidem
1573 2110 1779 2173 omnia,
1814 2125 1936 2165 cum
1970 2110 2026 2164 in

441 2205 797 2273 cognitionem
849 2202 1324 2267 conterminentur,
1364 2210 1416 2256 et
1460 2200 1518 2254 in
1563 2203 1776 2256 uerbum
1825 2202 2027 2258 mentis

425 2293 811 2347 coemittantur
836 2332 853 2358 ,
906 2308 935 2346 a
970 2291 1057 2346 Nu
1083 2293 1380 2347 secundum
1432 2292 1846 2363 appellationem
1886 2294 2026 2349 dun-

427 2395 601 2449 taxat,
621 2386 1098 2456 perseverantiam,
1133 2396 1478 2456 augmentum
1512 2397 1564 2441 et
1584 2388 2023 2454 successionem,

425 2496 535 2535 non
556 2481 859 2536 secundum
883 2495 998 2535 rem
1027 2481 1327 2536 diﬁ‘erunt:
1358 2484 1477 2537 haec
1503 2482 1650 2537 enim
1677 2485 1861 2538 omnia
1883 2499 2024 2555 peu-

428 2578 561 2630 dent
595 2589 625 2628 a
662 2574 742 2629 Nu
764 2613 779 2637 ,
826 2574 919 2645 qui
961 2588 1024 2630 ea
1059 2574 1342 2645 gubernat.
1372 2585 1421 2629 et
1473 2592 1504 2627 a
1535 2577 1815 2646 semetipso
1838 2594 1932 2647 per
1962 2594 2025 2633 ea

423 2682 546 2737 qua:
566 2665 825 2734 praedicta
854 2673 1001 2729 sunt,
1033 2664 1170 2719 sicut
1193 2682 1288 2735 per
1311 2666 1547 2733 radium,
1566 2668 1758 2722 emittit
1783 2668 2020 2724 verbum.

432 2761 535 2813 Ast
561 2756 698 2825 Deo,
730 2758 824 2828 qui
852 2767 1003 2814 totus
1027 2758 1260 2828 simplex
1286 2769 1392 2825 est,
1432 2768 1580 2815 totus
1604 2759 1708 2816 sibi
1753 2761 1948 2819 similis
1973 2771 2029 2820 et

428 2850 686 2919 aequalis,
724 2859 871 2907 totus
907 2863 1127 2916 sensus,
1162 2859 1308 2907 totus
1348 2851 1603 2923 spiritus,
1640 2862 1786 2909 totus
1817 2856 2027 2927 cogita-

428 2946 511 3001 tio
544 2953 600 3001 et
634 2945 802 3011 ratio,
837 2929 975 3005 bihil
1004 2945 1184 3001 simile
1212 2946 1397 3019 alﬁngi
1427 2957 1627 3019 potest,
1665 2948 1768 3004 nisi
1800 2965 2022 3021 compo-

429 3040 572 3095 situs
603 3054 669 3094 ac
704 3038 998 3096 mutationi
1031 3039 1306 3096 obnoxius
1361 3040 1601 3096 dicatur.
1648 3042 1713 3097 3°
1756 3042 2022 3114 Denique,

428 3132 600 3186 Deum
638 3147 673 3186 a
706 3131 819 3187 Deo
847 3130 1128 3202 separari,
1155 3140 1214 3186 et
1263 3132 1316 3186 in
1352 3145 1419 3186 eo
1445 3131 1592 3186 aliud
1620 3142 1676 3187 et
1709 3132 1856 3187 aliud
1891 3150 2024 3203 sup-

2137 622 2356 677 divinas
2385 637 2509 679 esse
2541 623 2828 687 voluisset,
2870 621 3192 691 ignorantia:
3214 628 3268 674 et
3292 615 3725 688 perturbationi-

2138 714 2239 769 bus
2264 716 2534 771 obnoxios
2558 713 2809 771 dixisset.
2843 710 3120 766 Naturalis
3146 708 3416 779 siquidem
3446 717 3611 778 atque
3639 709 3725 762 in-

2135 807 2240 862 sita
2272 807 2326 861 in
2356 808 2599 863 omnium
2623 807 2823 863 animis
2840 806 2935 861 Dei
2955 804 3108 861 nctio
3130 802 3428 872 unicuique
3455 800 3724 871 suggerit,

2136 899 2189 954 id
2228 915 2391 955 omne
2420 901 2569 971 quod
2600 908 2694 954 aut
2724 913 2957 969 persona
2985 907 3080 953 aut
3102 895 3367 967 perfectio
3391 894 3580 950 divina
3613 904 3725 956 est,

2135 993 2408 1048 inﬁnitum
2447 1009 2568 1048 cum
2622 993 2731 1058 sit,
2762 992 3005 1047 divinum
3042 1005 3106 1046 ac
3144 991 3289 1045 Deus
3325 988 3465 1059 ipse,
3501 1001 3725 1043 omnem

2135 1085 2484 1156 ignorantiae,
2518 1085 2975 1158 perturbationis,
3007 1093 3101 1140 aut
3134 1080 3570 1153 imperfectionls
3603 1096 3729 1134 um;

2133 1177 2290 1232 bram
2321 1178 2511 1247 procul
2537 1194 2567 1233 a
2599 1193 2657 1234 se
2687 1178 2967 1250 ablegare.
3004 1176 3071 1231 Et
3118 1186 3303 1231 tamen
3343 1174 3527 1245 Logon
3559 1171 3729 1227 alios-

2132 1285 2240 1342 que
2285 1285 2352 1326 ex
2389 1286 2457 1326 eo
2498 1281 2793 1343 prognatos
2835 1270 3046 1327 Eones
3088 1284 3250 1325 veras
3276 1282 3544 1339 personas
3569 1281 3725 1333 esse,

2132 1379 2240 1420 non
2265 1364 2541 1434 simplices
2568 1366 2837 1421 duntaxat
2866 1363 3185 1420 affectiones
3212 1372 3309 1418 aut
3330 1363 3721 1433 proprietates,

2130 1459 2538 1513 contendebant
2566 1458 2961 1515 Valentiniani.
2986 1458 3042 1513 Id
3067 1457 3292 1521 invicte,
3315 1457 3368 1511 ni
3394 1455 3727 1521 fallor,eon-

2131 1551 2370 1606 cluditur
2395 1566 2464 1606 ex
2497 1552 2806 1608 actionibus
2832 1560 2887 1608 et
2909 1552 3263 1623 passionibus,
3290 1565 3429 1621 quas
3450 1550 3531 1605 eis
3546 1549 3727 1605 ascri-

2130 1644 2356 1712 bebant,
2391 1645 2650 1715 cupidine
2701 1645 2919 1701 videndi
2952 1644 3153 1709 Patris,
3196 1642 3567 1715 exquisitione
3611 1643 3725 1698 Pa-

2132 1739 2256 1803 tris,
2288 1738 2598 1806 ignorantia
2648 1748 2703 1794 et
2737 1736 3291 1809 perturbationibus;
3331 1751 3453 1808 quae
3500 1735 3725 1791 nonnisi

2132 1830 2381 1901 personis
2413 1831 2717 1886 convenire
2745 1839 2803 1887 et
2832 1830 2900 1887 de
2931 1830 3000 1887 iis
3048 1829 3157 1885 dici
3192 1838 3446 1900 possunt.
3478 1827 3727 1883 Eodem-

2131 1936 2238 1994 que
2262 1922 2424 1978 modo
2451 1921 2806 1994 judicandum
2834 1922 3055 1977 videtur
3086 1922 3154 1978 de
3187 1922 3371 1992 Logo,
3406 1920 3723 1991 Anthropo,

2128 2027 2262 2080 etc.,
2285 2024 2451 2086 atque
2478 2017 2546 2071 de
2576 2014 2747 2081 Horo,
2780 2015 3001 2071 Christo
3028 2024 3086 2071 et
3128 2014 3336 2086 Spiritu
3385 2022 3577 2071 sancto
3601 2055 3618 2079 ,
3655 2028 3729 2068 ac

2128 2108 2441 2167 Salvatore.
2474 2110 2585 2166 llos
2614 2119 2801 2166 autem
2833 2109 3076 2167 Virtutes
3113 2124 3237 2166 esse
3283 2124 3382 2181 per
3415 2123 3476 2164 se
3531 2109 3727 2164 subsi-

2128 2213 2363 2270 stentes,
2398 2217 2671 2273 verasque
2700 2217 2964 2275 personas
2992 2243 3008 2270 ,
3049 2202 3343 2259 manifeste
3370 2203 3619 2273 sequitur
3649 2217 3725 2257 ex

2128 2297 2440 2352 actionibus
2472 2312 2610 2368 quas
2652 2297 2722 2354 iis
2766 2297 3056 2354 ascribunt
3098 2296 3344 2353 haeretici
3373 2337 3390 2362 ,
3442 2296 3728 2367 prioribus

2129 2389 2257 2445 libri
2286 2389 2447 2459 primi
2474 2389 2764 2459 capitibus.
2800 2389 3084 2446 Christum
3119 2406 3149 2444 a
3181 2400 3361 2445 matre
3400 2390 3583 2444 adhuc
3615 2390 3727 2444 sub

2128 2483 2323 2537 umbra
2359 2483 2589 2551 degente
2624 2482 2863 2554 genitum
2898 2482 3094 2548 fuisse,
3144 2492 3200 2539 et
3247 2482 3472 2553 quidem
3522 2483 3723 2538 eadem

2128 2576 2321 2629 umbra
2347 2575 2724 2643 obscuratum,
2747 2575 2968 2633 volebat
2992 2574 3348 2643 Valentinus;
3376 2575 3563 2630 statim
3588 2590 3729 2631 vero

2129 2666 2182 2721 in
2208 2666 2454 2722 Pleroma
2489 2683 2615 2723 eum
2647 2670 2970 2737 recurrisse,
2999 2670 3081 2726 sic
3113 2681 3295 2725 tamen
3329 2684 3389 2723 ut
3411 2668 3597 2725 Iesum
3628 2685 3726 2741 po-

2129 2769 2245 2814 stea
2279 2774 2603 2830 procreasse
2642 2767 2937 2818 assereret.
2980 2761 3112 2830 Quae
3134 2762 3432 2818 ostendunt
3462 2770 3519 2817 et
3553 2777 3727 2834 quam

2129 2852 2344 2906 caneris
2370 2850 2642 2908 Eouihus
2670 2852 2965 2923 ignobilior
2999 2864 3146 2911 esset
3174 2854 3449 2920 Christus,
3487 2867 3553 2907 ex
3608 2854 3733 2907 bte-

2131 2945 2423 2999 resiarchtc
2462 2944 2617 2999 istius
2642 2945 2939 3015 sententia,
2971 2956 3029 3002 et
3068 2963 3237 3016 quam
3283 2948 3352 3004 ab
3405 2948 3485 3003 eis
3521 2945 3731 3001 distin-

2129 3043 2269 3089 ctus.
2304 3034 2502 3103 Quidni
2528 3036 2736 3105 pariter
2766 3050 2833 3091 ex
2865 3037 3143 3094 similibus
3170 3039 3479 3096 actionibus
3502 3049 3558 3094 et
3587 3039 3731 3094 alle-

2127 3128 2406 3184 ctionibus
2435 3129 2575 3184 idem
2609 3130 2675 3184 de
2702 3131 2851 3200 Logo
2874 3141 2928 3185 et
2956 3131 3077 3186 aliis
3105 3131 3305 3188 inferre
3326 3133 3533 3188 liceat?
3560 3132 3731 3188 Dein-

426 3226 579 3299 poni.
604 3226 739 3283 Cum
778 3226 929 3281 enim
977 3225 1092 3281 Nus
1146 3225 1199 3283 in
1234 3226 1367 3298 ipsis
1416 3226 1732 3287 hominibus
1777 3228 1849 3282 sit
1894 3229 2024 3297 quid
2052 3243 2097 3301 α
2132 3222 2477 3286 (ΙθΙτεηωυε,
2508 3221 2603 3276 lib.
2629 3237 2690 3288 tt,
2729 3239 2850 3292 cap.
2888 3224 2974 3292 I5,
3002 3240 3055 3278 n.
3091 3223 3123 3278 6
3147 3265 3163 3291 ,
3204 3234 3264 3278 ut
3294 3226 3486 3296 probet
3519 3226 3730 3281 frustra

426 3320 667 3389 primum
703 3328 758 3374 et
792 3318 1131 3390 principale,
1180 3334 1211 3374 a
1264 3333 1374 3389 quo
1409 3329 1609 3374 castera
1656 3321 1838 3375 omnia
1886 3336 2026 3391 peu-

427 3413 561 3467 dent
593 3420 649 3467 et
680 3412 1048 3480 emittuntur;
1096 3413 1273 3468 emitti
1311 3428 1417 3468 non
1451 3422 1664 3483 potest,
1714 3415 1822 3470 nisi
1876 3416 2023 3471 aliud

427 3502 713 3573 quidpiam
742 3511 796 3557 et
825 3502 1076 3559 anterius
1103 3512 1159 3558 et
1180 3504 1435 3575 superius
1460 3515 1825 3576 supponatur,
1858 3521 1886 3559 a
1917 3522 2023 3577 quo

426 3595 757 3663 emittatur;
794 3595 941 3666 quod
983 3595 1208 3667 quidem
1253 3597 1374 3653 sine
1427 3597 1720 3653 manifesta
1795 3609 2022 3653 contra-

428 3685 698 3755 dictione,
727 3702 796 3743 ne
810 3686 1105 3757 quidemin
1125 3687 1441 3745 hominibus
1467 3688 1602 3760 ipsis
1622 3690 1790 3745 statui
1818 3700 2021 3761 potest.

426 3779 692 3850 Quisquis
726 3796 858 3853 ergo
884 3780 1017 3847 Dei,
1078 3782 1234 3854 cujus
1267 3792 1467 3838 natura
1519 3792 1625 3850 est,
1662 3793 1722 3837 ut
1767 3784 1839 3839 sit
1874 3793 2023 3839 totus

426 3868 542 3927 Ntts
569 3887 663 3926 seu
683 3871 857 3939 Mens,
874 3872 993 3929 Non
1013 3874 1191 3929 emitti
1210 3872 1387 3946 lingit,
1403 3874 1682 3945 quidpiam
1703 3876 1794 3930 Dei
1815 3887 2020 3942 mente,

429 3978 495 4019 ac
525 3964 757 4031 proinde
794 3965 905 4021 Deo
933 3966 1052 4037 ipso
1076 3967 1229 4038 prius
1263 3976 1319 4021 et
1351 3967 1632 4039 superius,
1665 3983 1695 4022 a
1719 3984 1828 4043 quo
1854 3970 2018 4024 emit-

427 4063 603 4119 tatur,
638 4057 930 4125 supponit;
987 4072 1054 4112 ac
1094 4068 1499 4129 consequenter
1533 4060 1704 4115 Deum
1730 4077 1762 4116 a
1794 4059 1904 4117 Deo
1929 4077 2020 4118 se-

428 4160 613 4219 parat,
644 4158 698 4205 et
727 4155 882 4222 quasi
919 4152 1070 4206 aliud
1102 4158 1166 4209 ab
1190 4153 1297 4207 alio
1319 4155 1491 4208 emitti
1516 4154 1881 4226 blasphemat.

501 4242 592 4298 58.
624 4242 701 4299 De
727 4243 955 4315 reliquis
1003 4243 1299 4311 monibus,
1351 4244 1521 4315 Logo,
1552 4248 1863 4320 AutltrOpo,
1910 4248 2021 4322 By-

430 4335 547 4391 thio
587 4344 644 4391 et
678 4339 937 4402 czeteris,
994 4354 1103 4392 non
1151 4338 1295 4395 idem
1348 4339 1483 4395 ferri
1536 4356 1697 4410 posse
1751 4340 2021 4414 judicium

431 4424 723 4500 [XXXVII]
758 4436 963 4498 putem.
996 4425 1201 4484 Omnes
1223 4430 1467 4498 ejusdem
1491 4432 1823 4488 conditionis
1849 4432 2023 4489 exsti-

432 4523 587 4588 tisse,
620 4522 874 4577 omuibus
899 4522 1146 4594 ignotum
1176 4533 1233 4578 et
1255 4523 1588 4580 iuvisibilem
1628 4524 1801 4581 fuisse
1822 4540 2016 4597 supre-

2133 3315 2205 3368 sb
2228 3312 2504 3369 haereticis
2534 3312 2653 3367 Nun
2682 3315 2825 3369 intra
2859 3316 3079 3371 Patrem
3112 3318 3376 3372 emissum
3413 3319 3518 3372 dici
3540 3359 3556 3385 ,
3595 3328 3731 3372 tan-

2135 3418 2297 3474 quam
2341 3407 2641 3462 absurdum
2675 3408 2803 3478 quid
2851 3409 2904 3463 in
2956 3424 3144 3463 eorum
3180 3408 3471 3480 hypothcsi
3529 3410 3731 3475 infert.

2135 3499 2240 3553 hoc
2269 3498 2436 3553 semel
2465 3499 2662 3569 posito,
2694 3509 2741 3554 et
2773 3516 2889 3554 eum
2914 3502 3005 3571 qui
3035 3513 3109 3556 est
3155 3507 3219 3556 ab
3260 3519 3320 3557 eo
3367 3502 3562 3573 Logos,
3604 3508 3734 3573 [ore

2134 3594 2277 3647 intra
2295 3589 2534 3656 Patrem,
2551 3593 2798 3648 similiter
2818 3603 2994 3648 autem
3018 3603 3069 3649 et
3092 3596 3322 3667 reliquas
3342 3595 3471 3667 Logi
3487 3598 3735 3652 emissio-

2135 3703 2249 3743 nes.
2309 3685 2464 3752 Quod
2523 3686 2744 3756 quidem
2796 3689 3109 3759 argumenti
3159 3706 3368 3760 genus,
3408 3702 3469 3744 ut
3516 3692 3736 3762 valeat,

2133 3778 2425 3835 manifeste
2455 3780 2735 3850 supponit,
2769 3777 3284 3836 Valentinianorum
3313 3783 3594 3853 principiis
3634 3800 3739 3841 re-

2132 3886 2395 3942 pugnare,
2428 3871 2611 3942 Logon
2646 3880 2988 3942 caeterosque
3024 3872 3094 3926 ab
3140 3887 3207 3928 eo
3250 3875 3484 3931 emissos
3514 3874 3738 3933 Eones

2132 3978 2254 4019 esse
2282 3964 2422 4019 intra
2456 3964 2696 4021 Patrem.
2732 3964 2800 4018 Et
2832 3978 3022 4019 revera
3049 3979 3173 4036 cap.
3216 3968 3547 4036 praecedenti
3597 3986 3654 4023 n.
3694 3970 3739 4024 5

2132 4059 2334 4114 asserit
2359 4056 2735 4124 endiatheton,
2771 4060 2822 4114 id
2859 4069 2939 4116 est
2972 4060 3115 4114 intus
3166 4067 3349 4114 mente
3389 4068 3734 4129 conceptum

2132 4165 2238 4205 non
2267 4166 2387 4206 esse
2411 4166 2598 4206 eorum
2632 4151 2817 4221 Logou
2849 4191 2865 4219 ,
2910 4152 3003 4208 sed
3032 4162 3320 4207 externum
3340 4190 3357 4220 ,
3389 4163 3446 4207 et
3488 4167 3518 4205 a
3558 4149 3739 4209 Patre

2134 4253 2270 4307 adeo
2304 4253 2643 4317 distinctum,
2674 4260 2734 4307 ut
2764 4253 3046 4325 pr0priam
3091 4252 3326 4309 haberet
3354 4250 3735 4309 substantiam

2134 4358 2165 4398 a
2208 4344 2517 4400 substantia
2559 4344 2742 4400 Patris
2789 4345 3094 4401 diversam.
3158 4345 3363 4416 Nempe
3430 4330 3735 4417 postquam

2134 4435 2491 4500 ostendisset,
2519 4434 2783 4506 Sophiam
2817 4436 3113 4507 separatim
3141 4451 3172 4490 a
3220 4437 3450 4507 conjuge
3489 4435 3738 4494 Theleto

2136 4528 2273 4583 nihil
2303 4529 2601 4598 quidquam
2638 4530 2749 4599 pati
2787 4539 2887 4584 aut
2934 4545 3203 4601 generare
3241 4531 3518 4600 potuisse,
3568 4540 3625 4583 et
3667 4531 3736 4586 in

433 4627 581 4666 mum
619 4612 865 4680 Patrem,
900 4629 1097 4671 omnes
1124 4615 1440 4684 cupidinem
1474 4618 1695 4673 videndi
1730 4618 1912 4673 Patris
1946 4621 2029 4674 in-
2058 4599 2103 4654 ι)
2134 4637 2243 4677 ιιηο
2288 4632 2343 4677 et
2395 4624 2585 4677 eodem
2646 4622 2954 4677 l‘lcromate
3001 4632 3152 4678 stare
3187 4622 3348 4676 simul
3399 4638 3505 4676 non
3561 4638 3738 4691 posse

432 4703 689 4769 cessisse,
722 4721 914 4763 omnes
943 4708 1270 4779 ignorantia:
1304 4707 1426 4762 labe
1456 4710 1782 4777 maculatos,
1814 4725 2026 4777 omnes,

433 4796 797 4851 novissimum
823 4803 1155 4870 praesertim,
1179 4800 1349 4856 variis
1374 4801 1854 4870 perturbationum
1881 4804 2033 4858 testi-

434 4887 537 4944 hus
567 4890 853 4955 obnoxios,
891 4894 1094 4961 passim
1142 4901 1378 4948 testatur
1420 4895 1677 4950 lrenteus.
1718 4896 1885 4952 Certe
1921 4896 2026 4951 Lo-

433 4994 539 5049 gou
570 4978 750 5057 ipsum
793 4995 825 5035 a
858 4982 1138 5037 communi
1182 4994 1507 5041 cancrorum
1546 4984 1683 5039 vitio
1726 4984 2028 5039 immunem

435 5088 544 5128 non
580 5072 773 5140 fuisse,
806 5083 862 5128 et
888 5072 1144 5147 Patrem,
1168 5076 1397 5146 perinde
1446 5085 1614 5147 atque
1646 5075 1786 5132 alios
1812 5118 1828 5144 ,
1872 5076 2029 5146 igno-

435 5180 623 5228 rasse,
666 5176 726 5220 ut
771 5166 903 5236 quid
940 5178 1153 5223 certum
1203 5187 1271 5224 ex
1312 5169 1704 5226 haereticorum
1758 5169 2031 5224 sententia

436 5258 697 5327 supponit
729 5256 791 5313 S.
830 5256 1048 5324 doctor,
1090 5258 1185 5313 lib.
1216 5276 1275 5329 tt,
1316 5277 1436 5332 cap.
1466 5262 1533 5317 I5
1563 5272 1619 5317 et
1654 5260 1721 5316 16
1745 5302 1760 5329 ,
1800 5268 1859 5314 ιιι
1905 5260 2032 5316 hinc

435 5350 808 5419 blasphemias
834 5366 1024 5408 eorum
1044 5354 1316 5408 retundat.
1344 5355 1546 5412 Omnes
1575 5355 1807 5426 proinde
1833 5363 2031 5409 natura

437 5442 732 5498 inferiores
756 5442 929 5499 fuisse
956 5443 1145 5511 Patre,
1167 5455 1218 5501 et
1254 5446 1321 5501 ab
1347 5462 1411 5502 eo
1439 5447 1724 5519 plusquam
1751 5447 2029 5519 hypostasi

438 5545 532 5588 aut
562 5538 777 5591 ratione
800 5537 1113 5605 distinctos,
1154 5538 1388 5606 quilibet
1427 5541 1759 5595 conﬁteatur
1807 5555 2032 5597 necesse

437 5638 542 5684 est.
570 5629 882 5696 Quamlibet
916 5632 1063 5686 enim
1096 5632 1200 5685 sibi
1229 5632 1398 5685 Deum
1430 5633 1650 5688 tinxerit
1684 5633 2030 5699 Valentinus,

439 5723 746 5794 quamlibet
777 5725 993 5793 rudem,
1029 5735 1105 5793 et,
1132 5734 1193 5780 ut
1229 5725 1302 5779 ita
1331 5725 1538 5790 dicam,
1568 5738 1887 5781 concretam
1915 5724 2031 5795 ejus

439 5814 862 5888 intelligentiam
890 5819 1075 5873 animo
1122 5818 1474 5890 conceperit,
1520 5835 1625 5874 non
1674 5828 1856 5876 tamen
1894 5821 2031 5875 adeo

440 5907 755 5977 plumbeum
781 5911 1093 5976 exstitisse,
1127 5922 1181 5967 et
1217 5920 1328 5967 tam
1380 5911 1684 5968 euormiter
1719 5912 2026 5983 desipuisse

2133 4713 2297 4784 Sigeo
2328 4723 2383 4768 ct
2415 4714 2620 4786 Logou,
2657 4714 2940 4770 Silentium
2963 4718 3017 4767 et
3048 4712 3293 4781 Verbum,
3328 4731 3737 4785 prmoccupatts

2133 4804 2575 4860 adversariorum
2620 4806 3042 4874 responsiones,
3076 4805 3281 4875 subdit,
3322 4822 3474 4860 num.
3521 4805 3554 4859 6
3600 4823 3614 4861 :
3659 4806 3737 4861 Si

2132 4898 2269 4949 enim
2294 4899 2472 4951 unitas
2502 4898 2905 4967 conjugationes
2927 4899 3183 4962 dixerint,
3218 4899 3270 4953 id
3302 4907 3385 4953 est
3419 4899 3465 4953 si
3511 4896 3739 4956 Ilionea

2136 4988 2373 5045 feminas
2402 5004 2431 5042 a
2470 4992 2731 5045 masculis
2764 5007 2871 5046 non
2919 4991 3082 5046 aliter
3122 4991 3509 5058 distinxerint,
3552 5009 3738 5062 quam

2132 5067 2397 5147 viitutes,
2455 5083 2859 5153 pr0prietates,
2915 5092 2970 5138 et
3020 5082 3341 5141 aﬁ'ectiones
3383 5101 3412 5139 a
3464 5101 3523 5141 re
3564 5086 3744 5155 cujus

2135 5182 2286 5238 sunt,
2313 5174 2489 5227 soluta
2519 5182 2801 5227 esteorum
2841 5176 3090 5229 universa
3114 5178 3535 5247 argumentatio.
3572 5176 3744 5243 Quo-

2134 5268 2290 5319 modo
2327 5269 2467 5321 euim
2510 5268 2678 5321 unitis
2715 5269 2790 5322 eis
2816 5306 2832 5333 ,
2882 5267 3094 5339 Sopltia'
3132 5272 3246 5325 sine
3283 5270 3508 5342 conjuge
3549 5268 3743 5327 labem

2136 5360 2407 5426 generavit
2430 5358 2454 5410 1’
2475 5355 2535 5411 Si
2567 5368 2744 5411 autem
2765 5398 2782 5425 ,
2814 5363 2992 5430 pergit
3024 5360 3150 5426 ille,
3186 5363 3322 5416 sicut
3362 5364 3417 5415 in
3444 5363 3746 5420 emissione

2136 5464 2552 5520 unumquemque
2577 5468 2641 5505 ea:
2665 5450 2933 5506 Ai'onibus
2953 5456 3225 5523 propriam
3249 5455 3605 5508 substantiam
3629 5458 3752 5511 Ita-

2135 5542 2253 5594 bere
2282 5543 2480 5609 dicent;
2506 5547 2956 5613 quemadmodum
2989 5549 3043 5602 in
3079 5547 3259 5602 eodem
3304 5549 3513 5603 ostendi
3555 5560 3751 5619 potest

2136 5632 2259 5703 Sige
2282 5644 2331 5687 et
2365 5633 2585 5706 Logos?
2614 5637 2747 5693 Tam
2782 5648 2993 5695 certum
3029 5643 3195 5712 igitur
3222 5653 3343 5698 erat
3383 5643 3523 5711 apud
3553 5645 3755 5698 hazrt>

2137 5728 2299 5793 ticos,
2328 5728 2538 5801 Logon,
2568 5740 2623 5785 et
2654 5748 3102 5804 unumquemque
3136 5752 3202 5791 ex
3239 5736 3499 5791 masculis
3526 5734 3753 5791 [Enni—

2138 5823 2238 5877 hus
2262 5824 2329 5876 ah
2364 5839 2430 5878 eo
2469 5826 2688 5881 emissis
2712 5868 2728 5895 ,
2764 5829 3043 5898 prOpriam
3085 5828 3290 5885 habere
3334 5830 3746 5896 substantiam,

2139 5925 2195 5970 ut
2228 5926 2480 5973 vcreatur
2502 5916 2740 5975 ιτριιωιιδ
2775 5936 2840 5975 ne
2865 5922 2989 5977 hinc
3016 5922 3382 5992 respondendi
3405 5938 3593 5978 ansam
3632 5938 3750 5977 ar-
