3954 6352
281 356 357 441 8t
1139 386 1603 445 msssarmu
1639 387 1679 452 ι,
1719 385 1770 440 A‘

1876 424 1881 439 .
1917 384 1959 448 l,
1993 378 2082 437 DE
2116 378 2536 440 VALENTINO.
3428 382 3517 439 82η

278 504 460 575 ripisnt,
490 512 542 557 et
570 502 800 559 feminas
828 504 1107 576 propriam
1137 507 1343 563 habere
1378 504 1749 563 substantiam
1779 524 1794 572 ;
1830 507 1876 563 Α
1906 500 2108 557 tentias
2136 500 2345 557 relerre
2370 510 2434 556 ac
2459 496 2754 569 complecti
2789 483 3105 571 [XXXVIII]
3138 495 3389 563 videtur;
3432 511 3500 552 ac

274 599 388 668 quod
429 606 597 653 tamen
636 614 827 653 eorum
861 600 1107 671 Opinioni
1143 601 1486 656 contrarium
1521 610 1665 656 erat.
1698 600 1806 655 Lo-

273 705 355 760 gon
384 688 547 759 itaque
577 699 625 743 et
651 690 787 745 alios
810 706 879 746 ex
905 707 971 748 eo
997 703 1156 750 natos
1182 692 1388 749 Eones
1411 692 1492 748 sic
1520 704 1677 749 extra
1702 693 1805 750 Pa-

270 789 382 837 trem
412 780 626 838 emissos
652 782 987 847 fatebantur,
1017 795 1080 840 ut
1115 786 1416 856 unicuique
1443 803 1633 843 eorum
1672 803 1803 858 pro-

268 873 408 945 ptiam
446 872 798 931 substantiam
838 892 869 931 a
908 878 1216 933 subStantia
1263 879 1443 936 Patris
1484 880 1799 936 distinctam

270 961 545 1018 tribuerent.
574 963 847 1021 Praeterea
872 966 1132 1035 Irenaeus,
1163 970 1353 1025 eodem
1379 986 1501 1043 cap.
1526 972 1614 1038 13,
1650 990 1703 1027 n.
1740 974 1797 1041 9,

266 1056 591 1127 perstringens
621 1058 1005 1116 haereticorum
1041 1062 1108 1117 de
1158 1062 1293 1133 Logi
1348 1074 1403 1120 et
1446 1064 1585 1122 Zoes
1631 1068 1801 1123 cmis-

265 1144 385 1201 sione
415 1148 639 1220 somnia,
672 1151 789 1205 ait:
836 1152 901 1209 Et
943 1170 1047 1208 non
1079 1158 1367 1210 secundum
1398 1158 1795 1214 descensionem

264 1252 312 1290 ea
334 1237 417 1306 (sic
442 1238 571 1311 lego.
605 1257 714 1297 non
745 1243 818 1310 et)
850 1258 970 1312 quia
994 1259 1116 1302 sunt
1138 1250 1269 1304 talia
1294 1263 1605 1321 acceperunt
1632 1255 1794 1308 emis-

262 1329 429 1396 siones;
478 1334 567 1387 sed
610 1352 798 1391 earunt
837 1341 1091 1397 virtutum
1121 1362 1239 1415 qua:
1272 1361 1474 1413 semper
1514 1358 1639 1400 sunt
1676 1363 1793 1401 cum

264 1419 368 1486 Deo,
388 1427 749 1493 appellationes
782 1442 929 1499 sunt,
959 1437 1406 1506 quemadmodum
1439 1440 1685 1506 possibile
1713 1451 1793 1495 est

262 1521 484 1590 «dignam
500 1524 808 1583 hominibus
837 1532 1025 1587 audire
1039 1544 1089 1587 et
1108 1533 1281 1589 dicere
1299 1538 1365 1590 de
1382 1536 1510 1591 Deo.
1534 1538 1792 1607 Appella-

260 1610 369 1664 tione
387 1614 509 1666 enim
551 1614 653 1670 Dei
683 1620 1107 1677 coobaudientur
1126 1642 1335 1689 sensus,
1364 1636 1414 1678 et
1448 1630 1658 1681 verbum
1680 1669 1695 1692 ,
1742 1639 1789 1683 et

254 1700 351 1769 rita,
375 1714 417 1757 et
437 1706 810 1778 incorruptela,
838 1724 889 1767 et
920 1717 1133 1783 veritas,
1170 1726 1218 1771 et
1246 1720 1544 1787 sapientia,
1594 1731 1642 1774 et
1695 1722 1789 1774 bo-

251 1794 378 1858 nitas,
406 1806 447 1851 et
472 1800 651 1854 omnia
686 1802 843 1861 talia.
881 1805 925 1837 "
964 1806 1298 1878 Principium
1356 1812 1459 1868 ltoc
1499 1813 1788 1869 catholicis

248 1886 455 1944 omnibus
481 1890 858 1949 certissimum
888 1899 1115 1969 opponit
1144 1901 1459 1967 haereticis;
1484 1888 1641 1958 aliud
1690 1904 1786 1976 igi-

248 1978 377 2034 tnrbi
402 1982 732 2040 sentiebant.
763 1985 1143 2059 Opinabantur
1173 1994 1403 2065 proinde
1437 1995 1648 2066 Logon,
1678 1996 1786 2052 Ve-

244 2066 438 2140 ritatem,
468 2074 671 2143 Vitam,
698 2077 1057 2150 Sapientiam,
1086 2093 1217 2153 etc.,
1250 2103 1357 2142 non
1392 2104 1584 2145 earum
1615 2092 1787 2145 virtu-

246 2166 349 2225 tum,
369 2176 475 2231 qua:
498 2179 721 2237 semper
745 2179 1019 2228 suntcum
1048 2172 1183 2240 Deo,
1208 2176 1609 2246 appellationes
1639 2195 1784 2245 esse,

244 2264 321 2307 nec
343 2255 695 2325 appellatione
732 2260 826 2317 Dei
858 2266 1220 2334 coobaudiri;
1260 2269 1356 2323 sed
1401 2284 1431 2323 a
1468 2271 1579 2326 Deo
1622 2289 1681 2328 re
1729 2283 1785 2329 et

241 2351 395 2399 natura
429 2347 717 2423 distingui,
768 2353 843 2408 ita
875 2366 932 2409 ut
964 2355 1108 2412 Deus
1137 2358 1255 2414 sine
1287 2360 1353 2415 iis
1388 2361 1585 2416 nedum
1614 2363 1779 2419 intel-

240 2432 507 2507 ligipossit,
548 2445 654 2501 sed
691 2453 746 2500 et
793 2462 989 2520 reapse
1033 2450 1329 2522 aliquando
1370 2456 1687 2524 exstiterit,
1721 2467 1782 2513 ut

236 2541 363 2596 quem
388 2532 649 2604 [ingerent
682 2538 910 2597 infinitis
938 2541 1264 2599 szeculorum
1298 2544 1609 2604 intervallis
1635 2551 1780 2607 anti-

237 2619 436 2688 quiorem
461 2623 759 2684 Eonibus.

286 2712 361 2767 59.
383 2714 536 2773 Neca
586 2723 901 2780 verosimili
948 2726 1257 2787 abhorrens
1297 2732 1554 2804 cuiquam
1603 2736 1775 2793 videri

235 2803 375 2873 debet,
409 2812 547 2879 quod
580 2814 841 2871 Verbum
872 2828 926 2873 et
952 2820 1293 2890 Sapientiam
1317 2843 1346 2881 a
1373 2803 1555 2885 Mente
1596 2830 1778 2887 Patris

232 2898 345 2953 etab
364 2902 468 2971 ipso
496 2905 669 2964 Patre
698 2914 1011 2980 separarint
1034 2914 1425 2975 Valentiniani.
1462 2922 1597 2978 Tam
1625 2927 1771 2980 enim

233 2986 456 3050 indivulse
522 3002 777 3057 cohaeret
840 3004 1168 3078 Ἐνθύμησις
1232 3026 1355 3065 cum
1415 3013 1771 3087 ὲνθυμοῦντι,

232 3097 357 3182 quatit
395 3087 542 3159 λόγος
586 3109 721 3149 cum
765 3098 1064 3165 cogitante.
1103 3101 1169 3156 Et
1205 3110 1387 3160 tamen
1438 3106 1773 3182 Ἐνθύμησιν

1908 591 2138 662 proinde
2160 591 2396 647 innuere
2428 589 2794 661 quorumdam
2825 590 3139 661 Opinionem
3164 589 3353 656 fuisse,
3377 588 3500 644 uni-

1908 695 1992 738 tos
2024 684 2199 737 emitti
2224 682 2433 739 ASones
2455 682 2503 738 ei
2533 682 2627 752 qui
2653 682 2875 749 emittit,
2902 680 3362 752 quemadmodum
3393 678 3496 735 soli

1906 775 2127 840 radios;
2151 779 2513 843 quorumdam
2538 792 2692 841 vero,
2720 775 2966 843 ejusdem
3000 774 3324 861 substantia;
3351 773 3501 828 exsi-

1901 875 2048 922 stere
2078 867 2163 922 his
2202 868 2378 937 quise
2408 867 2754 933 emiserunt;
2790 868 3026 923 aliorum
3062 867 3336 937 denique,
3362 866 3497 921 sim-

1901 957 2074 1029 plices
2099 968 2154 1015 et
2182 960 2487 1017 uniformes
2511 977 2657 1028 esse,
2686 970 2741 1017 et
2765 963 3011 1031 undique
3037 960 3142 1017 sibi
3171 959 3415 1031 aequales
3439 966 3497 1015 et

1901 1052 2152 1119 similes,
2202 1055 2667 1124 quemadmodum
2713 1055 2944 1126 spiritus
2993 1066 3048 1110 et
3095 1053 3325 1110 lumina.
3379 1052 3488 1109 Sed

1899 1154 2264 1216 praeterquam
2293 1148 2437 1217 quod
2470 1164 2575 1203 non
2609 1148 2927 1216 negaverim
2970 1162 3174 1218 paucos
3224 1148 3493 1215 quosdam

1896 1254 1964 1294 ex
1998 1241 2150 1309 ipsis,
2186 1249 2246 1295 ut
2276 1240 2675 1307 Colorbaszeos,
2722 1240 3045 1297 existimare
3085 1239 3364 1310 potuisse,
3410 1237 3496 1293 sic

1894 1333 2071 1387 emitti
2092 1330 2301 1389 Eones
2332 1334 2515 1391 unitos
2543 1336 2840 1396 emittenti,
2868 1341 2927 1388 ut
2950 1333 3051 1390 soli
3079 1333 3299 1398 radios;
3324 1346 3390 1386 ex
3423 1330 3494 1385 iis

1898 1432 2079 1479 tamen
2112 1439 2249 1495 quas
2295 1424 2472 1480 rel‘ert
2520 1434 2577 1481 et
2624 1425 2875 1481 confutat
2925 1424 3207 1492 Irenaeus,
3249 1422 3491 1478 diversis

1894 1517 2343 1585 explicandarum
2409 1518 2765 1574 emissionum
2843 1518 3157 1573 rationibus
3228 1516 3490 1573 concludi

1894 1626 2054 1681 posse
2089 1626 2195 1664 non
2223 1611 2581 1676 crediderim,
2618 1613 2705 1667 bis
2733 1612 2993 1666 omnibus
3019 1625 3147 1665 usos
3178 1610 3349 1666 fuisse
3376 1610 3491 1664 Va-

1895 1703 2255 1757 lentinianus.
2291 1703 2499 1774 Nempe
2532 1704 2585 1757 id
2632 1704 2749 1773 agit
2779 1704 2864 1757 vir
2907 1712 3133 1757 sanctus
3164 1742 3179 1767 ,
3226 1702 3372 1771 quod
3427 1701 3485 1755 in

1886 1793 2245 1851 conlutandis
2271 1796 2693 1851 obscurioribus
2719 1796 3012 1852 sententiis
3042 1795 3160 1850 ﬁeri
3191 1796 3354 1865 vulgo
3392 1810 3485 1849 so-

1819 1857 1863 1913 B
1892 1884 1999 1951 let;
2040 1898 2101 1942 ut
2142 1888 2350 1945 invicte
2392 1889 2747 1957 refellantur,
2793 1891 3091 1959 omniaque
3149 1890 3490 1945 adversariis

1888 1976 2084 2049 ell‘ugia
2113 1982 2548 2049 praecludantur,
2578 1998 2773 2038 omnes
2804 1998 2942 2053 quas
2971 1983 3234 2038 adhibere
3264 1991 3489 2053 possent

1887 2072 2201 2141 explicandi
2243 2075 2486 2131 rationes
2514 2117 2531 2142 ,
2585 2077 3087 2147 responsionesqne
3139 2078 3478 2141 referuntur;

1888 2179 1996 2219 non
2032 2165 2178 2235 quod
2212 2181 2404 2221 revera
2433 2180 2631 2222 omnes
2662 2168 3001 2239 adhibeant;
3036 2171 3131 2226 SCII
3159 2180 3238 2234 ut,
3264 2169 3483 2225 etiamsi

1886 2259 2233 2324 adhiberent,
2266 2274 2457 2316 eorum
2490 2261 2766 2317 sententia
2798 2277 2828 2316 a
2864 2278 2997 2318 sana
3031 2264 3248 2318 ratione
3272 2264 3483 2318 abltor-

1886 2366 2009 2407 rere
2070 2354 2499 2409 demonstretur.
2568 2354 2687 2410 lloc
2743 2369 2876 2409 vero
2937 2356 3131 2413 lrenaei
3187 2357 3481 2413 consilium

1886 2442 2057 2498 fuisse
2087 2459 2194 2499 non
2228 2444 2522 2513 dubitabit,
2554 2448 2809 2519 quisquis
2836 2450 3139 2505 attenderit
3170 2450 3238 2503 ad
3266 2464 3330 2503 ea
3357 2462 3482 2517 qua:

1881 2538 2105 2608 snbjicit
2133 2554 2188 2592 n.
2220 2538 2253 2593 9
2278 2555 2291 2592 :
2327 2535 2537 2592 Praeter
2568 2540 2666 2595 ltas
2693 2551 2873 2596 autent
2901 2542 3211 2597 emissiones
3238 2558 3330 2611 ego
3354 2543 3481 2610 qui-

1880 2631 1997 2684 dem
2020 2629 2137 2699 jam
2167 2644 2270 2683 non
2291 2629 2528 2700 intelligo
2558 2631 2783 2687 alteram
2812 2650 2965 2699 posse
3010 2650 3097 2687 eos
3141 2636 3356 2700 dicere;
3387 2636 3480 2689 sed

1880 2739 1944 2777 ne
1977 2723 2079 2792 ipsi
2101 2722 2314 2792 quidem
2346 2723 2571 2778 alterum
2591 2726 2881 2795 quamdam
2911 2728 3290 2795 proprietatem
3315 2730 3480 2783 emis-

1878 2828 1991 2865 sant
2023 2811 2299 2866 reddentes
2335 2812 2649 2883 aliquando,
2682 2816 2885 2885 cogniti
2912 2826 3037 2871 sunt
3078 2835 3110 2871 a
3145 2819 3322 2883 nobis,
3352 2820 3489 2877 licet.

1878 2904 2028 2958 ualde
2078 2904 2303 2958 multam
2353 2906 2419 2959 de
2449 2905 2775 2975 ,hujusmodi
2814 2908 3087 2988 speciebus
3126 2910 3476 2980 quwstioitem

1875 2994 2219 3050 habuerimus
2269 3013 2389 3051 cum
2428 2998 2528 3055 eis.
2562 2997 2683 3055 Non
2722 2998 2801 3054 ait
2840 2992 2936 3056 eas
2982 3016 3106 3058 esse
3149 3003 3483 3061 emissiones

1876 3102 2016 3158 quas
2052 3091 2310 3160 probant,
2345 3091 2441 3147 sed
2470 3105 2567 3148 eas
2591 3106 2713 3147 esse
2739 3092 3071 3151 emissiones
3100 3110 3296 3153 omnes
3346 3112 3477 3167 pos-

232 3176 403 3248 Sophize
426 3185 501 3239 sic
530 3187 600 3243 ab
635 3202 700 3243 ea
732 3194 1082 3261 separamur,
1116 3206 1179 3249 ιιι
1229 3198 1454 3267 umque
1495 3176 1771 3259 divérs'am
1801 3196 1846 3257 ο
1881 3180 2092 3249 sibiles,
2119 3196 2259 3251 quas
2285 3183 2459 3238 dicere
2488 3194 2733 3254 possunt,
2759 3195 2817 3241 et
2852 3195 3051 3254 prater
3088 3201 3185 3244 eas
3233 3202 3341 3244 non
3387 3190 3474 3246 itt-

229 3282 406 3357 prorsus
442 3277 818 3334 substantiam
874 3284 1207 3342 tribuerent.
1255 3288 1455 3357 Quidni
1513 3292 1770 3350 similiter

229 3356 371 3430 Logon
399 3376 450 3420 et
492 3367 762 3439 Sophiam
794 3386 825 3427 a
871 3374 953 3429 Nu
986 3386 1043 3431 et
1087 3393 1117 3431 a
1168 3376 1335 3434 Patre
1380 3381 1639 3439 divellere
1672 3401 1769 3453 po.

226 3454 419 3511 tnerint?
438 3458 854 3519 Absurdissima
883 3465 1001 3523 haec
1030 3469 1076 3524 si
1104 3471 1227 3540 quis
1258 3473 1422 3541 dicat,
1456 3474 1650 3533 lubens
1682 3476 1766 3533 fa-

226 3542 373 3615 tebor;
408 3550 512 3606 imo
571 3554 717 3610 adeo
774 3556 1013 3613 absurda
1062 3560 1261 3631 dicam,
1323 3572 1382 3619 ut
1433 3566 1616 3624 nullus
1664 3584 1766 3623 un-

224 3650 368 3705 quam,
398 3642 499 3697 nisi
525 3655 729 3702 emota:
760 3649 960 3706 mentis
988 3651 1154 3709 homo
1190 3656 1303 3711 haec
1334 3656 1387 3711 in
1414 3659 1655 3712 animum
1681 3659 1765 3714 in-

224 3727 381 3784 ducere
405 3736 592 3801 possit.
627 3734 831 3793 Verum
861 3756 966 3796 non
1013 3742 1145 3811 quid
1187 3759 1313 3798 cum
1361 3756 1512 3803 recta
1546 3749 1763 3805 ratione

222 3824 479 3878 consentiat
504 3840 804 3900 pugnetve,
832 3832 927 3887 sed
953 3848 1076 3903 qua:
1108 3834 1309 3892 fuerint
1343 3836 1760 3897 Valentiniano-

220 3923 309 3965 t‘um
335 3916 596 3989 dogmata,
629 3922 721 3979 hic
752 3924 1101 3995 inquirimus.
1127 3930 1216 3995 At,
1252 3930 1472 4001 inquis,
1522 3934 1759 3992 lrenartts

219 4001 289 4060 lib.
327 4024 387 4078 ιι,
429 4028 547 4085 cap.
611 4014 705 4079 16.
744 4032 801 4071 ιι.
830 4016 885 4083 6,
921 4018 1258 4089 expehdens,
1313 4026 1759 4094 quemadmodum

217 4100 350 4153 emissi
371 4114 481 4157 sunt
505 4106 702 4179 reliqui
727 4106 955 4177 Afones,
986 4110 1039 4165 id
1070 4122 1155 4167 est
1178 4113 1376 4186 Logos,
1416 4117 1757 4189 Anthropos,

217 4199 256 4243 et
279 4196 459 4264 caeteri,
492 4200 684 4254 varios
720 4201 1175 4272 explicandarum
1228 4209 1585 4264 emissionum
1636 4227 1748 4266 mo-

218 4282 287 4338 dos
313 4292 568 4359 proponit.
607 4291 829 4360 Utrum,
860 4296 1055 4365 inquit,
1086 4299 1223 4352 uniti
1269 4301 1317 4353 ei
1342 4302 1449 4371 'qui
1496 4305 1753 4372 emiserit,

216 4381 605 4440 quemadmodum
632 4404 666 4439 a
689 4386 799 4441 sole
821 4389 997 4454 radii;
1025 4407 1093 4443 an
1124 4391 1448 4460 e/ﬁcabiliter
1468 4407 1515 4450 et
1540 4398 1754 4466 partili-

217 4476 286 4529 ter.
315 4470 358 4523 id
387 4484 463 4527 est
489 4491 557 4531 an
592 4492 626 4530 a
660 4478 934 4551 principio
964 4485 1256 4539 emittente
1285 4485 1449 4541 soluti
1474 4496 1533 4543 et
1568 4489 1753 4557 sejun-

216 4558 283 4624 ﬁli.
297 4573 343 4615 ut
370 4566 430 4619 sit
458 4573 818 4643 unusquisque
862 4591 1043 4629 eorum
1092 4580 1399 4647 separatim,
1426 4591 1473 4635 et
1502 4599 1653 4637 suant
1678 4582 1750 4652 ﬁ-

216 4658 490 4717 gurationem
515 4664 743 4730 habens,
773 4669 1221 4736 quemadmodum
1248 4671 1313 4724 ab
1338 4673 1547 4727 homine
1568 4674 1748 4743 homo,

214 4753 249 4795 tt
282 4763 306 4797 a
331 4754 511 4817 pecude
550 4757 761 4823 pecus?
803 4756 910 4811 Aut
958 4762 1247 4815 secundum
1285 4766 1749 4833 germinationem,

214 4844 606 4900 qumodmodum
650 4848 714 4902 ab
757 4850 943 4905 arbore
970 4855 1149 4907 rami?
1191 4853 1257 4908 Et
1303 4867 1481 4909 utrum
1513 4859 1749 4928 ejusdem

210 4929 465 4991 ssbstantite
475 4940 801 4995 exsistebant
814 4944 895 4998 his
914 4946 1072 5015 quise
1089 4947 1397 5014 emiserunt,
1413 4966 1479 5002 an
1496 4968 1562 5005 ex
1579 4952 1747 5007 altera

210 5025 388 5085 quadam
410 5031 710 5088 substantia
755 5036 1103 5092 substantiam
1133 5039 1426 5096 habentes?
1453 5042 1521 5096 Et
1570 5055 1748 5099 utrum

212 5110 249 5164 in
266 5119 414 5174 eodem
443 5126 627 5180 emissi
646 5137 791 5193 sunt,
822 5139 876 5182 ut
901 5131 1134 5200 ejusdem
1158 5134 1409 5203 temporis
1429 5148 1597 5191 essent
1620 5139 1745 5203 sibi;

211 5220 259 5258 sit
286 5216 548 5269 secundum
576 5218 819 5273 ordinent
845 5225 1126 5292 quemdam
1154 5265 1170 5288 ,
1213 5226 1287 5279 ita
1323 5236 1377 5281 ut
1423 5229 1747 5297 antiquiores

210 5298 379 5356 nitidam
406 5307 663 5375 ipsorum,
690 5314 785 5366 alii
818 5332 934 5370 vero
949 5316 1195 5386 juniores
1219 5330 1389 5372 essent
1415 5322 1442 5374 ἰ)
1470 5319 1539 5373 Et
1567 5332 1745 5377 utrum

210 5386 418 5483 tinpliees
437 5401 655 5468 quidem
679 5412 728 5456 et
761 5406 1070 5473 uniforntes,
1102 5420 1147 5463 et
1173 5411 1407 5481 undique
1432 5412 1533 5465 sibi
1565 5430 1743 5483 (cqua-

209 5475 262 5531 ιιι
302 5494 342 5537 et
382 5491 614 5561 similes,
671 5500 1114 5565 quemadmodum
1158 5475 1377 5573 spiritus
1430 5513 1479 5558 et
1536 5475 1740 5560 lumina

208 5576 353 5633 imissa
380 5598 533 5651 sunt;
567 5607 639 5642 an
671 5596 947 5661 compositi
991 5607 1039 5651 et
1076 5598 1380 5667 differentes
1406 5641 1422 5667 ,
1454 5602 1738 5657 dissimiles

211 5671 403 5727 Vmbris
438 5680 597 5733 suis?
639 5680 851 5747 Quibus
895 5687 1143 5747 diversas
1186 5691 1573 5749 limreticorunt
1607 5709 1734 5750 scn-

259 5846 291 5877 "
324 5850 427 5908 Lib.
469 5874 506 5929 ι,
538 5877 663 5933 cap.
704 5862 750 5915 l.

1874 3274 2120 3346 telligere
2161 3290 2221 3331 se
2262 3275 2497 3331 alteram
2540 3291 2639 3333 eos
2679 3292 2842 3349 posse
2881 3278 3104 3346 dicere;
3158 3294 3261 3336 nec
3297 3281 3481 3341 alium

1872 3372 2188 3440 quempiam,
2216 3368 2505 3425 emittendi
2551 3372 2774 3426 modum
2804 3372 3084 3429 audivisse
3111 3389 3175 3430 se
3218 3389 3466 3445 unquam

1872 3466 1942 3519 ab
1976 3463 2129 3533 ipsis.
2167 3462 2273 3519 Sed
2313 3470 2525 3518 tantum
2558 3465 2715 3519 abest
2745 3478 2839 3519 eas
2889 3480 3083 3521 omnes
3132 3468 3481 3525 emissiones.

1868 3556 1971 3613 sibi
2006 3555 2343 3612 asciscerent
2376 3555 2772 3620 Valentiniani,
2805 3566 2863 3610 ut
2900 3558 2989 3612 vix
3020 3558 3130 3613 ulla
3156 3569 3309 3616 certa
3355 3561 3462 3633 by-

1866 3650 2080 3720 pothesi
2110 3656 2540 3719 stare.possent,
2565 3657 2621 3703 et
2643 3649 3041 3718 quaestionibus
3075 3652 3178 3708 sibi
3208 3668 3271 3707 ea
3299 3654 3368 3709 de
3399 3666 3461 3711 re

1865 3740 2163 3810 propositis
2189 3738 2372 3795 facere
2402 3739 2559 3794 satis.
2589 3739 2645 3793 ld
2678 3741 2970 3811 perspicue
3009 3744 3177 3799 tradit
3217 3744 3456 3803 Irenaeus

1864 3831 2049 3885 verbis
2080 3832 2443 3901 sequentibus
2485 3850 2499 3887 :
2552 3832 2670 3888 Hoc
2723 3845 2898 3889 autem
2940 3836 3161 3899 dicunt,
3202 3839 3461 3910 quoniam

1863 3924 2043 3979 emissi
2066 3933 2190 3978 sunt
2219 3926 2578 3995 unusquisque
2595 3926 2837 3989 illorunt,
2866 3938 2916 3983 et
2939 3930 3095 3983 illum
3128 3940 3335 3984 tantum
3369 3948 3462 3985 co-

1862 4015 2102 4088 gnovisse
2129 4020 2223 4085 qui
2250 4032 2305 4071 se
2333 4018 2531 4083 emisit,
2566 4020 2824 4089 ignorans
2852 4031 3028 4076 autem
3056 4038 3178 4077 eum
3212 4025 3303 4093 qui
3333 4033 3460 4076 ante

1860 4107 2013 4162 illum
2044 4118 2144 4162 est.
2169 4108 2295 4162 Jam
2315 4126 2419 4164 non
2438 4119 2615 4165 autem
2643 4127 2763 4165 cum
2790 4115 3092 4169 ostensione
3109 4116 3458 4186 progreditur.

1862 4212 1972 4268 tur,
2008 4204 2455 4273 quemadmodum
2484 4202 2666 4257 emissi
2704 4215 2852 4270 sunt,
2881 4216 2975 4259 aut
3013 4210 3280 4276 quomodo
3312 4209 3456 4277 capit

1858 4297 1966 4351 tale
1990 4298 2118 4367 quid
2142 4298 2195 4349 in
2225 4296 2563 4363 spiritalibus
2596 4296 2735 4365 ﬁeri.
2786 4297 2853 4351 Et
2887 4311 3183 4370 eapropter
3219 4302 3287 4356 ad
3345 4303 3458 4357 sol—

1857 4390 2065 4444 vendas
2099 4390 2407 4460 propositas
2443 4391 2549 4445 sibi
2579 4390 2957 4459 dillicultates,
3000 4395 3453 4464 explicandamve

1858 4481 2183 4535 sententiam
2210 4497 2403 4551 parum
2432 4482 2568 4537 adeo
2601 4485 2904 4553 comparati
2929 4496 3107 4547 erant,
3138 4495 3197 4538 ut
3225 4498 3454 4543 auctore

1861 4581 2049 4627 nostro
2085 4584 2243 4640 teste,
2272 4572 2366 4627 lib.
2390 4588 2473 4639 ιιι,
2507 4588 2627 4643 cap.
2662 4573 2753 4641 15,
2784 4589 2841 4627 ιι.
2866 4576 2901 4629 ‘2
2931 4590 2945 4626 :
2978 4574 3041 4630 Si
3062 4576 3255 4647 aliquis
3284 4595 3351 4632 ex
3367 4581 3451 4635 his

1856 4666 1948 4737 qui
1973 4666 2261 4719 audiebant
2295 4682 2404 4729 cos,
2435 4674 2693 4736 quwreret
2724 4665 3037 4731 solutiones,
3066 4666 3145 4721 vel
3167 4674 3443 4727 contradi-

1855 4769 1995 4816 ceret
2021 4763 2119 4826 eis,
2142 4768 2283 4815 hunc
2305 4763 2459 4833 quasi
2484 4781 2589 4818 non
2620 4764 2912 4833 capientem
2938 4765 3238 4834 veritatem,
3264 4779 3313 4824 et
3344 4787 3449 4827 non

1856 4854 2133 4909 habentem
2165 4855 2230 4909 de
2253 4855 2619 4917 superioribus
2656 4872 2689 4907 a
2729 4864 2904 4910 matre
2946 4873 3047 4912 sua
3087 4875 3265 4914 semen
3304 4865 3450 4933 affir-

1852 4958 2078 5013 mantes,
2110 4948 2165 5000 in
2190 4956 2359 5000 totum
2387 4946 2523 5001 nihil
2539 4946 2774 5001 dicerent
2797 4949 2866 5014 ei,
2886 4951 3187 5006 mediarum
3211 4958 3449 5023 partium

1853 5039 2085 5092 dicentes
2115 5053 2227 5092 esse
2257 5038 2431 5103 illum,
2460 5038 2558 5091 hoc
2583 5048 2681 5103 est,
2710 5037 3119 5108 Psychicorum.
3152 5042 3305 5111 Quod
3340 5048 3447 5101 lio.

1853 5132 2030 5186 mines
2060 5130 2303 5186 ostendit
2335 5141 2538 5185 temere
2566 5131 2828 5201 quidquid
2852 5131 2908 5186 in
2944 5135 3176 5190 buccam
3228 5140 3447 5195 veniret

1852 5226 2264 5296 proloqnentcs,
2302 5223 2353 5278 id
2385 5237 2513 5277 vero
2547 5239 2646 5279 nec
2672 5227 2979 5297 explicare,
3015 5242 3115 5282 nec
3136 5230 3309 5285 certis
3357 5248 3446 5285 ra-

1850 5320 2091 5373 tionibus
2116 5316 2329 5371 munire
2353 5316 2616 5373 valentes.

1921 5411 2012 5465 60.
2046 5410 2317 5477 Quantum
2347 5424 2479 5463 vero
2506 5425 2572 5465 ex
2611 5411 2795 5465 verbis
2826 5425 3042 5478 eorum,
3074 5422 3129 5466 ct
3174 5427 3243 5467 ex
3287 5426 3443 5469 reces

1849 5518 1940 5579 pta
1962 5506 2104 5577 apud
2122 5520 2315 5560 omnes
2334 5502 2624 5576 Itypothcsi
2652 5503 2925 5572 conjicere
2955 5506 3085 5561 licet
3102 5508 3251 5576 (nam
3281 5523 3349 5562 ex
3373 5509 3441 5564 iis

1848 5602 2004 5665 solis,
2029 5599 2278 5662 velimus,
2322 5597 2584 5663 nolimus,
2616 5596 2839 5652 ferenda
2882 5600 3204 5669 sententia),
3250 5599 3435 5670 Logon

1847 5704 2190 5764 ctctcrosque
2236 5690 2573 5763 posteriores
2626 5688 2837 5746 Eones
2887 5691 3057 5748 fuisse
3094 5696 3437 5751 substantias
