3954 6352
428 350 499 406 ss
1244 348 1848 407 DlSSERTATlONES
1884 324 2191 407 ramea;
2222 348 2292 405 IN
2331 350 2585 409 meum
2620 350 2889 411 uanos.
3600 362 3664 419 st

427 467 698 538 quasdam
743 480 841 539 per
892 482 953 523 se
996 468 1398 547 subsistentes,
1450 471 1545 526 sed
1600 484 1857 541 supremo
1904 469 2014 524 Deo
2042 471 2091 530 Α
2117 485 2309 540 pompa
2362 487 2615 527 enarrare
2660 472 2912 527 instituit.
2946 470 3079 527 Nam
3111 472 3345 544 Angelos
3384 474 3662 544 paulolon-

426 563 589 633 longe
642 561 971 630 inferiores,
1035 566 1359 622 concludere
1410 581 1722 636 possumus.
1765 564 2010 637 Angelici

426 670 597 724 porro
629 656 846 712 ordinis
878 672 987 712 non
1023 658 1300 714 immerito
1325 659 1451 729 quis
1480 660 1682 714 dixerit
1715 679 1727 712 :
1760 658 2013 727 hancque

428 750 819 820 haereticorum
866 750 1100 805 istorum
1149 760 1387 807 urentem
1436 766 1556 808 esse
1595 750 1739 806 haud
1789 751 2013 808 dilﬁcile

424 841 763 907 probaverit.
796 841 982 898 Primo
1012 844 1161 898 enim
1190 844 1471 909 Marcosii,
1506 844 1604 913 qui
1637 843 1777 899 nihil
1826 842 1942 900 lere
1979 859 2010 900 a

422 936 643 991 caeteris
670 935 1077 995 Valentinianis
1103 940 1460 1006 dissidebant,
1480 940 1586 996 nisi
1612 941 1777 1010 quod,
1806 948 1864 996 ut
1886 956 2013 1011 pre-

426 1027 561 1083 tium
594 1030 756 1100 nugis
783 1031 1075 1097 adderent,
1108 1033 1172 1087 ad
1206 1033 1562 1104 symbolicam
1606 1032 1913 1088 litterarum
1957 1040 2014 1089 et

419 1119 823 1177 elementorum
850 1121 1205 1193 farraginem,
1230 1124 1594 1195 Pythagorico
1625 1139 1798 1191 more,
1823 1125 2009 1179 omnia

424 1213 784 1278 revocabant,
813 1214 1012 1269 tradita
1037 1214 1139 1269 sub
1177 1216 1263 1271 bis
1292 1216 1599 1286 :enigmatis
1635 1216 1877 1274 Eonum
1910 1232 2004 1288 ge-

422 1304 539 1359 nesi
572 1304 907 1359 concludunt
934 1323 949 1360 :
977 1308 1118 1371 Τοὺς
1149 1308 1205 1362 δὲ
1235 1308 1507 1379 φθόγγους
1552 1311 1853 1382 ὑπάρχειν,
1881 1311 2011 1374 τοὺς

423 1398 768 1471 μορφοῦντας
793 1400 885 1452 τὸν
916 1401 1163 1455 ἀνούσιον
1214 1404 1309 1457 καὶ
1350 1404 1647 1477 ἀγέννητον
1680 1406 1881 1459 Αὶῶνα’
1915 1405 2006 1459 κει)

418 1485 559 1544 εἶναι
585 1490 810 1555 τούτους
843 1495 1081 1565 μορφὰς,
1110 1494 1175 1559 ἃς
1196 1498 1223 1548 ὁ
1244 1496 1446 1568 Κύριος
1472 1498 1737 1566 ἀγγέλους
1779 1497 1968 1569 εἴρηκε
1990 1540 2007 1563 ,

416 1581 517 1645 τὰς
538 1582 594 1636 δὲ
627 1583 891 1655 διηνεκῶς
914 1586 1219 1656 βλεπούσας
1238 1589 1297 1641 τὸ
1331 1589 1622 1658 πρόσωπον
1655 1588 1747 1643 τοῦ
1770 1590 1987 1661 Πατρός

418 1676 594 1731 Sanos
625 1689 800 1732 autent
823 1696 911 1734 eos
942 1697 1079 1749 esse,
1119 1682 1211 1751 qui
1249 1682 1487 1751 formant
1522 1681 1887 1753 (exprimunt)
1929 1684 2010 1737 in-

415 1770 807 1824 substantivum
834 1781 883 1825 et
914 1773 1207 1843 ingenitum
1242 1774 1452 1839 Αῖοηα,
1475 1786 1523 1829 et
1549 1792 1659 1831 esse
1684 1778 1779 1831 Iias
1804 1776 2008 1846 formas

415 1878 554 1931 quas
586 1862 847 1917 Dominus
873 1864 1090 1935 angelos
1120 1866 1289 1931 άὶωἱι,
1317 1883 1437 1936 qua:
1465 1868 1581 1922 sine
1614 1869 2005 1923 intermissione

414 1954 593 2008 uident
618 1954 810 2023 faciem
840 1955 1049 2011 Patris.
1071 1956 1217 2011 Nihil
1238 1958 1441 2013 clarius
1465 1976 1479 2013 :
1507 1961 1651 2025 soni,
1683 1961 1735 2016 id
1767 1970 1849 2017 est
1871 1959 2008 2014 1E0-

300 2039 317 2052 ⁶
415 2059 539 2108 nes,
568 2048 748 2114 angeli
781 2057 910 2101 sunt
941 2048 1007 2103 de
1024 2049 1226 2118 quibus
1263 2049 1519 2105 Christus
1569 2051 1794 2121 (Matth.
1844 2070 2002 2120 xvm,

415 2138 485 2192 10
512 2137 687 2205 )tlixit
716 2157 729 2193 :
762 2138 948 2208 Angeli
981 2157 1170 2194 eorum
1203 2142 1261 2195 in
1296 2142 1436 2197 caelis
1465 2159 1673 2212 semper
1698 2146 1875 2199 vident
1913 2147 2004 2215 fa-

414 2227 546 2279 ciem
577 2225 758 2281 Patris
791 2231 893 2281 mei
923 2231 1019 2299 qui
1044 2231 1099 2283 in
1128 2230 1271 2286 caelis
1321 2243 1420 2287 est.
1458 2234 1585 2287 Haec
1614 2250 1744 2290 vero
1787 2252 1894 2292 non
1937 2240 2003 2295 de

411 2318 671 2373 omnibus
700 2317 1007 2383 Eonibus,
1042 2321 1139 2375 sed
1179 2321 1249 2377 de
1295 2324 1698 2393 posterioribus
1738 2327 2004 2384 duntaxat

412 2410 679 2479 intelligi,
734 2420 886 2479 patet
929 2427 997 2465 ex
1035 2411 1337 2478 latissimo,
1394 2417 1538 2486 quod
1572 2417 1716 2473 inter
1764 2421 1996 2488 primani

411 2502 627 2555 tetrada
646 2510 702 2555 ct
725 2503 967 2572 reliquos
986 2502 1192 2559 Eones
1211 2505 1481 2561 interesse
1505 2508 1784 2576 volebant,
1803 2511 2000 2566 discri-

410 2594 582 2650 mino.
631 2592 784 2648 Illius
844 2594 1114 2663 siquidem
1171 2598 1391 2651 nomina
1440 2611 1629 2654 sancta
1694 2614 2003 2659 sanctorum

411 2685 807 2756 inlelligi,qute
834 2704 937 2741 non
962 2696 1188 2757 possunt
1211 2692 1481 2756 enarrari,
1512 2693 1883 2763 intelliguntur
1898 2712 2019 2748 au--

408 2787 512 2831 tem
542 2794 574 2831 a
603 2776 719 2831 solo
757 2775 924 2841 Filio,
957 2794 1077 2847 qua:
1106 2774 1275 2831 Pater
1298 2780 1403 2833 scit
1434 2797 1679 2850 quwnam
1709 2794 1852 2849 sunt,
1881 2799 2003 2841 esse

410 2872 669 2927 dicebant
716 2871 811 2926 lib.
867 2887 927 2934 ι,
974 2887 1095 2942 cap.
1150 2873 1242 2940 15,
1285 2891 1340 2930 n.
1368 2875 1419 2929 l.
1452 2876 1583 2942 Qua:
1622 2877 2003 2936 demonstrant

410 2975 620 3034 quanto
669 2963 963 3019 intervallo
1014 2965 1191 3035 prima
1234 2975 1408 3023 tetras
1457 2979 1747 3038 superaret
1806 2987 2003 3027 secun-

408 3057 561 3119 dam,
585 3071 650 3111 ac
675 3057 883 3111 dccada
916 3064 972 3112 et
998 3058 1277 3114 dodecada
1301 3078 1315 3127 ;
1348 3061 1560 3130 hasque
1584 3062 1812 3133 proinde
1856 3065 2002 3119 solas

2112 563 2237 630 gius
2267 580 2295 617 a
2322 561 2405 617 Nu
2429 572 2486 618 et
2516 562 2729 618 Ennaea
2762 563 3022 628 removit,
3067 563 3401 635 interpositis
3427 566 3664 623 nimirum

2111 650 2280 721 Logo,
2312 648 2600 720 Phronesi,
2635 653 2859 724 Sophia,
2885 664 2942 710 et
2966 653 3195 726 Dynami
3229 669 3244 707 :
3289 669 3423 726 quos
3463 657 3665 727 quidem

2110 741 2320 800 Atlones
2350 761 2456 800 non
2486 762 2569 809 re,
2600 747 2695 801 sed
2738 748 2940 804 virtute
2980 748 3249 803 duntaxat
3276 758 3331 803 et
3376 749 3578 806 ratione
3608 753 3668 808 alt

2111 840 2294 893 innato
2331 837 2496 894 Patre
2527 840 2846 895 distinxisse
2898 840 3138 896 videtur.
3171 838 3275 895 Sed
3318 840 3371 896 in
3410 841 3510 897 hoc
3556 857 3669 898 cum

2112 931 2392 1001 magistris
2421 931 2727 997 consensit,
2761 930 2906 1002 quod
2955 930 3150 1001 primis
3198 930 3305 986 illis
3353 946 3418 987 ac
3460 934 3672 986 summis

2109 1023 2380 1079 Eonibus
2410 1023 2652 1094 Angelos
2677 1023 2992 1078 immediate
3023 1021 3341 1091 subiiceret.
3366 1022 3411 1075 Α
3454 1022 3672 1094 Dynanu‘

2110 1116 2380 1188 siquidem
2421 1124 2472 1170 et
2504 1115 2706 1185 Sophia
2744 1113 2998 1179 Virtutes,
3026 1124 3079 1167 et
3111 1111 3409 1183 Principes,
3441 1123 3488 1167 et
3515 1114 3675 1184 Ange-

2110 1207 2213 1275 los,
2257 1223 2388 1279 quos
2411 1215 2461 1260 et
2499 1206 2701 1275 primos
2731 1206 2949 1259 vocabat
2977 1245 2993 1271 ,
3026 1205 3235 1276 genitos
3275 1219 3397 1260 esse
3432 1205 3674 1263 asseruit.

2111 1300 2225 1355 Hoc
2267 1313 2395 1366 ergo
2448 1298 2626 1354 solum
2661 1298 2805 1353 inter
2848 1297 3264 1354 Valentinianos
3309 1306 3365 1351 et
3396 1296 3676 1353 Gnosticos

2108 1388 2425 1444 interfuisse
2451 1387 2687 1451 videtur,
2722 1387 2866 1455 quod
2897 1388 2951 1442 hi
2976 1388 3139 1457 primi
3171 1387 3381 1442 ordinis
3401 1384 3630 1457 Angelos
3649 1400 3679 1440 e

2111 1480 2383 1550 supremis
2408 1478 2676 1535 lEonibus
2708 1480 3047 1549 perturbate,
3092 1480 3357 1550 nulloque
3403 1490 3554 1535 certo
3598 1494 3680 1534 or-

2110 1572 2236 1627 dine
2268 1586 2331 1626 ac
2358 1585 2588 1625 numero
2614 1570 2938 1637 educerent;
2969 1571 3045 1626 illi
3077 1586 3207 1626 vero
3230 1571 3521 1627 ordinatim
3540 1586 3684 1626 com-

2109 1673 2397 1734 ponerent,
2423 1679 2487 1720 ac
2518 1664 2620 1719 sub
2647 1662 2812 1718 certis
2836 1662 3163 1734 quibusdam
3188 1662 3681 1735 coniugationibus,

2113 1757 2167 1810 in
2204 1756 2410 1811 decada
2440 1766 2495 1812 et
2544 1754 2862 1823 dodecada,
2908 1755 3067 1826 quasi
3119 1755 3173 1811 in
3219 1756 3441 1827 agmina
3488 1755 3686 1811 divisos

2038 1823 2082 1881 Β
2110 1848 2466 1904 collocarent.

2178 1941 2268 1995 (il.
2294 1941 2414 1995 Dixi
2473 1940 2632 2011 primi
2658 1939 2867 1996 ordinis
2900 1940 3136 2012 Angelos
3175 1960 3190 1996 :
3230 1941 3523 2012 multiplex
3548 1942 3687 1999 enim

2108 2032 2247 2101 apud
2281 2031 2404 2088 illos
2440 2033 2580 2100 luit;
2624 2046 2803 2102 neque
2830 2031 3256 2087 existimandum
3282 2033 3521 2104 Angelos
3552 2033 3685 2092 illos.

2107 2142 2241 2197 quos
2280 2142 2310 2181 a
2364 2126 2593 2180 summis
2625 2123 2900 2181 Eonibus
2943 2124 3175 2180 emissos
3223 2125 3505 2193 volebant,
3547 2126 3689 2197 eius-

2110 2223 2233 2275 dem
2283 2221 2495 2275 ordinis
2539 2234 2607 2275 ac
2670 2220 2953 2290 dignitatis
2992 2219 3163 2274 fuisse
3214 2234 3341 2274 cum
3395 2220 3464 2275 iis
3500 2219 3692 2289 quibus

2108 2312 2381 2387 [XXXIX]
2426 2312 2617 2367 mundi
2664 2312 2825 2383 huius
2868 2310 3291 2368 fabricationem
3322 2312 3692 2367 ascrihebant.

2103 2407 2172 2461 Et
2209 2406 2460 2476 quamvis
2507 2405 2599 2459 alii
2648 2406 2717 2460 ab
2778 2404 2903 2461 aliis
2951 2407 3222 2472 gradatim
3271 2406 3693 2468 descenderent,

2105 2501 2406 2555 maximum
2438 2507 2620 2552 tamen
2661 2497 2806 2551 inter
2836 2496 3050 2565 priores
3081 2507 3138 2552 et
3160 2498 3501 2567 posteriores
3524 2497 3690 2552 inter-

2098 2594 2305 2664 iectum
2340 2598 2461 2646 erat
2489 2589 2850 2644 intervallum.
2882 2588 2937 2643 Id
2970 2604 3040 2644 ex
3094 2589 3384 2645 Saturnini
3408 2588 3695 2662 bypothesi

2104 2682 2451 2740 manifestum
2475 2690 2580 2744 est,
2611 2680 2705 2749 qui
2751 2678 2878 2733 licet
2922 2694 3085 2749 unum
3134 2676 3355 2733 Patrem
3404 2692 3532 2734 esse
3562 2676 3698 2731 dice-

2103 2784 2208 2839 ret,
2238 2772 2330 2841 qui
2355 2771 2482 2841 [ecit
2524 2767 2774 2838 Angelos,
2818 2766 3195 2839 Archangelos,
3230 2766 3498 2833 Virtutes,
3546 2764 3702 2820 Pote-

2101 2878 2304 2931 states;
2334 2882 2440 2921 non
2476 2874 2654 2919 tamen
2691 2864 2759 2919 ab
2788 2864 2875 2919 his
2898 2866 3155 2917 mundum
3181 2862 3419 2933 factum,
3450 2874 3499 2918 et
3528 2861 3705 2917 omnia

2100 2976 2219 3031 qua:
2248 2961 2303 3012 in
2332 2976 2413 3023 eo,
2450 2958 2547 3013 sed
2577 2974 2609 3011 a
2636 2968 2831 3025 septem
2866 2956 3179 3027 quibusdam
3215 2956 3343 3010 aliis
3372 2956 3594 3027 Angelis
3621 2970 3705 3008 as-

2102 3055 2339 3113 serebat.
2367 3054 2582 3110 Clarius
2627 3054 2805 3109 adhuc
2829 3066 2894 3108 ex
2927 3051 3186 3117 Basilide,
3223 3052 3323 3120 qui
3365 3049 3630 3115 Virtutes,
3656 3058 3704 3104 et

408 3148 649 3218 angelici
675 3150 884 3203 ordinis
912 3162 1035 3204 esse
1075 3165 1257 3219 posse.
1287 3151 1353 3204 2ο
1400 3152 1811 3210 Valentinianos
1854 3172 1884 3210 a
1916 3156 2072 3228 Si-c
2107 3147 2473 3218 “incipe—’8,“
2513 3146 2777 3216 Angelos,
2819 3162 2959 3215 quos
3016 3160 3044 3199 8
3090 3145 3301 3215 Sophia
3360 3155 3421 3201 el
3476 3145 3707 3217 Dynami

407 3255 575 3297 mone
603 3239 784 3311 Mago,
810 3240 1130 3306 Menandro,
1165 3243 1491 3309 Saturnino,
1518 3244 1751 3315 aliisque
1777 3245 2000 3302 Gnosti-

407 3350 600 3392 eorum
639 3336 1004 3406 principibus,
1043 3337 1222 3407 prima
1265 3337 1527 3393 doctrinm
1574 3356 1686 3393 sine
1726 3340 1999 3412 principia

406 3439 464 3483 et
494 3427 830 3493 rudimenta,
861 3434 938 3491 et,
974 3436 1033 3480 ut
1063 3427 1140 3481 ait
1172 3426 1411 3483 [renatus
1452 3429 1521 3493 7°,
1564 3429 1720 3483 initia
1760 3431 2001 3486 emissio-

406 3534 535 3572 num
563 3517 886 3586 accepisse,
921 3516 1033 3584 iam
1077 3532 1182 3571 non
1229 3518 1399 3573 semel
1448 3518 1712 3574 diximus.
1753 3520 1822 3573 At
1876 3520 1998 3577 illos

407 3609 603 3680 primis
652 3618 703 3663 et
754 3608 984 3664 summis
1023 3608 1291 3664 )Eonihus
1333 3610 1644 3666 immediate
1697 3611 1999 3680 subiecisse

404 3701 666 3772 Angelos,
710 3699 1106 3770 Arcbangelos,
1156 3699 1441 3766 Virtutes,
1489 3702 1815 3767 l’otestates,
1857 3715 1992 3768 etc..

405 3794 616 3849 diserte
647 3791 850 3848 docent
882 3793 1145 3857 Irenaeus,
1182 3794 1522 3863 Epiphanius
1572 3796 1638 3861 ⁷⁸,
1680 3795 1997 3853 Theodore-

406 3895 497 3939 tus
521 3886 567 3916 "
594 3893 647 3940 et
678 3884 796 3939 alii.
828 3885 1068 3952 Angelos
1096 3885 1241 3940 enim
1269 3885 1337 3939 ab
1364 3886 1568 3942 Ennaea
1593 3888 1997 3958 Patrislprocul

406 3976 574 4030 dubio
606 3975 939 4046 interposito
970 3976 1049 4031 Nn
1074 3992 1169 4031 seu
1201 3976 1523 4047 Monogene,
1550 3995 1713 4049 quem
1744 3981 1812 4036 ab
1837 3996 1903 4036 eo
1931 3997 1994 4041 re

404 4076 515 4115 non
544 4061 987 4133 distinguebant)
1020 4065 1253 4120 emissos
1290 4081 1411 4121 esse
1436 4066 1693 4127 volebant
1724 4070 1913 4127 Simon
1944 4079 1998 4127 et

402 4152 727 4210 Menander.
760 4154 872 4211 Nec
905 4154 1009 4208 alia
1045 4154 1143 4208 luit
1187 4154 1466 4210 Saturnini
1515 4159 1786 4213 sententia
1817 4200 1832 4223 ,
1873 4161 1992 4230 qui,

403 4242 681 4301 referente
709 4246 1226 4310 lrenmo,’similiter
1257 4259 1311 4300 ut
1344 4247 1664 4314 Menander,
1690 4267 1852 4307 unum
1884 4251 1993 4311 Pa-

402 4350 538 4395 trem
569 4340 895 4409 incognitum
923 4341 1164 4395 omnibus
1198 4342 1447 4405 ostendit,
1469 4343 1558 4412 qui
1591 4342 1713 4412 fecit
1739 4344 1991 4414 Angelos,

2102 3242 2336 3297 emissos
2386 3253 2509 3294 esse
2537 3238 2922 3305 contendebat,
2948 3238 3147 3307 primos
3176 3236 3430 3298 vocabat.
3462 3254 3496 3290 a
3520 3238 3708 3308 quibus

2103 3332 2301 3391 alteros
2341 3340 2390 3384 et
2438 3329 2637 3383 alteros
2702 3327 2979 3398 Principes
3023 3336 3071 3381 et
3107 3326 3338 3397 Angelos
3376 3328 3556 3399 factos
3604 3343 3713 3382 esse

2101 3423 2310 3477 dicebat
2340 3434 2359 3473 :
2398 3436 2485 3474 eos
2510 3429 2718 3483 autem,
2749 3421 2841 3491 qui
2881 3419 3143 3489 posterius
3183 3420 3463 3473 continent
3496 3418 3715 3483 caelum,

2099 3517 2240 3588 quod
2275 3517 2435 3576 etiam
2458 3534 2490 3570 a
2516 3515 2667 3573 nobis
2698 3515 2925 3581 videtur,
2954 3515 3294 3569 constituisse
3328 3532 3394 3570 ea
3429 3533 3555 3587 qua:
3590 3523 3716 3569 sunt

2100 3612 2155 3666 in
2188 3615 2383 3665 mundo
2426 3609 2626 3664 omnia.
2666 3606 2759 3660 Sic
2798 3606 3008 3678 pariter
3034 3615 3088 3661 et
3112 3605 3481 3677 Carpocrates
3522 3618 3573 3662 et
3624 3606 3716 3678 qui

2100 3701 2164 3754 ab
2196 3717 2282 3764 eo,
2315 3700 2572 3757 mundum
2621 3699 2854 3773 quidem,
2913 3706 2961 3750 et
2999 3713 3060 3751 ea
3095 3712 3212 3766 quae
3260 3698 3325 3751 in
3363 3714 3430 3753 eo
3467 3706 3618 3762 sunt,
3650 3696 3715 3751 ab

2098 3793 2317 3863 Angelis
2365 3792 2534 3848 multo
2593 3789 2936 3860 inferioribus
2981 3789 3213 3862 ingenita
3274 3788 3455 3843 Patre
3508 3789 3716 3859 factum

2099 3902 2212 3941 esse
2240 3885 2507 3942 dicebant.
2570 3882 2777 3953 Nempe
2806 3880 2998 3951 Angeli
3061 3879 3137 3934 illi
3193 3880 3508 3937 inferiores
3560 3889 3720 3936 extra

2099 3978 2355 4037 Pleroma
2402 3976 2689 4031 constituti
2716 3983 2916 4043 erzuit;
2963 3973 3055 4029 alii
3084 3974 3225 4028 intra
3256 3973 3530 4029 Pleroma
3556 3975 3720 4045 dege-

2099 4073 2262 4136 bant;
2293 4079 2347 4126 et
2372 4070 2427 4129 hi
2461 4071 2513 4123 in
2543 4069 2745 4124 multos
2776 4068 3001 4122 ordines
3031 4067 3315 4136 dispositi.
3362 4068 3478 4123 Alii
3514 4068 3723 4139 quippe

2102 4162 2371 4233 dignitate
2402 4168 2456 4214 et
2483 4160 2676 4216 ordine
2730 4158 3159 4230 prasstantiores,
3192 4159 3559 4216 vocabantur
3592 4158 3722 4216 Eo-

2100 4270 2199 4313 nes
2255 4254 2398 4327 (quo
2423 4252 2587 4306 etiam
2626 4251 2851 4307 nomine
2901 4250 3138 4323 Angelos
3168 4250 3489 4306 identidem
3544 4253 3727 4309 dona-

2097 4348 2177 4401 vit
2205 4345 2469 4427 Synesius
2499 4342 2752 4412 superius
2783 4358 2813 4397 a
2859 4342 3015 4397 nobis
3066 4341 3272 4395 citatus
3298 4342 3380 4410 iin
3413 4342 3658 4417 Hymnis
3678 4346 3721 4413 ),

399 4435 780 4505 Archangelos,
822 4432 1075 4498 Virtutes,
1120 4433 1437 4500 Potestates,
1472 4436 1617 4489 haud
1654 4438 1818 4491 dubie
1856 4439 1986 4506 quin
2099 4441 2255 4512 quasi
2296 4440 2369 4493 dii
2394 4438 2732 4505 secundarii,
2768 4446 2825 4491 et
2862 4436 2928 4490 ad
2962 4434 3305 4490 divinitatem
3332 4438 3571 4492 caeteris
3596 4452 3728 4506 pro-

400 4540 500 4593 per
530 4525 789 4583 Ennmain
821 4534 876 4579 et
906 4523 1050 4580 Non.
1078 4524 1305 4580 Constat
1330 4535 1535 4591 tamen,
1567 4536 1621 4580 et
1649 4542 1678 4579 a
1709 4529 1867 4585 nobis
1896 4545 1982 4582 su-
2025 4512 2069 4565 θ
2100 4532 2222 4601 pius
2288 4532 2655 4597 accedentes;
2711 4527 2803 4581 alii
2841 4526 3054 4582 ordinis
3089 4525 3403 4595 inferioris,
3439 4528 3726 4585 satellites

401 4615 587 4683 perius
623 4619 913 4686 probatum
944 4628 1050 4681 est,
1083 4628 1301 4673 veteres
1352 4620 1474 4674 illos
1508 4621 1828 4688 Gnosticos,
1858 4640 1988 4693 per-
2098 4623 2370 4678 Salvatori
2438 4619 2879 4678 destinabantur.
2939 4618 3274 4689 Angelorum
3335 4622 3519 4675 etiam
3549 4662 3567 4688 ,
3627 4622 3729 4693 qui

402 4706 533 4768 inde
568 4708 1231 4778 atqueValentinianos,e
1258 4710 1339 4765 Nu
1363 4713 1619 4769 eduxisse
1648 4715 1732 4769 vel
1754 4715 1993 4781 Anthro-
2099 4729 2256 4781 extra
2289 4717 2539 4777 Pleroma
2575 4717 2957 4777 versabantur,
3010 4728 3115 4767 non
3169 4728 3320 4770 unus
3374 4726 3507 4769 erat
3555 4718 3726 4782 ordo,

400 4814 534 4868 pon,
570 4798 657 4864 vel
693 4800 915 4871 Logon;
956 4817 987 4857 e
1031 4803 1207 4872 prima
1261 4804 1471 4858 tetrade
1507 4806 1824 4865 secundam.
1853 4811 1986 4863 Dnin
2096 4813 2193 4868 sed
2221 4811 2534 4882 multiplex,
2579 4810 2720 4877 alius
2751 4808 2860 4861 alio
2893 4805 3181 4862 sublimior
3212 4816 3271 4861 et
3308 4808 3594 4879 dignior:
3630 4809 3730 4865 alii

400 4892 574 4962 igitur
602 4892 670 4947 ab
700 4891 911 4946 Ennaea
938 4902 992 4946 et
1018 4893 1098 4949 Nu
1128 4894 1444 4950 immediate
1473 4896 1707 4950 emissos
1732 4909 1988 4953 asserunt
2094 4903 2241 4957 enim
2282 4900 2500 4972 Angeli,
2530 4899 2622 4953 alii
2668 4896 3019 4970 Archangeli,
3056 4911 3293 4967 quorum
3321 4901 3530 4953 omnia
3563 4902 3729 4955 varia

399 4986 661 5055 Angelos,
690 4984 929 5039 dilucide
950 4986 1103 5050 satis,
1131 4987 1185 5041 ni
1211 4986 1653 5051 lallor,mentcm
1682 5000 1987 5059 exponunt,
2097 4994 2273 5051 ollicia
2313 5002 2367 5047 et
2402 4992 2567 5046 veluti
2593 4989 2933 5061 praefectura:
2980 5010 2991 5043 :
3036 4988 3108 5043 ita
3166 4998 3361 5044 tamen
3402 5003 3469 5045 ut
3528 4992 3733 5050 Plero-

400 5080 828 5151 signilicantque
862 5078 1003 5146 quid
1046 5080 1413 5147 posteriorum
1472 5078 1710 5133 z‘Eonuin
1763 5082 1992 5143 nomine

2106 5086 2255 5147 natis
2286 5084 2507 5154 Angelis
2540 5083 2939 5155 superioribus,
2974 5097 3203 5165 quorum
3234 5083 3503 5140 ministri
3530 5098 3729 5151 erant,

400 5173 799 5245 intelligerent,
831 5171 1070 5240 Angelos
1112 5173 1387 5234 videlicet.
1438 5174 1851 5243 Archangelos,
1888 5174 1994 5228 Po-
2090 5178 2405 5232 subesscnt.
2443 5177 2577 5231 Nam
2638 5178 2690 5229 in
2726 5176 2889 5229 rebus
2933 5174 3138 5229 creatis
3175 5174 3514 5234 condendis
3566 5180 3627 5234 in
3672 5180 3729 5235 id

401 5275 653 5330 testates,
687 5273 797 5318 etc.
828 5262 992 5318 Solus
1015 5262 1303 5331 Basilides,
1335 5282 1390 5321 ut
1412 5268 1571 5322 altius
1596 5268 1798 5333 aliquid
1830 5279 1877 5321 et
1904 5286 1990 5321 re-
2091 5270 2437 5339 potissimum
2490 5267 2827 5322 incubuerat
2867 5267 3122 5321 Salvator
3147 5279 3245 5335 per
3295 5265 3731 5342 Enthymesin,

393 5356 685 5412 risimilius
723 5356 982 5409 invenisse
1008 5355 1297 5423 videretur,
1326 5360 1378 5411 in
1405 5362 1714 5417 immensum
1743 5360 1983 5421 extendit
2092 5372 2153 5416 ut
2192 5363 2247 5423 in
2287 5362 2527 5417 AEonum
2560 5361 2811 5416 honorem
2844 5361 3019 5417 omnia
3060 5342 3277 5441 faceret,
3300 5370 3366 5415 et
3406 5364 3734 5438 imaginem

398 5449 719 5507 sententiam
746 5447 1006 5500 doctrina:
1036 5463 1171 5512 sum,
1196 5448 1302 5513 vel,
1340 5460 1399 5504 ut
1453 5452 1693 5522 loquitur
1742 5452 1983 5521 Epipha-

2106 5455 2414 5510 Pleromatis
2451 5454 2736 5509 invisibilis
2798 5453 2851 5507 in
2904 5453 3158 5507 omnibus
3216 5456 3616 5530 exprimeret,
3670 5472 3736 5519 ut

400 5541 544 5602 nius,
572 5556 603 5605 ᾳ
624 5536 917 5608 Saturnino
948 5549 996 5596 et
1027 5538 1244 5591 Simone
1274 5538 1428 5608 Mago
1454 5544 1646 5596 erroris
1678 5554 1987 5612 argumenta
2094 5542 2265 5596 refert
2296 5540 2535 5605 Irenmus
2590 5542 2686 5599 lib.
2721 5558 2760 5606 ι,
2808 5557 2931 5610 cap.
2986 5540 3039 5595 5.
3088 5541 3155 5611 Ut
3185 5556 3325 5611 ergo
3370 5546 3736 5622 Demiurgus

399 5638 675 5696 mutuatus
697 5637 795 5695 est,
814 5628 1054 5698 qua'alia
1078 5631 1286 5701 ratione
1314 5639 1545 5685 tractare
1566 5644 1611 5701 et
1642 5635 1844 5713 majore
1869 5651 1988 5695 cum
2095 5632 2335 5705 Angelos
2361 5634 2463 5688 sibi
2490 5634 2790 5701 subiectos,
2822 5636 2903 5690 sic
2950 5634 3062 5705 Nus
3095 5634 3196 5697 sibi
3223 5635 3507 5701 subditos
3546 5643 3738 5708 habe-

467 5812 516 5855 n
550 5811 668 5881 tu».
704 5818 742 5885 ε,
771 5829 819 5867 c.
848 5811 921 5871 <23
948 5823 1002 5873 et
1032 5812 1119 5881 at.

1217 5816 1258 5847 ⁷¹
1302 5814 1442 5875 liter.
1475 5832 1563 5873 xxi
1591 5826 1644 5872 et
1668 5833 1820 5897 seqq.
1920 5819 1964 5851 "
1994 5818 2053 5879 L.
2089 5835 2103 5874 ι
2140 5819 2268 5874 liter.
2318 5819 2474 5886 Fah.,
2503 5818 2597 5877 lib.
2632 5834 2671 5886 ι,
2706 5837 2757 5876 c.
2792 5819 2814 5875 l
2856 5827 2911 5875 et
2942 5832 3095 5895 seqq.
