3954 6352
296 320 367 376 85
1214 319 1681 379 DlSSERTATlO
1714 319 1755 385 1,
1790 318 1952 377 ART.
1992 322 2034 389 l,
2070 321 2157 377 DE
2190 321 2608 380 VALENTINO.
3501 327 3571 385 86

280 437 394 491 bat.
424 432 604 505 Logos
653 435 889 507 proinde
917 436 1160 509 Angelus
1199 449 1340 503 erat,
1388 442 1484 510 qui
1542 440 1635 495 Dei
1682 439 1882 495 mentis
1908 443 1956 501 Α
1989 441 2486 523 trem‘invisibilem
2525 454 2742 511 semper
2764 440 3059 508 mansisse,
3090 455 3193 498 nec
3215 456 3448 513 usquam
3476 443 3573 499 ho-

279 526 449 582 veluti
479 527 715 583 verbum
752 544 820 585 ac
853 531 1127 601 interpres
1173 533 1395 588 oracula
1438 534 1623 588 divina
1660 535 1875 590 caeteris

271 619 577 691 pandebat,
619 636 686 677 ac
712 636 813 693 per
840 638 960 691 eos,
996 641 1098 695 per
1125 625 1456 681 Salvatorem
1489 628 1748 695 maxime,
1779 629 1878 684 lio-

268 712 517 769 minibus
572 715 923 773 manifestari
970 719 1200 774 curabat
1238 741 1250 775 :
1299 720 1502 790 quique
1541 736 1723 776 rerum
1758 737 1877 776 om-

268 806 428 862 nium
470 808 723 865 rationes
750 820 809 866 et
837 810 1013 879 ideas,
1055 828 1192 883 quas
1220 814 1401 870 divina
1444 830 1601 870 mens
1629 816 1874 887 comple-

267 900 477 963 ctitur,
501 914 606 970 per
629 901 911 973 Bythium,
944 905 1245 976 Ageraton,
1292 916 1427 975 etc.,
1460 918 1611 965 certa
1636 911 1874 979 quadam

265 992 638 1060 proportione
678 1002 847 1064 atque
881 1011 1076 1051 norma
1122 998 1176 1052 in
1210 998 1544 1055 Saloatorem
1579 1002 1743 1056 veluti
1776 1002 1873 1057 de-

266 1084 513 1153 rivabat,
547 1097 613 1142 ut
643 1088 737 1143 hic
763 1092 1066 1146 secundum
1108 1092 1213 1148 hoc
1242 1096 1523 1166 exemplar
1555 1106 1751 1152 cuncta
1778 1112 1875 1168 per

269 1179 640 1253 Entbymesin
676 1196 733 1241 et
778 1186 1131 1259 Demiurgum
1175 1190 1351 1261 ellingi
1387 1194 1665 1259 studeret;
1703 1205 1759 1249 et
1787 1209 1876 1250 ea-

266 1284 490 1344 propter
507 1274 563 1307 "
580 1276 912 1334 Salvatorem
931 1281 1322 1350 receptaculum
1346 1282 1547 1338 Christi
1567 1285 1871 1355 superioris

268 1374 320 1418 et
350 1367 615 1422 uniuersae
668 1368 1063 1437 Plenitudinis,
1090 1384 1139 1427 et
1172 1390 1237 1427 ea:
1273 1376 1517 1429 omnibus
1562 1387 1871 1447 generatum

272 1472 387 1512 esse
409 1458 655 1513 dicebant
677 1472 700 1513 :
729 1474 1052 1532 quapropter
1079 1463 1478 1534 Beneplacitum
1502 1469 1704 1533 vocari,
1728 1484 1866 1538 quo-

276 1547 413 1600 niam
436 1549 744 1604 universum
780 1550 1032 1608 Pleroma
1067 1555 1194 1609 bene
1226 1558 1389 1611 sensit
1417 1574 1511 1626 per
1534 1575 1655 1613 eum
1692 1560 1832 1631 glori
1844 1589 1862 1603 -

268 1636 429 1704 ﬁcare
468 1638 719 1696 Patrem.
764 1642 873 1697 Alii
908 1656 1088 1699 autem
1114 1663 1178 1701 ea:
1210 1648 1340 1703 solis
1364 1651 1541 1706 decem
1571 1651 1863 1715 dionibus.

1984 534 2227 590 minibus
2300 535 2711 591 manifestatum
2775 550 2874 605 per
2924 535 3170 605 seipsnm
3230 534 3423 601 fuisse,
3475 536 3574 591 sed

1982 639 2080 695 per
2118 626 2355 681 Verbum
2387 642 2573 693 suum,
2609 626 2754 697 quod
2804 624 2999 682 iisdem
3033 624 3458 680 identidemsub
3486 625 3573 680 vi-

1981 716 2128 772 sibili
2163 720 2350 787 specie
2378 718 2832 788 conspiciendum
2866 731 2927 772 se
2975 715 3281 787 prabebat,
3311 715 3575 786 loqueba-

1980 819 2201 879 turque,
2238 822 2297 865 ut
2325 827 2390 867 eo
2418 810 2655 866 videndo
2692 818 2748 866 et
2780 810 3053 865 audiendo
3088 809 3355 880 paulatim
3376 823 3574 864 assue-

1976 915 2197 958 scerent
2254 922 2268 959 :
2329 904 2581 959 viderant
2618 905 2674 959 in
2735 903 2933 959 iisdem
2990 902 3296 972 Scripturis
3341 902 3571 973 passim,

1976 998 2205 1051 verbum
2233 996 2452 1051 Domini
2483 997 2687 1051 factum
2718 1010 2841 1051 esse
2872 995 2940 1050 ad
2980 995 3304 1065 prophetas,
3333 1003 3389 1048 et
3416 994 3471 1048 in
3504 993 3574 1049 iis

1974 1088 2213 1145 locutum
2263 1088 2472 1157 fuisse;
2521 1088 2747 1159 angelos
2793 1098 2978 1143 tamen
3024 1088 3225 1159 sapius
3252 1088 3306 1142 in
3335 1088 3427 1142 Dei
3471 1102 3571 1141 no-

1974 1182 2121 1236 mine
2162 1190 2217 1235 et
2246 1195 2477 1251 persona
2504 1183 2675 1236 verba
2727 1180 2948 1245 fecisse,
2976 1189 3032 1236 et
3060 1181 3163 1235 sub
3216 1179 3454 1234 humana
3508 1177 3572 1232 ll-

1972 1288 2105 1342 gura
2138 1272 2457 1327 hominibus
2498 1274 2822 1343 apparuisse
2852 1312 2867 1339 ,
2917 1274 3095 1343 legem
3138 1271 3476 1339 disposuisse
3514 1279 3571 1324 et

1972 1366 2284 1430 ordinasse,
2313 1364 2572 1421 Ecclesia
2610 1381 2799 1422 curam
2834 1365 3102 1436 gessisse,
3150 1362 3435 1418 Christum
3465 1376 3571 1416 no-

1971 1465 2147 1511 strum
2206 1457 2458 1527 angelum
2525 1456 2662 1512 Novi
2725 1457 3065 1512 Testamenti
3109 1456 3315 1522 vocari,
3361 1464 3417 1511 et
3462 1454 3570 1508 alia

1971 1548 2265 1618 ejusmodi.
2303 1549 2437 1618 Qua
2462 1551 2650 1606 omnia
2684 1550 2867 1621 inepte
2914 1558 3267 1611 eonsuentes,
3304 1546 3567 1610 fabulam,

1971 1658 2135 1713 quam
2188 1642 2326 1710 dixi,
2388 1652 2841 1709 contexuerunt;
2896 1641 3084 1712 Logon
3133 1649 3189 1695 et
3242 1640 3569 1709 Anthropon

266 1730 356 1798 qui
377 1742 505 1784 sunt
532 1749 569 1785 α
602 1731 752 1805 Lago
781 1744 833 1789 et
862 1734 969 1791 Ζοε
994 1740 1193 1806 emissi,
1220 1741 1285 1811 ζει
1316 1753 1531 1812 propter
1554 1744 1652 1797 hoc
1687 1743 1866 1814 ιοροη
1896 1805 1937 1814 “
1970 1734 2197 1803 angelos
2228 1748 2353 1789 esse
2394 1750 2424 1787 a
2460 1735 2553 1789 Dei
2595 1744 2779 1790 mente
2820 1734 3075 1801 emissos,
3107 1741 3167 1787 ut.
3217 1730 3442 1787 oracula
3486 1730 3571 1785 di-

267 1820 481 1876 elZoen
522 1824 637 1879 dici
678 1842 818 1890 eum,
868 1840 1148 1897 parentum
1181 1805 1425 1887 ῂδιηὶηέ
1460 1805 1863 1890 εαεεοάίεηιξηι,
1896 1805 1941 1860 Β
1970 1826 2099 1880 vina
2158 1825 2470 1893 funderent,
2524 1827 3063 1897 conspiciendosque
3138 1824 3456 1879 hominibus
3508 1835 3570 1877 se

266 1912 441 1970 Homo
470 1917 642 1972 etiam
666 1928 721 1975 et
743 1920 984 1977 Ecclesia
998 1923 1234 1994 Angelus
1265 1924 1390 1987 fuit,
1413 1928 1506 1997 qui
1530 1928 1867 1998 spiritalibus

267 2007 613 2076 hominibus,
637 2027 733 2068 seu
756 2014 1014 2079 Ecclesiae
1038 2017 1089 2071 in
1120 2018 1283 2073 terris
1306 2021 1523 2091 «legenti
1550 2021 1863 2093 prafectus,

268 2101 407 2156 hanc
422 2118 523 2173 per
560 2103 775 2162 JEones
805 2108 908 2164 sibi
930 2109 1179 2167 subditos
1208 2119 1262 2165 et
1284 2128 1384 2181 per
1415 2112 1758 2171 Salvatorem
1784 2119 1849 2172 ad

264 2196 567 2265 exemplum
589 2201 880 2269 superioris
909 2201 1164 2260 Ecclesia:
1182 2206 1425 2262 instituit
1444 2218 1499 2262 et
1523 2208 1863 2279 informavit,

266 2302 384 2355 seu,
412 2298 475 2344 ut
512 2290 845 2361 loquebatur
878 2295 1224 2363 Ptolemaus,
1245 2301 1561 2373 ὲφανέρωσε
1588 2303 1683 2357 καὶ
1713 2304 1865 2374 ἐγέν-

266 2397 417 2450 νησε,
444 2382 502 2435 in
538 2383 716 2438 lucem
744 2388 933 2452 edidit,
964 2392 1357 2462 generavitque.
1405 2393 1545 2449 Hinc
1571 2397 1735 2450 etiam
1780 2396 1865 2451 in-

262 2468 523 2525 feriorem
573 2474 717 2529 hanc
770 2476 1099 2545 Ecclesiam,
1132 2496 1227 2535 seu
1265 2484 1542 2552 spiritales
1589 2487 1859 2553 homines,

265 2571 323 2615 ut
359 2565 657 2629 vocabant,
718 2568 1011 2637 imaginem
1061 2575 1364 2641 superioris
1416 2575 1678 2634 Ecclesia
1710 2580 1860 2636 dice—

262 2652 415 2708 bant.
446 2655 592 2712 lline
621 2659 787 2712 etiam
813 2662 1037 2730 quidam
1061 2680 1250 2720 eorum
1282 2666 1608 2725 Salvatorem
1638 2688 1704 2726 ex
1724 2673 1861 2727 duo-

261 2747 432 2800 decim
462 2748 767 2815 Eonibus,
793 2754 877 2807 his
909 2757 1000 2827 qui
1032 2769 1153 2811 sunt
1186 2758 1251 2811 ab
1282 2759 1553 2829 Ant/tropo
1586 2772 1635 2817 et
1672 2764 1859 2819 Eccle-

262 2840 343 2891 sia
388 2841 553 2906 facti,
601 2855 913 2912 generatum
946 2862 1067 2903 esse
1097 2852 1351 2905 volebant
1386 2868 1401 2904 :
1450 2862 1499 2905 et
1528 2866 1741 2923 propter
1763 2856 1861 2910 hoc

261 2927 468 2985 Filium
509 2932 744 2989 hominis
770 2954 825 2991 se
851 2940 1115 3007 conﬁteri,
1153 2942 1294 2995 velut
1322 2946 1673 3013 postgenitum
1705 2948 1863 3018 (ἁπό-

261 3038 441 3089 γονον,
496 3032 793 3098 nepotem)
834 3030 1117 3102 Anthropi.
1169 3034 1423 3091 Marcosii
1480 3054 1610 3093 vero
1650 3054 1861 3096 assere-

1971 1920 2303 1989 praberent,
2340 1935 2401 1973 ac
2457 1922 2813 1976 successione
2854 1921 3090 1989 quadam
3142 1919 3375 1972 aliorum
3435 1914 3568 1971 1E0-

1970 2027 2097 2065 num
2142 2009 2495 2078 Salvatorem,
2527 2013 2793 2084 Angelum
2840 2010 3202 2077 Testamenti,
3251 2010 3562 2080 gignerent,

1969 2107 2060 2175 qui
2097 2104 2284 2161 Jesum
2329 2106 2591 2163 Ecclesia
2630 2107 2976 2163 conditorem
3030 2105 3366 2169 illustraret,
3418 2109 3471 2155 et
3509 2101 3565 2153 in

1966 2197 2113 2253 hunc
2141 2198 2521 2263 descenderet,
2558 2200 2611 2253 in
2635 2214 2746 2268 quo
2773 2198 3005 2270 proinde
3031 2197 3214 2267 Logos
3244 2204 3298 2250 et
3321 2193 3563 2250 Anthroc

1968 2305 2069 2358 pos
2104 2289 2569 2357 exprimerentur.

2036 2380 2126 2435 63.
2163 2382 2234 2433 At
2281 2379 2326 2433 si
2375 2379 2691 2436 Christiana
2753 2378 2954 2449 religio
3003 2384 3059 2431 et
3109 2375 3399 2445 Scriptura
3455 2373 3568 2426 for-

1968 2488 2136 2536 mam,
2190 2471 2472 2526 Platonica
2524 2472 2781 2543 dogmata
2837 2468 3135 2523 materiam
3202 2466 3304 2520 toti
3373 2462 3569 2517 fabula

1964 2565 2340 2632 praebuerunt.
2400 2563 2666 2619 Platonici
2716 2569 2921 2633 prater
2958 2574 3122 2613 unam
3177 2555 3567 2630 πρεσϐυτάτην

1964 2655 2166 2719 αἰτίαν,
2194 2657 2548 2726 antiquiorem
2580 2672 2642 2708 ac
2668 2654 2991 2725 superiorem
3026 2666 3266 2717 causam,
3293 2658 3355 2703 ut
3392 2649 3567 2718 loqui-

1967 2758 2054 2803 tur
2082 2747 2422 2804 Jamblichus
2454 2750 2522 2816 ⁷⁸,
2557 2763 2678 2819 qua
2726 2747 2831 2803 diis
2870 2745 3127 2801 omnibus
3165 2743 3563 2814 supereminet,

1965 2844 2249 2915 multiplex
2282 2820 2528 2899 deorum
2582 2857 2757 2914 genus
2793 2840 3244 2911 distinguebant;
3297 2839 3435 2893 alios
3469 2840 3562 2908 qui

1964 2945 2093 2992 sunt
2134 2937 2187 2990 in
2219 2936 2326 2991 hoc
2364 2934 2593 2999 mundo,
2619 2932 2756 2988 alios
2802 2932 2897 3002 qui
2946 2932 3000 2986 in
3031 2930 3358 3001 intelligibili
3384 2931 3453 2984 ⁷⁸.
3491 2928 3565 2985 Ut

1964 3029 2031 3084 de
2065 3027 2463 3098 posterioribus
2510 3026 2780 3081 duntaxat
2812 3024 2904 3079 hic
2955 3038 3138 3094 agam,
3179 3024 3279 3077 hos
3334 3021 3564 3077 Proclus

259 3113 393 3168 bant
441 3117 508 3169 ab
551 3119 830 3190 Ant/tropo
868 3135 916 3177 et
964 3122 1221 3192 Ecclesia,
1252 3127 1401 3199 Lago
1446 3141 1496 3184 et
1533 3130 1641 3185 Zae
1679 3131 1861 3187 Virtu-

1970 3123 2023 3177 in
2053 3121 2301 3192 νοητοὺς,
2344 3118 2724 3189 intelligibiles,
2774 3126 2831 3172 et.
2874 3116 3116 3187 νοεροὺς,
3157 3112 3560 3178 intellectuales,

260 3216 334 3260 tes
360 3221 649 3264 emanatas
684 3229 965 3282 generasse
991 3233 1136 3283 eum,
1171 3222 1265 3289 qui
1297 3222 1349 3274 in
1376 3234 1519 3276 terra
1550 3226 1867 3294 manifesta-

260 3313 343 3357 ειη
374 3311 476 3368 est,
496 3303 795 3363 Jesum.Et
824 3306 955 3377 Logi
982 3311 1191 3378 quidem
1221 3312 1395 3367 locum
1433 3316 1747 3384 adimplesse
1776 3336 1871 3374 an-

256 3396 432 3465 gelum
466 3396 711 3462 Gabriel,
740 3397 876 3452 Zoes
925 3408 1104 3455 autem
1141 3402 1401 3473 Spiritum
1432 3418 1675 3462 sanctum
1698 3451 1714 3476 ,
1758 3409 1868 3465 An-

256 3492 438 3558 thropi
495 3499 681 3545 autem
718 3492 981 3547 Altissimi
1026 3496 1268 3550 virtutem
1312 3511 1331 3550 :
1370 3499 1625 3558 Ecclesia
1691 3515 1867 3560 autem

257 3582 435 3635 locum
472 3580 746 3652 Virginem
786 3585 1099 3640 ostendisse.
1153 3586 1221 3640 Et
1253 3590 1349 3653 sic,
1402 3591 1729 3660 inquiebant,
1777 3596 1867 3652 ille

253 3672 345 3741 qui
373 3681 452 3724 est
493 3673 787 3727 secundum
816 3674 1215 3742 dispositionem
1260 3678 1309 3747 (ὁ
1350 3679 1471 3731 κατ’
1501 3680 1859 3753 οἰκονομίαν),

254 3773 553 3831 generatur
595 3766 740 3827 apud
768 3781 887 3818 eum
922 3765 1075 3837 (παρ’
1100 3766 1270 3839 αὐτῷ,
1304 3784 1373 3824 ex
1419 3784 1507 3835 eo,
1548 3770 1859 3844 Anthropo,

256 3856 312 3909 ni
345 3855 553 3924 fallor)
599 3856 780 3920 homo,
824 3872 979 3927 quem
1025 3857 1191 3913 Pater
1221 3864 1460 3916 omnium
1506 3875 1865 3920 transeuntem

253 3961 348 4011 per
373 3945 595 3999 vulvam
621 3946 776 4017 elegit
821 3966 917 4017 per
951 3949 1179 4004 Verbum
1216 3952 1287 4006 ad
1317 3955 1643 4022 agnitionem
1686 3973 1863 4023 suam,

255 4036 310 4089 id
347 4045 461 4102 est,
499 4047 569 4091 ut
605 4052 704 4106 per
726 4054 851 4094 eum
889 4042 1207 4100 hominibus
1232 4046 1606 4103 innmesceret
1638 4049 1707 4105 ".
1734 4048 1865 4117 Qui-

251 4128 354 4184 bus
393 4131 540 4185 mire
599 4132 1002 4189 confirmantur
1042 4152 1165 4206 qua
1216 4139 1376 4195 modo
1430 4140 1695 4209 diximus,
1749 4144 1864 4198 An-

250 4220 409 4291 gelos
447 4218 765 4287 inferiores,
810 4238 878 4278 ex
934 4225 1316 4284 hareticorum
1364 4234 1864 4303 sententia,-’supe-

251 4312 509 4367 rioribus
530 4310 862 4369 Pleromatis
898 4315 1265 4384 ministrasse,
1295 4329 1352 4374 et
1376 4320 1564 4376 Jesum
1619 4338 1649 4377 a
1676 4324 1861 4382 Verbo

251 4414 532 4475 tanquam
601 4404 802 4459 divina
855 4407 1056 4463 utentis
1119 4410 1416 4481 interprete
1474 4414 1736 4481 electum,
1791 4419 1861 4474 ab

1969 3226 2063 3267 seu
2100 3210 2437 3280 intelligendi
2480 3209 2748 3265 facultate
2779 3208 3038 3277 praditos
3081 3206 3297 3262 dividit.
3350 3204 3563 3261 Similis

1969 3313 2054 3360 est
2090 3304 2181 3359 illa
2226 3302 2606 3359 Chaldaeorum
2642 3302 2782 3373 apud
2827 3300 3175 3356 Damascium
3204 3301 3429 3356 deorum
3468 3314 3561 3355 se-

1969 3399 2097 3465 ries,
2140 3398 2195 3452 al
2227 3397 2424 3469 πηγαὶ,
2465 3396 2661 3466 fontes,
2690 3398 2740 3449 oi
2781 3394 2981 3465 νοεροὶ,
3025 3393 3433 3450 intellectuales.
3485 3393 3565 3450 De

1967 3490 2167 3559 quibus
2194 3490 2340 3553 licet,
2375 3503 2474 3557 pro
2516 3504 2695 3555 more,
2724 3488 2961 3544 obscure
2989 3486 3215 3543 omnino
3248 3494 3306 3542 et
3352 3486 3562 3557 allego-

1968 3583 2083 3639 rice
2130 3582 2495 3649 dissererent,
2540 3582 2656 3636 hac
2703 3589 2911 3647 tamen,
2954 3590 3223 3650 quantum
3271 3593 3560 3649 assequor,

1967 3692 2033 3731 ex
2066 3690 2257 3732 eorum
2294 3673 2638 3730 sermonibus
2668 3675 2791 3730 erui
2829 3689 2993 3745 posse
3017 3674 3297 3729 videntur.
3341 3673 3427 3727 Dii
3459 3672 3560 3739 illi,

1966 3784 2107 3840 quos
2142 3765 2325 3840 πηγὰς
2349 3775 2404 3822 et
2429 3768 2656 3837 νοητοὺς
2688 3775 2911 3832 vocant,
2943 3766 3233 3838 ipsissima
3256 3772 3387 3819 sunt
3418 3763 3561 3819 divi-

1966 3876 2050 3917 na
2078 3860 2277 3916 mentis
2300 3858 2455 3925 idea,
2486 3872 2853 3929 supremaque
2878 3872 3061 3913 rerum
3089 3857 3337 3911 omnium
3370 3872 3559 3911 exem-

1964 3954 2140 4027 plaria
2183 3953 2238 4009 in
2290 3951 2486 4007 intimo
2544 3950 2644 4006 Dei
2700 3950 3011 4007 intellectus
3061 3950 3185 4005 sinu
3239 3948 3552 4016 recondita;

1965 4044 2290 4115 multiplicia
2320 4042 2564 4113 quidem,
2598 4043 2645 4097 si
2686 4041 2983 4098 terminum
3014 4050 3253 4112 spectes,
3283 4056 3374 4097 res
3403 4041 3561 4097 vide-

1965 4138 2095 4193 licet
2124 4150 2261 4206 quas
2295 4135 2611 4206 exprimunt
2636 4142 2692 4190 et
2721 4134 2987 4190 exhibent
3012 4150 3029 4201 ;
3074 4149 3243 4187 unum
3270 4134 3400 4203 quid
3428 4149 3560 4189 vero

1964 4241 2021 4286 et
2068 4229 2539 4300 simplicissimum
2594 4229 2727 4295 Ens,
2778 4230 2828 4284 si
2873 4245 2998 4283 cum
3043 4229 3154 4283 Deo
3205 4231 3485 4293 conferas,
3525 4244 3558 4283 a

1964 4337 2073 4391 quo
2120 4337 2221 4377 nec
2274 4336 2334 4376 re
2374 4320 2825 4392 distinguuntur,
2870 4317 3009 4393 [XL]
3057 4335 3160 4376 nec
3207 4329 3555 4391 separantur.

1968 4413 2232 4482 Hancque
2268 4411 2679 4468 Platonicorum
2722 4415 3017 4483 genuinam
3048 4428 3173 4468 esse
3218 4413 3555 4478 doctrinam,

247 4497 553 4566 AnthrOpo
584 4510 717 4551 vero
754 4506 1015 4567 tanquam
1048 4500 1309 4558 Ecclesia
1336 4504 1476 4560 duce
1510 4517 1566 4561 et
1596 4508 1860 4578 prafecto
1888 4496 1936 4556 D
1963 4506 2213 4575 superius
2263 4506 2787 4561 demonstravimus.
2834 4506 2891 4561 Si
2941 4506 3029 4560 cui
3062 4520 3191 4560 vero
3232 4505 3556 4577 scrupulum

252 4591 305 4645 in
334 4591 524 4647 lucem
557 4591 787 4655 editum,
821 4601 881 4647 ut
909 4607 1007 4663 per
1044 4594 1385 4653 Salvatorem
1420 4602 1644 4656 oracula
1670 4603 1857 4659 divina

252 4685 584 4740 hominibus
618 4684 895 4753 funderet,
935 4686 1365 4761 inferioremque
1396 4692 1698 4750 Ecclesium
1733 4695 1856 4751 fun-

251 4778 417 4833 daret
445 4786 507 4833 et
540 4777 879 4838 institueret.

323 4868 420 4923 62.
471 4868 611 4936 Qua
646 4884 778 4924 vero
805 4871 893 4927 hic
926 4871 994 4928 de
1031 4872 1386 4931 inferioribus
1415 4875 1684 4934 Eonibus
1719 4879 1856 4934 effu-

252 4958 399 5014 tiunt
446 4970 755 5028 negatores
798 4963 912 5028 isti,
949 4964 1170 5019 totidem
1221 4967 1469 5035 segmina
1522 4979 1674 5033 sunt,
1725 4987 1847 5039 par-

253 5053 347 5105 tim
404 5067 478 5108 ex
526 5051 836 5123 Scripturis
882 5064 939 5109 et
982 5056 1276 5113 traditione
1317 5058 1521 5116 misere
1569 5062 1842 5129 dissectis,

249 5145 454 5213 partim
515 5159 585 5200 ex
648 5144 1062 5203 Platonicorum
1122 5150 1682 5222 philosophemalibus
1740 5157 1847 5212 hue

248 5238 393 5293 male
428 5240 743 5305 translatis,
771 5240 1022 5307 collecta,
1060 5244 1410 5315 pessimeque
1448 5246 1609 5303 simul
1649 5263 1847 5304 consu-

250 5341 324 5386 ta.
370 5330 655 5387 Nimirum
709 5333 763 5387 in
803 5334 1107 5405 Scripturis
1145 5336 1414 5409 legerant,
1469 5353 1567 5410 per
1606 5339 1844 5396 Verbum

251 5421 342 5478 Dei
406 5422 558 5478 facta
593 5438 719 5478 esse
771 5426 978 5491 omnia,
1032 5424 1202 5481 Deum
1254 5428 1474 5483 Patrem
1511 5429 1846 5486 invisibilem

247 5528 389 5581 esse,
439 5515 720 5571 neminem
766 5533 1007 5587 unquam
1050 5520 1218 5575 Deum
1262 5521 1505 5588 vidisse;
1550 5523 1843 5579 audierant

246 5606 553 5677 apluribus
598 5610 848 5682 antiquis
889 5610 1153 5668 Ecclesia
1195 5612 1471 5681 Patribus,
1519 5614 1686 5671 Deum
1733 5616 1840 5671 Pa-

317 5727 368 5802 ’ξ
408 5726 583 5802 1ιειι.,
606 5728 702 5783 lib.
734 5745 818 5799 ιιι,
847 5747 895 5785 c.
936 5731 1022 5797 l6,
1052 5748 1108 5788 ιι.
1139 5734 1193 5801 4,
1224 5743 1272 5790 et
1299 5733 1393 5789 lib.
1440 5750 1481 5797 ι,
1508 5749 1556 5789 c.
1588 5734 1677 5802 12,
1717 5752 1771 5790 ιι.
1805 5734 1858 5789 4.

1964 4598 2199 4669 injiciat,
2249 4596 2395 4667 quod
2456 4598 2591 4653 idea
2631 4598 2827 4652 divina
2877 4596 3220 4665 appellentur
3253 4596 3353 4661 dii,
3409 4599 3556 4655 hunc

1962 4692 2168 4745 eximet
2194 4689 2421 4745 Proclus
2450 4688 2809 4745 scribenslib.
2841 4704 2859 4742 ι
2886 4687 3158 4743 Platonic.
3198 4688 3388 4752 theol.,
3423 4705 3557 4763 cap.

1960 4780 2055 4847 24,
2085 4781 2269 4836 multis
2304 4782 2357 4835 in
2387 4780 2521 4836 locis
2560 4780 2845 4835 Platonem
2877 4794 2960 4845 ea,
2996 4793 3119 4849 qua
3147 4780 3282 4835 deos
3321 4782 3555 4850 partici-

1959 4884 2110 4943 pant,
2144 4874 2337 4929 iisdem
2369 4872 2687 4928 nominibus
2716 4886 3009 4936 exornare,
3042 4882 3099 4927 et
3131 4872 3266 4929 deos
3298 4888 3497 4928 vocare
3535 4889 3551 4930 :

1955 4962 2229 5031 Πολλαχοῦ
2255 4964 2313 5017 δὲ
2344 4966 2373 5018 ὁ
2398 4962 2624 5017 Πλάτων
2654 4963 2747 5016 καὶ
2776 4963 2846 5017 τὰ
2887 4963 3188 5035 μετέχοντα
3236 4962 3346 5019 τῶν
3389 4963 3551 5027 θεῶν,

1957 5060 2071 5122 τοῖς
2096 5060 2277 5122 αὐτοῖς
2296 5057 2552 5128 ὀνόμασιν
2569 5054 2737 5109 ἀποσέ
2746 5073 2869 5127 μνει
2882 5057 2973 5121 ⁷⁸⁵,
2994 5059 3088 5112 καὶ
3106 5057 3261 5123 θεοὺς
3277 5057 3552 5129 ὲπονομάο

1955 5150 2060 5216 ζει.
2096 5150 2175 5206 Ex
2205 5166 2311 5221 quo
2345 5148 2649 5214 concludit,
2687 5148 2853 5203 alium
2880 5150 3100 5219 quidem
3128 5166 3252 5206 esse
3282 5152 3551 5221 simplici-

1958 5255 2042 5300 ter
2069 5244 2260 5309 Deum,
2299 5244 2469 5297 alium
2512 5251 2739 5312 propter
2793 5244 3075 5310 unionem,
3113 5244 3280 5301 alium
3325 5256 3550 5314 propter

1954 5338 2422 5401 communionem,
2452 5335 2622 5391 alium
2660 5345 2891 5407 propter
2918 5339 3344 5404 connexionem,
3379 5338 3548 5393 alium

1952 5446 2085 5487 vero
2118 5441 2342 5501 propter
2375 5430 2817 5487 similitudinem.
2847 5430 3097 5503 Ληπτέον
3124 5431 3305 5489 τοίνυν
3328 5420 3393 5483 ὲκ
3423 5429 3549 5483 τού-

1949 5540 2058 5578 των
2092 5522 2368 5586 ἀπάντων,
2399 5522 2481 5575 ὅτι
2510 5522 2664 5586 Θεὸς,
2693 5523 2723 5575 ὁ
2765 5521 2863 5593 μέν
2892 5523 3040 5575 ἐστιν
3098 5521 3285 5585 ἁπλῶς
3334 5521 3486 5585 Θεὸς,
3517 5522 3547 5575 ὀ

1945 5616 2004 5669 δὲ
2037 5615 2157 5668 καθ’
2190 5616 2404 5680 ἕνωσιν,
2438 5618 2466 5670 ὁ
2495 5616 2550 5670 δὲ
2585 5615 2725 5671 κατὰ
2762 5616 3001 5687 μέθεξιν,
3036 5616 3065 5667 ὁ
3093 5616 3150 5670 δὲ
3196 5614 3338 5669 κατὰ
3382 5631 3547 5670 συναε-

1955 5735 2000 5767 7‘
2027 5734 2161 5790 Vide
2190 5734 2355 5799 lren.,
2412 5733 2503 5786 lib.
2556 5750 2596 5797 ι,
2624 5748 2672 5785 c.
2707 5732 2764 5799 5,
2794 5750 2847 5789 ιι.
2875 5732 2940 5801 6;
2993 5748 3042 5788 c.
3074 5731 3128 5802 8,
3168 5749 3221 5788 ιι.
3254 5734 3318 5802 5;
3368 5748 3418 5790 c.
3452 5732 3544 5801 13,

253 5812 305 5853 ιι.
332 5798 395 5869 ις
428 5816 482 5857 c.
522 5800 609 5868 15,
638 5818 690 5857 ιι.
719 5802 773 5857 3.
808 5798 811 5799 ⁷
854 5804 900 5836 ⁷⁵
934 5803 1080 5860 Sect.
1112 5798 1314 5877 v,'cap.
1346 5806 1396 5862 9.
1478 5807 1523 5841 ⁷⁸
1563 5798 1768 5877 lamin,
1798 5821 1861 5865 seu

1967 5822 1997 5877 ι,
2025 5822 2077 5865 c.
2116 5807 2202 5863 l9.
2256 5798 2753 5878 "'dmaqpalvst.
