3954 6352
405 341 476 397 87
1214 340 1809 399 DlSSERTATlONES
1846 340 1986 396 PBA

2089 342 2153 397 ΑΞ
2188 340 2255 397 1N
2292 340 2559 399 ΙΒΕΝᾹΣΙ
2590 340 2859 401 LIBROS.
3598 345 3671 402 88

401 463 529 535 ψὴν,
556 464 588 517 ὁ
616 462 674 517 δὲ
702 461 822 517 καθ’
852 460 1133 534 ὁμοίωσιν.
1166 460 1339 518 Porro
1374 462 1511 519 ideae
1540 463 1738 520 divina:
1782 461 1837 516 ai
1882 478 1986 533 πη-

2096 462 2316 529 vabant,
2352 473 2408 518 et
2436 461 2655 533 quibus,
2681 470 2743 516 ut
2765 460 2882 517 vult
2913 458 3071 516 Plato
3104 458 3158 515 in
3195 459 3416 531 Timao,
3447 461 3671 521 mandat

400 555 497 625 γαὶ
532 555 881 618 dicebantur,
912 554 1059 624 quod
1087 570 1269 611 rerum
1291 555 1534 611 omnium
1556 557 1736 611 fontes
1757 562 1812 610 et
1831 554 1985 624 prin-

399 646 544 714 cipia
582 646 714 711 sint,
749 656 805 701 et
836 646 1003 703 veluti
1050 649 1365 720 archetypa,
1413 662 1535 719 quas
1583 647 1725 702 Deus
1774 646 1984 717 agendo

400 745 651 799 imitatur
687 762 703 800 :
738 745 813 800 dii
844 755 1026 801 autem
1062 749 1264 817 νοητοὶ,
1298 750 1442 819 quod
1484 756 1669 816 utpote
1710 745 1985 815 spiritales

399 838 572 893 oivini
606 837 919 895 intellectus
945 839 1281 905 alfectiones,
1306 841 1420 896 sola
1452 839 1650 893 mentis
1678 837 1984 908 intelligen-

397 930 472 984 tia
509 931 899 1001 comprehendi
928 941 1153 1001 queant.
1190 933 1273 988 Dii
1321 947 1451 987 vero
1483 932 1695 1005 vospoi,
1733 931 1982 987 intellec-

400 1020 598 1084 tuales.
635 1030 763 1077 sunt
807 1023 989 1092 angeli
1031 1024 1345 1094 superiores
1396 1039 1461 1079 ac
1512 1023 1627 1080 Deo
1675 1023 1982 1093 propiores,

397 1110 735 1184 intelligendi
767 1113 1025 1171 facultate
1048 1116 1337 1186 pollentes,
1361 1131 1456 1171 seu
1487 1125 1704 1171 mentes
1736 1115 1840 1169 illae
1866 1127 1985 1167 cm-

397 1202 589 1270 lestes,
621 1207 823 1277 quibus
864 1208 1049 1263 divina
1103 1209 1193 1263 illa
1230 1210 1593 1279 exemplaria,
1640 1224 1739 1279 pro
1776 1208 1982 1263 intelli-

395 1297 594 1365 gentia:
643 1299 876 1364 viribus,
930 1298 1294 1369 contemplari
1348 1313 1403 1355 et
1443 1301 1774 1369 exprimere,
1810 1305 1861 1354 et
1918 1297 1985 1351 ad

393 1404 585 1445 eorum
620 1407 870 1446 normam
916 1407 1084 1461 opera
1118 1393 1359 1463 dirigere
1403 1391 1611 1446 datum.
1651 1391 1718 1446 Et
1753 1391 1827 1446 ita
1863 1406 1989 1445 sen-

393 1483 538 1538 sisse
570 1480 882 1537 Platonicos
907 1485 1043 1537 satis
1069 1494 1261 1554 aperte
1295 1483 1569 1552 signiﬁcat
1610 1481 1861 1545 Proclus,
1893 1480 1984 1551 qui

392 1570 491 1628 lib.
530 1588 616 1637 tu.
645 1589 767 1643 cap.
803 1574 901 1639 ‘21,
934 1585 1056 1644 post
1098 1575 1166 1629 τὰ
1206 1575 1510 1646 πρώτιστα,
1543 1572 1636 1629 ναὶ
1673 1572 1988 1645 ὑψηλότατα

393 1664 527 1736 γένη
559 1661 668 1720 τῶν
695 1666 856 1731 θεῶν,
893 1667 1065 1735 prima
1107 1678 1155 1722 et
1191 1669 1454 1721 altissima
1490 1684 1681 1737 genera
1726 1667 1944 1720 deorum
1966 1705 1983 1733 ,

392 1758 603 1830 νοητῶν
638 1760 910 1825 videlicet,
968 1760 1279 1816 immediate
1339 1759 1571 1816 collocat
1622 1759 1690 1813 τὰ
1734 1756 1982 1830 δεύτερα,

396 1823 489 1909 καί
521 1850 820 1925 ἀγγελικὴν
848 1823 1041 1924 ἔχοντα
1073 1854 1247 1920 τάξιν,
1271 1856 1491 1907 deorum
1512 1870 1703 1923 genera
1731 1823 1981 1915 secunda,
2016 1823 2061 1883 Β

394 1952 447 1996 et
485 1942 789 2012 angelicum
838 1943 1090 2000 habentia
1132 1946 1398 2003 ordinem.
1432 1944 1625 2015 Itaque
1666 1944 1741 2000 dii
1782 1943 1983 2017 νοεροὶ,

395 2037 490 2107 qui
524 2036 874 2117 secundasvin
910 2039 1105 2095 ordine
1136 2039 1361 2095 deorum
1394 2040 1587 2095 mundi
1624 2038 1985 2110 intelligibilis

397 2130 682 2195 tenebant,
716 2138 847 2186 sunt
887 2130 1108 2200 ipsimet
1151 2131 1332 2200 angeli
1374 2132 1710 2203 superiores.
1741 2131 1987 2186 Consen-

395 2224 466 2278 tit
498 2234 555 2279 et
592 2222 954 2291 Jamblichus,
977 2226 1071 2295 qui
1102 2234 1242 2281 sect.
1274 2225 1366 2291 ll,
1397 2240 1522 2297 cap.
1559 2226 1615 2293 ‘2,
1647 2226 1682 2281 5
1713 2236 1771 2281 et
1801 2241 1982 2296 seqq.,

396 2313 577 2382 primo
628 2314 751 2371 loco
785 2316 918 2370 deos
966 2316 1195 2386 νοητοὺς
1244 2318 1551 2373 constituit.
1592 2316 1687 2373 llis
1738 2319 1986 2387 proxime

395 2409 668 2464 accedunt
714 2408 1057 2478 archangeli,
1094 2424 1232 2483 quos
1277 2419 1582 2480 sequuntur
1612 2411 1813 2482 angeli.
1878 2412 1983 2465 Ar-

393 2501 695 2573 changelos
722 2509 904 2557 autem
954 2503 1261 2558 secundum
1294 2503 1526 2559 deorum
1572 2504 1801 2576 gradum
1843 2504 1989 2561 obti-

392 2606 551 2660 nere,
583 2609 688 2648 non
719 2594 954 2650 obscure
1002 2594 1184 2651 innuit
1220 2611 1344 2665 cap.
1381 2596 1448 2661 1,
1490 2596 1582 2651 ubi
1633 2596 1700 2651 de
1734 2596 1983 2661 deorum,

393 2686 859 2754 archangelorum
889 2695 944 2742 et
989 2687 1330 2757 angelorum,
1390 2688 1519 2743 dum
1569 2703 1694 2745 sese
1724 2688 1987 2744 videndos

390 2774 652 2845 oderunt,
704 2778 992 2847 speciebus
1038 2779 1285 2834 disserit.
1328 2778 1443 2844 Dii,
1495 2779 1697 2849 inquit,
1737 2781 1882 2834 circa
1930 2798 1987 2835 se

391 2867 541 2933 deos,
574 2869 660 2923 vel
692 2868 909 2938 angelos
952 2879 1187 2924 astantes
1224 2870 1417 2924 habent
1440 2910 1456 2937 ,
1499 2871 1804 2941 archangeli
1848 2872 1988 2925 asci-

392 2968 547 3019 scunt
575 2960 675 3015 sibi
705 2962 839 3015 alios
858 2960 1094 3032 angelos,
1113 2971 1220 3018 etc.
1241 2961 1395 3017 Hand
1422 2962 1645 3018 dubium
1679 2963 1823 3019 enim
1853 2964 1986 3032 quin

395 3049 474 3104 dii
512 3050 617 3116 illi,
648 3064 789 3120 quos
825 3051 898 3107 dii
929 3061 1177 3108 astantes
1222 3052 1448 3119 habent,
1485 3054 1798 3125 archangeli
1852 3055 1985 3121 sint,

2089 553 2254 618 Deus,
2301 565 2357 609 ut
2387 556 2456 610 ad
2494 553 2859 610 imitationem
2894 554 2980 611 sui
3012 569 3197 612 rerum
3230 553 3548 611 inferiorum
3584 557 3674 613 fa-

2084 644 2443 701 bricationem
2478 645 2911 717 aggrediantur;
2968 661 3132 716 quam
3165 646 3551 705 haereticorum
3575 663 3669 707 se-

2086 738 2249 792 cundi
2276 736 2502 802 Adonea,
2540 755 2680 810 quos
2727 755 2903 794 omnes
2939 740 2994 793 in
3023 738 3342 795 intellectum
3380 750 3431 797 et
3458 741 3672 798 deside-

2087 826 2227 879 rium
2275 828 2638 897 easquisitionis
2698 828 2784 882 sui
2833 826 3016 882 Patris
3070 826 3335 884 adducere
3389 828 3498 883 vult
3533 827 3670 897 Nus,

2085 916 2290 987 quique
2319 920 2387 974 ad
2426 918 2626 975 divina:
2666 919 2865 975 Mentis
2909 918 3060 975 ideas
3093 919 3310 986 attenti,
3348 920 3576 975 volentes
3620 929 3673 976 et

2086 1008 2189 1077 ipsi
2224 1011 2288 1065 de
2320 1028 2415 1066 suo
2447 1012 2748 1081 clariﬁcare
2782 1013 3021 1078 Patrem,
3048 1016 3309 1083 (emittunt
3341 1017 3671 1085 emissiones,

2087 1100 2224 1157 alios
2250 1102 2507 1160 videlicet
2547 1102 2777 1169 IE0nes,
2805 1121 2943 1176 quos
2984 1106 3039 1163 in
3070 1108 3280 1179 agendo
3319 1109 3675 1167 successione

2086 1197 2324 1267 quadam
2360 1212 2427 1253 ac
2471 1198 2614 1255 serie
2671 1200 2935 1272 dirigunt,
2988 1210 3044 1257 et
3072 1217 3305 1273 quorum
3358 1203 3672 1260 ministerio

2088 1303 2342 1360 suprema
2374 1305 2557 1346 rerum
2590 1292 2924 1363 exemplaria
2959 1294 3011 1350 in
3040 1296 3343 1352 condendis
3377 1297 3544 1354 rebus
3573 1309 3675 1351 ex-

2088 1382 2249 1450 primi
2292 1384 2529 1440 curant?
2577 1385 2749 1441 Tanta
2796 1388 2941 1443 inter
2986 1398 3275 1461 utramque
3319 1390 3671 1462 hypotbesim

2088 1470 2325 1528 aillnitas
2356 1483 2460 1542 est,
2513 1484 2573 1529 ut
2600 1492 2722 1531 cum
2755 1478 2927 1547 major
2960 1494 3083 1536 esse
3116 1495 3221 1536 non
3251 1481 3445 1553 possit,
3475 1482 3672 1538 eadem

2088 1579 2315 1635 prorsus
2343 1579 2465 1623 esse
2503 1568 2778 1625 videatur.
2829 1570 2945 1629 Hoc
2991 1582 3205 1630 tantum
3240 1574 3493 1642 interest,
3521 1573 3675 1644 quod

2090 1656 2261 1712 altera
2296 1666 2408 1713 tota
2438 1660 2507 1714 ad
2535 1664 2819 1729 protanam
2841 1664 3123 1734 gentilium
3162 1664 3491 1736 theologiam
3517 1680 3675 1721 com-

2089 1762 2276 1822 parata
2310 1757 2416 1821 sit;
2464 1757 2639 1813 altera
2671 1773 2803 1815 vero
2831 1760 3238 1831 Scripturarum
3262 1778 3366 1834 ope
3396 1764 3673 1820 tantillum

2088 1846 2156 1899 ad
2180 1846 2549 1905 Christianam
2601 1852 2928 1923 theologiam
2976 1855 3184 1911 deﬂexa
3215 1858 3309 1924 sit,
3356 1858 3454 1913 sed
3508 1860 3674 1927 nugis

2087 1934 2212 1993 istis
2246 1938 2319 1994 ita
2347 1940 2730 2011 -deftndatam,
2771 1954 2829 2001 ut
2870 1960 2992 2015 qum
3040 1948 3128 2003 cui
3183 1949 3518 2018 praeferenda
3571 1951 3671 2016 sit,

2087 2029 2351 2099 ambigas.
2388 2031 2613 2098 Vereor,
2640 2050 2709 2091 ne
2735 2036 2779 2091 si
2803 2036 2970 2093 latius
3017 2047 3074 2094 et
3126 2054 3223 2110 per
3268 2050 3473 2109 partes,
3520 2044 3675 2112 quod

2086 2118 2246 2176 facile
2270 2122 2387 2178 fieri
2421 2135 2624 2194 posset,
2656 2129 3059 2198 expenderetur
3085 2134 3372 2203 utriusque
3401 2142 3675 2204 systema-

2088 2211 2160 2267 tis
2186 2212 2446 2283 afﬁnitas,
2471 2217 2681 2289 longius
2705 2232 3026 2278 excurreret
3053 2228 3234 2281 oratio
3264 2244 3279 2281 :
3317 2226 3533 2281 erudito
3585 2226 3671 2279 le—

2086 2306 2224 2360 ctori
2254 2306 2395 2362 viam
2441 2308 2723 2380 aperuisse
2768 2312 3020 2370 sulliciat.
3064 2316 3278 2372 Interea
3304 2331 3369 2372 ex
3402 2317 3672 2373 hactenus

2087 2395 2269 2463 dictis,
2304 2399 2357 2453 ni
2390 2398 2576 2465 fallor,
2621 2404 2932 2471 concludet,
2974 2422 3079 2462 non
3124 2408 3284 2465 modo
3334 2409 3672 2479 posteriores

2086 2494 2599 2551 Valentinianorum
2637 2497 2866 2567 Eones,
2899 2501 3209 2571 ipsissimos
3256 2502 3668 2560 Platonicorum

2089 2585 2452 2656 archangelos
2503 2586 2707 2657 fuisse;
2765 2592 2863 2647 sed
2913 2602 2969 2647 et
3015 2593 3289 2649 invisibile
3329 2604 3385 2650 et
3416 2596 3674 2666 spiritale

2088 2674 2220 2735 illud
2282 2678 2529 2734 Pleroma
2583 2697 2614 2736 a
2664 2684 2869 2739 mundo
2912 2685 3246 2755 intelligibili
3284 2686 3549 2752 Platonis,
3606 2699 3674 2743 ut

2086 2772 2396 2842 exemplum
2429 2772 2499 2829 ab
2524 2774 2848 2846 archetypo,
2878 2792 3153 2833 manasse.
3178 2774 3299 2832 Jam
3334 2777 3404 2832 ad
3430 2778 3671 2835 alteram

2096 2866 2457 2925 Valentiniani
2486 2872 2798 2941 systematis
2828 2881 3061 2942 partem,
3096 2872 3353 2927 nimirum
3395 2872 3677 2929 Achamo—

2089 2961 2197 3016 thte
2223 2960 2482 3027 fabulam,
2516 2975 2609 3017 seu
2643 2978 2706 3018 ea
2749 2978 2870 3032 qute
2911 2973 3068 3019 extra
3114 2963 3363 3022 Pleroma
3416 2966 3674 3037 conlige-

2087 3061 2237 3118 runt,
2269 3066 2581 3108 sermonem
2618 3064 3025 3120 convertamns,
3069 3065 3284 3128 tempus
3312 3068 3418 3113 εει.

393 3156 535 3211 quos
591 3141 908 3199 immediate
962 3153 1087 3213 post
1130 3144 1263 3200 deos
1310 3147 1539 3218 νοητοὺς
1596 3147 1813 3201 statuit.
1875 3147 2055 3230 Sedc
2157 3144 2248 3201 64.
2304 3144 2471 3201 Extra
2517 3145 2764 3204 Pleroma
2819 3147 3036 3218 Sophia:
3087 3149 3489 3221 Entbymesin,
3547 3164 3675 3205 cum

393 3254 510 3294 rem
543 3247 718 3294 totam
757 3240 1004 3294 omnium
1036 3239 1343 3295 clarissime
1373 3242 1716 3297 demonstrat
1764 3242 1986 3299 Ficinus

388 3330 503 3398 jam
551 3345 581 3383 a
610 3330 772 3386 nobis
806 3332 1031 3395 citatus,
1067 3334 1121 3387 in
1154 3333 1450 3388 Comment.
1481 3335 1536 3388 in
1570 3334 1806 3399 Conviv.,
1838 3351 1890 3392 η.
1928 3335 1983 3402 5,

394 3422 490 3476 ubi
529 3423 823 3493 triplicem,
862 3440 929 3480 ex
956 3424 1202 3481 Platonis
1239 3427 1548 3492 sententia,
1583 3427 1843 3483 mundum
1878 3429 1989 3483 dis-

395 3514 701 3585 tinguens:
742 3516 988 3571 Primam
1033 3518 1289 3585 omnium,
1322 3519 1522 3590 inquit,
1565 3530 1641 3574 est
1677 3519 1819 3575 Deus
1867 3522 1988 3575 uni-

392 3625 668 3664 ursorum
707 3620 927 3677 auctor;
962 3612 1103 3681 quod
1143 3613 1318 3681 ipsum
1366 3616 1558 3669 bonum
1587 3614 1837 3669 dicimus.
1880 3614 1987 3670 llic

393 3713 619 3757 tuentem
644 3703 796 3773 prius
848 3716 993 3759 creat
1051 3705 1384 3775 angelicam;
1426 3706 1617 3762 deinde
1651 3707 1839 3761 mundi
1882 3707 1955 3760 hu

386 3793 480 3874 jus
511 3796 768 3862 animam,
801 3806 857 3851 ut
892 3796 1050 3853 Plato
1078 3798 1224 3865 rult;
1260 3810 1522 3865 postremo
1551 3802 1733 3855 mundi
1770 3818 1981 3871 corpus.

398 3886 553 3944 Mens
583 3888 822 3959 angelica
850 3890 1053 3955 primus
1087 3891 1317 3944 mundus
1340 3898 1418 3944 est
1443 3907 1476 3943 a
1511 3890 1617 3946 Deo
1649 3890 1848 3962 factus,
1873 3901 1983 3947 etc.

393 3977 548 4043 Adeo
590 3996 799 4035 certum
836 3990 938 4046 est,
970 3981 1377 4038 Platonicorum
1426 3984 1690 4039 mundum
1728 3983 1988 4057 intelligi-

395 4069 561 4126 bilem
592 4072 739 4129 aliud
797 4074 929 4129 nihil
976 4074 1283 4140 continere,
1327 4084 1533 4145 praeter
1582 4074 1819 4145 primam
1860 4091 1992 4131 cau-

396 4181 540 4232 sam,
581 4165 881 4223 formarum
927 4168 1175 4223 omnium
1216 4176 1272 4224 et
1305 4168 1613 4237 specierum
1649 4167 1910 4235 feracem,
1934 4177 1991 4224 et

397 4257 647 4330 angelos.
682 4258 835 4313 lianc
867 4272 1001 4313 vero
1040 4258 1380 4329 ipsissimam
1426 4275 1553 4316 esse
1577 4258 1989 4316 Valentiniano-

398 4367 518 4413 rum
552 4361 607 4406 et
627 4351 1014 4407 Guosticorum
1041 4354 1287 4408 omnium
1319 4354 1671 4428 bypbthesim
1701 4354 1990 4411 manifeste

396 4455 567 4517 patet.
607 4446 746 4513 Quid
783 4449 930 4503 enim
968 4450 1117 4504 aliud
1152 4450 1334 4519 prima
1372 4451 1461 4506 illa
1506 4451 1861 4524 πρεσϐυτάτη
1900 4452 1988 4506 αἱ·

2090 3237 2375 3307 appendice
2417 3238 2665 3305 passione
2697 3240 2983 3308 relegatum
3033 3239 3293 3296 dicebant
3331 3239 3675 3297 Valentinia-

2089 3331 2166 3396 ni,
2202 3330 2256 3386 in
2290 3330 2484 3386 umbra
2523 3339 2580 3387 et
2609 3347 2799 3393 vacuo,
2835 3333 3043 3399 formae,
3082 3332 3294 3403 figurae,
3328 3349 3393 3389 ac
3442 3334 3673 3390 luminis

2088 3434 2368 3494 expertem
2418 3424 2615 3480 misere
2654 3425 2956 3494 iacentem,
3006 3424 3094 3480 ubi
3133 3442 3230 3497 per
3278 3426 3672 3483 necessitatem

2087 3514 2504 3573 ellervescebat.
2535 3514 2731 3570 Postea
2764 3531 2895 3571 vero
2932 3531 3095 3585 quam
3119 3514 3236 3583 ejus
3280 3515 3485 3571 auxilio
3517 3516 3677 3571 venit

2088 3607 2342 3679 superior
2368 3606 2644 3674 Christus,
2666 3621 2731 3661 ac
2756 3605 2927 3663 odore
2954 3607 3191 3677 quodam
3239 3606 3677 3664 immortalitatis

2088 3702 2347 3773 perfudit,
2381 3700 2556 3757 forma
2603 3701 2652 3755 ei
2698 3699 2873 3754 indita
2923 3699 3225 3755 secundum
3276 3701 3673 3766 substantiam.

2091 3795 2288 3853 melior
2313 3794 2534 3865 quidem
2557 3792 2675 3859 ejus
2703 3791 2951 3847 conditio
2981 3790 3105 3857 fuit,
3142 3791 3216 3846 ita
3269 3801 3328 3847 ut
3363 3796 3549 3847 rudem
3585 3794 3677 3848 in-

2090 3889 2470 3959 digestamque
2501 3901 2680 3941 rerum
2716 3885 2957 3941 omnium
2988 3894 3299 3941 creatarum
3336 3887 3535 3940 molem
3558 3885 3675 3952 iam

2089 3977 2463 4050 profundere.
2502 3984 2558 4033 et
2609 3976 3009 4047 aliquantulum
3054 3992 3345 4031 secernere
3396 3978 3666 4048 cmperit;

2090 4072 2332 4128 nondum
2364 4079 2542 4126 tamen
2570 4069 2640 4124 ab
2669 4068 2816 4125 omni
2864 4068 3177 4125 calamitate
3210 4068 3465 4135 liberata,
3496 4070 3674 4127 donec

2092 4165 2293 4221 missus
2319 4163 2385 4219 ad
2415 4178 2533 4218 eam
2553 4161 2799 4217 Salvator
2824 4160 3071 4217 scientia:
3104 4162 3337 4217 formam
3367 4163 3419 4217 ei
3454 4163 3671 4219 indide-

2091 4261 2183 4325 rit,
2215 4265 2269 4313 et
2310 4272 2340 4311 a
2372 4255 2847 4326 perturbationum
2892 4264 3029 4309 aestu
3082 4254 3325 4310 solverit.
3380 4255 3671 4312 Latentem

2091 4350 2193 4406 sub
2221 4348 2309 4403 his
2339 4346 2645 4417 :enigmatis
2684 4345 3023 4400 Platonicam
3074 4346 3262 4399 mundi
3297 4346 3539 4399 animam
3570 4349 3672 4402 de-

2092 4441 2441 4515 prehendere
2474 4439 2614 4494 haud
2648 4437 2900 4492 arduum.
2935 4435 3108 4501 Plato,
3152 4452 3251 4506 pro
3280 4451 3347 4490 eo
3378 4436 3465 4491 cui
3490 4436 3557 4491 de
3582 4435 3671 4490 in-

393 4538 506 4603 τία,
544 4541 794 4609 superior
836 4550 892 4595 ει
938 4541 1220 4611 antiquior
1258 4557 1447 4611 causa,
1498 4559 1620 4613 quae
1666 4543 1773 4599 diis
1807 4543 1984 4598 omni-
2013 4531 2058 4587 D
2088 4533 2303 4591 dustria
2336 4531 2610 4593 studebat,
2642 4528 2940 4598 allegorico
2989 4541 3055 4582 ac
3084 4526 3391 4597 symbolico
3424 4525 3669 4595 philoso-

392 4632 499 4696 bus
530 4633 928 4704 supereminet,
960 4650 1123 4705 quam
1156 4632 1670 4691 Valentinianorum
1694 4632 1985 4700 Proarche,

393 4722 667 4795 Propator
694 4737 748 4780 et
783 4726 1006 4796 Bythus,
1038 4729 1094 4783 in
1123 4727 1480 4781 inuisibilibus
1529 4738 1578 4781 et
1608 4729 1989 4783 inenarrabili-

397 4820 497 4880 ιω
527 4819 901 4876 altitudinibus
947 4825 1343 4891 pra'exsistens,
1377 4823 1679 4888 invisibilis,
1723 4824 1991 4889 sempiter-

395 4927 521 4980 nus,
564 4914 848 4983 ingenitus,
876 4914 931 4967 in
969 4915 1198 4983 silentio,
1237 4923 1289 4971 et
1320 4918 1374 4971 in
1398 4918 1574 4985 quiete
1598 4915 1766 4971 multa
1795 4897 1988 4986 degens

392 5006 752 5062 inimmcnsis
785 5003 1105 5059 sa'culorum
1157 5006 1473 5071 intervallis,
1521 5016 1811 5075 antequam
1861 5004 1990 5061 Αἰο-

395 5115 496 5164 nes
535 5098 851 5159 emitteret?
882 5099 1024 5166 Quid
1054 5098 1198 5153 aliud
1235 5100 1306 5155 dii
1339 5097 1557 5171 νοητοὶ,
1605 5098 1985 5169 intelligibiles,

403 5199 646 5259 paternae
696 5189 897 5244 mentis
957 5190 1112 5255 idem,
1162 5188 1354 5245 formae
1406 5200 1462 5245 et
1523 5190 1878 5259 exemplaria,
1921 5191 1989 5247 ad

396 5302 632 5355 quorum
675 5286 985 5355 exemplum
1023 5296 1219 5339 cuncta
1271 5286 1502 5351 eﬂlnxit,
1544 5300 1709 5356 quam
1754 5284 1985 5349 Enuoia,

396 5377 508 5435 Nus
540 5389 595 5434 et
630 5378 867 5440 Veritas,
901 5378 1058 5431 radix
1104 5378 1375 5443 omnium;
1420 5376 1556 5442 Nus,
1594 5378 1840 5447 inquam,
1878 5376 1990 5431 Pa-

399 5482 477 5523 ter
511 5484 556 5524 et
588 5472 802 5525 initium
831 5473 1091 5534 omnium,
1123 5471 1175 5525 in
1204 5487 1314 5539 quo
1345 5486 1635 5539 supremus
1666 5469 1831 5525 Pater
1855 5486 1993 5540 pra:-

400 5565 543 5619 misit
597 5564 777 5617 omnia
812 5562 1183 5621 seminaliter?
1216 5562 1356 5627 Quid
1386 5563 1528 5616 aliud
1562 5562 1631 5617 dii
1678 5561 1993 5616 Platooico-

403 5670 519 5709 rum
550 5655 753 5726 vospoi,
786 5654 1210 5719 intellectuales,
1242 5653 1554 5709 divinarum
1588 5656 1834 5709 idearum
1868 5670 1996 5707 con-

402 5748 757 5815 templatores
785 5786 800 5813 ,
834 5758 890 5802 et
929 5748 1275 5811 imitatores,
1316 5746 1632 5817 archangeli
1675 5762 1772 5803 seu
1811 5746 1989 5819 angeli

399 5841 736 5911 superiores,
778 5855 919 5915 quos
951 5842 1225 5914 gradatim
1261 5840 1498 5902 alterum
1529 5855 1597 5903 ex
1645 5841 1819 5898 altera
1848 5843 1990 5899 deri-

2090 4626 2295 4697 phandi
2326 4638 2498 4688 more,
2549 4631 2721 4677 totum
2771 4620 2875 4676 hoc
2903 4619 3218 4675 universum
3259 4633 3383 4676 esse
3430 4620 3674 4688 ﬁngebat

2090 4719 2227 4785 ζῶον
2261 4716 2503 4790 ἔμψυχον
2540 4716 2636 4771 καὶ
2664 4715 2868 4778 ἔννουν,
2898 4713 3100 4769 animal
3147 4714 3420 4784 quoddam
3456 4713 3670 4778 vivens,

2091 4828 2156 4867 ac
2203 4812 2529 4882 intelligens,
2582 4826 2648 4865 ex
2706 4824 2936 4879 corpore
2985 4819 3042 4863 et
3089 4810 3273 4863 anima
3326 4817 3671 4863 concretum.

2090 4906 2348 4977 Corporis
2374 4904 2615 4961 universi
2647 4902 2868 4957 nomine
2910 4901 3168 4972 intelligit
3214 4900 3276 4955 τὸ
3320 4900 3518 4973 ὁρατὸν
3574 4902 3675 4956 καὶ

2090 4999 2285 5063 ἁπτὸν,
2325 4997 2609 5052 materiam
2637 5009 2760 5065 qua:
2798 4993 2975 5049 videri
3016 5003 3074 5051 et
3105 4996 3253 5065 tangi
3286 5004 3487 5065 potest.
3515 4994 3673 5061 Quod

2091 5107 2221 5147 vero
2263 5101 2375 5146 tum
2429 5090 2565 5161 ipse,
2604 5098 2715 5143 tum
2768 5086 3019 5157 discipuli
3058 5087 3175 5156 ejus
3230 5097 3339 5142 tam
3379 5087 3677 5157 magnitico

2094 5184 2384 5238 verborum
2432 5188 2692 5250 apparatur
2724 5179 2793 5233 de
2839 5178 3022 5232 anima
3073 5179 3258 5233 mundi
3305 5176 3673 5238 disserebant,

2093 5277 2161 5330 ad
2196 5275 2325 5330 illud
2358 5273 2716 5335 referebatur,
2748 5280 2804 5327 et
2838 5288 2905 5328 ex
2934 5288 3000 5329 eo
3028 5271 3344 5341 decerptum
3368 5277 3493 5323 erat
3520 5268 3671 5335 quod

2092 5369 2231 5425 Gen.
2266 5383 2319 5431 ι.
2341 5367 2401 5433 2,
2429 5367 2693 5436 scriptum
2729 5366 2933 5437 legitur
2960 5382 2976 5420 :
3004 5364 3235 5433 Spiritus
3277 5360 3367 5416 Dei
3402 5361 3674 5428 ferebatur

2092 5478 2249 5530 super
2308 5478 2509 5531 aquas;
2566 5460 2617 5515 id
2658 5469 2762 5524 est,
2814 5472 2977 5528 super
3023 5457 3311 5511 informem
3347 5469 3412 5507 ac
3464 5451 3678 5520 indige-

2094 5570 2234 5613 stam
2274 5557 2441 5611 totius
2468 5554 2708 5609 universi
2741 5553 3047 5618 materiam,
3078 5559 3140 5604 nt
3165 5550 3214 5603 ei
3257 5549 3511 5609 formam,
3559 5560 3680 5598 rno-

2096 5662 2230 5717 tum,
2288 5650 2458 5704 “vitam
2510 5662 2575 5704 ac
2629 5647 3020 5703 fecunditatem
3090 5643 3404 5713 inspiraret.
3464 5637 3676 5705 Nempe

2097 5742 2249 5798 Plato
2299 5756 2396 5811 per
2427 5740 2672 5810 spiritum
2721 5737 2972 5801 universi,
3017 5732 3361 5788 unitsersalem
3402 5729 3671 5798 spiritum,

2097 5837 2331 5894 animam
2362 5836 2565 5901 mundi,
2600 5832 2944 5904 sapientiam,
2980 5830 3238 5886 virtutem
3288 5840 3385 5881 seu
3425 5819 3673 5881 emeien-
