3954 6352
215 357 293 413 89
1139 355 1598 414 DlSSERTATlO
1633 355 1674 424 l,
1708 357 1868 413 ΛΒΤ.
1907 357 1947 426 l,
1990 359 2078 414 DE
2115 355 2528 416 VALENTINO.
3409 357 3480 414 90

215 476 343 528 tiam
373 471 460 527 Dei
480 471 899 542 intelligit,qn.e
921 485 1114 528 cuncta
1145 484 1344 540 movet,
1363 477 1806 546 dirigit,ordinat
1833 480 1880 536 Δ
1909 479 2060 549 perni
2097 479 2424 546 exemplaris
2459 474 2749 546 imaginem
2781 485 2944 544 atque
2977 489 3225 530 normam
3259 475 3477 544 prodie-

206 577 261 621 et
292 565 546 633 disponit.
581 564 746 636 [XLI]
781 566 871 621 Sic
902 568 1046 621 enim
1083 569 1195 636 ipse
1227 569 1485 624 describit
1518 571 1610 624 lib.
1653 588 1684 625 x
1728 571 1805 625 De

206 657 326 726 τις..
379 673 505 727 pag.
538 655 685 712 896:
722 655 916 730 Ψυχὴν
968 661 1130 713 ταὺτὸ
1184 661 1263 725 ὃν,
1313 663 1406 716 καὶ
1449 663 1547 734 τὴν
1581 662 1805 734 πρώτην

207 752 424 819 γένεπιν
457 751 555 802 καὶ
583 750 798 822 κίνησιν
826 752 933 804 τῶν
979 771 1036 806 τε
1085 754 1275 817 ὄντων,
1324 755 1415 808 καὶ
1462 757 1800 824 γεγονότων,

205 846 294 897 καὶ
337 846 644 913 ἐωμένων,
682 845 776 897 καὶ
803 845 1019 898 πάντων
1046 842 1109 898 αὖ
1137 847 1244 898 τῶν
1278 848 1534 901 ἐναντίων
1567 849 1798 913 ’τούτοις⁹

204 937 390 1007 ἐπειδὴ
436 953 500 1003 γε
541 937 790 1006 ἀνεφάνη
827 939 1130 1008 μεταϐολῆς
1156 956 1216 991 τε
1243 940 1335 993 καὶ
1361 942 1626 1011 κινήσεως
1659 944 1801 996 ἁπάο

205 1044 301 1095 σῇς
334 1027 490 1080 αἰτία
532 1028 726 1082 ἄπεισι.
779 1029 926 1083 Idem
981 1048 1090 1084 esse
1120 1044 1168 1084 et
1223 1034 1455 1085 animam
1495 1045 1542 1086 et
1577 1037 1802 1100 primam

202 1122 485 1187 originem,
526 1129 834 1189 motumque
863 1139 1043 1175 eorum
1085 1140 1201 1188 qua;
1232 1135 1378 1185 sunt,
1413 1142 1528 1193 qua:
1565 1127 1798 1194 fuerunt,

203 1222 247 1264 et
279 1222 454 1275 erunt,
492 1212 838 1278 omniumque
862 1230 1044 1266 rursus
1068 1216 1146 1266 liis
1170 1217 1560 1268 contrariorum
1592 1232 1802 1286 :quan-

207 1303 485 1371 doquidem
543 1314 592 1356 et
645 1305 949 1356 mutationis
996 1317 1042 1357 et
1081 1307 1308 1359 universi
1339 1318 1512 1361 motus
1563 1310 1798 1362 omnibus

209 1416 372 1451 causa
407 1409 500 1451 est.
570 1399 635 1451 Et
676 1399 839 1467 paulo
883 1412 1007 1468 post
1058 1412 1214 1453 vocat
1273 1402 1450 1472 ψυχὴν
1496 1401 1799 1455 διοικοῦσαν

212 1494 310 1545 καὶ
361 1492 676 1545 ὲηικῡῦσαν
729 1492 786 1544 ἐν
836 1491 1008 1545 ἅπασι
1066 1495 1178 1556 τοῖς
1239 1494 1412 1565 πάντη
1473 1497 1798 1565 κινομένοις,

214 1586 441 1638 animam
496 1593 793 1654 regentem,
841 1595 887 1637 et
937 1587 993 1636 in
1045 1586 1310 1650 omnibus,
1343 1601 1462 1654 qua:
1505 1598 1800 1652 moventur,

213 1674 619 1726 inlmbitantem.
682 1673 836 1728 Unde
879 1674 1177 1738 concludit,
1223 1676 1461 1728 animam
1511 1685 1640 1728 ante
1675 1691 1800 1729 cor-

211 1780 305 1834 pus
378 1766 706 1831 exstitisse,
764 1780 962 1834 corpus
1026 1782 1154 1822 vero
1215 1769 1512 1822 secundum
1559 1778 1613 1824 et
1673 1780 1792 1838 post

214 1856 455 1908 animam
532 1866 720 1910 natum
772 1873 926 1920 esse,
979 1859 1415 1928 quandoquidem
1479 1861 1580 1915 hoc
1618 1861 1687 1914 ab
1726 1875 1790 1914 ea

211 1961 429 2021 regatur
456 1962 511 2005 et
551 1961 838 2006 moveatur
885 1971 898 2004 :
933 1954 1076 2021 quod
1113 1955 1257 2007 enim
1291 1954 1446 2008 alteri
1473 1969 1638 2009 causa
1672 1969 1792 2009 mo-

211 2047 371 2099 tionis
422 2056 529 2110 est,
568 2047 672 2100 hoc
699 2047 851 2114 prius
899 2046 970 2098 sit
1013 2062 1237 2100 necesse
1269 2057 1374 2101 est.

276 2139 365 2192 65.
407 2137 582 2191 Porro
607 2137 755 2190 illam
794 2138 976 2191 mundi
1006 2139 1241 2191 animam
1289 2155 1393 2192 non
1436 2137 1622 2192 statim
1665 2151 1793 2205 per-

207 2230 432 2295 fectam,
465 2232 837 2298 omnibusque
868 2231 1110 2284 numeris
1142 2231 1438 2286 absolutam
1473 2230 1638 2283 fuisse
1666 2244 1796 2284 cen-

209 2325 404 2378 sebant
463 2324 755 2378 Platonici.
807 2323 966 2386 Nam,
1023 2333 1081 2376 ut
1120 2326 1196 2378 ait
1244 2323 1399 2377 Plato
1458 2323 1512 2377 in
1572 2321 1792 2385 Tima’o,

209 2434 330 2470 cum
363 2417 532 2471 vellet
561 2417 747 2469 mundi
778 2417 1392 2470 architectusmundum
1425 2413 1795 2471 intellectuale

206 2509 408 2562 animal
480 2508 691 2574 facere,
741 2525 916 2578 neque
983 2518 1165 2576 posset
1224 2509 1534 2564 intellectus
1589 2513 1795 2579 absque

208 2601 389 2653 medio
440 2601 635 2653 adesse
680 2600 920 2666 corpori,
974 2601 1256 2668 conjunxit
1296 2600 1626 2654 intellectum
1675 2601 1797 2670 qni-

205 2695 322 2744 dem
357 2692 584 2754 animae,
617 2691 860 2744 animam
907 2707 1036 2746 vero
1068 2693 1307 2760 corpori,
1341 2705 1506 2762 atque
1551 2693 1686 2747 adeo
1737 2701 1798 2748 ut

207 2785 380 2837 medio
410 2783 680 2838 infuderit
708 2783 988 2849 mundo,et
1011 2782 1136 2838 inde
1155 2802 1250 2851 per
1273 2795 1467 2838 cuncta
1494 2784 1792 2840 dill'uderit.

208 2876 363 2930 Prius
392 2892 528 2945 ergo
562 2877 814 2930 condidit
843 2877 1077 2929 animam
1110 2875 1274 2938 Dens,
1306 2879 1543 2930 nondum
1572 2876 1794 2945 proinde

207 2971 508 3038 perfectam
543 2971 718 3023 donec
762 2968 1043 3022 intelleCtn
1075 2970 1294 3023 ditaret.
1331 2968 1438 3022 Sed
1470 2984 1582 3022 rem
1623 2977 1792 3022 totam

208 3064 399 3118 melius
429 3073 485 3117 et
533 3062 602 3114 ad
631 3062 971 3130 propositum
1019 3070 1262 3112 nostrum
1317 3061 1495 3129 aptius
1542 3060 1793 3114 edisserit

1910 573 2041 627 rint.
2069 573 2318 641 ldipsum-
2357 582 2440 626 est
2470 571 2614 640 quod
2650 570 2956 638 exprimere
3000 569 3173 622 voluit
3230 567 3386 622 Plato
3423 568 3482 621 in

1908 662 2105 715 Timwo
2135 664 2399 728 scribens,
2438 662 2698 716 mundum
2728 675 2794 714 ex
2843 660 3118 714 intellectu
3151 668 3205 714 et
3237 660 3488 714 necessi-

1909 764 2038 819 tate,
2073 770 2166 809 seu
2207 755 2441 809 erratica
2473 769 2639 808 causa
2679 753 3038 820 compositum
3085 767 3227 814 esse,
3282 751 3334 805 id
3397 759 3483 805 est

1904 863 1971 902 ex
2006 849 2124 916 ipso
2158 847 2455 901 formarum
2489 846 2682 900 ordine
2722 855 2884 915 atque
2928 845 3177 900 materia.
3214 843 3308 898 Sic
3337 845 3483 897 enim

1905 943 2140 996 animam
2178 942 2387 1007 mundi,
2439 957 2533 995 seu
2589 942 2700 993 vim
2749 939 3059 1005 motricem,
3115 953 3275 1008 quam
3315 935 3482 991 veluti

1904 1047 2088 1087 semen
2117 1032 2386 1102 quoddam
2421 1031 2664 1086 materia:
2713 1030 2988 1099 impressit
3026 1030 3190 1091 Deus,
3226 1040 3285 1082 et
3313 1028 3485 1096 ipsum

1904 1123 2190 1176 materiam
2235 1131 2393 1175 vocat
2436 1138 2449 1175 :
2493 1121 2640 1176 illam
2673 1123 2915 1191 quidem,
2963 1121 3223 1190 quoniam
3281 1117 3487 1173 intelli-

1903 1217 2098 1284 gentia:
2149 1216 2346 1270 divinae
2393 1214 2745 1271 simulacrum
2795 1225 2878 1269 est
2925 1216 3115 1269 :hanc
3159 1227 3312 1278 vero,
3357 1211 3486 1280 quia

1905 1326 2010 1364 non
2054 1319 2278 1377 propter
2318 1311 2576 1378 seipsam,
2619 1310 2716 1364 sed
2761 1317 3022 1378 tanquam
3065 1307 3256 1360 formis
3277 1304 3488 1359 ultimis

1905 1402 2210 1455 necessaria
2243 1411 2328 1454 est
2367 1401 2701 1464 introducta,
2737 1401 2836 1455 has
2879 1400 2962 1454 vel
3001 1399 3122 1454 illas
3174 1397 3488 1452 successive

1902 1493 1981 1546 sic
2013 1503 2326 1562 exceptura,
2357 1502 2410 1546 ut
2452 1494 2647 1547 nullius
2689 1502 2848 1546 tenax
2910 1493 3002 1554 sit,
3044 1490 3138 1543 sed
3183 1489 3250 1541 ad
3296 1502 3488 1541 omnes

1903 1595 2094 1655 suapte
2150 1595 2341 1640 natura
2403 1586 2738 1640 indilIerens.
2790 1584 3082 1638 Possumus
3125 1583 3254 1652 quin
3301 1583 3485 1644 etiam,

1904 1679 2080 1746 inquit
2108 1678 2329 1734 Ficinns
2378 1681 2431 1733 in
2463 1678 2598 1732 Tim.
2627 1694 2748 1746 cap.
2790 1677 2882 1742 '59,
2916 1678 3012 1730 sub
3041 1675 3364 1729 necessitatis
3394 1690 3488 1726 no-

1903 1777 2042 1827 mine
2076 1773 2371 1841 intelligere
2412 1789 2514 1824 non
2561 1771 2837 1824 materiam
2878 1769 3069 1835 solam,
3115 1768 3206 1820 sed
3251 1768 3489 1818 animant

1893 1884 2096 1938 quoque
2129 1865 2240 1934 ejus
2263 1865 2314 1918 in
2343 1866 2510 1930 primo
2534 1864 2878 1931 processionis
2915 1878 3024 1915 sum
3064 1863 3212 1928 signa
3240 1860 3374 1912 velut
3407 1857 3490 1911 in-

1896 1961 2136 2028 formem,
2164 1958 2398 2010 materia:
2428 1958 2620 2018 instar,
2645 1957 3056 2008 consideratam.
3083 1950 3321 2018 Utraque
3348 1951 3488 2002 enim

1895 2063 2000 2105 tam
2032 2051 2230 2114 anima,
2258 2066 2412 2116 quam
2434 2049 2675 2106 materia,
2696 2049 2748 2098 in
2769 2047 2936 2114 primo
2955 2044 3178 2112 originis
3201 2059 3312 2095 sua:
3334 2043 3490 2110 signa

1897 2143 2141 2210 informis
2183 2141 2397 2208 quidem
2450 2150 2547 2204 est,
2601 2140 2687 2190 sed
2721 2137 2881 2205 facile
2934 2135 3228 2204 formabilis
3279 2143 3353 2186 est
3398 2147 3493 2198 per

1895 2233 2261 2303 intelligentia:
2299 2249 2490 2284 munus
2537 2249 2555 2284 :
2587 2233 2726 2283 unde
2772 2241 2817 2282 et
2871 2230 2970 2294 ipsi
3023 2228 3216 2280 anima:
3261 2227 3490 2279 rationes

1895 2329 2197 2394 seminaque
2241 2324 2538 2392 formarunt
2591 2320 2917 2374 naturalium
2989 2319 3380 2386 infunduntur,
3438 2329 3486 2370 et

1895 2419 2133 2474 materia
2163 2417 2468 2484 qualitates,
2511 2425 2666 2481 atque
2708 2413 2916 2479 fornae.

1968 2512 2054 2566 66.
2106 2510 2160 2564 In
2213 2510 2300 2563 his
2344 2518 2526 2561 autem
2583 2506 3006 2560 Platonicorum
3050 2503 3268 2574 placitis
3324 2511 3490 2557 totam

1895 2604 2252 2660 Achatnothte
2310 2601 2548 2654 fabulam
2597 2598 2718 2665 plus
2761 2611 2924 2664 quam
2973 2596 3353 2650 adumbratam
3398 2611 3493 2647 ne-

1897 2714 1987 2754 mo
2011 2711 2116 2751 non
2143 2693 2522 2764 deprehendit.
2565 2688 2883 2760 linthymesi
2922 2689 3193 2756 siquidem
3237 2687 3491 2757 superio-

1900 2792 1974 2845 ris
2001 2789 2240 2856 Sophiae,
2277 2794 2544 2854 separatae
2590 2797 2619 2835 a
2671 2780 2938 2850 superiori
2995 2779 3308 2834 Pleromate
3363 2793 3490 2832 cum

1897 2883 2172 2949 passione,
2211 2879 2262 2931 in
2298 2877 2506 2930 uinbra:
2533 2886 2588 2928 et
2619 2874 2914 2927 \‘tICllllallS
2948 2872 3085 2928 locis
3111 2869 3495 2927 ell'ervcscentl

1897 2989 1994 3043 per
2026 2971 2434 3031 necessitatem,
2481 2977 2634 3021 extra
2672 2966 2856 3020 lumen
2906 2965 3063 3020 facta:
3107 2974 3161 3018 et
3191 2973 3346 3018 extra
3375 2961 3499 3016 Ple—-

1901 3079 2074 3126 roma,
2115 3060 2332 3115 informi
2366 3069 2420 3112 et
2447 3060 2565 3112 sine
2615 3057 2819 3126 specie,
2848 3056 2976 3126 quia
3019 3054 3154 3110 nihil
3179 3057 3492 3123 apprehen-

208 3156 429 3210 Ficinus
471 3167 602 3218 can
633 3147 770 3214 δνίη
809 3146 1322 3213 limiti-Platon“.
1365 3149 1452 3202 ubi
1483 3146 1866 3205 Platonico-6
1897 3163 1974 3218 dit
2023 3161 2125 3230 (sic
2175 3157 2490 3213 describunt
2541 3152 2960 3217 Valentiniani),
3022 3158 3175 3203 tanta
3233 3158 3320 3204 est
3366 3163 3491 3203 cum

208 3263 321 3300 rum
373 3242 710 3298 sententiam
765 3241 1021 3309 explicat.
1067 3238 1358 3310 Principio,
1411 3242 1608 3310 inquit,
1655 3242 1796 3297 Deus

204 3340 386 3392 mentis
413 3337 567 3389 illius
590 3345 734 3387 creat
764 3333 1136 3399 substantiam,
1155 3349 1312 3402 quam
1336 3335 1494 3386 etiam
1519 3337 1795 3389 essentiam

204 3433 565 3483 nominamus.
614 3425 744 3479 Han:
793 3426 847 3477 in
876 3426 1044 3493 primo
1093 3426 1184 3478 illo
1215 3425 1494 3478 creationis
1524 3443 1633 3480 sua:
1684 3442 1798 3478 mo-

205 3535 374 3577 mento
405 3522 664 3587 informis
693 3529 768 3572 est
813 3528 863 3572 et
906 3519 1148 3571 obscura.
1177 3518 1438 3584 Quoniam
1465 3535 1582 3572 vero
1614 3537 1646 3573 α
1691 3520 1796 3574 Deo

205 3626 327 3667 nata
363 3625 464 3676 est,
497 3615 572 3665 ad
618 3611 788 3664 Deum
835 3612 916 3663 sui
967 3613 1281 3680 principium
1332 3611 1530 3679 ingenti
1567 3614 1798 3681 quodam

203 3711 440 3776 appetitu
480 3707 827 3760 convertitur.
879 3702 1138 3757 Conversa
1171 3707 1225 3757 in
1278 3704 1463 3767 Deum,
1511 3705 1678 3772 ipsius
1711 3721 1798 3759 ra-

201 3803 300 3852 diis
335 3799 669 3850 illustratur.
709 3794 868 3848 Radii
898 3795 1040 3848 illius
1067 3796 1270 3863 fulgore
1303 3796 1390 3848 ille
1436 3813 1564 3848 suus
1601 3801 1800 3863 appeti-

201 3900 284 3941 tus
313 3889 655 3940 accenditur.
684 3885 946 3938 Accensus
993 3887 1251 3952 appetitus
1287 3884 1394 3937 Deo
1447 3894 1584 3938 totus
1631 3886 1799 3938 inlice-

204 3991 276 4033 ret
325 3996 343 4031 :
404 3980 724 4030 inlia'rcndo
763 3977 1074 4043 formatur;
1117 3993 1237 4028 nam
1286 3976 1426 4029 Deus
1481 3977 1574 4044 qui
1630 3987 1797 4045 potest

201 4076 396 4134 omnia,
440 4074 494 4124 in
547 4082 719 4123 mente
750 4071 846 4121 sibi
889 4069 1172 4122 inliwrente
1224 4071 1578 4123 creandarum
1622 4086 1798 4122 rerum

204 4182 428 4218 naturas
456 4167 681 4235 efﬁngit.
717 4161 786 4216 In
831 4180 891 4215 ea
931 4164 1092 4231 igitur
1121 4164 1350 4231 spiritali
1377 4164 1604 4232 quodam
1645 4164 1799 4216 modo

203 4262 516 4326 pinguntur,
554 4269 605 4309 ut
640 4258 716 4309 ita
757 4256 968 4325 loquar,
1005 4254 1182 4309 omnia
1231 4272 1350 4320 qua:
1397 4255 1453 4307 in
1493 4257 1797 4324 corporibus

206 4353 323 4418 ipsis
362 4352 656 4404 sentimus.
689 4348 810 4402 Illis
841 4348 1112 4412 caelorum,
1139 4348 1611 4417 elementorumque
1635 4348 1793 4416 globi,

206 4447 400 4506 sidera,
437 4459 695 4510 vaporum
720 4451 948 4504 naturae,
975 4441 1234 4510 lapidum,
1261 4442 1616 4504 metallorum,
1645 4440 1797 4508 plau-

209 4548 397 4596 tarum,
437 4533 762 4586 animalium
797 4534 984 4601 forma:
1013 4534 1319 4603 gignuntur.
1358 4531 1683 4600 llujusmodi
1712 4548 1797 4584 re-

211 4645 313 4680 rum
347 4630 600 4681 omnium
632 4629 849 4696 species,
902 4626 998 4680 Dei
1048 4628 1278 4697 fomento
1326 4629 1556 4696 quodam
1602 4628 1658 4678 in
1705 4643 1798 4679 su-

208 4741 378 4791 prema
410 4724 506 4774 illa
550 4733 721 4774 mente
756 4730 1060 4788 cmceptas,
1089 4721 1235 4775 ideas
1272 4739 1382 4776 esse
1433 4738 1537 4775 non
1585 4721 1800 4774 dubita-

209 4833 334 4875 Is,
371 4826 482 4871 etc.
524 4814 682 4880 Quod
741 4815 826 4868 hic
877 4815 979 4868 sub
1033 4814 1417 4884 allegoriarum
1470 4811 1799 4882 tegumentis

211 4908 467 4967 traditur,
507 4903 596 4955 his
647 4903 969 4973 ambagibus
1015 4903 1197 4958 missis
1240 4904 1440 4959 clarius
1492 4915 1547 4958 et
1592 4901 1800 4970 simpli-

210 4996 320 5048 cius
354 4995 564 5064 exponi
607 4994 896 5069 potuisset.
947 4991 1149 5061 Nempe
1180 5010 1342 5064 quam
1379 5003 1575 5048 vocant
1601 4997 1798 5051 anima:

211 5087 575 5140 substantiam
616 5085 856 5138 nondum
886 5083 1198 5150 formatam,
1225 5086 1392 5140 chaos
1423 5097 1524 5152 est,
1560 5103 1652 5142 seu
1684 5104 1801 5142 ma-

214 5182 363 5242 teria,
399 5193 571 5247 quam
605 5177 896 5232 informem
929 5187 983 5231 et
1023 5179 1233 5242 rudem,
1281 5190 1552 5234 certarum
1599 5184 1800 5249 [igura-

214 5286 322 5322 rum
354 5286 422 5324 ac
457 5271 768 5325 motionum
817 5281 1096 5339 expertem
1145 5271 1392 5325 condidit
1446 5273 1626 5338 Deus;
1679 5288 1800 5340 qua

215 5374 414 5426 tamen,
445 5379 512 5416 ex
548 5363 761 5431 legibus
787 5365 856 5416 ab
884 5378 948 5416 eo
981 5365 1221 5426 statutis,
1253 5365 1422 5418 certis
1472 5363 1794 5432 quibusdam

213 5455 418 5518 formis,
462 5459 706 5512 motibus
751 5472 814 5510 ac
852 5456 1040 5524 ﬁguris
1094 5457 1476 5521 instrueretur,
1521 5457 1792 5526 exigebat.

213 5546 338 5603 lluie
365 5552 606 5620 primum
642 5551 749 5602 vim
793 5549 1079 5602 matricem
1116 5550 1328 5610 indidit,
1357 5564 1478 5616 quae
1530 5548 1792 5616 paulatim

217 5659 322 5696 sese.
341 5659 744 5709 exscrens,eos
803 5652 1007 5702 motus,
1047 5643 1160 5696 Deo
1192 5643 1482 5714 dirigente,
1528 5644 1680 5707 civit,
1726 5659 1793 5697 ex

216 5737 406 5798 quibus
440 5737 686 5790 materia:
725 5745 912 5803 partes
962 5734 1040 5787 sic
1095 5735 1326 5788 invicem
1377 5745 1596 5802 aptatae,
1639 5751 1795 5789 com-

217 5829 415 5895 positae,
455 5827 942 5900 atqueprdinatm,
977 5836 1032 5880 ut
1063 5843 1354 5899 corporum
1382 5830 1573 5883 forma
1609 5829 1672 5884 ad
1707 5844 1795 5883 su-

1899 3256 2076 3309 anima
2113 3250 2324 3312 mundi,
2358 3247 2574 3318 qualem
2607 3247 2769 3300 modo
2812 3259 2878 3297 ex
2929 3242 3332 3299 Platonicorum
3364 3255 3492 3294 sen-

1903 3348 2077 3404 tentia
2129 3343 2544 3411 descripsimus,
2606 3339 2866 3399 allinitas,
2914 3345 2974 3390 ut
3018 3335 3191 3402 major
3241 3335 3332 3386 vix
3371 3347 3494 3387 esse

1901 3440 2091 3510 possit.
2143 3436 2380 3504 Utraque
2420 3449 2449 3486 a
2484 3433 2576 3486 Dei
2620 3431 2886 3500 sapientia
2940 3437 2993 3483 et
3033 3427 3237 3481 virtute
3272 3433 3512 3481 emanat.

1898 3535 2142 3600 Utraque
2179 3529 2412 3599 primum
2471 3527 2522 3580 in
2579 3526 2754 3584 chao,
2806 3537 2900 3576 seu
2959 3521 3186 3575 materia
3236 3519 3491 3581 obscura,

1903 3627 2192 3682 tenebrosa
2241 3631 2296 3675 et
2341 3617 2620 3673 incondita
2655 3616 2946 3677 delitescit,
2979 3612 3234 3667 informis
3263 3620 3319 3665 et
3369 3610 3493 3663 sine

1900 3715 2102 3786 specie,
2128 3711 2278 3766 velut
2309 3709 2763 3768 fermentescens,
2800 3719 2863 3758 ac
2899 3702 3161 3773 paulatim
3192 3703 3301 3756 vim
3331 3716 3488 3754 suam

1895 3816 2158 3862 exserens
2177 3813 2190 3849 :
2209 3810 2442 3867 utraque
2467 3795 2606 3850 nihil
2633 3792 3030 3864 apprehendit,
3067 3793 3288 3861 utrique
3317 3789 3491 3844 indita

1901 3896 2137 3965 primum
2177 3891 2352 3945 forma
2383 3887 2684 3943 secundum
2732 3883 3096 3941 substantiam
3133 3891 3364 3946 tantum,
3394 3880 3491 3938 scd

1901 4003 2006 4042 non
2047 3984 2344 4040 secundum
2376 3981 2708 4043 scientiam;
2762 3977 2914 4046 quia,
2950 3975 3056 4031 etsi
3101 3976 3258 4030 initio
3307 3983 3490 4028 motus

1901 4078 2127 4148 quidam
2163 4074 2301 4140 fuit;
2335 4073 2461 4142 quia
2511 4081 2689 4124 tamen
2721 4069 3056 4135 inconditus,
3100 4082 3293 4136 vagus,
3325 4075 3385 4120 ut
3416 4066 3492 4120 ita

1901 4175 2102 4236 dicam,
2134 4169 2484 4224 inordinatus
2518 4173 2576 4220 et
2613 4164 3101 4227 indetcrminatus;
3135 4160 3339 4214 nullam
3368 4175 3492 4213 cer-

1904 4274 2012 4318 tam
2044 4264 2280 4332 speciem
2328 4268 2423 4312 aut
2466 4257 2696 4311 formam
2749 4256 3087 4310 exhibebat:
3117 4262 3348 4320 utraque
3391 4252 3489 4304 de-

1901 4377 2047 4416 mum
2084 4355 2254 4412 divini
2295 4352 2517 4406 luminis
2569 4351 2755 4405 radios
2799 4348 3038 4418 excepit,
3079 4346 3204 4417 quia
3237 4345 3320 4399 vis
3365 4358 3487 4397 mo-

1831 4484 1876 4538 υ
1907 4456 2012 4510 trix
2046 4462 2209 4520 atque
2241 4445 2588 4518 σπερματικὴ
2618 4443 2859 4498 materize
2904 4443 3168 4512 impressa
3195 4455 3224 4492 a
3256 4438 3366 4492 Deo
3392 4453 3488 4492 ex-

1905 4545 2060 4605 citari
2089 4539 2297 4604 debuit,
2327 4549 2386 4591 ut
2422 4537 2476 4590 in
2518 4544 2702 4589 actum
2759 4540 3158 4605 prorumperet.
3194 4531 3350 4598 Quod
3388 4529 3490 4584 ad-

1902 4641 2038 4695 dunt
2063 4628 2448 4694 Valentiniani,
2477 4627 2968 4698 Enthymesinjam
3000 4624 3226 4694 aliquali
3260 4624 3488 4676 immor-

1900 4727 2130 4783 talitatis
2151 4722 2320 4778 odore
2342 4718 2824 4791 perfusam,variis
2843 4715 3312 4785 perturbationum
3334 4714 3487 4768 testi-

1897 4821 2022 4884 bus,
2051 4833 2119 4873 ex
2160 4815 2355 4885 quibus
2383 4812 2533 4866 varia
2577 4810 2762 4864 mundi
2815 4808 3082 4863 elementa
3136 4807 3484 4876 prodierunt,

1897 4917 2162 4984 agitatam
2197 4912 2385 4978 fuisse,
2416 4910 2591 4966 donec
2619 4906 2686 4960 ad
2717 4903 2996 4960 Christum
3025 4917 3314 4967 conversa,
3345 4902 3482 4957 mis-

1897 5023 2018 5063 sum
2049 5005 2391 5060 Salvatorem
2433 4997 2734 5066 exceperit,
2771 4995 2946 5050 Patris
2975 5004 3032 5051 et
3056 4994 3294 5050 Eanum
3327 5002 3484 5062 pote-

1899 5108 2036 5152 state
2072 5098 2418 5158 decoratum,
2445 5090 2537 5159 qui
2584 5104 2703 5144 eam
2746 5104 2774 5141 a
2813 5085 3317 5158 perturbationibus
3347 5086 3483 5139 libe-

1897 5200 2070 5256 raret,
2102 5191 2308 5256 hasque
2333 5185 2400 5239 ab
2437 5198 2498 5236 ea
2529 5192 2771 5236 secretas
2803 5182 3202 5244 commisceret,
3234 5177 3480 5233 condens

1899 5293 2066 5347 saret,
2124 5290 2286 5348 atque
2324 5293 2391 5332 ex
2441 5277 2760 5343 incorporea
2796 5273 3080 5327 all‘ectione
3114 5273 3168 5324 in
3220 5270 3479 5338 incorpo-

1901 5393 2050 5431 ream
2095 5373 2378 5428 materiam
2421 5369 2771 5430 immutaret;
2819 5365 3033 5435 ineptiae
3082 5370 3230 5428 sunt,
3264 5376 3330 5416 eo
3358 5375 3484 5412 ver-

1899 5469 2091 5522 borum
2118 5471 2401 5534 apparatu,
2428 5461 2522 5531 qui
2563 5467 2779 5513 moveat
2817 5458 3118 5526 imperitos,
3147 5453 3474 5515 venditatio;

1897 5562 2095 5630 quibus
2126 5559 2177 5612 id
2211 5558 2476 5610 duntaxat
2510 5553 2780 5616 innuitur,
2812 5548 3042 5604 diversis
3075 5557 3189 5600 tum
3236 5546 3476 5614 primum

1899 5651 2341 5719 perturbatisque
2372 5648 2606 5704 motibus
2639 5645 2898 5712 agitatum
2949 5641 3140 5702 chaos,
3169 5639 3236 5692 ad
3264 5652 3358 5692 eas
3379 5637 3478 5690 de-

1899 5756 2045 5794 mum
2085 5740 2384 5793 motionum
2447 5737 2686 5806 species,
2731 5733 2966 5787 rationes
3012 5740 3064 5785 et
3113 5730 3323 5793 modos,
3363 5727 3478 5781 Deo

1900 5833 2214 5899 ordinante,
2247 5829 2662 5886 drtcrminatum
2711 5824 2900 5891 fuisse,
2936 5839 3001 5879 ex
3049 5821 3246 5892 quibus
3285 5827 3480 5880 partes
