3954 6352
458 361 525 419 9l
1265 364 1867 421 DISSERTATIONES
1900 361 2203 418 PBAEVIE
2239 362 2310 418 IN
2344 362 2604 419 IRENEI
2643 363 2906 423 LIBROS.
3647 368 3725 424 92

458 480 561 535 sibi
592 490 959 552 repugnantes
988 482 1056 537 ab
1101 482 1331 538 invicem
1365 485 1729 550 discedentes,
1791 493 2037 554 cognata:
2064 490 2114 546 Α
2140 483 2369 539 alterum
2411 485 2678 540 malorum
2714 482 3118 540 fabricatorem.
3144 484 3297 541 lllum
3320 486 3521 542 bonum
3551 489 3716 543 deum

458 586 644 627 secum
679 574 1078 639 coalescentes,
1112 577 1277 631 variis
1307 593 1490 632 rerum
1538 577 1730 633 formis
1762 578 1814 632 in
1861 578 2036 633 lucem

455 663 684 721 edendis
747 675 885 735 aptae
919 667 1135 722 ﬁerent.
1186 667 1298 723 Cur
1345 685 1408 723 ea
1461 670 1688 723 materia
1728 671 2040 739 incorporea

457 765 571 811 tum
606 771 636 810 a
671 755 1091 825 Valentinianis,
1124 769 1237 813 tum
1279 775 1307 812 a
1335 760 1630 815 Platonicis
1672 761 1905 826 dicatur,
1936 778 2038 817 ex-

453 847 739 915 posuimus
793 847 848 902 in
902 850 1047 905 notis
1106 851 1203 905 lib.
1236 868 1273 913 ι,
1306 867 1425 921 cap.
1476 852 1530 916 4,
1566 867 1624 905 n.
1661 851 1713 906 5.
1759 851 1865 907 Sed
1919 868 2040 922 quae.

451 937 698 993 Platonis
741 940 1070 995 sententiam
1099 958 1382 1011 exponens
1419 942 1588 997 refert
1618 942 1871 997 Laertius
1912 959 2035 1015 pag.

450 1030 579 1096 208,
610 1031 737 1100 quia
768 1032 905 1087 mire
949 1047 1069 1101 quae
1102 1033 1367 1088 hactenus
1404 1034 1644 1088 diximus
1687 1035 2034 1099 conﬁrmant,

452 1123 666 1180 referre
692 1140 799 1179 non
836 1126 1060 1197 pigebit.
1094 1125 1285 1180 Aiebat
1318 1128 1577 1181 nimirum
1621 1127 1779 1182 Plato
1817 1124 1954 1181 εἶναι
1981 1128 2038 1181 δὲ

449 1214 550 1286 τὴν
584 1215 717 1287 ὓλην
754 1218 1162 1289 ἀσχημάτιστον
1192 1220 1286 1272 καὶ⁴
1327 1218 1573 1291 ἄπειρον,
1603 1220 1663 1284 eg
1697 1216 1764 1292 ἦς
1792 1221 2038 1290 γίνεσθαι

448 1306 519 1361 τὰ
552 1308 919 1379 συγκρίματα.
966 1308 1244 1373 Ἀτάκτως
1284 1310 1343 1364 δέ
1390 1329 1518 1365 ποτε
1562 1312 1905 1383 κινουμένην,
1935 1312 2039 1365 ὑπὸ

447 1399 543 1453 τοῦ
576 1400 713 1453 Θεοῦ
748 1418 914 1471 φησιν
941 1403 1020 1465 εἰς
1052 1402 1147 1455 ἕνα
1171 1403 1503 1474 συναχθῆναι
1524 1404 1706 1469 τόπον,
1737 1406 1888 1471 τάξιν
1909 1408 2040 1460 ara-

447 1488 570 1555 ξίας
593 1491 879 1561 κρείττονα
897 1494 1271 1565 ἡγησαμένου.
1305 1494 1435 1548 Esse
1464 1495 1736 1548 materiam
1759 1496 2039 1564 informem

445 1593 495 1637 et
550 1584 834 1652 inﬁnitam,
875 1601 941 1639 ea:
980 1602 1085 1649 qua
1136 1588 1494 1641 concretiones
1554 1588 1710 1656 ﬁant.
1778 1586 1860 1642 Ea
1918 1604 2034 1642 cum

445 1673 735 1745 aliquando
754 1685 945 1730 temere
976 1687 1023 1729 et
1058 1677 1363 1731 inordinate
1387 1689 1700 1741 moveretur,
1740 1696 1770 1732 a
1819 1678 1928 1733 Deo
1960 1681 2035 1732 ait

444 1768 501 1819 in
530 1782 697 1819 unum
738 1770 913 1821 locum
964 1779 1225 1833 coactam,
1277 1772 1417 1840 quod
1462 1771 1700 1824 ordinem
1752 1773 2036 1826 temeritati

443 1863 701 1925 praestare
750 1859 1030 1914 censuerit.
1085 1833 1312 1926 Confer,
1345 1862 1389 1916 si
1413 1861 1584 1927 lubet,
1633 1861 1914 1917 Platonem
1977 1865 2030 1919 in
2066 1833 2106 1888 Β

450 1945 673 2003 Τὶιηαιο.
734 1947 973 2019 ldipsum
1012 1951 1136 2007 aliis
1175 1954 1462 2007 verborum
1506 1953 1800 2009 involucris
1848 1963 2034 2023 tegere

444 2038 663 2109 Ophitis
705 2051 761 2097 et
813 2041 1097 2098 Sethianis
1150 2046 1370 2100 animus
1418 2054 1559 2112 erat,
1606 2045 1735 2100 dum
1787 2047 2032 2115 aiebant,

446 2130 713 2200 Sophiam
772 2133 1196 2189 descendentem
1242 2136 1296 2188 in
1351 2151 1543 2205 aquas,
1597 2137 1908 2206 petulanter
1939 2154 2034 2195 eas

443 2224 681 2279 movisse
707 2232 760 2279 et
794 2227 1159 2292 assumpsisse
1186 2243 1248 2280 ex
1289 2225 1479 2301 [XLII]
1522 2230 1604 2285 eis
1646 2245 1845 2300 corpus
1876 2250 1890 2286 :
1933 2232 2035 2285 Itu-

442 2319 749 2373 mectationi
795 2320 938 2371 enim
982 2319 1203 2374 luminis
1242 2321 1359 2389 ejus
1413 2324 1589 2376 omnia
1641 2326 1953 2391 accurrisse,
1984 2337 2034 2379 et

442 2408 731 2465 art/imissa
767 2412 887 2476 7°",
927 2420 980 2465 et
1009 2422 1205 2465 caetera
1244 2413 1507 2482 ejusmodi
1537 2416 1885 2471 delirantium
1933 2418 2035 2473 bo-

441 2502 651 2556 minum
689 2512 1023 2568 commenta,
1068 2518 1192 2573 qua?
1228 2521 1256 2558 a
1284 2504 1686 2561 Valentinianis
1712 2524 1878 2577 penes
1910 2509 2031 2564 ine-

442 2594 567 2661 ptiae
595 2594 839 2658 modum,
883 2609 990 2648 non
1023 2610 1198 2663 penes
1256 2596 1424 2664 ipsam
1470 2611 1583 2650 rem
1641 2597 1921 2654 diﬁ'erunt.
1972 2600 2032 2656 In

442 2686 548 2741 hoc
580 2700 710 2741 vero
748 2686 969 2757 utrique
1000 2688 1305 2742 Platonicis
1344 2688 1657 2745 stolidiores
1683 2690 2030 2759 exstiterunt,

441 2778 588 2847 quod
626 2778 679 2833 hi
708 2780 950 2833 animam
1002 2782 1187 2835 mundi
1224 2796 1253 2834 a
1285 2781 1395 2834 Deo
1427 2782 1542 2850 ipso
1581 2792 1838 2851 tanquam
1883 2783 2035 2852 prin-

443 2872 611 2939 cipio,
645 2880 701 2926 et
731 2873 939 2928 mundo
992 2882 1253 2943 tanquam
1288 2875 1558 2943 subjecto,
1609 2892 1668 2930 re
1717 2877 2035 2932 distinxisse

442 2980 552 3021 non
583 2966 906 3031 videantur;
944 2967 1019 3021 illi
1048 2983 1178 3023 vero
1205 2968 1559 3039 Enthymesin
1601 2985 1757 3024 suam
1788 2971 1857 3026 ab
1886 2981 2036 3026 utro-

442 3074 549 3129 que
574 3060 653 3114 sic
685 3060 1044 3115 distinxerint
1068 3069 1123 3115 et
1146 3062 1549 3130 separaverint,
1584 3072 1641 3118 ut
1690 3064 1743 3118 in
1780 3066 2034 3120 substan-

445 3155 578 3208 tiam
626 3155 919 3223 quamdam
954 3171 1050 3223 per
1083 3171 1142 3210 se
1180 3155 1594 3218 subsistentem,
1649 3172 1712 3212 ac
1764 3160 2030 3214 sccunda-
2059 3170 2103 3229 ο

444 3246 588 3300 rium
620 3247 893 3315 quoddam
942 3248 1169 3302 Deitatis
1211 3264 1384 3318 genus
1415 3250 1882 3306 transformariut.

516 3336 607 3391 67.
662 3337 1021 3393 Achamotbae
1071 3339 1309 3393 fabulam
1358 3340 1564 3410 excipit
1626 3342 1812 3395 mundi
1874 3340 2035 3409 hujus

446 3427 801 3497 aspectabilis
833 3429 1012 3498 origo,
1051 3430 1377 3484 constitutio
1425 3443 1479 3485 et
1526 3431 1824 3496 ordinatio,
1867 3446 2033 3501 quam

448 3521 624 3576 fusius
652 3522 878 3591 exponit
901 3521 1167 3587 Irenacus,
1210 3531 1265 3576 et
1292 3537 1391 3577 nos
1437 3538 1506 3578 ex
1541 3523 1658 3592 ipso
1714 3523 2037 3593 compendio

446 3613 702 3683 superius
733 3613 1152 3683 descripsimus.
1192 3614 1419 3669 Summa
1452 3615 1557 3670 huc
1605 3617 1766 3682 redit,
1798 3619 2035 3687 primum

448 3708 694 3760 omnium
721 3705 790 3761 ab
816 3705 1123 3761 Achamota
1150 3709 1431 3762 conditum
1465 3708 1811 3780 Demiurgum
1833 3725 1898 3765 ex
1919 3711 2038 3764 ani-

450 3799 579 3853 mali
609 3799 943 3866 substantia,
972 3807 1173 3855 caetera
1206 3799 1391 3853 omnia
1418 3801 1677 3870 deinceps
1708 3800 2034 3855 fabricatum

450 3891 642 3955 fuisse,
694 3900 806 3946 tum
838 3892 1108 3957 ctelestia,
1154 3901 1269 3948 tum
1316 3902 1551 3954 terrena,
1599 3904 1713 3946 tum
1756 3893 2033 3961 animalia,

451 3994 566 4039 tum
598 3998 761 4039 sensu
793 3992 849 4038 et
882 3983 992 4038 vita
1021 3983 1309 4047 destituta,
1344 3982 1598 4053 Angelos,
1644 3983 2036 4054 Archangelos,

450 4075 924 4130 CosmOcratorem
956 4089 1052 4128 seu
1080 4073 1380 4141 diabolum,
1428 4084 1482 4129 et
1509 4074 1795 4140 daemonia,
1830 4085 2035 4145 septem

451 4163 643 4231 crelos,
673 4178 813 4233 quos
846 4164 1208 4233 intelligentia
1250 4165 1526 4234 praeditos,
1560 4166 1669 4221 imo
1716 4175 1771 4220 et
1806 4167 2039 4236 Angelos

449 4272 574 4314 esse
600 4256 886 4322 volebant,
942 4254 1233 4311 Hominem
1288 4256 1505 4310 demum
1552 4272 1621 4311 ex
1670 4257 1869 4326 triplici
1905 4259 2041 4313 sub-

451 4355 654 4411 stantia
704 4360 1045 4409 concretum.
1073 4350 1262 4407 Cazcus
1312 4360 1494 4407 tamen
1548 4362 1604 4407 et
1657 4352 1861 4407 inscius
1910 4351 2039 4421 quid

452 4456 668 4518 ageret,
696 4454 849 4501 tanta
884 4446 999 4501 lues
1028 4444 1250 4500 molitus
1278 4455 1361 4500 est
1398 4445 1721 4516 Demiurgus
1759 4463 1773 4501 :
1811 4455 1867 4500 at
1900 4448 2036 4501 clam

2141 585 2195 631 et
2216 576 2540 640 Oromazen,
2573 576 2719 630 hunc
2748 575 2993 631 daemone
3028 585 3084 631 et
3108 576 3446 632 Arimauiam
3479 578 3723 648 appella-

2139 669 2233 724 bat
2262 668 2578 733 Zoroaster;
2616 667 2764 722 illum
2812 682 2843 723 e
2877 669 3169 738 purissima
3202 669 3340 732 luce,
3387 670 3529 725 hunc
3556 686 3588 725 e
3620 678 3717 724 te—

2141 759 2327 814 nebris
2356 768 2411 813 et
2465 759 2769 828 ignorantia
2804 760 3048 828 genitum
3087 772 3103 813 :
3156 774 3186 813 a
3219 760 3399 831 primo
3452 761 3647 830 bonos,
3682 782 3717 819 a

2140 853 2380 907 secundo
2413 853 2582 907 malos
2636 854 2769 907 deos
2800 852 3013 922 genitos
3047 866 3169 907 esse
3202 854 3439 920 volebat,
3472 866 3529 909 et
3573 858 3724 911 inter

2140 944 2242 1000 hos
2297 944 2460 998 alium
2524 944 2685 999 deum
2742 943 3128 999 intermedium
3181 945 3403 999 nomine
3461 945 3719 1001 Mithram

2140 1037 2435 1091 exsistere.
2467 1036 2576 1091 llas
2612 1035 3019 1105 impurissimas
3042 1036 3311 1105 repetiere
3347 1036 3572 1091 lacunas
3599 1048 3717 1091 tum

2140 1126 2495 1192 Marcionitae,
2546 1136 2660 1183 tum
2701 1127 2946 1184 Gnostici
2984 1138 3219 1193 veteres,
3266 1136 3324 1183 ut
3357 1128 3482 1185 inde
3515 1128 3721 1196 duplex

2140 1234 2319 1274 rerum
2358 1219 2683 1291 principium
2709 1260 2725 1287 ,
2785 1220 3015 1274 alterum
3051 1221 3285 1287 bonum,
3323 1221 3553 1277 alterum
3594 1237 3719 1275 ma-

2139 1308 2271 1373 lum,
2297 1309 2529 1363 alterum
2560 1309 2718 1363 alteri
2756 1320 3017 1379 perpetuo
3054 1310 3400 1387 insidiantem
3430 1320 3485 1366 et
3517 1310 3717 1365 adver-

2139 1411 2351 1457 santem
2387 1402 2715 1458 excitarent.
2748 1402 3119 1458 Valentiniani
3150 1418 3297 1466 vero,
3320 1413 3378 1456 ut
3415 1403 3723 1473 portentosi

2139 1492 2407 1558 dogmatis
2455 1493 2713 1547 invidEam
2760 1495 3115 1561 declinarent,
3163 1494 3463 1549 nominibus
3496 1496 3723 1564 quidem

2138 1584 2407 1638 honestius
2456 1585 2773 1651 utebantur,
2813 1595 2872 1640 ut
2923 1587 3161 1656 loquitur
3211 1588 3482 1653 Irenreus;
3538 1600 3729 1654 neque

2139 1677 2284 1730 enim
2341 1674 2507 1729 Deum
2550 1676 2817 1731 malarum
2871 1677 3181 1734 effectorem
3254 1688 3443 1748 aperte
3497 1679 3727 1748 proﬁte-

2139 1766 2377 1818 bantur:
2413 1773 2470 1819 at
2502 1782 2689 1820 revera
2724 1782 2993 1822 venenum
3042 1769 3266 1824 crudius
3299 1771 3617 1839 sorbebant,
3659 1778 3731 1827 ul

2135 1855 2375 1908 ostendit
2427 1856 2568 1909 idem
2617 1856 2852 1913 [renatus
2884 1860 2951 1925 ",
2987 1859 3114 1913 dum
3152 1876 3331 1914 rerum
3374 1862 3729 1916 conditorem

2134 1961 2199 1999 ea:
2226 1961 2285 1998 ea
2311 1945 2447 2011 labe,
2472 1963 2592 2017 qua:
2621 1957 2770 2002 extra
2804 1949 3051 2005 Pleroma
3079 1953 3269 2006 emissa
3294 1962 3389 2016 est,
3420 1955 3730 2010 temerario

2134 2037 2391 2093 videlicet
2430 2050 2485 2092 et
2525 2055 2688 2109 supra
2726 2043 2941 2096 modum
2976 2044 3167 2098 audaci
3205 2043 3422 2115 Sophia:
3470 2045 3730 2101 laeinore

2135 2131 2400 2200 genitum,
2453 2146 2517 2185 ac
2570 2131 2910 2203 ignorantize,
2963 2148 3233 2190 caecarum
3290 2153 3484 2207 nempe
3537 2140 3728 2194 Acha-

2135 2223 2330 2277 motbzn
2382 2226 2851 2294 perturbationum
2924 2227 3162 2284 fructum
3210 2246 3331 2285 esse
3375 2234 3724 2289 asserebant.

2133 2317 2273 2373 Nam
2311 2318 2482 2373 Deum
2517 2319 2717 2373 malum
2749 2329 3029 2376 auctorem
3058 2323 3204 2389 mali,
3228 2335 3283 2378 et
3319 2324 3485 2379 Deum
3511 2340 3727 2380 caecum

2134 2421 2189 2465 et
2220 2412 2567 2480 ignorantem
2622 2413 2903 2477 inducere,
2939 2414 3181 2483 ejusdem
3219 2416 3441 2471 sceleris
3474 2431 3597 2472 esse
3631 2418 3724 2471 vi-

2135 2500 2327 2567 detur;
2366 2501 2477 2557 imo
2524 2503 2627 2558 hoc
2659 2503 2834 2558 altero
2869 2507 3106 2575 gravius.
3153 2505 3341 2578 Neque
3374 2508 3517 2562 enim
3574 2510 3725 2564 Deus

2135 2590 2240 2645 iste
2274 2607 2456 2647 caecus
2490 2607 2519 2646 a
2572 2607 2632 2649 se
2665 2603 2769 2659 est,
2808 2597 2902 2649 sed
2963 2596 3031 2649 ab
3064 2596 3403 2651 Aclramotba
3465 2599 3725 2654 conditus

2134 2693 2238 2750 est,
2275 2686 2550 2755 dirigente
2604 2687 2905 2754 Saluatore,
2941 2704 3102 2759 quem
3142 2691 3381 2745 vicissim
3433 2701 3626 2761 regunt
3663 2701 3725 2748 et

2135 2776 2407 2847 inspirant
2434 2790 2544 2833 tum
2576 2794 2861 2849 supremus
2898 2781 3081 2848 Pater,
3116 2792 3229 2836 tum
3267 2784 3450 2838 caeteri
3485 2784 3718 2851 Eones;

2135 2884 2199 2924 ac
2228 2872 2458 2940 proinde
2499 2873 2827 2943 ignorantia,
2873 2875 3141 2931 malorum
3176 2878 3418 2931 omnimn
3457 2877 3626 2933 fomes
3664 2888 3725 2933 et

2135 2964 2310 3028 radix,
2367 2975 2424 3019 et
2471 2965 2615 3020 mala
2656 2967 2795 3035 ipsa,
2832 2982 2953 3037 quae
2987 2969 3112 3023 inde
3155 2968 3444 3038 pullulant,
3482 2970 3533 3023 in
3570 2986 3723 3025 sum-

2136 3069 2282 3108 mum
2320 3054 2487 3111 Deum
2527 3058 2915 3113 refunduntur.
2948 3059 3148 3129 Sicque
3180 3060 3521 3116 recrudescit
3550 3062 3729 3131 pesti-

2137 3144 2311 3199 ierum
2347 3146 2523 3208 virus,
2559 3147 2701 3217 quod
2736 3163 2768 3203 e
2818 3152 3092 3219 corruptis
3150 3149 3602 3222 phil050phorum
3641 3152 3727 3206 la-

2136 3238 2307 3292 cubus
2337 3237 2596 3293 haustum
2632 3240 2878 3297 emollire
2912 3251 3184 3297 conantur
3215 3242 3608 3298 Valentiniani.

2207 3331 2294 3387 68.
2340 3332 2418 3388 Eo
2476 3348 2650 3403 usque
2704 3335 3015 3405 desipuisse
3064 3335 3396 3401 Platonicos,
3450 3346 3512 3392 ut
3579 3337 3727 3393 duos

2136 3426 2289 3492 deos,
2315 3425 2549 3480 alterum
2580 3428 2870 3493 bonorum,
2891 3429 3121 3483 alterum
3146 3430 3412 3484 malorum
3433 3440 3722 3487 auctorem

2136 3517 2444 3587 ﬁngerent,
2501 3535 2608 3573 non
2672 3520 2955 3589 legimus:
2994 3518 3105 3575 luto
3167 3521 3470 3590 quamlibet
3524 3522 3722 3591 aliam,

2136 3619 2335 3679 praeter
2388 3611 2580 3677 Deum,
2616 3612 2889 3666 malorum
2941 3626 3161 3667 causam
3208 3627 3333 3668 esse
3366 3617 3729 3683 quaerendam

2136 3710 2449 3757 constanter
2532 3713 2911 3759 asseruerunt.
2972 3705 3357 3762 Verumtamen
3431 3718 3516 3763 est
3574 3710 3728 3778 quod

2137 3795 2265 3849 dum
2324 3811 2505 3850 rerum
2563 3795 2882 3851 inferiorum
2950 3798 3318 3852 creandarum
3374 3810 3429 3854 et
3483 3800 3727 3856 admini-

2137 3889 2484 3944 strandarum
2522 3887 2862 3957 provinciam
2897 3889 3105 3959 angelis
3150 3889 3574 3955 demandabant,
3597 3892 3729 3948 aliis

2139 3982 2484 4051 postmodum
2516 3978 2831 4035 oﬁensionis
2888 3995 3078 4035 ansam
3114 3982 3469 4049 prazbuerint.
3524 3984 3579 4038 ld
3632 3984 3727 4039 in-

2141 4088 2311 4128 nuere
2362 4072 2579 4127 videtur
2612 4072 2789 4137 Plato,
2839 4086 2965 4127 cum
3018 4072 3073 4127 in
3111 4072 3308 4127 Timaeo
3363 4074 3532 4128 Deum
3581 4074 3733 4133 ﬁlios

2140 4180 2288 4228 suos,
2324 4165 2377 4219 id
2413 4174 2498 4219 est
2535 4163 2831 4220 inferiores
2868 4164 3094 4234 angelos
3150 4166 3530 4221 adhortantem
3565 4166 3733 4222 indu-

2141 4258 2236 4321 cit,
2270 4266 2329 4311 ut
2359 4257 2426 4310 ad
2457 4257 2820 4312 imitationem
2863 4258 2967 4323 sui,
3004 4258 3312 4312 mistionem
3342 4260 3442 4315 sub
3476 4259 3600 4313 luna
3630 4275 3731 4315 re-

2142 4365 2260 4403 rum
2311 4351 2724 4420 aggrediantur,
2762 4349 3081 4418 hominique
3113 4348 3632 4416 subjiciantomnia,
3658 4366 3737 4407 ac

2143 4442 2462 4495 rationalem
2498 4440 2613 4509 ejus
2644 4441 2880 4495 animam
2916 4442 2984 4496 ab
3017 4440 3133 4511 ipso
3178 4450 3469 4510 acceptam
3504 4445 3734 4511 corpori

450 4517 723 4612 dirigebat
757 4538 931 4593 Mater
964 4538 1296 4601 Achamoth,
1328 4536 1472 4591 hanc
1518 4552 1647 4592 vero
1683 4538 1953 4605 Salvator,
1982 4548 2042 4594 ut
2070 4517 2115 4571 D
2144 4536 2352 4591 caduco
2388 4533 2701 4588 infundant.
2735 4531 2886 4599 Quod
2917 4532 3231 4601 cxpendens
3278 4534 3439 4587 simul
3472 4540 3527 4588 et
3560 4531 3737 4587 refel-

449 4642 652 4685 cuncta
689 4630 755 4685 ad
818 4629 1111 4700 imaginem
1179 4618 1823 4685 invisibilis“Pleromatis
1854 4632 2038 4687 enice-

453 4727 664 4773 rentur.
702 4718 873 4772 Sedes
910 4717 1199 4789 Demiurgo
1222 4719 1519 4774 constituta
1549 4735 1709 4790 supra
1746 4722 2038 4792 septimum

456 4809 691 4876 caelum;
734 4810 908 4866 Mater
956 4814 1290 4884 superiorem
1334 4812 1535 4880 locum,
1574 4814 1816 4869 medium
1848 4815 2040 4871 videli-

455 4910 563 4967 cet,
594 4901 740 4970 quod
789 4904 932 4958 inter
964 4905 1212 4961 Pleroma
1249 4914 1307 4960 et
1340 4906 1598 4960 mundum
1631 4905 1898 4961 visibilem
1954 4909 2039 4963 in-

459 4996 709 5063 tercedit,
767 4997 1003 5065 spatium
1042 4999 1371 5071 occupabat.
1426 4997 1485 5053 ln
1541 4999 1739 5069 quibus
1785 5001 2042 5057 omnibus

458 5093 579 5148 luce
612 5092 919 5149 meridiana
956 5093 1161 5149 clarius
1213 5096 1410 5150 iterum
1445 5094 1696 5150 relucent
1728 5092 2044 5149 Platonico-

457 5202 578 5242 rum
614 5186 955 5256 aliorumque
1005 5195 1245 5240 veterum
1280 5186 1727 5257 philosophorum
1761 5187 2040 5257 dogmata.

457 5279 502 5335 E
534 5276 936 5333 molestissima:
969 5276 1309 5344 quaestionis,
1341 5280 1483 5332 unde
1517 5276 1760 5331 malum?
1792 5276 2041 5345 ambagi-

456 5370 559 5427 bus
588 5369 847 5440 expedire
878 5383 999 5423 sese
1027 5384 1152 5423 cum
1190 5366 1481 5436 nequirent
1504 5368 1686 5438 plures
1713 5384 1744 5424 e
1778 5370 2042 5424 vetustio-

457 5461 613 5518 ribus
664 5460 1048 5532 pbilosophis,
1102 5459 1528 5524 existimarunt,
1568 5460 1861 5515 Plutarcho
1904 5469 2045 5517 teste

453 5554 509 5611 in
543 5552 621 5607 Is.
647 5560 697 5606 et
728 5552 901 5619 0sir.,
932 5554 1071 5607 duos
1094 5566 1215 5606 esse
1244 5552 1376 5605 deos
1407 5552 1657 5623 καθάπερ
1677 5553 2042 5622 ἀντιτέχνους,

454 5644 613 5716 quasi
645 5645 944 5703 contrariis
977 5647 1190 5703 artibus
1221 5645 1455 5715 deditos,
1487 5644 1716 5699 alterum
1747 5648 2037 5710 bonorum,

526 5830 913 5901 ""lrcn.,lib.
943 5850 981 5902 ι,
1013 5849 1132 5905 cap.
1167 5833 1253 5889 50.

1333 5833 1375 5867 ⁷⁷
1401 5832 1520 5890 Lib.
1554 5848 1636 5901 Ill,
1664 5847 1782 5903 cap.
1817 5832 1903 5902 12,
1935 5848 1990 5887 ιι.
2021 5831 2102 5888 l5.

2143 4629 2262 4682 lens
2298 4629 2636 4698 Augustinus
2693 4628 2784 4680 lib.
2822 4643 2898 4681 xu
2958 4627 3031 4680 De
3081 4627 3228 4680 civit.
3290 4625 3413 4691 Dei,
3451 4640 3571 4695 cap.
3628 4625 3729 4693 26,

2143 4719 2360 4784 scribit,
2395 4718 2671 4773 Platonem
2703 4721 2954 4785 minores,
3002 4730 3048 4773 et
3080 4737 3112 4773 a
3150 4735 3354 4772 summo
3406 4718 3517 4773 Deo
3554 4718 3732 4787 factos

2141 4813 2290 4876 deos,
2326 4813 2598 4881 effectores
2635 4829 2744 4866 esse
2777 4813 3003 4866 uoluisse
3046 4812 3356 4865 animalium
3391 4823 3731 4880 cazterorum,

2142 4911 2201 4956 ut
2238 4904 2593 4957 immortalem
2630 4913 2829 4971 partem
2885 4905 2948 4957 ab
2993 4908 3106 4973 ipso
3146 4915 3428 4965 sumerent,
3462 4905 3563 4972 ipsi
3604 4921 3733 4958 vero

2146 4995 2423 5050 mortalem
2452 5004 2762 5050 attexerent.
2814 4994 3047 5049 Proinde
3087 4998 3385 5050 animarum
3423 5007 3735 5052 nostrarum

2145 5103 2232 5142 eos
2276 5096 2538 5141 creatores
2573 5104 2685 5141 esse
2712 5088 2961 5154 noluisse,
3002 5088 3095 5141 sed
3125 5105 3427 5158 corporum.
3464 5088 3570 5143 Sed
3603 5088 3701 5143 Pla

2147 5179 2291 5235 tonis
2324 5179 2679 5249 praeceptoris
2722 5190 2957 5234 mentem
3016 5181 3218 5235 clarius
3269 5181 3546 5248 expressit
3594 5180 3736 5235 Pro-

2145 5271 2265 5327 clus
2312 5271 2404 5325 lib.
2439 5285 2493 5334 v,
2536 5286 2659 5340 cap.
2699 5270 2789 5338 ‘29,
2822 5272 2911 5326 ubi
2954 5273 3032 5327 sic
3082 5272 3416 5342 distinguit:
3463 5273 3733 5326 mundum

2150 5364 2395 5433 indigere
2425 5362 2534 5418 Deo
2587 5364 2770 5431 Patre,
2804 5364 2882 5427 ὼς
2932 5364 3235 5418 ὑποστάτου
3287 5364 3394 5417 τῶν
3426 5364 3585 5429 ὅλων,
3634 5364 3736 5419 καὶ

2148 5458 2495 5527 γεννήτορος,
2540 5465 2790 5528 tanquam
2825 5457 3107 5525 fundatore
3149 5474 3181 5509 a
3223 5473 3323 5529 quo
3358 5455 3634 5522 fulcimur,
3679 5467 3735 5509 et

2149 5553 2384 5622 genitore
2401 5568 2420 5605 :
2451 5551 2511 5606 τὸ
2537 5552 2592 5605 δὲ
2608 5554 2823 5624 γεννᾷν,
2843 5553 2933 5606 καὶ
2954 5551 3238 5624 παράγειν,
3260 5551 3350 5604 καὶ
3375 5549 3435 5603 τὺ
3458 5551 3733 5621 προνοεῖν,

2150 5642 2288 5698 Θεῶν
2307 5644 2453 5698 ἐστιν
2488 5642 2639 5713 ἴδιον,
2686 5643 2913 5699 καθόσον
2950 5644 3056 5698 εἰσὶ
3092 5642 3225 5701 θεοί.
3260 5641 3440 5714 Ipsum
3476 5656 3593 5696 vero
3635 5655 3733 5713 ge-
