3954 6352
239 349 310 408 93
1162 342 1625 403 DlSSERTATlO
1657 342 1700 406 1,
1738 341 1901 396 ART.
1939 339 1980 405 l,
2015 339 2105 395 DE
2137 336 2556 396 VALENTINO.
3437 330 3513 388 ει

235 479 432 528 net-are,
461 472 513 517 et
548 462 849 534 producere
890 470 941 516 et
967 460 1266 530 providere,
1308 460 1529 515 deorum
1563 477 1675 515 esse
1708 476 1831 529 pro-
1857 463 1905 520 Α
1934 474 1993 514 se
2048 458 2327 513 creavisse
2377 473 2464 513 res
2501 455 2789 521 conditas;
2837 454 2934 510 sed
2983 454 3037 509 id
3082 451 3227 523 quod
3273 452 3510 507 secundo

228 559 420 626 prium,
450 566 721 624 quatenus
758 564 881 608 sunt
916 554 1015 609 dii.
1069 552 1310 607 Primam
1342 552 1561 623 quidem
1597 567 1818 606 causam

229 663 341 702 esse
384 647 560 701 Deum
595 646 847 711 Patrem,
911 654 1185 716 quatenus
1244 643 1583 713 exemplaria
1638 658 1819 697 rerum

228 741 428 796 formas
466 741 844 805 continentia,
893 739 1092 808 quibus
1135 739 1447 808 dirigantur
1509 738 1605 801 (lii,
1659 738 1815 791 mini-

225 844 388 897 strat;
429 842 487 886 at
523 832 586 885 τὸ
613 832 959 903 γεννητικὸν,
994 832 1089 884 καὶ
1122 831 1481 884 ὑποστατικὸν
1506 830 1699 895 ἄλλων,
1727 828 1819 883 καὶ

225 924 583 995 προνοητικὸν
628 923 815 986 αὐτοῖς
857 922 1133 993 διαφέρειν
1172 925 1285 985 τοῖς
1315 922 1477 985 θεοῖς,
1523 924 1686 989 ipsam
1728 939 1819 991 ge-

225 1018 442 1069 nerandi
473 1018 608 1080 vim,
640 1026 692 1069 et
722 1016 894 1084 ipsam
920 1014 1151 1068 aliarum
1186 1032 1405 1068 causam
1440 1016 1815 1081 [undatricem,

222 1118 263 1163 et
293 1111 469 1177 ipsum
515 1109 837 1178 providendi
881 1107 1189 1175 facultatem
1220 1108 1289 1160 ad
1321 1111 1459 1177 ipsos
1485 1108 1608 1162 deos
1650 1107 1821 1160 maxi-

224 1218 296 1255 me
363 1201 665 1269 pertinere;
734 1200 1025 1255 Consentit
1082 1200 1377 1255 Sallustius
1464 1200 1819 1270 phil050phns

224 1292 312 1346 lib.
362 1293 443 1348 De
468 1295 582 1347 diis
638 1303 688 1346 et
740 1292 963 1356 mundo,
1008 1308 1129 1361 cap.
1183 1292 1266 1347 6:
1322 1292 1576 1356 Deorum,
1621 1292 1819 1361 inquit,

226 1386 318 1441 alii
348 1386 646 1450 mundani,
682 1385 775 1439 alii
826 1385 1274 1455 supermundani.
1326 1384 1446 1437 Τῶν
1473 1385 1529 1437 δὲ
1564 1383 1723 1449 θεῶν,
1770 1387 1819 1439 ot

232 1481 328 1553 μὲν
376 1482 508 1533 εἰσιν
571 1481 859 1551 ἐγκόσμιοι
888 1520 903 1543 ,
952 1482 1001 1534 οἱ
1056 1480 1112 1533 δὲ
1166 1480 1547 1551 ὑπερκόσμιοι.
1595 1481 1822 1548 Ἐγκοσ-

228 1574 378 1643 picti;
406 1572 462 1624 δὲ
497 1572 671 1639 λέγω,
707 1572 904 1635 αὐτοὺς
952 1574 1078 1637 τοὺς
1136 1573 1228 1625 τὸν
1284 1572 1488 1642 κόσμον
1534 1572 1820 1636 ποιοῦντας

225 1664 392 1727 θεοὺς.
429 1663 559 1716 Τῶν
595 1664 654 1716 δὲ
683 1664 1072 1735 ὑπερκοσμίων
1093 1704 1107 1728 ,
1141 1664 1190 1718 οἱ
1238 1663 1336 1733 μὲν
1370 1663 1560 1727 οὐσίας
1606 1662 1820 1717 ποιοῦσι

222 1757 375 1823 θεῶν,
401 1760 454 1809 oi
483 1758 544 1811 δὲ
578 1757 725 1823 νοῦν,
756 1757 807 1811 οἱ
836 1756 892 1809 δὲ
916 1754 1115 1825 ψυχάς.
1144 1753 1445 1808 Mundanos
1460 1756 1575 1807 dico
1596 1772 1704 1821 eos,
1727 1758 1820 1825 qui

1923 560 2046 619 post
2094 549 2227 603 illud
2287 548 2408 603 loco
2442 546 2801 601 constitutum
2839 554 2947 609 est,
2979 544 3206 613 angelos
3234 542 3506 599 videlicet.

1922 642 2061 697 Hinc
2098 640 2397 695 Numenius
2452 640 2593 709 apud
2663 638 3000 702 Eusebium,
3070 637 3165 691 lib.
3219 651 3273 690 ιι
3330 634 3507 702 ι’νωρ.

1920 735 2177 805 evangel.,
2209 749 2334 803 cap.
2382 733 2473 799 18,
2506 734 2716 788 Platoni
2743 733 2859 787 haec
2888 731 3055 785 verba
3084 729 3310 783 tribuit:
3346 727 3391 782 0
3416 729 3512 782 lio-

1920 825 2108 886 mines,
2142 839 2295 888 quem
2330 839 2421 876 vos
2452 821 2792 875 arbitramini
2828 821 3061 890 primum
3108 819 3293 881 Deum,
3326 818 3511 871 mundi

1921 913 2187 981 opiﬁcem,
2211 929 2316 965 non
2354 921 2431 965 est
2461 914 2685 979 primus,
2718 915 2808 967 sed
2844 921 2920 965 est
2953 911 3128 964 adhuc
3161 925 3221 963 eo
3247 909 3507 977 superior.

1920 1006 2016 1061 Cui
2059 1004 2219 1061 cﬂ‘ato
2244 1005 2487 1059 concinit
2518 1003 2804 1059 oraculum
2854 1004 2996 1058 istud
3032 1020 3046 1059 :

1920 1138 2124 1192 Πάντα
2166 1139 2277 1209 γὰρ
2308 1138 2663 1209 ἐξετέλεσσε
2694 1138 2896 1209 Πατὴρ
2942 1138 3040 1191 καὶ
3205 1137 3513 1209 dapemque

1922 1207 2207 1277 Δευτέρῳ,
2245 1209 2317 1261 ὃν
2341 1208 2576 1278 πρῶτον
2595 1209 2843 1279 κληΐζεξτ⁸
2867 1208 3031 1262 ἅπαν
3052 1208 3227 1279 γένος
3249 1207 3504 1276 ἀνδρῶν.

1926 1279 2119 1349 ρηιηὶα
2177 1280 2438 1349 siquidem
2506 1281 2719 1348 perfecit
2756 1278 2936 1343 Pater,
2976 1288 3024 1332 et
3064 1278 3236 1331 menti
3283 1280 3507 1332 tradidit

1924 1346 2203 1417 Secundaa,
2236 1346 2394 1420 quam
2428 1346 2657 1417 primum
2683 1349 2851 1403 Deum
2876 1358 3026 1403 vocat
3052 1366 3203 1404 omne
3226 1350 3509 1491 [hominum

3251 1436 3434 1489 genus.

3251 1436 3434 1489 genus.

1922 1559 2078 1628 Quod
2107 1574 2388 1631 exponens
2416 1556 2626 1614 Psellus
2659 1556 2760 1621 ait,
2806 1555 3040 1611 Mentem
3083 1554 3379 1611 secundam
3410 1570 3508 1609 vo-

1922 1651 2036 1707 cari
2070 1652 2139 1706 ab
2188 1650 2503 1706 hominibus
2543 1648 2715 1703 Deum
2762 1648 3028 1718 primum,
3065 1648 3227 1718 quod,
3254 1646 3507 1701 nesciant

1922 1740 2136 1797 Patrem
2168 1757 2505 1813 supremum.

218 1819 476 1904 nandum
489 1819 755 1915 condunt,
769 1852 916 1903 deos.
932 1819 943 1824 —
959 1819 1530 1917 S'upermundanorum
1574 1819 1698 1902 vero
1724 1819 1815 1903 alii

1994 1835 2086 1890 69.
2126 1836 2209 1889 Ab
2238 1836 2322 1890 his
2353 1835 2597 1891 fontibus
2628 1835 2836 1891 eﬂluxit
2865 1835 3174 1890 communis
3208 1834 3505 1889 Gnostico-

218 1948 436 1994 deorum
468 1942 821 2006 substantias,
845 1940 943 1994 alii
965 1948 1214 2006 mentem,
1233 1940 1325 1992 alii
1349 1946 1553 1994 animas
1571 1941 1815 2009 eﬂiciunt.

220 2032 479 2102 Ideoque,
505 2035 709 2104 pergit,
734 2034 876 2088 trino
898 2034 1083 2089 ordine
1107 2034 1564 2087 discriminantur.
1588 2033 1823 2087 Munda-

218 2142 413 2179 uoram
445 2128 503 2179 Ιιὶ
537 2132 772 2180 condunt
805 2126 1085 2191 mundum,
1117 2126 1215 2181 alii
1265 2128 1505 2180 eumdem
1557 2127 1817 2189 animant,

212 2219 312 2271 alii
332 2235 402 2272 ea:
434 2220 605 2273 variis
650 2220 979 2289 diversisque
1015 2228 1347 2286 compactum
1396 2220 1676 2289 adoptant,
1726 2218 1820 2272 alii

213 2312 539 2377 adoptatum
564 2314 898 2366 custodiunt.
934 2312 1087 2379 Quod
1123 2328 1252 2367 vero
1274 2311 1346 2365 dii
1386 2311 1459 2365 illi
1496 2321 1606 2364 tum
1659 2326 1819 2363 mun-

213 2406 365 2468 dani,
418 2412 536 2458 tum
580 2404 1014 2474 supermundani
1066 2405 1243 2473 primo
1310 2404 1419 2457 Deo
1461 2402 1625 2471 longe
1683 2402 1821 2457 infe-

212 2493 390 2549 riores
437 2495 575 2558 sint,
624 2496 787 2549 docet
830 2510 953 2564 cap.
1000 2494 1235 2564 praeced.
1270 2494 1360 2548 ubi
1395 2496 1493 2559 ait,
1536 2492 1635 2564 τὴν
1669 2491 1820 2563 πρώ-

210 2603 313 2655 την
350 2587 539 2639 αἰτίαν
588 2588 721 2658 μίαν
760 2583 922 2650 εἶναι,
952 2590 1176 2656 primam
1226 2603 1441 2640 causam
1486 2602 1643 2639 unant
1685 2602 1816 2640 esse.

218 2678 434 2741 Παντὸς
466 2680 581 2750 γὰρ
604 2680 867 2751 πλήθους,
908 2680 1104 2749 inquit,
1130 2681 1345 2750 ἡγεῖται
1378 2678 1565 2749 μονὰς,
1590 2678 1818 2749 δυνάμει

207 2787 274 2822 τε
306 2773 401 2824 καὶ
454 2770 758 2843 ἀγαθότητι
812 2771 989 2824 πάντα
1021 2774 1165 2842 νικᾷο
1203 2772 1297 2825 καὶ
1324 2772 1412 2824 διὰ
1454 2771 1615 2824 τοῦτο
1640 2771 1819 2825 πάντα

213 2862 467 2933 μετέχειν
513 2864 737 2934 ἐκείνης
768 2863 1005 2933 ἀνάγκη.
1066 2861 1406 2917 Multitudini
1439 2879 1659 2933 namque
1704 2863 1820 2915 uni-

210 2970 378 3007 rersa:
416 2966 613 3021 prceett
648 2956 849 3017 unitas,
883 2955 1115 3022 potentia
1152 2964 1200 3007 et
1251 2954 1483 3007 bonitate
1513 2953 1688 3007 omnia
1726 2970 1818 3006 stt-

207 3060 440 3112 perans;
474 3045 706 3115 ideoque
739 3045 984 3098 omnibus
1038 3045 1417 3098 communicari
1465 3058 1673 3097 necesse
1714 3052 1810 3098 est.

212 3135 540 3205 Eademque
573 3133 871 3188 Jamhlichi
905 3135 1174 3188 sententia
1206 3143 1312 3197 est,
1354 3142 1490 3187 sect.
1534 3147 1586 3199 ν,
1612 3148 1731 3201 cap.
1758 3131 1811 3187 9.
1842 3167 1885 3225 α

212 3226 353 3281 Tum
387 3243 517 3295 cap.
569 3226 638 3280 14
685 3227 819 3281 deos
854 3226 934 3281 sic
977 3227 1231 3293 partitur,
1270 3235 1328 3279 ut
1375 3225 1467 3278 alii
1515 3227 1623 3279 sint
1652 3233 1819 3277 mate-

209 3318 393 3384 riales,
463 3315 561 3371 alii
633 3318 1030 3369 immateriales.
1064 3313 1368 3369 Materiales
1398 3323 1555 3369 vocat
1582 3330 1698 3379 eos,
1724 3314 1815 3383 qui

209 3408 344 3463 licet
375 3425 406 3461 a
446 3408 685 3462 materia
718 3408 958 3463 maxime
998 3407 1337 3476 separabiles
1376 3409 1507 3473 sint,
1542 3421 1664 3461 eam
1713 3406 1817 3460 itu-

210 3500 493 3554 ntateriali
525 3515 626 3553 sua
662 3501 910 3568 potentia
946 3499 1497 3569 comprehenduntet
1520 3506 1813 3563 exornant,

207 3592 372 3661 eique
404 3591 634 3655 adsunt,
669 3608 732 3644 ac
756 3592 1131 3657 dominantur,
1184 3601 1238 3647 et
1271 3606 1378 3644 una
1410 3606 1538 3645 cum
1572 3604 1635 3646 ea
1663 3590 1811 3646 exis-

212 3693 350 3737 tunt.
413 3683 808 3738 Immateriales
835 3684 1074 3754 appellat
1113 3699 1229 3749 eos,
1258 3683 1348 3752 qui
1382 3682 1607 3737 omnino
1636 3697 1665 3735 a
1703 3695 1818 3734 ma-

209 3777 346 3830 teria
374 3775 545 3829 liberi
586 3784 744 3839 sunt,
771 3775 931 3844 eique
974 3776 1133 3847 longe
1182 3773 1533 3844 prtecellunt.
1584 3772 1817 3829 Omnem

208 3881 394 3922 autem
454 3881 653 3921 rerum
710 3866 1073 3921 humanarum
1148 3865 1697 3921 administrationem
1747 3865 1817 3921 ad

211 3962 346 4016 deos
385 3959 706 4013 materiales
752 3960 1031 4029 pertinere
1058 3958 1199 4023 vult,
1236 3974 1343 4013 non
1391 3958 1459 4013 ad
1491 3959 1819 4013 immateria-

208 4058 281 4108 les
331 4054 483 4124 (nisi
544 4063 818 4121 quatenus
883 4052 938 4106 hi
992 4051 1124 4107 deos
1166 4050 1469 4106 materiales
1522 4066 1818 4120 eorumque

211 4147 497 4214 potentias
536 4145 593 4199 in
635 4159 719 4208 se,
753 4154 1009 4214 tanquam
1047 4160 1212 4199 causa
1248 4158 1355 4197 una
1390 4153 1445 4199 et
1474 4141 1682 4216 [XLIII]
1704 4144 1820 4213 pri-

210 4254 315 4301 ma,
348 4236 861 4307 amplectuntur),
889 4238 1040 4306 quia,
1085 4236 1490 4290 administratio
1532 4238 1650 4291 haec
1690 4251 1813 4305 par-

213 4326 469 4381 tit-alaris
506 4335 617 4391 est,
664 4334 717 4378 et
754 4326 1046 4379 admistum
1104 4323 1270 4377 habet
1313 4324 1585 4393 quoddam
1628 4322 1817 4375 anxie-

211 4420 335 4473 tatis
365 4433 579 4489 genus,
617 4431 792 4486 neque
829 4417 1053 4471 omnino
1080 4430 1108 4468 a
1166 4415 1487 4485 corporibus
1532 4422 1813 4484 segregata

1924 1942 2043 1981 rum
2080 1927 2323 1983 omnium
2367 1927 2660 1992 sententia,
2692 1926 2917 1997 Angelis
2962 1938 3074 1980 tum
3106 1927 3349 1992 creandi,
3390 1936 3504 1979 tum

1923 2019 2150 2088 regendi
2184 2018 2371 2072 mundi
2402 2032 2599 2072 munus
2629 2018 2947 2088 impositum
2987 2017 3178 2072 fuisse.
3208 2015 3322 2071 Nec
3346 2033 3507 2073 secus

1922 2127 2146 2167 sensere
2192 2110 2581 2166 Valentiniani.
2612 2110 2875 2177 Quamvis
2926 2113 3073 2167 enim
3125 2113 3507 2180 Demiurgum,

1922 2203 2091 2258 Deum
2133 2212 2188 2257 et
2217 2202 2433 2257 Patrem
2464 2203 2743 2257 interdum
2789 2203 3161 2269 nominarent,
3197 2218 3389 2258 revera
3418 2212 3508 2258 ta-

1923 2312 2045 2351 men
2085 2296 2228 2350 intra
2280 2304 2488 2351 naturae
2526 2294 2786 2365 angelicae
2826 2295 3028 2351 limites
3079 2296 3503 2352 concludebant.

1923 2386 2268 2455 Demiurgum
2289 2396 2336 2439 et
2362 2385 2536 2453 ipsum
2564 2384 2811 2455 angelum
2837 2401 2951 2439 esse
2979 2386 3187 2451 dicunt,
3219 2385 3329 2440 Deo
3352 2386 3505 2440 siml-

1921 2477 2046 2539 lem,
2095 2476 2277 2545 inquit
2323 2474 2563 2530 lrenams
2600 2475 2696 2531 lib.
2736 2491 2774 2540 ι,
2810 2490 2934 2546 cap.
2968 2476 3026 2541 5,
3056 2492 3113 2534 n.
3137 2477 3193 2543 2,
3226 2486 3281 2532 et
3309 2477 3407 2531 lib.
3442 2492 3504 2541 η,

1922 2584 2045 2635 cap.
2084 2568 2138 2629 8.
2176 2585 2229 2621 n.
2256 2567 2311 2621 3.
2338 2567 2448 2622 Nec
2478 2567 2659 2622 minus
2683 2578 2870 2637 aperte
2894 2569 3089 2623 scribit
3116 2568 3212 2625 lib.
3255 2584 3333 2633 tv,
3360 2585 3413 2626 c.
3447 2568 3502 2634 l,

1922 2678 1977 2716 η.
2008 2661 2065 2726 l,
2097 2661 2241 2715 hanc
2272 2675 2396 2715 esse
2427 2659 2935 2714 Valentinianorum
2966 2670 3226 2725 mentem,
3256 2661 3507 2716 Demiur-

1921 2770 2043 2825 gum
2092 2753 2416 2806 naturaliter
2444 2768 2607 2822 neque
2650 2751 2843 2816 Deum,
2888 2768 3057 2823 neque
3104 2753 3319 2809 Patrem
3366 2772 3502 2820 esse,

1917 2848 2008 2901 sed
2044 2848 2195 2901 cerbo
2225 2855 2376 2901 tenus
2419 2846 2546 2913 dici,
2571 2862 2630 2900 eo
2659 2846 2799 2917 quod
2834 2847 3143 2901 dominetur
3177 2848 3501 2903 conditioni.

1918 2938 2071 3005 Quod
2088 2948 2142 2993 et
2159 2938 2299 2994 idem
2323 2938 2390 2993 de
2406 2936 2727 3007 Enthymesi
2746 2954 2839 2993 seu
2856 2938 3163 2994 Achamoth
3183 2940 3499 3000 dicendum.

1918 3030 1986 3087 Et
2021 3030 2148 3084 hinc
2167 3040 2255 3083 est
2286 3029 2431 3098 quod
2462 3036 2689 3085 sanctus
2720 3030 2913 3084 doctor
2942 3030 3058 3085 lucc
3106 3032 3499 3086 haereticorum

1919 3122 2109 3177 deliria
2140 3120 2432 3177 coulutans
2484 3120 2625 3176 libro
2668 3137 2708 3175 ll
2742 3122 3056 3179 nullatenus
3086 3122 3231 3178 inter
3254 3124 3502 3180 Valenti-

1920 3214 2114 3268 nianos
2161 3223 2505 3282 caeterosque
2534 3211 2831 3268 Gnosticos
2873 3212 3329 3283 distinguit;'sed
3375 3229 3507 3283 pro-

1917 3306 2051 3361 bare
2080 3305 2214 3360 satis
2243 3319 2367 3359 esse
2389 3304 2491 3360 sibi
2516 3304 2731 3359 censuit
2760 3304 3020 3359 mundum
3042 3320 3147 3359 non
3177 3308 3246 3363 ab
3269 3308 3501 3377 angelis,

1918 3406 2013 3453 aut
2042 3397 2408 3468 archangelis,
2439 3398 2535 3453 sed
2560 3398 2631 3453 ab
2656 3411 2764 3451 uno
2795 3405 2851 3451 et
2879 3397 3071 3453 eodem
3114 3397 3230 3452 Deo
3253 3408 3310 3454 et
3340 3399 3505 3456 Patre

1919 3491 2203 3548 conditum
2242 3490 2436 3546 fuisse.
2480 3490 2786 3545 Commune
2826 3505 2955 3545 vero
2986 3498 3100 3545 tum
3136 3491 3499 3562 philosophis,

1921 3593 2035 3638 tum
2085 3582 2361 3638 htereticis
2414 3581 2609 3638 isthmc
2651 3582 2939 3637 asserendi
2993 3582 3322 3652 principium
3374 3583 3497 3650 fuit,

1926 3674 2095 3730 Deum
2134 3691 2410 3730 summum
2446 3686 2502 3730 et
2532 3673 2751 3729 Patrem
2781 3674 3023 3743 ignotum
3061 3691 3127 3729 ac
3169 3675 3505 3731 invisibileur

1919 3784 2043 3824 esse
2091 3783 2156 3823 ac
2212 3767 2507 3833 mansisse,
2540 3780 2641 3822 nec
2680 3780 2777 3835 per
2813 3780 2994 3820 rerum
3034 3765 3365 3821 creationem
3412 3782 3505 3822 se-

1920 3863 2098 3931 ipsum
2120 3860 2410 3915 manifesta
2422 3860 2533 3914 ndo
2554 3859 2859 3928 prodidisse
2886 3880 2897 3915 :
2918 3859 3040 3914 aliis
3057 3859 3507 3916 existimantibus

1920 3951 2016 4006 Dei
2049 3950 2390 4019 maiestatem
2429 3949 2575 4004 haud
2599 3950 2817 4016 decere,
2849 3958 2911 4004 ut
2942 3950 3009 4003 ad
3057 3963 3241 4004 rerum
3269 3948 3501 4004 inferio-

1919 4060 2040 4100 rum
2068 4058 2259 4099 curam
2312 4058 2413 4114 per
2440 4043 2680 4113 seipsum
2714 4043 3121 4113 suscipiendam
3158 4058 3283 4099 sese
3308 4044 3505 4098 demit-

1922 4146 2087 4201 teret;
2118 4136 2241 4190 aliis
2264 4134 2610 4201 timentibus,
2641 4150 2707 4190 ne
2728 4135 2870 4190 mala
2904 4136 3105 4205 quibus
3138 4124 3504 4191 labefactatur

1918 4227 2090 4291 orbis,
2120 4226 2171 4280 in
2200 4228 2374 4296 ipsum
2418 4225 2863 4291 refunderentur,
2895 4228 2942 4281 si
2992 4228 3141 4283 hunc
3184 4227 3300 4298 ipse
3342 4240 3507 4296 rege-

1919 4327 2004 4374 ret
2029 4320 2462 4389 creavissetque.
2490 4318 2628 4373 Hinc
2652 4328 2847 4388 sponte
2893 4318 3115 4383 ﬂuebat,
3152 4320 3304 4373 orbis
3352 4319 3501 4388 regi-
3580 4392 3583 4397 γ

1920 4425 2044 4466 men
2081 4422 2135 4467 et
2170 4412 2506 4467 creationem
2540 4411 2765 4468 alterius
2802 4411 3105 4481 cujuspiam
3138 4427 3167 4465 a
3196 4412 3307 4466 Deo
3329 4410 3499 4467 Patre

212 4520 311 4573 est,
348 4524 455 4564 nec
488 4524 697 4578 capere
732 4517 914 4578 potest
952 4507 1213 4577 liquidam
1253 4516 1310 4561 et
1357 4504 1802 4575 imperturbatam
1834 4505 1879 4560 D
1907 4519 2044 4575 opus
2067 4515 2122 4561 et
2144 4504 2390 4561 effectum
2415 4520 2580 4561 esse:
2614 4520 2850 4575 cumque
2894 4506 3074 4559 neutri
3111 4504 3278 4558 ullam
3313 4507 3482 4560 aliam

212 4604 698 4671 gubernationem.
760 4599 945 4666 Quare
1004 4607 1139 4655 sect.
1196 4614 1256 4662 η,
1300 4599 1535 4654 diversis
1585 4598 1808 4653 deorum

214 4698 548 4752 inferiorum
576 4694 873 4766 generibus
903 4702 958 4748 et
995 4694 1283 4748 ordinibus
1332 4692 1576 4746 diversas
1606 4691 1659 4744 in
1704 4691 1809 4744 ad-

213 4788 629 4845 ministratione
661 4786 871 4849 mundi,
898 4786 1120 4855 perinde
1150 4795 1314 4855 atque
1347 4783 1664 4849 Sallustius,
1699 4793 1811 4838 sla-

215 4882 418 4945 tiones,
452 4880 635 4934 oﬂicia
671 4888 727 4932 et
756 4879 1067 4933 functiones
1097 4878 1362 4947 assignat.
1389 4876 1481 4931 Sic
1512 4876 1715 4944 pariter
1754 4884 1809 4929 et

211 4972 437 5028 Picinus
479 4973 540 5026 in
593 4968 823 5023 Critiam
872 4968 1139 5033 Platonis,
1196 4970 1328 5023 deos
1377 4969 1430 5022 in
1479 4966 1809 5037 su‘perctele-

212 5072 343 5130 stes,
384 5062 651 5118 cmlestes
671 5071 727 5115 et
754 5061 1109 5117 subctelestes
1145 5076 1213 5116 ex
1245 5059 1649 5115 Platonicorum
1683 5075 1809 5114 sen-

211 5156 381 5209 tentia
421 5153 704 5225 partitur;
748 5154 942 5224 primis
967 5154 1357 5224 amplissimam
1386 5151 1805 5222 providentiam,

211 5247 468 5301 secundis
526 5246 711 5300 minus
764 5244 1025 5313 amplam,
1077 5245 1471 5315 posterioribus
1520 5243 1588 5297 ad
1636 5259 1810 5313 angu-

212 5339 387 5392 stiora
436 5337 729 5391 redactam
790 5337 1007 5399 tribuit,
1057 5346 1241 5407 utpote
1292 5338 1384 5405 qui
1430 5336 1597 5391 certis
1648 5344 1810 5389 terrae

212 5430 385 5499 plagis
445 5443 752 5497 rerumque
813 5429 1106 5498 generibus
1172 5429 1352 5483 divina
1424 5429 1809 5493 distributione

212 5521 433 5589 praesint
470 5539 489 5576 :
526 5521 989 5591 quemadmodum
1027 5531 1083 5575 et
1126 5522 1377 5577 etelesles
1407 5522 1498 5575 alii
1529 5521 1650 5576 aliis
1683 5522 1808 5577 cteli

214 5616 485 5681 partibus,
530 5615 768 5684 sphaeris
806 5624 863 5670 et
896 5614 1070 5669 stellis
1101 5624 1517 5685 praeponuntur.
1566 5615 1648 5669 Ex
1680 5614 1808 5685 qui-

218 5706 311 5758 bus
341 5706 607 5761 omnibus
645 5705 857 5776 liquido
888 5714 1099 5761 certum
1121 5717 1227 5773 est,
1260 5708 1546 5764 Platonem
1580 5706 1809 5778 ejusque

217 5798 511 5872 discipulos
543 5816 657 5859 non
688 5799 1039 5858 existimasse
1082 5802 1313 5874 pritnum
1356 5801 1681 5875 principium
1710 5815 1810 5874 per

1912 4596 2057 4651 ultra
2086 4600 2232 4653 hunc
2256 4597 2372 4652 sive
2401 4611 2716 4667 personam,
2753 4596 2867 4652 sive
2896 4604 3149 4650 naturam
3183 4594 3492 4666 intelligen-

1913 4699 2021 4747 tem
2047 4699 2273 4746 nossent
2299 4704 2464 4759 quam
2487 4690 2811 4760 angelicam,
2837 4688 2890 4743 in
2919 4687 3061 4741 hanc
3084 4688 3267 4758 Operis
3297 4690 3494 4746 molem

1912 4786 2239 4840 recumbere
2277 4784 2586 4839 voluerunt.
2618 4784 2750 4850 Qua:
2802 4796 2971 4852 prava
3012 4783 3140 4839 inde
3161 4798 3495 4843 enascantur

1910 4878 2279 4942 consectaria,
2313 4877 2477 4948 paulo
2507 4890 2630 4948 post
2656 4876 2979 4931 referemus.

1983 4968 2073 5024 70.
2118 4969 2365 5035 Interim,
2403 4969 2549 5038 quod
2598 4967 2857 5022 mundum
2899 4969 3043 5023 hunc
3071 4969 3393 5027 inferiorem
3424 4973 3503 5027 ad

1911 5062 2232 5132 superioris.
2259 5077 2354 5117 seu
2390 5060 2717 5115 Pleromatis
2742 5058 3035 5127 imaginem
3071 5060 3312 5117 ellictum
3343 5063 3501 5119 dice-

1912 5153 2045 5208 bant
2079 5152 2465 5217 Valentiniani,
2490 5152 2726 5205 alterum
2770 5152 3041 5209 doctrina:
3072 5153 3374 5210 Platonicae
3397 5170 3493 5210 ca-

1911 5255 2008 5315 put
2040 5254 2145 5311 est,
2193 5245 2341 5314 quod
2387 5245 2440 5299 in
2492 5260 2647 5299 suam
2690 5246 3035 5317 hypothesim
3070 5248 3488 5302 transtulerunt.

1911 5335 2270 5392 Notissimum
2302 5337 2526 5406 quippe,
2556 5350 2655 5392 nec
2685 5337 2856 5393 semel
2884 5354 2914 5391 a
2944 5336 3237 5405 nobisjam
3259 5338 3489 5405 dictmu,

1912 5428 2248 5484 invisibilem
2280 5442 2378 5483 seu
2425 5428 2656 5485 idealem
2706 5430 2952 5485 Platonis
2982 5430 3269 5495 mundum,
3301 5446 3492 5486 rerum

1911 5521 2161 5577 omnium
2193 5521 2347 5576 ideas
2392 5529 2447 5576 et
2496 5519 2698 5577 formas
2752 5537 2782 5575 a
2832 5522 2927 5576 Dei
2976 5531 3155 5577 mente
3196 5533 3497 5593 conceptas

1910 5615 2229 5680 continere;
2262 5630 2396 5683 quas
2420 5614 2640 5685 quidem
2671 5629 2958 5684 supremus
2981 5614 3146 5669 Pater
3166 5615 3491 5685 angelorum

1911 5708 2168 5778 Opificum
2194 5709 2472 5764 mentibus
2501 5707 2855 5776 insculpit,et
2882 5707 3040 5777 quasi
3072 5706 3249 5763 oculis
3272 5708 3496 5778 objicit,

1915 5813 1972 5859 ut
1999 5803 2067 5859 ad
2112 5802 2260 5860 illius
2289 5803 2571 5875 archetypi
2601 5800 2908 5875 exemplum
2948 5802 3208 5858 mundum
3238 5801 3383 5858 hunc
3412 5801 3489 5857 iu-
