3954 6352
477 402 545 457 95
1295 406 1891 465 DISSERTATIONES
1923 409 2029 464 PR.

2141 408 2229 466 UE
2268 407 2337 465 ΙΝ
2372 408 2630 465 ΠῖΕΝᾹῖΙ
2664 408 2934 468 LIBROS.
3677 413 3759 473 96

475 525 734 581 feriorem
786 527 1076 583 ell'orment
1110 545 1122 582 :
1155 539 1210 584 et
1263 543 1557 600 eapropter
1591 534 1815 603 scripsit
1841 532 2060 589 Tertul-
2088 537 2135 594 Α
2165 532 2360 602 duplex
2399 534 2708 588 dzemonum
2745 548 2940 604 genus,
2970 532 3239 590 bonorum
3271 531 3526 590 videlicet
3549 545 3601 591 et
3630 554 3756 592 ma-

472 616 653 674 lianus
688 621 741 674 in
773 619 869 675 lib.
906 621 983 675 De
1013 622 1217 686 anima,
1252 640 1376 694 cap.
1401 626 1486 688 l7,
1519 626 1571 680 in
1607 627 1742 681 ideis
1764 624 2061 682 Platonicis

473 709 708 764 relucere
756 712 1007 768 haeretica
1058 717 1262 770 semina
1301 717 1678 772 Gnosticarum
1727 730 1778 773 et
1820 718 2059 774 Valenti-

472 802 782 860 m‘anorum.
817 807 1012 876 Angeli
1045 809 1208 862 etiam
1246 821 1302 864 et
1342 810 1693 880 Archangeli,
1725 827 1866 881 quos
1905 821 2060 868 creat

471 890 868 950 hzereticorum
922 898 1272 969 Demiurgus,
1325 901 1503 972 angeli
1533 916 1632 957 seu
1675 903 1750 957 dii
1794 903 2056 958 mundani

468 995 620 1054 sunt,
650 1003 788 1056 quos
821 1005 851 1042 a
904 993 1281 1060 superioribus
1313 997 1634 1065 progenitos
1671 1011 1816 1062 esse,
1873 999 2058 1052 multi-

466 1079 595 1146 plici
626 1081 838 1148 ordine,
867 1083 1011 1138 serie.
1044 1095 1098 1138 et
1125 1087 1499 1153 successione,
1529 1090 1846 1144 statuebant
1875 1090 2058 1148 Plato-

465 1171 595 1226 nici.
637 1172 705 1228 Ut
761 1175 907 1230 enim
955 1177 1330 1248 Archangelos
1376 1181 1502 1245 diis,
1562 1183 1640 1238 sic
1674 1184 1916 1252 Angelos
1945 1185 2052 1240 Ar-

463 1266 771 1336 changelis,
815 1270 1036 1339 Angelis
1079 1272 1302 1339 heroes,
1332 1273 1598 1330 heroibus
1644 1276 1858 1331 animas
1884 1277 2053 1347 subji-

464 1357 710 1413 ciebant.
763 1361 1051 1418 Animatos
1093 1363 1226 1419 item
1273 1375 1483 1437 septem
1514 1366 1883 1437 planetarum,
1915 1370 2052 1426 alia-

462 1465 695 1520 rumque
746 1453 1036 1510 stellarum
1083 1457 1271 1526 orbes,
1322 1469 1378 1514 et
1438 1460 1714 1516 intellectu
1764 1463 2048 1533 prteditos,

461 1542 569 1595 imo
595 1551 650 1598 et
681 1543 922 1616 Angelos
947 1563 1090 1612 esse,
1128 1565 1284 1619 aeque
1309 1566 1375 1606 ac
1391 1550 1780 1623 Valentiniani,
1810 1545 2050 1613 sustine;

457 1633 630 1701 bant;
672 1652 780 1691 non
815 1640 1039 1708 quidem
1074 1643 1288 1698 ratione
1319 1645 1511 1702 formae
1545 1645 1918 1713 informantis,
1951 1650 2047 1706 sed

454 1730 796 1796 assistentis,
825 1743 886 1788 ut
917 1733 1219 1804 loquuntur
1261 1737 1313 1791 in
1365 1741 1602 1807 scholis;
1636 1743 1740 1810 vel,
1780 1752 1841 1798 ut
1882 1759 2048 1813 expoo

454 1823 662 1879 nebant
698 1826 1096 1896 Valentiniani,
1129 1847 1236 1886 non
1267 1846 1351 1898 re,
1381 1834 1475 1888 sed
1505 1839 1744 1903 virtute;
1770 1847 2041 1907 quatenus

453 1916 750 1988 unicuique
787 1920 930 1975 caelo
965 1930 1021 1976 et
1061 1922 1229 1979 sideri
1257 1925 1552 1994 praefectus
1595 1930 2035 2002 adestAngelus,

451 2008 546 2076 qui
601 2019 782 2066 motus
815 2012 980 2082 hujus
1031 2027 1189 2086 regat
1232 2032 1298 2072 ac
1350 2019 1686 2091 moderetur,
1733 2033 1791 2078 ut
1833 2027 2038 2094 passim

449 2101 726 2172 explicant
779 2104 1066 2164 Platonici.
1117 2109 1337 2181 llosque
1411 2123 1622 2184 septem
1692 2117 2037 2185 planetarum

447 2195 673 2250 orbibus
724 2198 1012 2265 prmfectos
1081 2201 1352 2270 Angelos,
1408 2215 1614 2274 septem
1647 2209 2039 2285 Κοσμοκράτοο

448 2305 556 2358 ρας
613 2304 735 2345 esse
789 2303 944 2361 puta,
973 2293 1042 2348 de
1073 2293 1273 2362 quibus
1317 2296 1676 2356 Damascius:
1721 2317 2036 2374 quanquam

447 2379 563 2448 ipse
588 2381 1067 2455 Κοσμοκρατόρων
1101 2387 1353 2441 ordinem
1389 2389 1661 2459 duplicem
1705 2408 1827 2451 esse
1870 2399 2034 2467 velit;

442 2470 536 2526 alii
568 2474 836 2543 siquidem
878 2478 1143 2533 mundum
1185 2480 1546 2549 superiorem,
1583 2500 1678 2540 seu
1726 2489 2034 2560 caelestem,

440 2565 536 2620 alii
573 2566 894 2622 inferiorem
930 2570 1316 2626 moderantur:
1346 2576 1490 2643 quod
1512 2586 1568 2632 et
1599 2579 1776 2649 ipsum
1806 2581 2035 2642 Jambli-

439 2659 578 2715 chus
635 2670 775 2716 sect.
832 2676 868 2715 ιι
912 2662 1114 2730 innuit,
1155 2663 1243 2718 ubi
1279 2666 1587 2726 Archontas
1631 2673 1876 2746 duplices
1915 2679 2032 2736 dis-

440 2752 661 2823 tinguit,
695 2754 834 2810 alios
855 2757 1198 2826 superiores,
1223 2759 1359 2816 alios
1391 2762 1704 2826 inferiores.
1723 2769 1800 2825 Ex
1834 2770 2031 2831 horum

437 2860 666 2911 nurnero
706 2848 877 2906 fuisse
927 2851 1144 2907 videtur
1188 2853 1280 2910 ille
1318 2855 1826 2920 Valentinianorum
1896 2867 2034 2924 Cos-

439 2949 725 2997 mocrator
753 2958 849 2998 seu
889 2945 1168 3012 diabolus,
1198 2952 1488 3021 omnisque
1529 2955 1798 3014 malorum
1829 2959 2027 3017 dazmo-

438 3050 568 3086 num
601 3045 845 3102 caterva,
875 3054 1040 3108 quam
1073 3043 1374 3111 spiritalem
1414 3048 1684 3104 malitiam
1730 3055 2026 3123 vocabant,

436 3141 714 3196 quamque
741 3143 770 3181 a
802 3129 1100 3201 Demiurgo
1127 3147 1193 3187 ex
1233 3134 1592 3194 Achamotha:
1635 3141 1864 3198 tristitia
1894 3159 2029 3201 con-

2166 624 2368 692 lorum,
2403 640 2527 679 esse
2568 624 2946 679 statuendum.
2981 623 3154 681 Secus
3187 626 3500 682 sentiebant
3544 626 3756 700 Pythao

2164 733 2324 789 goras
2378 715 2580 786 aliique
2611 725 2849 781 veteres,
2889 716 3085 786 quibus
3126 717 3274 772 aliud
3315 718 3619 774 daemonum
3651 737 3756 788 ge-

2162 823 2287 872 nus,
2322 823 2484 878 quam
2528 807 2731 878 ἁγνῶν,
2772 822 3033 878 purorum
3077 817 3132 865 et
3175 809 3568 876 beneﬁcorum,
3600 812 3754 867 haud

2162 901 2406 972 agnitum
2439 899 2614 957 fuisse
2641 903 2880 972 probant
2908 915 2971 958 ea
3002 904 3275 970 carmina,
3310 918 3430 974 qua:
3454 904 3615 976 vulgo
3639 904 3756 976 Py-

2161 994 2403 1065 thagorae
2453 996 2821 1054 ascribuntur.
2865 997 2937 1052 At
2977 1012 3100 1052 cum
3151 997 3305 1054 Plato
3349 999 3402 1053 in
3447 996 3645 1052 Timaeo
3688 1009 3751 1052 et

2158 1086 2288 1142 alibi
2328 1086 2587 1157 placitum
2630 1088 2774 1143 istud
2807 1100 2901 1143 aut
2927 1090 3253 1156 induxisset,
3285 1099 3380 1145 aut
3413 1105 3604 1146 recens
3642 1107 3751 1145 na-

2159 1187 2272 1233 tum
2305 1179 2711 1247 confirmasset,
2749 1180 2801 1234 in
2845 1181 3154 1236 daemonum
3185 1183 3434 1238 ordinem
3487 1183 3752 1239 referen-

2155 1269 2252 1326 das
2275 1286 2395 1327 esse
2427 1273 2641 1329 animas
2678 1274 2934 1340 heroum,
2962 1274 3014 1328 id
3049 1284 3134 1330 est
3181 1288 3379 1330 eorum
3431 1275 3746 1341 hominum,

2154 1362 2247 1433 qui
2295 1371 2408 1417 tum
2454 1364 2814 1421 beneficentia
2855 1379 2919 1421 ac
2947 1365 3276 1423 liberalitate
3300 1381 3431 1438 erga
3479 1372 3748 1436 patriam,

2155 1464 2268 1509 tum
2309 1454 2526 1524 justitia
2577 1471 2642 1511 ac
2672 1457 2878 1525 pietate
2920 1471 3034 1527 pra
3079 1457 3296 1513 caeteris
3328 1457 3745 1528 excelluerant;

2151 1545 2280 1601 hinc
2311 1546 2379 1602 ad
2423 1546 2870 1616 ampliﬁcandam
2914 1547 3227 1605 daamonum
3265 1550 3479 1605 turbam
3525 1550 3746 1606 aditum

2152 1640 2259 1696 sibi
2285 1640 2395 1696 cito
2440 1643 2752 1712 patefecere
2800 1643 3044 1699 adulatio
3085 1653 3142 1698 et
3187 1644 3370 1698 timor.
3408 1642 3746 1713 Quicunque

2150 1731 2299 1785 enim
2346 1731 2451 1787 viri
2500 1742 2757 1802 potentes
2815 1734 3173 1805 popularibus
3228 1733 3344 1789 suis
3391 1732 3743 1790 formidolosi

2150 1826 2432 1890 vixerant,
2464 1826 2550 1881 vel
2581 1827 2826 1896 qualibet
2877 1827 2983 1881 alia
3034 1827 3252 1882 ratione
3281 1841 3478 1881 nomen
3509 1827 3610 1882 sibi
3650 1827 3746 1882 in-

2149 1928 2230 1972 ter
2283 1932 2412 1973 suos
2463 1918 2730 1987 fecerant,
2794 1919 2924 1976 licet
2972 1920 3242 1990 impuram
3292 1919 3745 1990 flagitiosamquc

2143 2010 2312 2064 vitam
2345 2011 2654 2077 duxissent,
2689 2011 2892 2066 mortui
2926 2009 3087 2066 facile
3125 2011 3459 2065 invenerunt
3508 2017 3561 2064 et
3588 2010 3737 2062 adu-

2142 2099 2364 2169 latores,
2402 2103 2495 2172 qui
2529 2118 2624 2158 eos
2661 2104 2716 2157 in
2766 2103 2995 2157 heroum
3038 2116 3104 2157 ac
3155 2103 3463 2157 daemonum
3499 2116 3740 2156 numero

2141 2195 2497 2262 collocarent,
2531 2206 2701 2266 atque
2731 2211 2886 2252 sacra
2913 2197 3299 2260 decernerent,
3329 2202 3383 2248 et
3408 2193 3634 2264 ignavos
3665 2210 3739 2251 ac

2142 2287 2362 2342 timidos
2399 2287 2674 2355 homines,
2703 2287 2910 2370 quisic
2957 2285 3350 2342 collocatorum
3399 2286 3736 2341 memoriam

2139 2379 2340 2435 divinis
2393 2380 2694 2436 honoribus
2726 2381 3091 2437 celebrarent.
3151 2381 3257 2436 Sed
3305 2396 3428 2437 cum
3477 2378 3724 2436 ridicula

2140 2471 2228 2527 illa
2253 2471 2575 2543 faciliorque
2597 2473 2937 2543 apotheosis,
2978 2489 3083 2545 qua
3111 2474 3361 2530 scelestis
3391 2472 3734 2528 mortalibus

2138 2580 2299 2620 sacra
2356 2565 2634 2622 interdum
2689 2566 3157 2632 decernebantur,
3198 2567 3402 2622 invicta
3459 2567 3735 2621 adversus

2137 2655 2418 2714 ethnicam
2457 2658 2782 2730 religionem
2815 2668 3139 2731 argumenta
3163 2658 3496 2714 Christianis
3526 2673 3734 2727 suppe-

2135 2749 2372 2818 ditaret;
2425 2749 2622 2807 horum
2658 2753 2769 2807 vim
2806 2761 2969 2822 atque
3011 2752 3224 2823 pondus
3266 2761 3326 2807 ut
3380 2753 3732 2808 declinarent

2135 2842 2468 2914 philosophi,
2518 2843 2719 2915 duplex
2783 2845 3089 2900 daemonum
3144 2845 3485 2914 heroumque
3544 2859 3729 2915 genus

2133 2946 2378 2994 statuere
2404 2938 2579 2993 coacti
2614 2945 2762 3004 sunt,
2796 2938 3026 2994 alterum
3059 2938 3389 3002 beneficum,
3413 2938 3723 2993 maielicum

2133 3031 2366 3087 alterum
2403 3040 2460 3086 et
2503 3031 2909 3100 malesuadum;
2964 3031 3076 3087 illis
3134 3030 3353 3100 quidem
3396 3030 3514 3086 fieri
3560 3045 3722 3086 saeta

2133 3123 2359 3182 honoris
2391 3141 2456 3181 ac
2484 3127 2768 3198 religionis
2797 3142 2984 3192 causa,
3017 3134 3072 3182 et
3099 3134 3156 3181 ut
3184 3127 3559 3196 Opitulcntur;
3597 3126 3723 3182 istis

436 3219 606 3273 ditam
656 3222 1004 3276 asserebant.
1055 3224 1166 3279 Cur
1202 3242 1332 3282 vero
1381 3228 1487 3285 hoc
1532 3232 1796 3290 interesse
1827 3238 2027 3295 vellent

2136 3232 2264 3275 vero
2289 3218 2560 3275 cautionis
2613 3235 2679 3275 ac
2722 3219 3054 3289 provisionis
3101 3218 3301 3290 gratia,
3338 3234 3405 3274 ne
3457 3228 3720 3274 noceant.

437 3311 790 3380 Demiurgum
843 3314 989 3368 inter
1035 3325 1090 3369 et
1137 3316 1584 3386 Cosmocratora,
1627 3324 1774 3392 quod
1823 3326 1916 3382 hic
1961 3342 2027 3385 ea

433 3419 557 3472 quae
584 3414 712 3459 sunt
759 3421 927 3476 super
948 3422 1071 3462 eum
1125 3409 1483 3479 intelligeret,
1544 3415 1688 3472 alter
1725 3417 2025 3488 ignoraret,

435 3497 579 3551 haud
609 3497 769 3552 facile
796 3501 1084 3570 quisquam
1106 3503 1328 3559 dixerit.
1344 3503 1492 3562 Hanc
1515 3509 1734 3577 quidem
1757 3512 2024 3569 rationem

434 3589 697 3656 afferunt,
742 3593 888 3661 quod
942 3593 1270 3665 Demiurgus
1327 3598 1583 3656 animalis
1630 3602 1724 3667 sit,
1776 3604 2026 3663 diabolus

432 3697 570 3738 vero
608 3684 881 3752 spiritalis
907 3686 1189 3754 nequitia;
1239 3691 1334 3744 sed
1367 3707 1483 3747 rem
1530 3693 1776 3764 implicat
1819 3696 2021 3766 potius,

430 3789 600 3844 quam
634 3775 894 3844 explicat.
915 3777 1019 3843 Qui
1046 3781 1192 3834 enim
1220 3796 1286 3837 ex
1313 3783 1538 3838 animali
1569 3785 1865 3859 Demiurgo
1895 3804 2025 3860 pro-

432 3869 554 3924 dire
589 3871 830 3938 potuerit
858 3869 1263 3940 Cosmocrator,
1287 3877 1402 3943 qui,
1441 3877 1487 3931 si
1523 3892 1628 3934 non
1659 3889 1876 3945 natura,
1907 3882 2021 3937 sal-

436 3968 551 4013 tem
609 3961 968 4032 intelligentia
1005 3966 1259 4033 superior
1288 3967 1362 4022 sit
1406 3985 1421 4022 :
1454 3977 1510 4023 et
1551 3971 1644 4040 qui
1685 3987 1753 4026 ex
1798 3973 2020 4029 tristitia

429 4049 626 4106 Matris
644 4054 949 4111 Acbamoth
978 4058 1141 4113 condi
1182 4061 1424 4128 potuerit
1456 4063 1723 4132 spiritalis
1752 4064 2017 4136 Angelus,

427 4161 499 4202 ex
541 4145 786 4215 ejusdem
821 4153 1186 4206 conversione
1231 4154 1489 4210 animalis
1534 4165 1769 4220 tantum,
1807 4175 1914 4214 non
1945 4161 2020 4215 vi-

429 4240 554 4306 deo,
593 4255 694 4296 nec
721 4243 1046 4313 quidquam,
1083 4260 1192 4315 quo
1223 4249 1424 4302 nodum
1462 4249 1606 4305 hunc
1649 4251 1886 4317 solvam,
1918 4252 2020 4306 mi-

427 4332 633 4387 nistrat
685 4332 967 4390 Plalonica
1027 4337 1400 4409 philosophia.
1445 4340 1579 4396 Illud
1635 4343 1902 4398 duntaxat
1947 4359 2016 4399 ex

425 4424 737 4497 Porphyrio
765 4427 817 4480 in
848 4427 1024 4498 Epist.
1057 4429 1128 4484 ad
1157 4431 1473 4488 Anebonem
1509 4434 1629 4488 erui
1665 4445 1872 4504 potest,
1914 4436 2019 4493 hoc

427 4520 709 4575 daemones
732 4522 952 4576 bonosa
978 4523 1138 4577 malis
1168 4525 1503 4598 discrepare,
1528 4531 1672 4599 quod
1710 4531 1784 4585 illi
1817 4534 2016 4589 anima:

426 4615 536 4668 sint
562 4615 782 4683 spiritui
825 4614 1119 4684 adjunctus,
1155 4618 1250 4672 sed
1297 4620 1551 4688 spiritum
1596 4625 2015 4698 ratione.supe-

427 4715 638 4774 rantes,
675 4722 984 4778 corpusque
1018 4710 1342 4765 harmonica
1389 4718 1744 4782 proportione
1791 4733 2016 4790 compo-

426 4798 590 4856 situm
620 4815 743 4853 cum
771 4801 1030 4867 habeant,
1067 4801 1124 4855 in
1158 4801 1424 4857 beneficia
1455 4816 1649 4860 natura
1678 4823 1776 4862 sua
1806 4810 2015 4878 procli-

426 4906 525 4947 ves
554 4892 695 4959 sint;
727 4892 780 4948 hi
817 4908 946 4949 vero
969 4895 1170 4949 animae
1200 4895 1311 4949 sint
1339 4897 1557 4965 spiritui
1599 4899 1884 4968 adjuncta),
1916 4906 2012 4960 sed

425 4986 476 5040 ei
515 4987 732 5041 ratione
768 4989 1050 5054 cedentes,
1077 5006 1390 5061 corpusque
1429 4991 1760 5050 inconcinne
1786 5010 2011 5068 compo-

424 5079 590 5132 situm
633 5088 689 5133 et
733 5079 876 5134 male
921 5080 1176 5137 affectum
1225 5085 1434 5150 sortiti,
1479 5084 1574 5141 ira:
1611 5095 1664 5141 et
1693 5089 2008 5157 Cupidinum

422 5171 629 5241 impetu
662 5173 935 5237 feruntur.
969 5176 1170 5243 quibus
1195 5183 1262 5233 ad
1292 5180 1432 5234 mala
1457 5181 2011 5239 omnibusinferenda

424 5260 638 5337 [XLIV]
671 5265 1025 5336 instigantur.
1057 5268 1261 5339 Nempe
1292 5273 1344 5326 id
1389 5275 1684 5330 discrimen
1718 5291 1839 5332 esse
1862 5277 2013 5334 vole-

423 5357 518 5413 bat
546 5359 676 5413 deos
710 5360 850 5414 inter
871 5371 924 5416 et
951 5360 1249 5426 daemones,
1279 5365 1395 5419 sive
1430 5366 1624 5432 bonos,
1657 5368 1778 5423 sive
1806 5369 2006 5438 malos,

422 5465 518 5505 seu
563 5451 706 5505 inter
762 5452 988 5523 angelos
1043 5455 1356 5522 superiores
1412 5466 1468 5512 et
1521 5459 1828 5527 inferiores,
1863 5463 2008 5531 quod

423 5542 586 5611 primi
622 5542 958 5612 impatibiles
1002 5555 1186 5600 essent
1215 5555 1269 5600 et
1293 5547 1678 5618 intelligentia:
1703 5567 1870 5621 purze,
1910 5554 2007 5610 alii-

419 5648 553 5689 vero
580 5637 780 5690 mentis
831 5638 1129 5707 participes
1163 5650 1216 5694 et
1262 5641 1548 5699 animales.
1590 5644 1709 5702 Jam
1754 5647 1901 5702 enim
1950 5647 2003 5702 in

420 5726 840 5786 Platonicorum
912 5732 1120 5787 scholis
1195 5734 1484 5792 obtinebat
1557 5752 1623 5794 ea
1702 5740 2001 5810 sententia,

489 5912 535 5944 "
570 5912 697 5969 Sect
751 5930 792 5986 ι,
831 5931 954 5988 cap.
996 5914 1060 5972 l5
1087 5926 1141 5974 et
1175 5917 1256 5973 l6.

2130 3315 2225 3371 Sic
2255 3313 2372 3372 fere
2407 3330 2521 3371 rem
2545 3313 2822 3384 explicant
2844 3310 3184 3368 Jamblichus
3213 3313 3260 3344 ⁷⁸
3285 3321 3338 3367 et
3367 3312 3483 3367 alii.
3515 3312 3564 3367 ls
3583 3327 3723 3367 vero

2129 3407 2260 3462 licet
2302 3422 2411 3463 non
2457 3416 2619 3476 neget
2661 3409 2934 3464 daemones
2974 3410 3237 3480 quosdam
3285 3422 3485 3466 natura
3541 3412 3727 3467 malos

2129 3516 2253 3558 esse
2282 3510 2338 3558 et
2383 3502 2686 3572 improbos,
2723 3505 2817 3573 qui
2864 3513 3048 3560 tamen
3079 3520 3109 3559 a
3149 3514 3349 3560 natura
3405 3505 3478 3559 ita
3510 3505 3729 3560 consti-

2129 3596 2232 3649 tuti
2267 3595 2382 3649 sint
2420 3594 2626 3650 diserte
2674 3596 2810 3650 satis
2859 3611 2968 3651 non
3021 3596 3309 3667 explicat;
3355 3605 3413 3651 at
3451 3595 3598 3666 quod
3648 3597 3730 3653 ad

2126 3685 2360 3742 alteram
2393 3686 2717 3756 quaestionis
2750 3698 2966 3758 partem
2993 3689 3212 3753 attinet,
3243 3690 3517 3742 tliBlllOlleS
3563 3687 3728 3742 scili-

2125 3790 2215 3835 cet
2252 3794 2446 3836 omnes
2504 3795 2806 3850 corporeos
2835 3796 2959 3838 esse
2999 3791 3054 3838 et
3087 3782 3374 3848 animales,
3409 3781 3609 3837 fatetur
3664 3783 3728 3838 id

2127 3871 2203 3926 ita
2231 3872 2510 3944 plerisque
2556 3873 3006 3945 philosophorum
3036 3875 3235 3942 videri,
3267 3877 3518 3946 hancque
3556 3889 3728 3930 com-

2124 3965 2435 4022 muniorem
2468 3980 2591 4022 esse
2609 3967 2962 4033 sententiam,
2989 3965 3090 4023 sibi
3119 3977 3304 4022 tamen
3335 3983 3440 4022 non
3467 3967 3722 4038 probari.

2126 4056 2195 4112 Et
2268 4073 2457 4114 revera
2516 4059 2815 4114 multorum
2888 4059 3342 4130 philosophorum
3395 4059 3722 4129 opinionem

2120 4151 2290 4208 fuisse
2315 4153 2476 4208 docet
2507 4153 2830 4209 Plutarchus
2855 4155 2908 4208 in
2937 4155 3076 4209 libro
3109 4152 3186 4206 De
3208 4153 3392 4220 placit.
3412 4151 3718 4221 pltilosOplr.

2131 4243 2308 4298 Litem
2342 4245 2604 4299 dirimere
2629 4245 2803 4300 nostri
2833 4261 2940 4299 non
2974 4254 3059 4300 est
3086 4245 3358 4310 instituti;
3397 4244 3495 4299 sed
3519 4242 3722 4296 obser-

2119 4351 2254 4391 vare
2277 4336 2539 4402 sufficiat,
2570 4338 2715 4406 quod
2747 4336 3034 4392 consilium
3067 4346 3316 4392 nostrum
3351 4335 3479 4402 fuit,
3513 4336 3579 4388 ab
3605 4335 3720 4393 hac

2121 4428 2573 4498 philosophorum
2606 4429 2863 4499 opinione
2905 4427 3416 4484 Valentinianorum
3459 4427 3722 4483 Demiur-

2121 4538 2247 4593 gum
2281 4521 2599 4586 animalem,
2631 4531 2683 4576 et
2713 4521 2854 4576 forte
2891 4521 3054 4575 etiam
3091 4529 3366 4577 catervam
3407 4519 3554 4575 illam
3591 4520 3717 4590 spi-

2123 4616 2300 4672 ritalis
2331 4616 2600 4685 nequitiae
2622 4614 2865 4671 fluxisse.

2198 4708 2285 4767 7l.
2339 4707 2450 4764 Nec
2477 4724 2611 4764 vero
2653 4709 2706 4762 in
2751 4723 2817 4764 eo
2847 4707 3022 4763 solum
3059 4706 3310 4762 hmretici
3343 4705 3466 4760 iStis
3504 4704 3716 4758 veteri«

2119 4807 2222 4860 bus
2257 4804 2604 4874 pltilOSOphis
2652 4804 3123 4865 asscntiebantur,
3172 4798 3316 4869 quod
3350 4798 3712 4868 Demiurgum

2118 4910 2299 4960 suum,
2334 4903 2672 4963 caeterosque
2697 4894 2986 4951 inferiores
3015 4892 3240 4962 angelos
3280 4889 3550 4945 animales
3583 4905 3714 4947 esse

2117 4986 2340 5051 vellent,
2370 4987 2464 5042 sed
2489 4994 2548 5041 et
2591 4987 2646 5041 in
2678 5001 2742 5042 eo
2787 4987 2933 5056 quod
2965 4986 3043 5040 illi
3079 4985 3265 5040 sedem
3295 4985 3348 5039 in
3383 4983 3710 5048 medietate,

2117 5095 2176 5139 ut
2206 5086 2594 5155 loquebantur,
2642 5087 3010 5154 assignarent.
3045 5085 3194 5138 ldem
3236 5086 3436 5154 quippe
3478 5085 3546 5137 de
3593 5087 3714 5137 da:-

2117 5182 2372 5235 monibus
2399 5180 2638 5236 sensisse
2686 5181 2996 5243 Platonem,
3043 5187 3195 5233 extra
3233 5193 3451 5234 omnem
3487 5177 3713 5231 dubita—

2118 5275 2284 5330 tionis
2341 5275 2516 5328 aleam
2565 5272 2826 5341 positum.
2874 5270 3043 5340 Cujus
3101 5270 3321 5340 quidem
3381 5269 3712 5324 assertionis

2119 5363 2260 5418 hanc
2289 5361 2450 5417 affert
2479 5362 2750 5416 rationem
2783 5361 2836 5415 in
2877 5361 3165 5425 Convivia;
3191 5359 3479 5430 quodcum
3510 5359 3583 5413 dii
3615 5375 3712 5413 sn-

2117 5459 2367 5528 periores
2398 5466 2454 5512 et
2486 5457 2736 5512 homines
2789 5467 2988 5512 natura
3037 5456 3276 5510 maxime
3332 5453 3556 5517 distent,
3593 5453 3709 5506 dte-

2114 5565 2308 5606 mones
2358 5549 2593 5620 int'erjici
2643 5551 2900 5618 debeant,
2947 5549 3040 5620 qui
3095 5548 3334 5604 medium
3379 5547 3560 5602 locum
3597 5547 3710 5600 im-

2112 5645 2320 5716 pleant,
2352 5653 2408 5700 et
2451 5645 2719 5702 distantes
2755 5643 3132 5713 conjungant;
3167 5643 3332 5713 idque
3380 5656 3488 5696 non
3518 5640 3704 5696 solum

2112 5747 2332 5808 natura,
2359 5737 2456 5796 sed
2492 5739 2738 5796 muneris
2784 5737 3068 5794 iunctione
3095 5734 3262 5792 etiam
3293 5741 3577 5806 praestent,
3612 5733 3706 5790 in-
