3954 6352
232 331 302 388 97
1141 333 1600 391 DISSERTATIO
1634 331 1674 400 1,
1714 331 1875 388 ART.
1916 332 1956 397 l,
1995 332 2081 387 DE
2121 331 2542 388 VALENTINO.
3441 333 3511 391 98

235 449 576 520 terpretando
607 459 668 506 et
700 450 1042 522 trajiciendo'
1074 453 1327 516 humana'
1353 455 1423 510 ad
1454 455 1610 518 deos,
1639 462 1696 509 et
1727 452 1814 508 di-
1845 458 1890 514 Α
1920 453 2143 507 circuitu
2189 454 2478 508 caelestium
2513 453 2860 518 mundorum,
2897 453 2953 506 in
2999 467 3160 523 quam
3198 453 3380 508 anima
3412 453 3511 509 Dei

229 544 346 595 vina
372 542 438 594 ad
466 542 760 610 homines;
797 545 1077 609 videlicet,
1101 547 1327 600 deorum
1351 547 1559 601 monita
1592 557 1646 603 et
1676 563 1812 617 prae-

229 645 375 704 cepta
403 635 468 688 ad
499 650 626 699 nos,
672 652 868 703 preces
903 651 961 692 et
1009 639 1279 693 sacriﬁcia
1327 648 1513 696 nostra
1563 641 1630 695 ad
1669 640 1813 696 illos.

229 726 303 781 Ex
348 741 456 797 quo
512 730 857 797 sequebatur
897 744 995 784 eos
1039 731 1425 786 vaticiniorum
1473 733 1718 787 omnium
1762 744 1816 786 et

227 818 647 888 prophetiarum
676 830 940 875 auctores
969 835 1113 886 esse,
1156 837 1291 891 quas
1319 838 1420 892 pro
1450 839 1551 879 suo
1583 825 1816 894 quisque

224 912 398 978 modo,
431 912 639 968 aﬂ'ectu
680 924 738 968 et
775 925 970 970 natura
1021 917 1350 987 inspirabat.
1392 917 1533 973 Huic
1566 918 1814 974 Platonis

228 1005 512 1061 sententia
567 1022 765 1063 omnes
819 1008 1135 1064 Academici
1186 1011 1544 1078 sequentibus
1595 1011 1815 1066 sazculis

226 1114 436 1168 semper
468 1114 790 1168 assensere,
825 1111 882 1156 ut
911 1103 1240 1158 Plutarchus
1288 1104 1342 1158 in
1372 1103 1466 1160 lib.
1499 1103 1576 1158 De
1606 1105 1812 1175 defectu

228 1208 389 1257 erac.,
415 1191 690 1262 Apuleius
730 1193 787 1247 in
833 1194 976 1248 libro
1020 1195 1095 1248 De
1139 1196 1235 1250 deo
1275 1195 1537 1260 Socratis,
1587 1195 1816 1250 Jambli—

226 1288 376 1352 chus,
409 1283 648 1341 Proclus
680 1296 734 1341 et
758 1287 874 1344 alii.
897 1287 989 1343 Sic
1013 1289 1221 1358 pariter
1248 1289 1489 1344 humana
1521 1305 1642 1344 cum
1676 1290 1815 1344 divi-

228 1379 310 1431 nis
339 1378 744 1433 consociabant
784 1378 1177 1435 Valentiniani.
1221 1380 1550 1436 Hominibus
1583 1397 1679 1451 per
1708 1381 1816 1437 De-

231 1470 495 1541 miurgum
557 1473 858 1527 animalem
915 1474 970 1528 in
1019 1474 1201 1529 medio
1253 1475 1631 1542 constitutum,
1665 1489 1816 1527 com-

232 1565 484 1618 mercium
517 1565 900 1621 intercedebat
935 1582 1057 1621 cum
1093 1576 1271 1622 matre
1301 1567 1611 1622 Achammh
1649 1568 1816 1636 spiri-

229 1657 335 1718 tali.
387 1673 560 1726 supra
613 1659 970 1728 Demiurgum
1011 1658 1315 1714 collocata..
1347 1660 1484 1726 Quia
1534 1675 1664 1716 vero
1720 1660 1814 1716 illa

223 1752 398 1806 media
438 1753 593 1807 inter
648 1752 1004 1824 Demiurgum
1055 1763 1112 1809 et
1168 1753 1418 1810 Pleroma
1466 1755 1809 1821 considebat,

220 1845 378 1912 hujus
411 1845 854 1916 interpositionis
895 1847 1060 1902 ﬁbula
1093 1846 1342 1904 Pleroma
1366 1863 1490 1904 cum
1519 1848 1813 1920 Demiurgo

217 1938 682 2006 conjungebatur.
724 1938 898 2009 Cujus
950 1942 1114 1996 etiam
1157 1941 1432 2011 dogmatis
1475 1942 1618 1998 idem
1664 1946 1813 2013 quod

217 2031 490 2087 Platonici
520 2035 935 2088 consectarium
966 2037 1118 2097 erat,
1145 2035 1468 2105 pr0pbetias
1502 2049 1694 2091 omnes
1727 2036 1814 2092 vel

219 2124 400 2191 Matri,
437 2125 528 2179 vel
561 2126 878 2196 Demiurgo,
904 2125 992 2182 vel
1029 2125 1307 2180 Salvatori
1351 2143 1448 2197 per
1482 2126 1692 2192 Jesum,
1722 2144 1814 2184 ac-

219 2230 403 2290 ceptas
436 2219 759 2274 referendas
779 2234 922 2273 esse.
955 2217 1092 2272 Nam
1123 2218 1401 2273 Christum
1443 2217 1650 2283 Jesum,
1675 2218 1811 2275 Novi

219 2311 568 2366 Testamenti
589 2310 846 2380 angelum
874 2319 929 2364 et
959 2309 1337 2374 mediatorem,
1372 2309 1463 2378 qui
1494 2309 1812 2379 illud,quod

215 2405 462 2474 peccatis
498 2403 878 2458 intermissum
909 2401 1107 2466 fuerat,
1140 2402 1286 2456 inter
1319 2402 1488 2455 Deum
1535 2411 1590 2456 et
1631 2403 1812 2456 hami»

217 2513 314 2551 nes
341 2495 745 2552 commercium
781 2495 1194 2548 instauraturus
1233 2492 1403 2557 venit,
1437 2491 1639 2561 triplici
1687 2492 1814 2548 sub-

213 2593 411 2647 stantia
439 2590 697 2644 indutum
727 2586 1057 2643 eﬂutiebant
1092 2586 1358 2650 haeretici,
1385 2585 1619 2656 spiritali
1650 2601 1680 2640 a
1720 2601 1814 2640 su-

215 2683 417 2752 periori
451 2681 772 2736 Pleromate
806 2679 1054 2743 devecta,
1094 2677 1316 2731 animali
1348 2693 1377 2731 a
1411 2678 1730 2746 Demiurgo,
1757 2687 1814 2734 et

212 2789 480 2843 corporea
522 2786 555 2825 a
604 2771 797 2826 mundi
835 2769 1127 2824 elementis
1170 2779 1392 2838 accepta
1443 2786 1456 2823 :
1495 2779 1552 2823 ut
1593 2771 1672 2825 sic
1707 2785 1813 2826 nec

214 2863 356 2918 Deus
391 2864 499 2933 (sic
524 2862 984 2932 blasphemabant
1017 2859 1135 2930 illi),
1174 2875 1274 2915 nec
1300 2875 1466 2928 purus
1490 2860 1675 2925 homo,
1716 2861 1812 2916 sed

217 2959 358 3012 inter
396 2967 702 3024 utrumque
753 2956 994 3020 medius,
1029 2964 1087 3010 et
1134 2970 1232 3012 ceu
1290 2952 1621 3025 Demiurgus
1646 2954 1812 3023 alter,

215 3050 317 3102 ima
354 3049 598 3104 summis
628 3056 1010 3103 connecteret.

1919 545 2242 609 speculatrix
2295 563 2348 599 se
2397 548 2605 611 inserit,
2648 547 2710 600 'H
2739 547 2798 600 δὲ
2829 546 3142 618 ὲνδιδομένη
3166 550 3230 602 ὲκ
3259 548 3356 619 τῆς
3403 548 3512 603 τῶν

1916 636 2182 709 οὐρανίων
2212 641 2533 712 περιφορᾶς,
2569 640 2648 702 εἰς
2694 638 2761 710 ἢν
2807 640 3128 710 ὲπεισέρπει
3164 639 3198 710 ἠ
3249 638 3510 709 Oeam-tati}

1916 727 2086 799 ψυχή.
2113 727 2306 781 Anima
2349 745 2469 795 qua:
2519 729 2668 782 nobis
2702 729 2912 782 advenit
2937 745 2970 782 a
3006 729 3244 794 mundis,
3278 730 3510 781 mundo-

1919 836 2038 873 rum
2075 837 2284 890 quoque
2312 821 2633 889 obtemperat
2676 822 2942 884 motibus;
2979 821 3075 874 illa
3119 837 3243 874 vero
3291 836 3411 888 qua:
3444 818 3512 872 ab

1915 911 2242 982 intelligibili
2266 913 2498 967 derivata
2523 913 2672 968 adest
2706 912 3143 981 intelligibiliter,
3170 911 3510 982 Cenesiurgi,

1917 1005 2328 1078 Γενεσιουργοῦ,
2358 1008 2966 1076 motionisupereminet.
2988 1007 3119 1061 Vult
3145 1006 3332 1076 igitur,
3363 1009 3513 1076 prio-

1916 1114 2033 1153 rem
2075 1100 2318 1154 auimam
2381 1101 2494 1154 fato
2541 1115 2648 1155 non
2701 1102 2936 1166 servire,
2970 1100 3125 1170 quia,
3175 1110 3232 1154 ut
3271 1101 3350 1153 ait
3384 1115 3511 1170 cap.

1917 1207 2059 1260 seq.,
2103 1191 2274 1246 habet
2319 1192 2372 1246 in
2415 1207 2472 1247 se
2523 1194 2854 1263 principium
2893 1194 3200 1263 proprium,
3241 1208 3349 1261 quo
3379 1208 3510 1263 pos-

1917 1286 1991 1341 sit
2035 1286 2103 1340 ad
2164 1286 2508 1356 intelligibile
2563 1287 2857 1341 restituere
2916 1288 3184 1356 seipsam,
3243 1297 3297 1340 et
3348 1303 3376 1339 a
3428 1301 3516 1340 re-

1916 1378 2022 1434 bus
2072 1377 2239 1432 factis
2292 1375 2567 1455 refugere,
2622 1386 2677 1432 et
2717 1393 2843 1431 cum
2889 1391 2955 1430 eo
3005 1377 3152 1445 quod
3191 1386 3297 1441 est,
3337 1376 3515 1445 quod-

1917 1485 2024 1542 que
2071 1470 2319 1526 divinum
2372 1478 2476 1536 est,
2528 1470 2805 1523 connecti.
2868 1469 3248 1524 Posteriorem
3315 1468 3511 1541 [XLV]

1917 1577 2046 1618 vero
2071 1564 2312 1617 animam
2365 1561 2477 1616 fato
2539 1562 2845 1631 subjaccre.
2916 1562 2993 1616 lta
3035 1561 3400 1626 Jamblicbus,
3459 1561 3512 1614 in

1915 1657 2072 1726 cujus
2132 1658 2320 1712 verbis
2380 1664 2438 1710 et
2495 1672 2658 1711 sensu
2733 1657 3022 1726 perspicue
3083 1656 3260 1711 elucet
3315 1655 3514 1725 duplex

1918 1751 2009 1807 illa
2031 1749 2540 1805 Valentinianorum
2568 1749 2770 1802 anima.
2800 1747 2876 1802 Ea
2909 1748 3078 1812 enim,
3101 1763 3265 1817 quam
3284 1763 3312 1800 a
3334 1749 3514 1817 primo

1845 1815 1892 1876 Β
1928 1841 2259 1915 intelligibili
2313 1856 2437 1897 esse
2488 1841 2644 1906 dicit,
2692 1841 2811 1910 ipsa
2865 1848 2949 1896 est
3001 1815 3163 1910 quam
3207 1815 3514 1909 spiritalem

1915 1941 2224 2013 jactabant,
2249 1938 2570 2008 esuperiori
2601 1935 2916 1991 Pleromate
2948 1951 3044 2005 per
3090 1933 3427 1989 Salvatorem
3456 1940 3514 1986 et

1918 2036 2038 2106 ejus
2066 2033 2288 2104 angelos
2317 2034 2628 2089 decidnam.
2656 2030 2732 2086 Ea
2761 2045 2912 2095 vero,
2934 2045 3099 2098 quam
3135 2027 3368 2082 inditam
3391 2039 3515 2080 esse

1919 2127 2115 2184 asserit
2144 2143 2214 2182 ex
2246 2127 2482 2181 circuitu
2515 2125 2822 2180 caelestium
2864 2122 3220 2186 mundorum,
3263 2121 3380 2189 ipsa
3426 2125 3515 2172 est

1905 2235 2081 2289 quam
2113 2234 2145 2274 a
2178 2219 2472 2287 Demiurgo
2506 2215 2753 2280 animali,
2784 2229 2948 2284 supra
2991 2214 3289 2284 septimum
3319 2212 3512 2265 orbem

1917 2311 2263 2376 considente,
2297 2307 2624 2364 insuﬁlatam
2669 2307 2942 2371 volebant,
2972 2315 3029 2361 et
3065 2307 3116 2360 in
3145 2319 3310 2374 quam
3352 2316 3516 2372 supe-

1917 2405 2037 2460 rior
2067 2404 2158 2459 illa
2189 2417 2310 2458 sese
2343 2401 2681 2458 insinuabat.
2717 2397 2830 2453 lloc
2858 2405 3068 2452 tantum
3108 2398 3251 2450 inter
3274 2410 3333 2450 se
3361 2394 3518 2450 diﬂ'e-

1919 2506 2065 2562 runt,
2090 2498 2234 2564 quod
2267 2493 2616 2549 Jamblichus
2640 2502 2763 2561 post
2789 2491 3071 2546 Platonem
3112 2500 3168 2544 et
3198 2506 3322 2544 cum
3351 2499 3516 2543 ca-te—

1918 2585 1996 2642 ris
2018 2583 2322 2640 Platonicis
2375 2581 2674 2637 afﬁrmaret
2713 2582 3054 2652 superiorem
3084 2581 3234 2635 illam
3275 2581 3513 2634 animam

1916 2678 2246 2749 corporibus
2270 2677 2469 2732 dudum
2502 2675 3000 2746 praeexsisteutem,
3038 2673 3154 2742 jam
3185 2675 3511 2746 perfectam,

1917 2780 1974 2826 et
2002 2771 2149 2825 velut
2196 2769 2438 2824 adultam
2476 2768 2669 2823 iisdem
2712 2767 2951 2822 infusam
3003 2768 3209 2833 fuisse;
3249 2767 3512 2836 _Va|cuti-

1917 2862 2066 2917 niani
2091 2877 2222 2917 vero
2245 2876 2364 2920 eam
2413 2861 2778 2931 opinarentur
2809 2859 2960 2914 velut
3005 2874 3194 2914 semen
3235 2860 3510 2928 quoddam

1916 2953 2168 3022 informe,
2199 2962 2248 3006 et
2290 2952 2403 3006 sine
2437 2951 2606 3020 specie
2650 2960 2698 3004 et
2748 2951 3114 3019 imperfectum
3147 2951 3345 3004 anima:
3393 2949 3516 3003 ani-

1917 3045 2050 3101 mali
2077 3043 2267 3109 inseri,
2295 3052 2355 3097 ut
2386 3042 2462 3098 ibi
2498 3042 2874 3112 perfectionem
2906 3051 2954 3096 et
2989 3041 3365 3110 formationem
3390 3057 3514 3110 per-

289 3140 375 3194 ἹΞ.
407 3141 521 3197 Sed
555 3141 626 3196 ad
660 3140 893 3194 alteram
927 3138 1112 3194 mundi
1158 3138 1571 3193 constitutionis
1597 3146 1808 3209 partem
1841 3161 1887 3224 ρ
1917 3139 2089 3210 cipiat
2114 3139 2182 3192 ⁵ο.
2218 3136 2538 3208 Quanquam
2566 3145 2750 3190 tamen
2787 3150 2893 3190 non
2931 3149 3108 3204 usque
3140 3136 3278 3190 adeo
3301 3135 3514 3191 dissen-

215 3236 423 3290 sensim
454 3234 712 3299 delabor,
765 3231 1004 3287 hominis
1047 3232 1310 3290 nimirum
1363 3231 1811 3299 fabricationem,

217 3344 374 3396 quam
434 3328 644 3381 mirum
685 3332 837 3380 esset
880 3323 926 3378 si
983 3323 1050 3377 ad
1094 3321 1374 3378 Platonica
1416 3323 1617 3393 placita
1646 3324 1812 3380 etiam

217 3436 324 3474 non
369 3421 698 3488 exegissent
743 3418 1056 3471 blaterones
1103 3415 1201 3470 illi.
1251 3415 1547 3486 Triplicem
1594 3418 1648 3471 in
1705 3431 1814 3471 uno

221 3512 439 3564 homine
481 3510 768 3564 hominem
815 3523 939 3562 esse
969 3508 1302 3574 statuebant,
1343 3507 1683 3563 materialem
1720 3523 1813 3563 seu

218 3606 513 3668 choicum;
579 3603 902 3674 psychicum
935 3615 1030 3654 seu
1077 3599 1398 3662 animalem.
1452 3615 1481 3653 a
1522 3599 1814 3670 Demiurgo

221 3698 596 3759 insumatutn;
627 3706 682 3749 et
715 3694 1041 3764 spiritalem,
1065 3701 1250 3748 ortum
1278 3692 1534 3747 videlicet
1576 3704 1607 3747 e
1650 3690 1816 3759 spiri-

220 3792 308 3844 tali
375 3790 622 3852 semine,
669 3788 813 3856 quod
866 3802 931 3840 ex
974 3785 1304 3855 Angelorum
1350 3784 1814 3854 contemplatione

221 3885 446 3953 protulit
485 3882 824 3944 Achantoth,
855 3895 1018 3949 quem
1055 3895 1151 3950 per
1186 3877 1563 3948 Demiurgum,
1589 3891 1687 3932 ceu
1719 3892 1816 3946 per

218 3977 501 4041 canalem,
560 3989 628 4028 eo
675 3984 854 4026 tamen
904 3972 1100 4036 inscio,
1131 3987 1238 4026 una
1273 3987 1399 4026 cum
1429 3971 1547 4040 ejus
1576 3969 1816 4024 insuma-

221 4069 365 4122 tione
394 4068 668 4136 inspersit
697 4068 945 4120 omnium
977 4073 1177 4121 mater.
1203 4064 1272 4120 Et
1289 4064 1514 4134 quidem
1543 4064 1684 4133 quod
1716 4066 1815 4120 ho-

220 4164 422 4216 minem
479 4161 740 4215 choicum
795 4175 861 4214 ex
921 4160 1048 4214 limo
1103 4158 1369 4228 primum,
1400 4165 1514 4212 tum
1547 4171 1614 4212 ex
1645 4170 1815 4213 carne

218 4265 574 4324 compactum
629 4261 988 4319 assererent,
1047 4251 1183 4307 nihil
1213 4249 1539 4305 inusitatum
1605 4256 1814 4312 sonat,

219 4347 651 4413 communisque
708 4345 1163 4414 pltilosOphorum
1221 4342 1470 4398 omnium
1542 4341 1815 4397 sententia

222 4439 336 4494 fuit.
390 4439 590 4493 Limus
632 4439 805 4506 prima
837 4437 986 4491 velut
1017 4438 1268 4508 corporis
1314 4435 1539 4492 humani
1584 4434 1810 4489 materia

1920 3235 2084 3297 tiunt,
2106 3242 2166 3286 ut
2196 3230 2490 3287 concordia
2523 3228 2882 3298 redintegrari
2931 3243 3039 3282 non
3072 3229 3268 3297 possit.
3303 3229 3511 3294 Quam-

1921 3327 2004 3380 vis
2031 3326 2177 3380 enim
2203 3324 2414 3378 animas
2445 3321 2558 3393 jam
2587 3321 2804 3376 adultas
2841 3325 2894 3374 in
2938 3335 3172 3389 corpora
3194 3320 3359 3390 dejici
3393 3320 3511 3375 vel-

1918 3418 2033 3472 lent
2091 3415 2399 3482 Platonici,
2466 3415 2618 3483 prius
2684 3425 2866 3469 tamen
2944 3411 3242 3469 oblivionis
3312 3413 3511 3483 poculo

1917 3518 2149 3579 epotataa
2173 3523 2467 3578 corporum
2513 3508 2652 3563 mole
2683 3508 2764 3562 sic
2785 3507 3187 3570 obruebantur,
3222 3515 3282 3560 ut
3307 3507 3374 3562 iis
3397 3521 3514 3560 am-

1919 3601 2150 3671 bagibus
2206 3616 2313 3656 non
2359 3599 2462 3654 nisi
2502 3599 2766 3670 paulatim
2801 3598 3052 3654 excussis
3099 3598 3298 3652 iterum
3330 3596 3515 3652 adole.

1918 3704 2158 3757 soerent,
2185 3693 2654 3764 pristinarumque
2671 3691 3063 3762 cogitationum
3091 3691 3320 3762 vestigia
3351 3693 3515 3748 ratio-

1918 3787 2005 3842 nis
2032 3801 2134 3856 ope
2177 3785 2446 3856 gradatim
2490 3786 2842 3841 refricarent.
2884 3783 3256 3851 Quamobrem
3307 3794 3364 3839 et
3409 3786 3513 3854 ipsi

1918 3881 2061 3936 hanc
2086 3882 2324 3935 animam
2352 3881 2591 3950 primum
2626 3880 2940 3945 informem,
2963 3893 3222 3935 successu
3249 3880 3516 3951 temporis

1917 3974 2218 4045 perfectam
2253 3973 2485 4030 evadere
2523 3972 2951 4029 contendebant.
3000 3972 3117 4027 Hoc
3158 3973 3323 4026 etiam
3368 3974 3513 4027 inter

1918 4077 2182 4136 utrosque
2210 4067 2590 4131 conveniebat,
2622 4065 2766 4136 quod
2805 4064 3042 4118 animam
3079 4063 3384 4126 animalem
3417 4065 3514 4120 fati

1919 4159 2155 4214 vinculis
2187 4159 2470 4229 illigatum,
2496 4158 2802 4230 spiritalem
2841 4158 2927 4213 his
2971 4158 3200 4212 liberam
3225 4173 3350 4214 esse
3383 4174 3512 4213 sen-

1921 4255 2089 4309 tirent
2135 4254 2331 4324 ;quod
2386 4254 2513 4309 aliis
2556 4254 2834 4319 terminis,
2886 4253 3077 4308 eodem
3123 4262 3273 4308 certe
3319 4267 3512 4317 sensu,

1919 4347 2296 4416 exprimentes
2336 4345 2729 4413 Valentiniani,
2778 4345 3060 4410 dicebant,
3103 4344 3311 4398 animas
3349 4360 3517 4416 quas-

1918 4443 2043 4495 dam
2093 4453 2285 4495 natura
2334 4442 2518 4506 bonas,
2564 4442 2826 4511 quasdam
2867 4450 3045 4494 autem
3092 4449 3283 4492 natura
3312 4437 3511 4496 malas.

219 4541 320 4598 est,
349 4547 528 4601 quam
561 4530 708 4584 Dens
751 4529 824 4582 ita
855 4529 1222 4584 coniormavit
1254 4539 1310 4582 ut
1339 4543 1471 4584 caro
1503 4527 1684 4593 ﬁeret,
1723 4528 1809 4582 cui
1842 4516 1888 4572 Ῑ)
1917 4529 1986 4584 Et
2009 4530 2172 4582 bonas
2199 4529 2411 4598 quidem
2430 4536 2524 4581 has
2549 4543 2682 4591 esse,
2708 4543 2827 4591 qua:
2857 4542 3077 4595 capaces
3097 4525 3312 4579 seminis
3339 4526 3513 4596 ﬁunt;

223 4629 388 4680 vitam
415 4623 652 4680 infudit.
683 4622 774 4677 Sic
800 4620 1018 4693 Moyses
1041 4621 1178 4678 Gen.
1215 4637 1274 4687 tt,
1307 4621 1362 4687 7,
1395 4619 1635 4675 hominis
1663 4634 1819 4674 crea-

226 4721 428 4773 tionem
461 4715 761 4778 describit,
803 4715 1055 4783 hancque
1086 4713 1534 4782 descriptionem,
1561 4712 1818 4767 intertex-

228 4812 292 4865 tis
318 4826 414 4880 pro
447 4824 607 4865 more
635 4807 867 4873 fabulis,
890 4806 1093 4862 imitari
1122 4808 1475 4863 studuerunt.
1527 4807 1683 4873 Quod
1716 4821 1817 4860 au-

225 4915 329 4956 tem
354 4905 604 4958 animam
635 4902 902 4971 (ingerent
938 4901 990 4955 in
1019 4900 1334 4955 duasveluti
1370 4907 1552 4970 partes
1587 4912 1815 4968 sectam,

226 4997 378 5065 cujus
405 4996 588 5050 altera
630 4993 890 5049 animalis
911 4993 1072 5062 {esset
1109 5003 1166 5048 et
1201 4992 1454 5058 inferior,
1489 4993 1662 5049 altera
1709 4994 1820 5063 spi-

228 5089 396 5143 ritalis
439 5097 502 5144 et
557 5087 720 5156 longe
766 5087 984 5156 dignior
1016 5095 1127 5140 tum
1161 5085 1402 5156 origine,
1451 5095 1562 5139 tum
1599 5095 1815 5151 natura,

227 5193 339 5250 post
385 5182 709 5235 Platonicos
768 5179 1040 5234 fecerunt.
1098 5177 1310 5241 llomo,
1362 5177 1538 5246 inquit
1600 5177 1820 5233 Jambli-

224 5277 356 5329 chus
383 5277 599 5340 ",duas
625 5275 777 5326 habet
803 5273 1033 5336 animas,
1061 5275 1207 5340 quod
1233 5274 1346 5341 ipsa
1380 5271 1634 5325 Mercurii
1662 5286 1815 5324 sacra

226 5373 412 5437 scripta
438 5370 753 5422 ostendunt.
791 5364 911 5420 Una
955 5376 1032 5419 est
1067 5383 1098 5419 a
1123 5366 1296 5434 primo
1323 5363 1665 5433 intelligibili,
1697 5380 1817 5430 qua:

223 5462 374 5514 etiam
407 5463 473 5515 de
508 5461 746 5530 potentia
770 5458 980 5526 Opiﬁcis
995 5456 1305 5526 participat.
1332 5454 1440 5508 Καὶ
1471 5456 1503 5524 ή
1543 5455 1640 5526 μέν
1663 5457 1810 5508 ἐστιν

224 5555 322 5606 ἀπὸ
346 5555 440 5607 τοῦ
471 5552 694 5625 πρώτθυ
716 5550 935 5621 νοητοῦ,
981 5550 1282 5620 μετέχουσα
1317 5551 1411 5603 καὶ
1456 5551 1554 5621 τῆς
1591 5549 1685 5603 τοῦ
1717 5550 1812 5620 δη-

229 5647 479 5720 μιωργοῦ
504 5647 815 5717 δυνάμεως.
876 5646 1057 5697 Altera
1119 5660 1238 5697 vero
1286 5643 1443 5698 nobis
1488 5645 1694 5697 inditur
1744 5659 1809 5696 ea:

294 5838 335 5868 ⁷³
363 5839 508 5894 Sect.
536 5853 662 5903 vm,
690 5852 740 5891 c.
776 5835 832 5891 6.
912 5834 956 5864 ⁸ο
986 5833 1154 5899 lre:t.,
1190 5833 1279 5888 lib.
1324 5850 1384 5899 ll,
1419 5847 1538 5900 cap.
1575 5831 1660 5897 19,
1695 5849 1745 5886 u.
1782 5831 1832 5884 1.

1919 4622 2056 4675 alias
2112 4637 2230 4675 vero
2281 4629 2473 4674 natura
2519 4636 2776 4689 nequam,
2822 4634 3096 4690 nunquam
3139 4634 3327 4686 capere
3375 4618 3514 4671 illud

1917 4730 2092 4768 semen
2115 4714 2180 4778 δι,
2213 4713 2412 4783 quibus
2451 4713 2682 4782 proinde
2713 4712 2892 4766 aditus
2921 4710 3102 4766 omnis
3136 4711 3190 4765 in
3231 4709 3511 4776 Pleroma,

1919 4807 2050 4862 solis
2076 4805 2432 4876 :spiritalibus
2474 4805 2815 4875 excipiendis
2855 4804 3210 4868 destinatum,
3251 4803 3514 4858 interclu-

1919 4899 2142 4954 deretur
2182 4912 2411 4954 necesse
2459 4905 2600 4953 erat.
2663 4895 2756 4953 Sic
2802 4895 3216 4951 Christianismi
3269 4897 3512 4966 speciem

1917 4987 2318 5044 Platonicorum
2353 4985 3036 5043 commentisinducehant
3063 4986 3382 5056 nequissimi
3413 4986 3513 5040 ho-

1917 5084 2118 5138 mines.
2162 5081 2371 5153 Nempe
2399 5081 2632 5151 quodin
2675 5080 3046 5150 apostolorum
3090 5080 3311 5149 scriptis
3358 5079 3510 5149 lege-

1918 5185 2065 5242 rant,
2098 5173 2387 5229 animalem
2413 5173 2689 5227 hominem
2718 5187 2824 5226 non
2849 5171 3136 5241 percipere
3153 5185 3216 5226 ea
3243 5185 3366 5239 qua:
3383 5181 3512 5226 sunt

1919 5270 2160 5340 Spiritus
2191 5269 2286 5324 Dei
2314 5269 2394 5336 3';
2451 5268 2722 5337 quosdam
2765 5269 3017 5325 homines
3051 5269 3320 5324 animales
3365 5283 3508 5330 esse,

1920 5364 2187 5434 Spiritum
2239 5377 2349 5417 non
2399 5362 2696 5426 habentes;
2761 5362 3065 5433 spiritalem
3131 5363 3314 5416 omnia
3364 5361 3511 5429 judi-

1926 5472 2087 5521 care;
2131 5470 2294 5511 veros
2338 5453 2686 5511 Christianos
2731 5455 3001 5525 primitias
3057 5453 3302 5523 Spiritus
3355 5469 3513 5508 accc-

1925 5551 2090 5621 pisse,
2125 5558 2182 5604 et
2205 5547 2478 5620 spiritales
2505 5564 2644 5614 esse,
2675 5559 2812 5612 ete.,
2835 5547 3121 5602 Platonica
3159 5547 3350 5601 deliria
3406 5549 3513 5602 huc

1925 5643 2292 5700 transferendi
2380 5644 2600 5701 occasio
2688 5643 2810 5696 fuit.
2872 5641 3156 5695 Diversam
3219 5641 3511 5711 utriusque

1911 5831 1953 5862 ⁸¹
1987 5829 2087 5899 ld.,
2133 5829 2224 5885 lib.
2279 5846 2320 5896 ι,
2366 5846 2488 5897 cap.
2518 5829 2574 5894 7,
2634 5844 2688 5882 η.
2726 5826 2780 5882 4.
2878 5826 2922 5857 ⁸’
2961 5822 2980 5878 i
3013 5823 3140 5880 Cor.
3175 5836 3238 5888 ιι,
3273 5822 3361 5877 Η.
