  <div class='ocr_page' id='page_1' title='image "/cluster/home/n/w/nwhite01/storage/ocr_20150623/7/hvd.32044019206614/057.png"; bbox 0 0 3954 6352; ppageno 0'>
   <div class='ocr_carea' id='block_1_1' title="bbox 457 351 2036 418">
    <p class='ocr_par' dir='ltr' id='par_1_1' title="bbox 457 352 2036 418">
     <span class='ocr_line' id='line_1_1' title="bbox 457 352 2036 418; baseline -0.005 0"><span class='ocrx_word' id='word_1_1' title='bbox 457 360 529 418; x_wconf 79' lang='lat'><strong>99</strong></span> <span class='ocrx_word' id='word_1_2' title='bbox 1275 355 1782 415; x_wconf 76' lang='lat' dir='ltr'><strong>DISSERTATION</strong></span> <span class='ocrx_word' id='word_1_3' title='bbox 1789 355 1872 411; x_wconf 83' lang='lat' dir='ltr'><strong>ES</strong></span> <span class='ocrx_word' id='word_1_4' title='bbox 1908 352 2036 411; x_wconf 70' lang='lat' dir='ltr'><strong>PRA</strong></span> 
     </span>
    </p>
   </div>
   <div class='ocr_carea' id='block_1_2' title="bbox 2141 351 2899 418">
    <p class='ocr_par' dir='ltr' id='par_1_2' title="bbox 2141 351 2899 414">
     <span class='ocr_line' id='line_1_2' title="bbox 2141 351 2899 414; baseline 0.004 -4"><span class='ocrx_word' id='word_1_5' title='bbox 2141 351 2215 412; x_wconf 63' lang='lat' dir='ltr'><strong>TE</strong></span> <span class='ocrx_word' id='word_1_6' title='bbox 2252 357 2326 412; x_wconf 84' lang='grc' dir='ltr'>ΙΝ</span> <span class='ocrx_word' id='word_1_7' title='bbox 2360 354 2617 414; x_wconf 74' lang='grc' dir='ltr'><strong>ΙΒΕΝᾹΞῘ</strong></span> <span class='ocrx_word' id='word_1_8' title='bbox 2650 353 2899 413; x_wconf 80' lang='lat' dir='ltr'><strong>LIBROS</strong></span> 
     </span>
    </p>
   </div>
   <div class='ocr_carea' id='block_1_3' title="bbox 3628 356 3733 415">
    <p class='ocr_par' dir='ltr' id='par_1_3' title="bbox 3628 356 3733 415">
     <span class='ocr_line' id='line_1_3' title="bbox 3628 356 3733 415; baseline 0.038 -4"><span class='ocrx_word' id='word_1_9' title='bbox 3628 356 3733 415; x_wconf 72' lang='lat'><strong>100</strong></span> 
     </span>
    </p>
   </div>
   <div class='ocr_carea' id='block_1_4' title="bbox 436 470 3739 546">
    <p class='ocr_par' dir='ltr' id='par_1_4' title="bbox 436 470 3739 546">
     <span class='ocr_line' id='line_1_4' title="bbox 436 470 3739 546; baseline -0.002 -12"><span class='ocrx_word' id='word_1_10' title='bbox 436 479 654 535; x_wconf 78' lang='lat' dir='ltr'><strong>-anlma:</strong></span> <span class='ocrx_word' id='word_1_11' title='bbox 685 484 889 535; x_wconf 77' lang='lat' dir='ltr'><strong>sortem</strong></span> <span class='ocrx_word' id='word_1_12' title='bbox 914 492 1020 533; x_wconf 93' lang='lat' dir='ltr'><strong>non</strong></span> <span class='ocrx_word' id='word_1_13' title='bbox 1056 491 1244 533; x_wconf 90' lang='lat' dir='ltr'><strong>moror</strong></span> <span class='ocrx_word' id='word_1_14' title='bbox 1271 494 1286 532; x_wconf 93' lang='lat'><strong>:</strong></span> <span class='ocrx_word' id='word_1_15' title='bbox 1320 488 1514 546; x_wconf 97' lang='lat' dir='ltr'><strong>sponte</strong></span> <span class='ocrx_word' id='word_1_16' title='bbox 1558 476 1679 532; x_wconf 84' lang='lat' dir='ltr'><strong>ﬂuit</strong></span> <span class='ocrx_word' id='word_1_17' title='bbox 1718 490 1783 531; x_wconf 86' lang='lat' dir='ltr'><strong>ex</strong></span> <span class='ocrx_word' id='word_1_18' title='bbox 1829 474 2045 529; x_wconf 90' lang='lat' dir='ltr'><strong>diversa</strong></span> <span class='ocrx_word' id='word_1_19' title='bbox 2075 479 2123 535; x_wconf 80' lang='grc' dir='ltr'><strong>Α</strong></span> <span class='ocrx_word' id='word_1_20' title='bbox 2148 476 2435 540; x_wconf 76' lang='lat' dir='ltr'><strong>eximeret,</strong></span> <span class='ocrx_word' id='word_1_21' title='bbox 2464 484 2649 545; x_wconf 90' lang='lat' dir='ltr'><strong>utpote</strong></span> <span class='ocrx_word' id='word_1_22' title='bbox 2685 473 2781 543; x_wconf 92' lang='lat' dir='ltr'><strong>qui</strong></span> <span class='ocrx_word' id='word_1_23' title='bbox 2809 486 2911 528; x_wconf 90' lang='lat' dir='ltr'><strong>nec</strong></span> <span class='ocrx_word' id='word_1_24' title='bbox 2940 483 3071 526; x_wconf 91' lang='lat' dir='ltr'><strong>vere</strong></span> <span class='ocrx_word' id='word_1_25' title='bbox 3104 470 3249 527; x_wconf 90' lang='lat' dir='ltr'><strong>Deus</strong></span> <span class='ocrx_word' id='word_1_26' title='bbox 3286 478 3455 537; x_wconf 87' lang='lat' dir='ltr'><strong>esset,</strong></span> <span class='ocrx_word' id='word_1_27' title='bbox 3497 471 3592 525; x_wconf 89' lang='lat' dir='ltr'><strong>sed</strong></span> <span class='ocrx_word' id='word_1_28' title='bbox 3616 487 3739 527; x_wconf 87' lang='lat' dir='ltr'><strong>me-</strong></span> 
     </span>
    </p>
   </div>
   <div class='ocr_carea' id='block_1_5' title="bbox 456 568 2040 643">
    <p class='ocr_par' dir='ltr' id='par_1_5' title="bbox 456 568 2040 643">
     <span class='ocr_line' id='line_1_5' title="bbox 456 568 2040 643; baseline -0.006 -14"><span class='ocrx_word' id='word_1_29' title='bbox 456 574 747 643; x_wconf 87' lang='lat' dir='ltr'><strong>utriusque</strong></span> <span class='ocrx_word' id='word_1_30' title='bbox 787 571 1102 628; x_wconf 90' lang='lat' dir='ltr'><strong>conditione</strong></span> <span class='ocrx_word' id='word_1_31' title='bbox 1136 578 1193 625; x_wconf 92' lang='lat' dir='ltr'><strong>et</strong></span> <span class='ocrx_word' id='word_1_32' title='bbox 1239 570 1473 640; x_wconf 89' lang='lat' dir='ltr'><strong>origine.</strong></span> <span class='ocrx_word' id='word_1_33' title='bbox 1520 568 1870 638; x_wconf 80' lang='lat' dir='ltr'><strong>Unaquaeque</strong></span> <span class='ocrx_word' id='word_1_34' title='bbox 1894 568 2040 622; x_wconf 90' lang='lat' dir='ltr'><strong>enim</strong></span> 
     </span>
    </p>
   </div>
   <div class='ocr_carea' id='block_1_6' title="bbox 454 658 2043 735">
    <p class='ocr_par' dir='ltr' id='par_1_6' title="bbox 454 658 2043 735">
     <span class='ocr_line' id='line_1_6' title="bbox 454 658 2043 735; baseline -0.004 -16"><span class='ocrx_word' id='word_1_35' title='bbox 454 666 784 735; x_wconf 84' lang='lat' dir='ltr'><strong>principium</strong></span> <span class='ocrx_word' id='word_1_36' title='bbox 818 664 989 733; x_wconf 70' lang='lat' dir='ltr'><strong>{suum</strong></span> <span class='ocrx_word' id='word_1_37' title='bbox 1036 660 1233 725; x_wconf 86' lang='lat' dir='ltr'><strong>ambit,</strong></span> <span class='ocrx_word' id='word_1_38' title='bbox 1279 668 1335 715; x_wconf 90' lang='lat' dir='ltr'><strong>et</strong></span> <span class='ocrx_word' id='word_1_39' title='bbox 1380 660 1447 715; x_wconf 91' lang='lat' dir='ltr'><strong>ad</strong></span> <span class='ocrx_word' id='word_1_40' title='bbox 1491 659 1623 714; x_wconf 91' lang='lat' dir='ltr'><strong>illud</strong></span> <span class='ocrx_word' id='word_1_41' title='bbox 1665 658 1885 713; x_wconf 84' lang='lat' dir='ltr'><strong>anhelat</strong></span> <span class='ocrx_word' id='word_1_42' title='bbox 1931 678 1944 713; x_wconf 91' lang='lat'><strong>:</strong></span> <span class='ocrx_word' id='word_1_43' title='bbox 1980 672 2043 712; x_wconf 92' lang='lat' dir='ltr'><strong>ac</strong></span> 
     </span>
    </p>
   </div>
   <div class='ocr_carea' id='block_1_7' title="bbox 455 749 2042 827">
    <p class='ocr_par' dir='ltr' id='par_1_7' title="bbox 455 749 2042 827">
     <span class='ocr_line' id='line_1_7' title="bbox 455 749 2042 827; baseline -0.005 -16"><span class='ocrx_word' id='word_1_44' title='bbox 455 756 689 827; x_wconf 83' lang='lat' dir='ltr'><strong>proinde</strong></span> <span class='ocrx_word' id='word_1_45' title='bbox 722 770 846 811; x_wconf 90' lang='lat' dir='ltr'><strong>cum</strong></span> <span class='ocrx_word' id='word_1_46' title='bbox 874 753 1048 809; x_wconf 89' lang='lat' dir='ltr'><strong>altera</strong></span> <span class='ocrx_word' id='word_1_47' title='bbox 1073 768 1103 807; x_wconf 90' lang='lat' dir='ltr'><strong>e</strong></span> <span class='ocrx_word' id='word_1_48' title='bbox 1129 752 1455 818; x_wconf 89' lang='lat' dir='ltr'><strong>Pleromate,</strong></span> <span class='ocrx_word' id='word_1_49' title='bbox 1495 750 1667 804; x_wconf 89' lang='lat' dir='ltr'><strong>altera</strong></span> <span class='ocrx_word' id='word_1_50' title='bbox 1697 763 1729 804; x_wconf 92' lang='lat' dir='ltr'><strong>e</strong></span> <span class='ocrx_word' id='word_1_51' title='bbox 1760 749 2042 803; x_wconf 81' lang='lat' dir='ltr'><strong>Medielnte</strong></span> 
     </span>
    </p>
   </div>
   <div class='ocr_carea' id='block_1_8' title="bbox 453 842 2041 916">
    <p class='ocr_par' dir='ltr' id='par_1_8' title="bbox 453 842 2041 916">
     <span class='ocr_line' id='line_1_8' title="bbox 453 842 2041 916; baseline -0.004 -13"><span class='ocrx_word' id='word_1_52' title='bbox 453 848 767 916; x_wconf 82' lang='lat' dir='ltr'><strong>deﬂuxerit,</strong></span> <span class='ocrx_word' id='word_1_53' title='bbox 800 848 990 903; x_wconf 85' lang='lat' dir='ltr'><strong>una&#39;in</strong></span> <span class='ocrx_word' id='word_1_54' title='bbox 1022 845 1279 901; x_wconf 90' lang='lat' dir='ltr'><strong>Pleroma</strong></span> <span class='ocrx_word' id='word_1_55' title='bbox 1320 860 1445 900; x_wconf 91' lang='lat' dir='ltr'><strong>cum</strong></span> <span class='ocrx_word' id='word_1_56' title='bbox 1469 843 1692 913; x_wconf 76' lang='lat' dir='ltr'><strong>Angelis</strong></span> <span class='ocrx_word' id='word_1_57' title='bbox 1722 842 2041 906; x_wconf 73' lang='lat' dir='ltr'><strong>Saluatoris,</strong></span> 
     </span>
    </p>
   </div>
   <div class='ocr_carea' id='block_1_9' title="bbox 455 936 2039 1007">
    <p class='ocr_par' dir='ltr' id='par_1_9' title="bbox 455 936 2039 1007">
     <span class='ocr_line' id='line_1_9' title="bbox 455 936 2039 1007; baseline -0.004 -10"><span class='ocrx_word' id='word_1_58' title='bbox 455 944 627 998; x_wconf 91' lang='lat' dir='ltr'><strong>altera</strong></span> <span class='ocrx_word' id='word_1_59' title='bbox 667 944 720 997; x_wconf 93' lang='lat' dir='ltr'><strong>in</strong></span> <span class='ocrx_word' id='word_1_60' title='bbox 763 941 1105 997; x_wconf 76' lang='lat' dir='ltr'><strong>Medietatem</strong></span> <span class='ocrx_word' id='word_1_61' title='bbox 1153 953 1277 993; x_wconf 92' lang='lat' dir='ltr'><strong>cum</strong></span> <span class='ocrx_word' id='word_1_62' title='bbox 1324 937 1620 1007; x_wconf 90' lang='lat' dir='ltr'><strong>Demiurgo</strong></span> <span class='ocrx_word' id='word_1_63' title='bbox 1678 936 2039 1005; x_wconf 85' lang='lat' dir='ltr'><strong>recolligenda</strong></span> 
     </span>
    </p>
   </div>
   <div class='ocr_carea' id='block_1_10' title="bbox 454 1028 2040 1096">
    <p class='ocr_par' dir='ltr' id='par_1_10' title="bbox 454 1028 2040 1096">
     <span class='ocr_line' id='line_1_10' title="bbox 454 1028 2040 1096; baseline -0.004 -6"><span class='ocrx_word' id='word_1_64' title='bbox 454 1042 707 1091; x_wconf 84' lang='lat' dir='ltr'><strong>recurrat</strong></span> <span class='ocrx_word' id='word_1_65' title='bbox 763 1047 989 1089; x_wconf 89' lang='lat' dir='ltr'><strong>necesse</strong></span> <span class='ocrx_word' id='word_1_66' title='bbox 1031 1041 1136 1088; x_wconf 89' lang='lat' dir='ltr'><strong>est.</strong></span> <span class='ocrx_word' id='word_1_67' title='bbox 1184 1031 1296 1087; x_wconf 90' lang='lat' dir='ltr'><strong>Nec</strong></span> <span class='ocrx_word' id='word_1_68' title='bbox 1343 1030 1460 1085; x_wconf 65' lang='lat' dir='ltr'><strong>haec</strong></span> <span class='ocrx_word' id='word_1_69' title='bbox 1502 1028 1797 1084; x_wconf 88' lang='lat' dir='ltr'><strong>Platonicis</strong></span> <span class='ocrx_word' id='word_1_70' title='bbox 1836 1028 2040 1096; x_wconf 88' lang='lat' dir='ltr'><strong>ignota.</strong></span> 
     </span>
    </p>
   </div>
   <div class='ocr_carea' id='block_1_11' title="bbox 452 1118 2044 1193">
    <p class='ocr_par' dir='ltr' id='par_1_11' title="bbox 452 1118 2044 1193">
     <span class='ocr_line' id='line_1_11' title="bbox 452 1118 2044 1193; baseline -0.004 -12"><span class='ocrx_word' id='word_1_71' title='bbox 452 1124 591 1181; x_wconf 78' lang='lat' dir='ltr'><strong>Nam</strong></span> <span class='ocrx_word' id='word_1_72' title='bbox 651 1123 1015 1188; x_wconf 83' lang='lat' dir='ltr'><strong>Jamblichus,</strong></span> <span class='ocrx_word' id='word_1_73' title='bbox 1063 1132 1202 1179; x_wconf 92' lang='lat' dir='ltr'><strong>sect.</strong></span> <span class='ocrx_word' id='word_1_74' title='bbox 1246 1139 1288 1187; x_wconf 83' lang='grc' dir='ltr'><strong>ι,</strong></span> <span class='ocrx_word' id='word_1_75' title='bbox 1343 1138 1465 1193; x_wconf 85' lang='lat' dir='ltr'><strong>cap.</strong></span> <span class='ocrx_word' id='word_1_76' title='bbox 1511 1121 1567 1187; x_wconf 74' lang='lat'><strong>2,</strong></span> <span class='ocrx_word' id='word_1_77' title='bbox 1614 1128 1789 1188; x_wconf 85' lang='lat' dir='ltr'><strong>putat,</strong></span> <span class='ocrx_word' id='word_1_78' title='bbox 1833 1118 2044 1175; x_wconf 90' lang='lat' dir='ltr'><strong>animas</strong></span> 
     </span>
    </p>
   </div>
   <div class='ocr_carea' id='block_1_12' title="bbox 453 1210 2045 1289">
    <p class='ocr_par' dir='ltr' id='par_1_12' title="bbox 453 1210 2045 1289">
     <span class='ocr_line' id='line_1_12' title="bbox 453 1210 2045 1289; baseline -0.004 -17"><span class='ocrx_word' id='word_1_79' title='bbox 453 1218 724 1289; x_wconf 87' lang='lat' dir='ltr'><strong>quasdam</strong></span> <span class='ocrx_word' id='word_1_80' title='bbox 759 1233 857 1287; x_wconf 89' lang='lat' dir='ltr'><strong>per</strong></span> <span class='ocrx_word' id='word_1_81' title='bbox 886 1218 1113 1272; x_wconf 89' lang='lat' dir='ltr'><strong>deorum</strong></span> <span class='ocrx_word' id='word_1_82' title='bbox 1156 1216 1582 1285; x_wconf 78' lang='lat' dir='ltr'><strong>benignitatem,</strong></span> <span class='ocrx_word' id='word_1_83' title='bbox 1622 1222 1679 1269; x_wconf 90' lang='lat' dir='ltr'><strong>et</strong></span> <span class='ocrx_word' id='word_1_84' title='bbox 1711 1210 1947 1267; x_wconf 80' lang='lat' dir='ltr'><strong>infusam</strong></span> <span class='ocrx_word' id='word_1_85' title='bbox 1975 1211 2045 1266; x_wconf 88' lang='lat' dir='ltr'><strong>ab</strong></span> 
     </span>
    </p>
   </div>
   <div class='ocr_carea' id='block_1_13' title="bbox 454 1302 2043 1375">
    <p class='ocr_par' dir='ltr' id='par_1_13' title="bbox 454 1302 2043 1375">
     <span class='ocr_line' id='line_1_13' title="bbox 454 1302 2043 1375; baseline -0.006 -11"><span class='ocrx_word' id='word_1_86' title='bbox 454 1309 1069 1372; x_wconf 88' lang='lat' dir='ltr'><strong>illisilluminationem,</strong></span> <span class='ocrx_word' id='word_1_87' title='bbox 1124 1321 1269 1375; x_wconf 67' lang='lat' dir='ltr'><strong>smpe</strong></span> <span class='ocrx_word' id='word_1_88' title='bbox 1321 1305 1488 1361; x_wconf 88' lang='lat' dir='ltr'><strong>altius</strong></span> <span class='ocrx_word' id='word_1_89' title='bbox 1537 1303 1865 1367; x_wconf 85' lang='lat' dir='ltr'><strong>ascendere,</strong></span> <span class='ocrx_word' id='word_1_90' title='bbox 1905 1302 2043 1356; x_wconf 88' lang='lat' dir='ltr'><strong>etin</strong></span> 
     </span>
    </p>
   </div>
   <div class='ocr_carea' id='block_1_14' title="bbox 452 1393 2042 1469">
    <p class='ocr_par' dir='ltr' id='par_1_14' title="bbox 452 1393 2042 1469">
     <span class='ocr_line' id='line_1_14' title="bbox 452 1393 2042 1469; baseline -0.004 -14"><span class='ocrx_word' id='word_1_91' title='bbox 452 1399 700 1455; x_wconf 89' lang='lat' dir='ltr'><strong>ordinem</strong></span> <span class='ocrx_word' id='word_1_92' title='bbox 734 1401 1019 1468; x_wconf 75' lang='lat' dir='ltr'><strong>majorem,</strong></span> <span class='ocrx_word' id='word_1_93' title='bbox 1059 1397 1369 1469; x_wconf 90' lang='lat' dir='ltr'><strong>angelicum</strong></span> <span class='ocrx_word' id='word_1_94' title='bbox 1416 1395 1677 1452; x_wconf 81' lang='lat' dir='ltr'><strong>videlicet</strong></span> <span class='ocrx_word' id='word_1_95' title='bbox 1706 1394 1896 1449; x_wconf 85' lang='lat' dir='ltr'><strong>evehi.</strong></span> <span class='ocrx_word' id='word_1_96' title='bbox 1928 1393 2042 1449; x_wconf 87' lang='lat' dir='ltr'><strong>lloc</strong></span> 
     </span>
    </p>
   </div>
   <div class='ocr_carea' id='block_1_15' title="bbox 451 1486 2045 1560">
    <p class='ocr_par' dir='ltr' id='par_1_15' title="bbox 451 1486 2045 1560">
     <span class='ocr_line' id='line_1_15' title="bbox 451 1486 2045 1560; baseline -0.003 -17"><span class='ocrx_word' id='word_1_97' title='bbox 451 1491 666 1560; x_wconf 91' lang='lat' dir='ltr'><strong>quoties</strong></span> <span class='ocrx_word' id='word_1_98' title='bbox 688 1491 767 1556; x_wconf 81' lang='lat' dir='ltr'><strong>lit,</strong></span> <span class='ocrx_word' id='word_1_99' title='bbox 804 1491 1037 1557; x_wconf 67' lang='lat' dir='ltr'><strong>ait,tnon</strong></span> <span class='ocrx_word' id='word_1_100' title='bbox 1066 1488 1177 1557; x_wconf 88' lang='lat' dir='ltr'><strong>jam</strong></span> <span class='ocrx_word' id='word_1_101' title='bbox 1210 1488 1445 1557; x_wconf 90' lang='lat' dir='ltr'><strong>amplius</strong></span> <span class='ocrx_word' id='word_1_102' title='bbox 1472 1486 1670 1542; x_wconf 70' lang='lat' dir='ltr'><strong>animas</strong></span> <span class='ocrx_word' id='word_1_103' title='bbox 1696 1487 1895 1542; x_wconf 86' lang='lat' dir='ltr'><strong>tlnibus</strong></span> <span class='ocrx_word' id='word_1_104' title='bbox 1914 1500 2045 1542; x_wconf 88' lang='lat' dir='ltr'><strong>con-</strong></span> 
     </span>
    </p>
   </div>
   <div class='ocr_carea' id='block_1_16' title="bbox 452 1579 2042 1651">
    <p class='ocr_par' dir='ltr' id='par_1_16' title="bbox 452 1579 2042 1651">
     <span class='ocr_line' id='line_1_16' title="bbox 452 1579 2042 1651; baseline -0.001 -14"><span class='ocrx_word' id='word_1_105' title='bbox 452 1584 717 1648; x_wconf 89' lang='lat' dir='ltr'><strong>tinentur,</strong></span> <span class='ocrx_word' id='word_1_106' title='bbox 753 1582 845 1637; x_wconf 88' lang='lat' dir='ltr'><strong>sed</strong></span> <span class='ocrx_word' id='word_1_107' title='bbox 877 1590 1003 1637; x_wconf 68' lang='lat' dir='ltr'><strong>tota:</strong></span> <span class='ocrx_word' id='word_1_108' title='bbox 1040 1579 1304 1651; x_wconf 69' lang='lat' dir='ltr'><strong>angelicae</strong></span> <span class='ocrx_word' id='word_1_109' title='bbox 1340 1580 1535 1634; x_wconf 79' lang='lat' dir='ltr'><strong>anima:</strong></span> <span class='ocrx_word' id='word_1_110' title='bbox 1575 1580 1834 1645; x_wconf 91' lang='lat' dir='ltr'><strong>evadunt,</strong></span> <span class='ocrx_word' id='word_1_111' title='bbox 1884 1586 1941 1634; x_wconf 90' lang='lat' dir='ltr'><strong>et</strong></span> <span class='ocrx_word' id='word_1_112' title='bbox 1987 1580 2042 1635; x_wconf 91' lang='lat' dir='ltr'><strong>in</strong></span> 
     </span>
    </p>
   </div>
   <div class='ocr_carea' id='block_1_17' title="bbox 449 1671 2046 1745">
    <p class='ocr_par' dir='ltr' id='par_1_17' title="bbox 449 1671 2046 1745">
     <span class='ocr_line' id='line_1_17' title="bbox 449 1671 2046 1745; baseline 0.001 -18"><span class='ocrx_word' id='word_1_113' title='bbox 449 1674 807 1745; x_wconf 90' lang='lat' dir='ltr'><strong>purissimam</strong></span> <span class='ocrx_word' id='word_1_114' title='bbox 848 1673 1020 1727; x_wconf 89' lang='lat' dir='ltr'><strong>vitam</strong></span> <span class='ocrx_word' id='word_1_115' title='bbox 1045 1673 1290 1741; x_wconf 75' lang='lat' dir='ltr'><strong>perferte</strong></span> <span class='ocrx_word' id='word_1_116' title='bbox 1327 1674 1674 1739; x_wconf 86' lang='lat' dir='ltr'><strong>perveniunt.</strong></span> <span class='ocrx_word' id='word_1_117' title='bbox 1707 1671 1825 1726; x_wconf 88' lang='lat' dir='ltr'><strong>Non</strong></span> <span class='ocrx_word' id='word_1_118' title='bbox 1861 1687 2046 1728; x_wconf 89' lang='lat' dir='ltr'><strong>moror</strong></span> 
     </span>
    </p>
   </div>
   <div class='ocr_carea' id='block_1_18' title="bbox 449 1763 2042 1838">
    <p class='ocr_par' dir='ltr' id='par_1_18' title="bbox 449 1763 2042 1838">
     <span class='ocr_line' id='line_1_18' title="bbox 449 1763 2042 1838; baseline 0 -19"><span class='ocrx_word' id='word_1_119' title='bbox 449 1766 613 1819; x_wconf 90' lang='lat' dir='ltr'><strong>etiam</strong></span> <span class='ocrx_word' id='word_1_120' title='bbox 638 1764 799 1838; x_wconf 86' lang='lat' dir='ltr'><strong>hylici</strong></span> <span class='ocrx_word' id='word_1_121' title='bbox 824 1764 1082 1829; x_wconf 82' lang='lat' dir='ltr'><strong>hominis,</strong></span> <span class='ocrx_word' id='word_1_122' title='bbox 1104 1778 1201 1819; x_wconf 89' lang='lat' dir='ltr'><strong>seu</strong></span> <span class='ocrx_word' id='word_1_123' title='bbox 1224 1763 1517 1819; x_wconf 89' lang='lat' dir='ltr'><strong>materialis</strong></span> <span class='ocrx_word' id='word_1_124' title='bbox 1543 1764 1791 1833; x_wconf 74' lang='lat' dir='ltr'><strong>corporis</strong></span> <span class='ocrx_word' id='word_1_125' title='bbox 1813 1774 2042 1821; x_wconf 88' lang='lat' dir='ltr'><strong>sortem.</strong></span> 
     </span>
    </p>
   </div>
   <div class='ocr_carea' id='block_1_19' title="bbox 450 1856 2039 1926">
    <p class='ocr_par' dir='ltr' id='par_1_19' title="bbox 450 1856 2039 1926">
     <span class='ocr_line' id='line_1_19' title="bbox 450 1856 2039 1926; baseline 0.001 -15"><span class='ocrx_word' id='word_1_126' title='bbox 450 1859 511 1912; x_wconf 86' lang='lat' dir='ltr'><strong>In</strong></span> <span class='ocrx_word' id='word_1_127' title='bbox 547 1856 916 1926; x_wconf 90' lang='lat' dir='ltr'><strong>corruptelam</strong></span> <span class='ocrx_word' id='word_1_128' title='bbox 948 1857 1127 1921; x_wconf 89' lang='lat' dir='ltr'><strong>abire,</strong></span> <span class='ocrx_word' id='word_1_129' title='bbox 1171 1870 1442 1925; x_wconf 90' lang='lat' dir='ltr'><strong>nusquam</strong></span> <span class='ocrx_word' id='word_1_130' title='bbox 1494 1857 1870 1922; x_wconf 87' lang='lat' dir='ltr'><strong>excitandum,</strong></span> <span class='ocrx_word' id='word_1_131' title='bbox 1913 1873 2039 1913; x_wconf 87' lang='lat' dir='ltr'><strong>cum</strong></span> 
     </span>
    </p>
   </div>
   <div class='ocr_carea' id='block_1_20' title="bbox 452 1945 2035 2019">
    <p class='ocr_par' dir='ltr' id='par_1_20' title="bbox 452 1945 2035 2019">
     <span class='ocr_line' id='line_1_20' title="bbox 452 1945 2035 2019; baseline 0.001 -16"><span class='ocrx_word' id='word_1_132' title='bbox 452 1946 770 2004; x_wconf 72' lang='lat' dir='ltr'><strong>Sadducasis</strong></span> <span class='ocrx_word' id='word_1_133' title='bbox 799 1945 1029 2016; x_wconf 81' lang='lat' dir='ltr'><strong>aliisque</strong></span> <span class='ocrx_word' id='word_1_134' title='bbox 1056 1962 1164 2002; x_wconf 92' lang='lat' dir='ltr'><strong>non</strong></span> <span class='ocrx_word' id='word_1_135' title='bbox 1199 1947 1391 2016; x_wconf 89' lang='lat' dir='ltr'><strong>paucis</strong></span> <span class='ocrx_word' id='word_1_136' title='bbox 1439 1948 1739 2017; x_wconf 77' lang='lat' dir='ltr'><strong>gentilibus</strong></span> <span class='ocrx_word' id='word_1_137' title='bbox 1787 1949 2035 2019; x_wconf 90' lang='lat' dir='ltr'><strong>philoso-</strong></span> 
     </span>
    </p>
   </div>
   <div class='ocr_carea' id='block_1_21' title="bbox 449 2042 2042 2114">
    <p class='ocr_par' dir='ltr' id='par_1_21' title="bbox 449 2042 2042 2114">
     <span class='ocr_line' id='line_1_21' title="bbox 449 2042 2042 2114; baseline 0.002 -16"><span class='ocrx_word' id='word_1_138' title='bbox 449 2044 597 2113; x_wconf 89' lang='lat' dir='ltr'><strong>phis,</strong></span> <span class='ocrx_word' id='word_1_139' title='bbox 656 2059 722 2097; x_wconf 83' lang='lat' dir='ltr'><strong>ex</strong></span> <span class='ocrx_word' id='word_1_140' title='bbox 776 2042 1090 2097; x_wconf 82' lang='lat' dir='ltr'><strong>necessaria</strong></span> <span class='ocrx_word' id='word_1_141' title='bbox 1161 2044 1552 2099; x_wconf 89' lang='lat' dir='ltr'><strong>consecutione</strong></span> <span class='ocrx_word' id='word_1_142' title='bbox 1589 2044 1875 2114; x_wconf 76' lang='lat' dir='ltr'><strong>putabant.</strong></span> <span class='ocrx_word' id='word_1_143' title='bbox 1931 2043 2042 2101; x_wconf 87' lang='lat' dir='ltr'><strong>Nec</strong></span> 
     </span>
    </p>
   </div>
   <div class='ocr_carea' id='block_1_22' title="bbox 449 2134 2037 2204">
    <p class='ocr_par' dir='ltr' id='par_1_22' title="bbox 449 2134 2037 2204">
     <span class='ocr_line' id='line_1_22' title="bbox 449 2134 2037 2204; baseline 0.001 -15"><span class='ocrx_word' id='word_1_144' title='bbox 449 2135 599 2194; x_wconf 92' lang='lat' dir='ltr'><strong>enim</strong></span> <span class='ocrx_word' id='word_1_145' title='bbox 646 2135 700 2189; x_wconf 91' lang='lat' dir='ltr'><strong>id</strong></span> <span class='ocrx_word' id='word_1_146' title='bbox 746 2134 1006 2199; x_wconf 87' lang='lat' dir='ltr'><strong>excitari,</strong></span> <span class='ocrx_word' id='word_1_147' title='bbox 1052 2134 1179 2189; x_wconf 71' lang='lat' dir='ltr'><strong>vitae</strong></span> <span class='ocrx_word' id='word_1_148' title='bbox 1230 2137 1511 2204; x_wconf 86' lang='lat' dir='ltr'><strong>particeps</strong></span> <span class='ocrx_word' id='word_1_149' title='bbox 1558 2134 1804 2190; x_wconf 82' lang='lat' dir='ltr'><strong>futurum</strong></span> <span class='ocrx_word' id='word_1_150' title='bbox 1854 2135 2037 2204; x_wconf 90' lang='lat' dir='ltr'><strong>decet,</strong></span> 
     </span>
    </p>
   </div>
   <div class='ocr_carea' id='block_1_23' title="bbox 446 2227 2039 2301">
    <p class='ocr_par' dir='ltr' id='par_1_23' title="bbox 446 2227 2039 2301">
     <span class='ocr_line' id='line_1_23' title="bbox 446 2227 2039 2301; baseline 0.002 -18"><span class='ocrx_word' id='word_1_151' title='bbox 446 2229 593 2299; x_wconf 92' lang='lat' dir='ltr'><strong>quod</strong></span> <span class='ocrx_word' id='word_1_152' title='bbox 645 2244 677 2283; x_wconf 88' lang='lat' dir='ltr'><strong>e</strong></span> <span class='ocrx_word' id='word_1_153' title='bbox 731 2228 854 2283; x_wconf 91' lang='lat' dir='ltr'><strong>labe</strong></span> <span class='ocrx_word' id='word_1_154' title='bbox 921 2236 976 2282; x_wconf 93' lang='lat' dir='ltr'><strong>et</strong></span> <span class='ocrx_word' id='word_1_155' title='bbox 1032 2227 1386 2295; x_wconf 79' lang='lat' dir='ltr'><strong>ignorantia,</strong></span> <span class='ocrx_word' id='word_1_156' title='bbox 1446 2227 2039 2301; x_wconf 84' lang='lat' dir='ltr'><strong>Enthymeseostper-</strong></span> 
     </span>
    </p>
   </div>
   <div class='ocr_carea' id='block_1_24' title="bbox 428 2320 1929 2390">
    <p class='ocr_par' dir='ltr' id='par_1_24' title="bbox 428 2320 1929 2390">
     <span class='ocr_line' id='line_1_24' title="bbox 428 2320 1929 2390; baseline -0.001 -13"><span class='ocrx_word' id='word_1_157' title='bbox 428 2322 876 2388; x_wconf 66' lang='lat' dir='ltr'><strong>turbationibus,</strong></span> <span class='ocrx_word' id='word_1_158' title='bbox 907 2332 961 2377; x_wconf 91' lang='lat' dir='ltr'><strong>et</strong></span> <span class='ocrx_word' id='word_1_159' title='bbox 989 2321 1263 2390; x_wconf 90' lang='lat' dir='ltr'><strong>Demiurgi</strong></span> <span class='ocrx_word' id='word_1_160' title='bbox 1298 2320 1515 2375; x_wconf 88' lang='lat' dir='ltr'><strong>inscitia</strong></span> <span class='ocrx_word' id='word_1_161' title='bbox 1545 2330 1726 2376; x_wconf 91' lang='lat' dir='ltr'><strong>ortum</strong></span> <span class='ocrx_word' id='word_1_162' title='bbox 1757 2322 1929 2377; x_wconf 88' lang='lat' dir='ltr'><strong>ducit.</strong></span> 
     </span>
    </p>
   </div>
   <div class='ocr_carea' id='block_1_25' title="bbox 428 2412 2038 2483">
    <p class='ocr_par' dir='ltr' id='par_1_25' title="bbox 428 2412 2038 2483">
     <span class='ocr_line' id='line_1_25' title="bbox 428 2412 2038 2483; baseline -0.001 -13"><span class='ocrx_word' id='word_1_163' title='bbox 428 2432 433 2437; x_wconf 89' lang='grc'><strong>·</strong></span> <span class='ocrx_word' id='word_1_164' title='bbox 519 2415 609 2471; x_wconf 76' lang='lat'><strong>73.</strong></span> <span class='ocrx_word' id='word_1_165' title='bbox 646 2415 721 2469; x_wconf 88' lang='lat' dir='ltr'><strong>De</strong></span> <span class='ocrx_word' id='word_1_166' title='bbox 742 2414 962 2469; x_wconf 87' lang='lat' dir='ltr'><strong>Christo</strong></span> <span class='ocrx_word' id='word_1_167' title='bbox 988 2413 1119 2469; x_wconf 86' lang='lat' dir='ltr'><strong>Jesu</strong></span> <span class='ocrx_word' id='word_1_168' title='bbox 1147 2412 1278 2481; x_wconf 89' lang='lat' dir='ltr'><strong>quid</strong></span> <span class='ocrx_word' id='word_1_169' title='bbox 1305 2412 1600 2477; x_wconf 88' lang='lat' dir='ltr'><strong>sentirent,</strong></span> <span class='ocrx_word' id='word_1_170' title='bbox 1630 2413 1828 2481; x_wconf 90' lang='lat' dir='ltr'><strong>quibus</strong></span> <span class='ocrx_word' id='word_1_171' title='bbox 1858 2428 2038 2483; x_wconf 76' lang='lat' dir='ltr'><strong>ponus</strong></span> 
     </span>
    </p>
   </div>
   <div class='ocr_carea' id='block_1_26' title="bbox 445 2504 2037 2576">
    <p class='ocr_par' dir='ltr' id='par_1_26' title="bbox 445 2504 2037 2576">
     <span class='ocr_line' id='line_1_26' title="bbox 445 2504 2037 2576; baseline -0.003 -14"><span class='ocrx_word' id='word_1_172' title='bbox 445 2506 804 2576; x_wconf 89' lang='lat' dir='ltr'><strong>blasphemiis</strong></span> <span class='ocrx_word' id='word_1_173' title='bbox 844 2521 1062 2561; x_wconf 88' lang='lat' dir='ltr'><strong>sacrum</strong></span> <span class='ocrx_word' id='word_1_174' title='bbox 1094 2504 1499 2559; x_wconf 86' lang='lat' dir='ltr'><strong>Incarnatiouis</strong></span> <span class='ocrx_word' id='word_1_175' title='bbox 1545 2506 1870 2575; x_wconf 89' lang='lat' dir='ltr'><strong>mysterium</strong></span> <span class='ocrx_word' id='word_1_176' title='bbox 1902 2506 2037 2560; x_wconf 86' lang='lat' dir='ltr'><strong>sub-</strong></span> 
     </span>
    </p>
   </div>
   <div class='ocr_carea' id='block_1_27' title="bbox 444 2593 2038 2663">
    <p class='ocr_par' dir='ltr' id='par_1_27' title="bbox 444 2593 2038 2663">
     <span class='ocr_line' id='line_1_27' title="bbox 444 2593 2038 2663; baseline 0.003 -16"><span class='ocrx_word' id='word_1_177' title='bbox 444 2594 879 2663; x_wconf 84' lang='lat' dir='ltr'><strong>verterent,jam</strong></span> <span class='ocrx_word' id='word_1_178' title='bbox 915 2595 1175 2651; x_wconf 83' lang='lat' dir='ltr'><strong>diximus.</strong></span> <span class='ocrx_word' id='word_1_179' title='bbox 1214 2593 1351 2649; x_wconf 83' lang='lat' dir='ltr'><strong>Illud</strong></span> <span class='ocrx_word' id='word_1_180' title='bbox 1386 2594 1730 2649; x_wconf 85' lang='lat' dir='ltr'><strong>fundamenti</strong></span> <span class='ocrx_word' id='word_1_181' title='bbox 1775 2596 1897 2650; x_wconf 83' lang='lat' dir='ltr'><strong>loco</strong></span> <span class='ocrx_word' id='word_1_182' title='bbox 1925 2607 2038 2651; x_wconf 82' lang='lat' dir='ltr'><strong>sta-</strong></span> 
     </span>
    </p>
   </div>
   <div class='ocr_carea' id='block_1_28' title="bbox 448 2686 2038 2757">
    <p class='ocr_par' dir='ltr' id='par_1_28' title="bbox 448 2686 2038 2757">
     <span class='ocr_line' id='line_1_28' title="bbox 448 2686 2038 2757; baseline 0.001 -15"><span class='ocrx_word' id='word_1_183' title='bbox 448 2688 697 2750; x_wconf 84' lang='lat' dir='ltr'><strong>tuebant,</strong></span> <span class='ocrx_word' id='word_1_184' title='bbox 725 2686 868 2757; x_wconf 87' lang='lat' dir='ltr'><strong>quod</strong></span> <span class='ocrx_word' id='word_1_185' title='bbox 903 2686 1248 2741; x_wconf 81' lang='lat' dir='ltr'><strong>verissimum</strong></span> <span class='ocrx_word' id='word_1_186' title='bbox 1275 2696 1383 2749; x_wconf 91' lang='lat' dir='ltr'><strong>est,</strong></span> <span class='ocrx_word' id='word_1_187' title='bbox 1412 2701 1513 2741; x_wconf 92' lang='lat' dir='ltr'><strong>nec</strong></span> <span class='ocrx_word' id='word_1_188' title='bbox 1542 2687 1712 2743; x_wconf 85' lang='lat' dir='ltr'><strong>semel</strong></span> <span class='ocrx_word' id='word_1_189' title='bbox 1744 2703 1773 2741; x_wconf 92' lang='lat' dir='ltr'><strong>a</strong></span> <span class='ocrx_word' id='word_1_190' title='bbox 1805 2688 1906 2745; x_wconf 93' lang='lat' dir='ltr'><strong>SS.</strong></span> <span class='ocrx_word' id='word_1_191' title='bbox 1932 2688 2038 2744; x_wconf 87' lang='lat' dir='ltr'><strong>Pa-</strong></span> 
     </span>
    </p>
   </div>
   <div class='ocr_carea' id='block_1_29' title="bbox 447 2779 2037 2855">
    <p class='ocr_par' dir='ltr' id='par_1_29' title="bbox 447 2779 2037 2855">
     <span class='ocr_line' id='line_1_29' title="bbox 447 2779 2037 2855; baseline 0.004 -22"><span class='ocrx_word' id='word_1_192' title='bbox 447 2780 623 2835; x_wconf 90' lang='lat' dir='ltr'><strong>tribus</strong></span> <span class='ocrx_word' id='word_1_193' title='bbox 670 2779 1029 2845; x_wconf 79' lang='lat' dir='ltr'><strong>aﬂirmatum,</strong></span> <span class='ocrx_word' id='word_1_194' title='bbox 1088 2795 1151 2835; x_wconf 93' lang='lat' dir='ltr'><strong>ea</strong></span> <span class='ocrx_word' id='word_1_195' title='bbox 1226 2780 1540 2850; x_wconf 89' lang='lat' dir='ltr'><strong>suscepisse</strong></span> <span class='ocrx_word' id='word_1_196' title='bbox 1588 2780 1867 2837; x_wconf 91' lang='lat' dir='ltr'><strong>Christum</strong></span> <span class='ocrx_word' id='word_1_197' title='bbox 1913 2798 2037 2855; x_wconf 69' lang='lat' dir='ltr'><strong>qum</strong></span> 
     </span>
    </p>
   </div>
   <div class='ocr_carea' id='block_1_30' title="bbox 445 2871 2035 2942">
    <p class='ocr_par' dir='ltr' id='par_1_30' title="bbox 445 2871 2035 2942">
     <span class='ocr_line' id='line_1_30' title="bbox 445 2871 2035 2942; baseline 0.001 -14"><span class='ocrx_word' id='word_1_198' title='bbox 445 2882 766 2928; x_wconf 86' lang='lat' dir='ltr'><strong>servaturus</strong></span> <span class='ocrx_word' id='word_1_199' title='bbox 795 2882 936 2927; x_wconf 90' lang='lat' dir='ltr'><strong>erat.</strong></span> <span class='ocrx_word' id='word_1_200' title='bbox 967 2871 1075 2926; x_wconf 87' lang='lat' dir='ltr'><strong>Sed</strong></span> <span class='ocrx_word' id='word_1_201' title='bbox 1109 2871 1210 2928; x_wconf 91' lang='lat' dir='ltr'><strong>hoc</strong></span> <span class='ocrx_word' id='word_1_202' title='bbox 1240 2873 1485 2942; x_wconf 81' lang='lat' dir='ltr'><strong>turpiter</strong></span> <span class='ocrx_word' id='word_1_203' title='bbox 1534 2873 1690 2928; x_wconf 89' lang='lat' dir='ltr'><strong>abusi</strong></span> <span class='ocrx_word' id='word_1_204' title='bbox 1734 2873 2035 2930; x_wconf 86' lang='lat' dir='ltr'><strong>conclude-</strong></span> 
     </span>
    </p>
   </div>
   <div class='ocr_carea' id='block_1_31' title="bbox 446 2963 2030 3036">
    <p class='ocr_par' dir='ltr' id='par_1_31' title="bbox 446 2963 2030 3036">
     <span class='ocr_line' id='line_1_31' title="bbox 446 2963 2030 3036; baseline 0.004 -17"><span class='ocrx_word' id='word_1_205' title='bbox 446 2963 602 3029; x_wconf 90' lang='lat' dir='ltr'><strong>bant,</strong></span> <span class='ocrx_word' id='word_1_206' title='bbox 634 2978 703 3018; x_wconf 84' lang='lat' dir='ltr'><strong>ex</strong></span> <span class='ocrx_word' id='word_1_207' title='bbox 730 2964 1072 3034; x_wconf 86' lang='lat' dir='ltr'><strong>quadruplici</strong></span> <span class='ocrx_word' id='word_1_208' title='bbox 1105 2966 1411 3025; x_wconf 82' lang='lat' dir='ltr'><strong>substantia</strong></span> <span class='ocrx_word' id='word_1_209' title='bbox 1457 2976 1802 3036; x_wconf 89' lang='lat' dir='ltr'><strong>compactum</strong></span> <span class='ocrx_word' id='word_1_210' title='bbox 1840 2967 2030 3035; x_wconf 80' lang='lat' dir='ltr'><strong>fuisse,</strong></span> 
     </span>
    </p>
   </div>
   <div class='ocr_carea' id='block_1_32' title="bbox 430 3059 2033 3130">
    <p class='ocr_par' dir='ltr' id='par_1_32' title="bbox 430 3059 2033 3130">
     <span class='ocr_line' id='line_1_32' title="bbox 430 3059 2033 3130; baseline 0.004 -19"><span class='ocrx_word' id='word_1_211' title='bbox 430 3066 508 3111; x_wconf 84' lang='lat' dir='ltr'><strong>ut</strong></span> <span class='ocrx_word' id='word_1_212' title='bbox 547 3067 732 3128; x_wconf 86' lang='lat' dir='ltr'><strong>typum</strong></span> <span class='ocrx_word' id='word_1_213' title='bbox 771 3059 932 3128; x_wconf 88' lang='lat' dir='ltr'><strong>primi</strong></span> <span class='ocrx_word' id='word_1_214' title='bbox 986 3075 1051 3113; x_wconf 91' lang='lat' dir='ltr'><strong>ac</strong></span> <span class='ocrx_word' id='word_1_215' title='bbox 1089 3062 1311 3130; x_wconf 88' lang='lat' dir='ltr'><strong>superni</strong></span> <span class='ocrx_word' id='word_1_216' title='bbox 1358 3062 1699 3130; x_wconf 87' lang='lat' dir='ltr'><strong>quaternarii</strong></span> <span class='ocrx_word' id='word_1_217' title='bbox 1753 3072 2033 3127; x_wconf 83' lang='lat' dir='ltr'><strong>servaret;</strong></span> 
     </span>
    </p>
   </div>
   <div class='ocr_carea' id='block_1_33' title="bbox 2144 563 3739 640">
    <p class='ocr_par' dir='ltr' id='par_1_33' title="bbox 2144 563 3739 640">
     <span class='ocr_line' id='line_1_33' title="bbox 2144 563 3739 640; baseline -0.002 -16"><span class='ocrx_word' id='word_1_218' title='bbox 2144 585 2239 625; x_wconf 89' lang='lat' dir='ltr'><strong>rus</strong></span> <span class='ocrx_word' id='word_1_219' title='bbox 2272 569 2513 640; x_wconf 84' lang='lat' dir='ltr'><strong>Angelus</strong></span> <span class='ocrx_word' id='word_1_220' title='bbox 2559 568 2670 623; x_wconf 86' lang='lat' dir='ltr'><strong>Deo</strong></span> <span class='ocrx_word' id='word_1_221' title='bbox 2708 567 2869 636; x_wconf 89' lang='lat' dir='ltr'><strong>longe</strong></span> <span class='ocrx_word' id='word_1_222' title='bbox 2917 565 3165 630; x_wconf 82' lang='lat' dir='ltr'><strong>inferior,</strong></span> <span class='ocrx_word' id='word_1_223' title='bbox 3212 577 3311 621; x_wconf 88' lang='lat' dir='ltr'><strong>nec</strong></span> <span class='ocrx_word' id='word_1_224' title='bbox 3340 563 3466 621; x_wconf 83' lang='lat' dir='ltr'><strong>Jesu</strong></span> <span class='ocrx_word' id='word_1_225' title='bbox 3511 563 3739 621; x_wconf 83' lang='lat' dir='ltr'><strong>Christo</strong></span> 
     </span>
    </p>
   </div>
   <div class='ocr_carea' id='block_1_34' title="bbox 2146 656 3734 732">
    <p class='ocr_par' dir='ltr' id='par_1_34' title="bbox 2146 656 3734 732">
     <span class='ocr_line' id='line_1_34' title="bbox 2146 656 3734 732; baseline -0.003 -17"><span class='ocrx_word' id='word_1_226' title='bbox 2146 662 2486 732; x_wconf 78' lang='lat' dir='ltr'><strong>hyposta&#39;tice</strong></span> <span class='ocrx_word' id='word_1_227' title='bbox 2514 661 2721 715; x_wconf 91' lang='lat' dir='ltr'><strong>unitus.</strong></span> <span class='ocrx_word' id='word_1_228' title='bbox 2754 657 2941 729; x_wconf 90' lang='lat' dir='ltr'><strong>Neque</strong></span> <span class='ocrx_word' id='word_1_229' title='bbox 2991 659 3137 714; x_wconf 91' lang='lat' dir='ltr'><strong>enim</strong></span> <span class='ocrx_word' id='word_1_230' title='bbox 3174 658 3349 726; x_wconf 89' lang='lat' dir='ltr'><strong>ipsum</strong></span> <span class='ocrx_word' id='word_1_231' title='bbox 3388 657 3482 712; x_wconf 90' lang='lat' dir='ltr'><strong>Dei</strong></span> <span class='ocrx_word' id='word_1_232' title='bbox 3528 656 3734 712; x_wconf 88' lang='lat' dir='ltr'><strong>Filium</strong></span> 
     </span>
    </p>
   </div>
   <div class='ocr_carea' id='block_1_35' title="bbox 2142 749 3737 823">
    <p class='ocr_par' dir='ltr' id='par_1_35' title="bbox 2142 749 3737 823">
     <span class='ocr_line' id='line_1_35' title="bbox 2142 749 3737 823; baseline -0.002 -15"><span class='ocrx_word' id='word_1_233' title='bbox 2142 768 2366 809; x_wconf 90' lang='lat' dir='ltr'><strong>carnem</strong></span> <span class='ocrx_word' id='word_1_234' title='bbox 2412 753 2709 823; x_wconf 91' lang='lat' dir='ltr'><strong>sumpsisse</strong></span> <span class='ocrx_word' id='word_1_235' title='bbox 2750 751 3038 817; x_wconf 89' lang='lat' dir='ltr'><strong>volebant;</strong></span> <span class='ocrx_word' id='word_1_236' title='bbox 3078 759 3133 807; x_wconf 90' lang='lat' dir='ltr'><strong>et</strong></span> <span class='ocrx_word' id='word_1_237' title='bbox 3172 750 3219 804; x_wconf 89' lang='lat' dir='ltr'><strong>si</strong></span> <span class='ocrx_word' id='word_1_238' title='bbox 3265 749 3550 814; x_wconf 83' lang='lat' dir='ltr'><strong>dixissent,</strong></span> <span class='ocrx_word' id='word_1_239' title='bbox 3581 750 3737 805; x_wconf 84' lang='lat' dir='ltr'><strong>haud</strong></span> 
     </span>
    </p>
   </div>
   <div class='ocr_carea' id='block_1_36' title="bbox 2144 840 3737 916">
    <p class='ocr_par' dir='ltr' id='par_1_36' title="bbox 2144 840 3737 916">
     <span class='ocr_line' id='line_1_36' title="bbox 2144 840 3737 916; baseline -0.002 -16"><span class='ocrx_word' id='word_1_240' title='bbox 2144 846 2250 901; x_wconf 90' lang='lat' dir='ltr'><strong>alio</strong></span> <span class='ocrx_word' id='word_1_241' title='bbox 2276 860 2437 916; x_wconf 92' lang='lat' dir='ltr'><strong>quam</strong></span> <span class='ocrx_word' id='word_1_242' title='bbox 2462 844 2683 900; x_wconf 86' lang='lat' dir='ltr'><strong>Sabellii</strong></span> <span class='ocrx_word' id='word_1_243' title='bbox 2711 853 2766 900; x_wconf 90' lang='lat' dir='ltr'><strong>et</strong></span> <span class='ocrx_word' id='word_1_244' title='bbox 2791 843 2943 898; x_wconf 84' lang='lat' dir='ltr'><strong>Pauli</strong></span> <span class='ocrx_word' id='word_1_245' title='bbox 2970 841 3317 900; x_wconf 91' lang='lat' dir='ltr'><strong>Samosateni</strong></span> <span class='ocrx_word' id='word_1_246' title='bbox 3344 857 3509 897; x_wconf 91' lang='lat' dir='ltr'><strong>sensu</strong></span> <span class='ocrx_word' id='word_1_247' title='bbox 3541 840 3737 897; x_wconf 84' lang='lat' dir='ltr'><strong>dicere</strong></span> 
     </span>
    </p>
   </div>
   <div class='ocr_carea' id='block_1_37' title="bbox 2144 931 3729 1007">
    <p class='ocr_par' dir='ltr' id='par_1_37' title="bbox 2144 931 3729 1007">
     <span class='ocr_line' id='line_1_37' title="bbox 2144 931 3729 1007; baseline -0.004 -16"><span class='ocrx_word' id='word_1_248' title='bbox 2144 937 2466 1007; x_wconf 91' lang='lat' dir='ltr'><strong>potuissent.</strong></span> <span class='ocrx_word' id='word_1_249' title='bbox 2500 933 2571 988; x_wconf 83' lang='lat' dir='ltr'><strong>At</strong></span> <span class='ocrx_word' id='word_1_250' title='bbox 2598 933 2833 1005; x_wconf 90' lang='lat' dir='ltr'><strong>hylicum</strong></span> <span class='ocrx_word' id='word_1_251' title='bbox 2861 933 2993 987; x_wconf 90' lang='lat' dir='ltr'><strong>nihil</strong></span> <span class='ocrx_word' id='word_1_252' title='bbox 3016 948 3113 988; x_wconf 90' lang='lat' dir='ltr'><strong>seu</strong></span> <span class='ocrx_word' id='word_1_253' title='bbox 3137 932 3423 987; x_wconf 89' lang='lat' dir='ltr'><strong>materiale</strong></span> <span class='ocrx_word' id='word_1_254' title='bbox 3446 931 3729 987; x_wconf 86' lang='lat' dir='ltr'><strong>asciscere</strong></span> 
     </span>
    </p>
   </div>
   <div class='ocr_carea' id='block_1_38' title="bbox 2144 1023 3737 1099">
    <p class='ocr_par' dir='ltr' id='par_1_38' title="bbox 2144 1023 3737 1099">
     <span class='ocr_line' id='line_1_38' title="bbox 2144 1023 3737 1099; baseline -0.006 -13"><span class='ocrx_word' id='word_1_255' title='bbox 2144 1031 2251 1086; x_wconf 88' lang='lat' dir='ltr'><strong>sibi</strong></span> <span class='ocrx_word' id='word_1_256' title='bbox 2288 1029 2467 1099; x_wconf 92' lang='lat' dir='ltr'><strong>potuit</strong></span> <span class='ocrx_word' id='word_1_257' title='bbox 2499 1027 2659 1083; x_wconf 82' lang='lat' dir='ltr'><strong>Jesus</strong></span> <span class='ocrx_word' id='word_1_258' title='bbox 2683 1025 2974 1091; x_wconf 88' lang='lat' dir='ltr'><strong>Christus;</strong></span> <span class='ocrx_word' id='word_1_259' title='bbox 3017 1025 3145 1095; x_wconf 91' lang='lat' dir='ltr'><strong>quia</strong></span> <span class='ocrx_word' id='word_1_260' title='bbox 3187 1024 3291 1080; x_wconf 93' lang='lat' dir='ltr'><strong>hoc</strong></span> <span class='ocrx_word' id='word_1_261' title='bbox 3334 1038 3459 1080; x_wconf 91' lang='lat' dir='ltr'><strong>cum</strong></span> <span class='ocrx_word' id='word_1_262' title='bbox 3501 1023 3641 1079; x_wconf 90' lang='lat' dir='ltr'><strong>labis</strong></span> <span class='ocrx_word' id='word_1_263' title='bbox 3673 1031 3737 1078; x_wconf 90' lang='lat' dir='ltr'><strong>et</strong></span> 
     </span>
    </p>
   </div>
   <div class='ocr_carea' id='block_1_39' title="bbox 2142 1116 3735 1193">
    <p class='ocr_par' dir='ltr' id='par_1_39' title="bbox 2142 1116 3735 1193">
     <span class='ocr_line' id='line_1_39' title="bbox 2142 1116 3735 1193; baseline -0.003 -16"><span class='ocrx_word' id='word_1_264' title='bbox 2142 1122 2467 1193; x_wconf 64' lang='lat' dir='ltr'><strong>ignorantiae</strong></span> <span class='ocrx_word' id='word_1_265' title='bbox 2502 1120 2713 1175; x_wconf 82' lang='lat' dir='ltr'><strong>fructus</strong></span> <span class='ocrx_word' id='word_1_266' title='bbox 2737 1122 2831 1186; x_wconf 91' lang='lat' dir='ltr'><strong>sit,</strong></span> <span class='ocrx_word' id='word_1_267' title='bbox 2872 1118 3111 1173; x_wconf 82' lang='lat' dir='ltr'><strong>infausta</strong></span> <span class='ocrx_word' id='word_1_268' title='bbox 3146 1117 3480 1189; x_wconf 68' lang='lat' dir='ltr'><strong>perturbata:</strong></span> <span class='ocrx_word' id='word_1_269' title='bbox 3510 1131 3613 1172; x_wconf 90' lang='lat' dir='ltr'><strong>nec</strong></span> <span class='ocrx_word' id='word_1_270' title='bbox 3642 1116 3735 1172; x_wconf 85' lang='lat' dir='ltr'><strong>sui</strong></span> 
     </span>
    </p>
   </div>
   <div class='ocr_carea' id='block_1_40' title="bbox 2145 1212 3741 1285">
    <p class='ocr_par' dir='ltr' id='par_1_40' title="bbox 2145 1212 3741 1285">
     <span class='ocr_line' id='line_1_40' title="bbox 2145 1212 3741 1285; baseline -0.003 -15"><span class='ocrx_word' id='word_1_271' title='bbox 2145 1215 2412 1283; x_wconf 89' lang='lat' dir='ltr'><strong>compotis</strong></span> <span class='ocrx_word' id='word_1_272' title='bbox 2446 1213 2838 1285; x_wconf 82' lang='lat' dir='ltr'><strong>Enthymeseos</strong></span> <span class='ocrx_word' id='word_1_273' title='bbox 2863 1212 3100 1279; x_wconf 79' lang='lat' dir='ltr'><strong>soboles,</strong></span> <span class='ocrx_word' id='word_1_274' title='bbox 3140 1212 3350 1267; x_wconf 67' lang='lat' dir='ltr'><strong>et&#39;caeci</strong></span> <span class='ocrx_word' id='word_1_275' title='bbox 3379 1226 3444 1266; x_wconf 94' lang='lat' dir='ltr'><strong>ac</strong></span> <span class='ocrx_word' id='word_1_276' title='bbox 3470 1212 3741 1281; x_wconf 85' lang='lat' dir='ltr'><strong>ignoran-</strong></span> 
     </span>
    </p>
   </div>
   <div class='ocr_carea' id='block_1_41' title="bbox 2146 1306 3740 1379">
    <p class='ocr_par' dir='ltr' id='par_1_41' title="bbox 2146 1306 3740 1379">
     <span class='ocr_line' id='line_1_41' title="bbox 2146 1306 3740 1379; baseline -0.003 -16"><span class='ocrx_word' id='word_1_277' title='bbox 2146 1309 2217 1364; x_wconf 91' lang='lat' dir='ltr'><strong>tis</strong></span> <span class='ocrx_word' id='word_1_278' title='bbox 2265 1308 2542 1377; x_wconf 89' lang='lat' dir='ltr'><strong>Demiurgi</strong></span> <span class='ocrx_word' id='word_1_279' title='bbox 2582 1323 2754 1379; x_wconf 90' lang='lat' dir='ltr'><strong>opus,</strong></span> <span class='ocrx_word' id='word_1_280' title='bbox 2784 1308 3011 1363; x_wconf 87' lang='lat' dir='ltr'><strong>salutem</strong></span> <span class='ocrx_word' id='word_1_281' title='bbox 3055 1321 3342 1378; x_wconf 88' lang='lat' dir='ltr'><strong>capessere</strong></span> <span class='ocrx_word' id='word_1_282' title='bbox 3377 1306 3583 1361; x_wconf 88' lang='lat' dir='ltr'><strong>nullam</strong></span> <span class='ocrx_word' id='word_1_283' title='bbox 3632 1320 3740 1375; x_wconf 87' lang='lat' dir='ltr'><strong>po-</strong></span> 
     </span>
    </p>
   </div>
   <div class='ocr_carea' id='block_1_42' title="bbox 2146 1396 3736 1472">
    <p class='ocr_par' dir='ltr' id='par_1_42' title="bbox 2146 1396 3736 1472">
     <span class='ocr_line' id='line_1_42' title="bbox 2146 1396 3736 1472; baseline -0.005 -15"><span class='ocrx_word' id='word_1_284' title='bbox 2146 1410 2278 1472; x_wconf 90' lang='lat' dir='ltr'><strong>test,</strong></span> <span class='ocrx_word' id='word_1_285' title='bbox 2324 1402 2420 1457; x_wconf 90' lang='lat' dir='ltr'><strong>sed</strong></span> <span class='ocrx_word' id='word_1_286' title='bbox 2463 1403 2517 1456; x_wconf 91' lang='lat' dir='ltr'><strong>in</strong></span> <span class='ocrx_word' id='word_1_287' title='bbox 2573 1399 2980 1471; x_wconf 88' lang='lat' dir='ltr'><strong>corruptelam,</strong></span> <span class='ocrx_word' id='word_1_288' title='bbox 3022 1399 3165 1454; x_wconf 89' lang='lat' dir='ltr'><strong>unde</strong></span> <span class='ocrx_word' id='word_1_289' title='bbox 3212 1397 3425 1453; x_wconf 91' lang='lat' dir='ltr'><strong>initium</strong></span> <span class='ocrx_word' id='word_1_290' title='bbox 3475 1396 3736 1466; x_wconf 84' lang='lat' dir='ltr'><strong>sumpsit,</strong></span> 
     </span>
    </p>
   </div>
   <div class='ocr_carea' id='block_1_43' title="bbox 2147 1488 3737 1559">
    <p class='ocr_par' dir='ltr' id='par_1_43' title="bbox 2147 1488 3737 1559">
     <span class='ocr_line' id='line_1_43' title="bbox 2147 1488 3737 1559; baseline -0.008 -6"><span class='ocrx_word' id='word_1_291' title='bbox 2147 1502 2305 1553; x_wconf 89' lang='lat' dir='ltr'><strong>cedat</strong></span> <span class='ocrx_word' id='word_1_292' title='bbox 2332 1509 2559 1551; x_wconf 87' lang='lat' dir='ltr'><strong>necesse</strong></span> <span class='ocrx_word' id='word_1_293' title='bbox 2605 1499 2711 1546; x_wconf 91' lang='lat' dir='ltr'><strong>est.</strong></span> <span class='ocrx_word' id='word_1_294' title='bbox 2746 1489 2871 1544; x_wconf 67' lang='lat' dir='ltr'><strong>Haac</strong></span> <span class='ocrx_word' id='word_1_295' title='bbox 2913 1505 3043 1545; x_wconf 91' lang='lat' dir='ltr'><strong>vero</strong></span> <span class='ocrx_word' id='word_1_296' title='bbox 3093 1490 3401 1558; x_wconf 91' lang='lat' dir='ltr'><strong>impiissimi</strong></span> <span class='ocrx_word' id='word_1_297' title='bbox 3455 1488 3737 1559; x_wconf 87' lang='lat' dir='ltr'><strong>dogmatis</strong></span> 
     </span>
    </p>
   </div>
   <div class='ocr_carea' id='block_1_44' title="bbox 2144 1579 3737 1642">
    <p class='ocr_par' dir='ltr' id='par_1_44' title="bbox 2144 1579 3737 1642">
     <span class='ocr_line' id='line_1_44' title="bbox 2144 1579 3737 1642; baseline -0.007 0"><span class='ocrx_word' id='word_1_298' title='bbox 2144 1584 2485 1642; x_wconf 88' lang='lat' dir='ltr'><strong>consectaria</strong></span> <span class='ocrx_word' id='word_1_299' title='bbox 2516 1580 2830 1637; x_wconf 86' lang='lat' dir='ltr'><strong>necessaria</strong></span> <span class='ocrx_word' id='word_1_300' title='bbox 2857 1579 3031 1635; x_wconf 82' lang='lat' dir='ltr'><strong>fuere.</strong></span> <span class='ocrx_word' id='word_1_301' title='bbox 3063 1581 3117 1633; x_wconf 82' lang='grc'><strong>1⁸</strong></span> <span class='ocrx_word' id='word_1_302' title='bbox 3139 1580 3282 1634; x_wconf 87' lang='lat' dir='ltr'><strong>Nihil</strong></span> <span class='ocrx_word' id='word_1_303' title='bbox 3312 1595 3340 1633; x_wconf 90' lang='lat' dir='ltr'><strong>a</strong></span> <span class='ocrx_word' id='word_1_304' title='bbox 3371 1579 3539 1634; x_wconf 78' lang='lat' dir='ltr'><strong>Maria</strong></span> <span class='ocrx_word' id='word_1_305' title='bbox 3566 1579 3737 1633; x_wconf 83' lang='lat' dir='ltr'><strong>Chri-</strong></span> 
     </span>
    </p>
   </div>
   <div class='ocr_carea' id='block_1_45' title="bbox 2146 1673 3737 1746">
    <p class='ocr_par' dir='ltr' id='par_1_45' title="bbox 2146 1673 3737 1746">
     <span class='ocr_line' id='line_1_45' title="bbox 2146 1673 3737 1746; baseline -0.007 -11"><span class='ocrx_word' id='word_1_306' title='bbox 2146 1690 2291 1736; x_wconf 90' lang='lat' dir='ltr'><strong>stum</strong></span> <span class='ocrx_word' id='word_1_307' title='bbox 2315 1676 2615 1746; x_wconf 82' lang='lat' dir='ltr'><strong>accepisse,</strong></span> <span class='ocrx_word' id='word_1_308' title='bbox 2648 1673 2741 1728; x_wconf 90' lang='lat' dir='ltr'><strong>sed</strong></span> <span class='ocrx_word' id='word_1_309' title='bbox 2773 1688 2870 1742; x_wconf 91' lang='lat' dir='ltr'><strong>per</strong></span> <span class='ocrx_word' id='word_1_310' title='bbox 2905 1687 3051 1738; x_wconf 90' lang='lat' dir='ltr'><strong>eam,</strong></span> <span class='ocrx_word' id='word_1_311' title='bbox 3098 1673 3262 1727; x_wconf 89' lang='lat' dir='ltr'><strong>veluti</strong></span> <span class='ocrx_word' id='word_1_312' title='bbox 3320 1686 3463 1741; x_wconf 90' lang='lat' dir='ltr'><strong>aqua</strong></span> <span class='ocrx_word' id='word_1_313' title='bbox 3514 1688 3616 1743; x_wconf 91' lang='lat' dir='ltr'><strong>per</strong></span> <span class='ocrx_word' id='word_1_314' title='bbox 3638 1682 3737 1725; x_wconf 82' lang='lat' dir='ltr'><strong>tu-</strong></span> 
     </span>
    </p>
   </div>
   <div class='ocr_carea' id='block_1_46' title="bbox 2148 1763 3737 1836">
    <p class='ocr_par' dir='ltr' id='par_1_46' title="bbox 2148 1763 3737 1836">
     <span class='ocr_line' id='line_1_46' title="bbox 2148 1763 3737 1836; baseline -0.006 -10"><span class='ocrx_word' id='word_1_315' title='bbox 2148 1772 2299 1836; x_wconf 88' lang='lat' dir='ltr'><strong>hum,</strong></span> <span class='ocrx_word' id='word_1_316' title='bbox 2328 1768 2636 1824; x_wconf 90' lang='lat' dir='ltr'><strong>transiisse.</strong></span> <span class='ocrx_word' id='word_1_317' title='bbox 2667 1764 2804 1820; x_wconf 88' lang='lat' dir='ltr'><strong>Cum</strong></span> <span class='ocrx_word' id='word_1_318' title='bbox 2832 1764 2976 1818; x_wconf 83' lang='lat' dir='ltr'><strong>enim</strong></span> <span class='ocrx_word' id='word_1_319' title='bbox 3011 1764 3246 1835; x_wconf 90' lang='lat' dir='ltr'><strong>hylicum</strong></span> <span class='ocrx_word' id='word_1_320' title='bbox 3291 1763 3423 1818; x_wconf 89' lang='lat' dir='ltr'><strong>nihil</strong></span> <span class='ocrx_word' id='word_1_321' title='bbox 3465 1777 3737 1832; x_wconf 88' lang='lat' dir='ltr'><strong>suscepe-</strong></span> 
     </span>
    </p>
   </div>
   <div class='ocr_carea' id='block_1_47' title="bbox 2146 1854 3740 1930">
    <p class='ocr_par' dir='ltr' id='par_1_47' title="bbox 2146 1854 3740 1930">
     <span class='ocr_line' id='line_1_47' title="bbox 2146 1854 3740 1930; baseline -0.007 -11"><span class='ocrx_word' id='word_1_322' title='bbox 2146 1864 2237 1929; x_wconf 91' lang='lat' dir='ltr'><strong>rit,</strong></span> <span class='ocrx_word' id='word_1_323' title='bbox 2267 1862 2361 1917; x_wconf 89' lang='lat' dir='ltr'><strong>sed</strong></span> <span class='ocrx_word' id='word_1_324' title='bbox 2385 1875 2584 1930; x_wconf 90' lang='lat' dir='ltr'><strong>corpus</strong></span> <span class='ocrx_word' id='word_1_325' title='bbox 2620 1859 2685 1913; x_wconf 88' lang='lat' dir='ltr'><strong>ab</strong></span> <span class='ocrx_word' id='word_1_326' title='bbox 2714 1856 2894 1927; x_wconf 90' lang='lat' dir='ltr'><strong>hylico</strong></span> <span class='ocrx_word' id='word_1_327' title='bbox 2938 1870 3033 1911; x_wconf 90' lang='lat' dir='ltr'><strong>seu</strong></span> <span class='ocrx_word' id='word_1_328' title='bbox 3081 1854 3376 1921; x_wconf 89' lang='lat' dir='ltr'><strong>materiali,</strong></span> <span class='ocrx_word' id='word_1_329' title='bbox 3415 1855 3560 1924; x_wconf 90' lang='lat' dir='ltr'><strong>quod</strong></span> <span class='ocrx_word' id='word_1_330' title='bbox 3611 1869 3740 1909; x_wconf 84' lang='lat' dir='ltr'><strong>om-</strong></span> 
     </span>
    </p>
   </div>
   <div class='ocr_carea' id='block_1_48' title="bbox 2143 1949 3736 2022">
    <p class='ocr_par' dir='ltr' id='par_1_48' title="bbox 2143 1949 3736 2022">
     <span class='ocr_line' id='line_1_48' title="bbox 2143 1949 3736 2022; baseline -0.006 -10"><span class='ocrx_word' id='word_1_331' title='bbox 2143 1957 2291 2012; x_wconf 91' lang='lat' dir='ltr'><strong>niutn</strong></span> <span class='ocrx_word' id='word_1_332' title='bbox 2313 1956 2595 2011; x_wconf 88' lang='lat' dir='ltr'><strong>hominum</strong></span> <span class='ocrx_word' id='word_1_333' title='bbox 2626 1963 2730 2021; x_wconf 91' lang='lat' dir='ltr'><strong>est,</strong></span> <span class='ocrx_word' id='word_1_334' title='bbox 2770 1950 2959 2022; x_wconf 86' lang='lat' dir='ltr'><strong>procul</strong></span> <span class='ocrx_word' id='word_1_335' title='bbox 2990 1950 3268 2005; x_wconf 89' lang='lat' dir='ltr'><strong>diversum</strong></span> <span class='ocrx_word' id='word_1_336' title='bbox 3294 1949 3627 2018; x_wconf 86' lang='lat' dir='ltr'><strong>gestaverit;</strong></span> <span class='ocrx_word' id='word_1_337' title='bbox 3657 1949 3736 2003; x_wconf 84' lang='lat' dir='ltr'><strong>ab</strong></span> 
     </span>
    </p>
   </div>
   <div class='ocr_carea' id='block_1_49' title="bbox 2143 2042 3736 2117">
    <p class='ocr_par' dir='ltr' id='par_1_49' title="bbox 2143 2042 3736 2117">
     <span class='ocr_line' id='line_1_49' title="bbox 2143 2042 3736 2117; baseline -0.006 -12"><span class='ocrx_word' id='word_1_338' title='bbox 2143 2063 2207 2105; x_wconf 92' lang='lat' dir='ltr'><strong>ea</strong></span> <span class='ocrx_word' id='word_1_339' title='bbox 2244 2048 2479 2103; x_wconf 88' lang='lat' dir='ltr'><strong>mutuari</strong></span> <span class='ocrx_word' id='word_1_340' title='bbox 2515 2046 2651 2101; x_wconf 89' lang='lat' dir='ltr'><strong>nihil</strong></span> <span class='ocrx_word' id='word_1_341' title='bbox 2689 2046 2888 2117; x_wconf 89' lang='lat' dir='ltr'><strong>potuit,</strong></span> <span class='ocrx_word' id='word_1_342' title='bbox 2924 2059 3025 2100; x_wconf 90' lang='lat' dir='ltr'><strong>nec</strong></span> <span class='ocrx_word' id='word_1_343' title='bbox 3056 2044 3110 2098; x_wconf 90' lang='lat' dir='ltr'><strong>in</strong></span> <span class='ocrx_word' id='word_1_344' title='bbox 3146 2044 3263 2113; x_wconf 89' lang='lat' dir='ltr'><strong>ejus</strong></span> <span class='ocrx_word' id='word_1_345' title='bbox 3292 2052 3449 2098; x_wconf 90' lang='lat' dir='ltr'><strong>utero</strong></span> <span class='ocrx_word' id='word_1_346' title='bbox 3473 2042 3736 2109; x_wconf 81' lang='lat' dir='ltr'><strong>formari,</strong></span> 
     </span>
    </p>
   </div>
   <div class='ocr_carea' id='block_1_50' title="bbox 2143 2136 3738 2208">
    <p class='ocr_par' dir='ltr' id='par_1_50' title="bbox 2143 2136 3738 2208">
     <span class='ocr_line' id='line_1_50' title="bbox 2143 2136 3738 2208; baseline -0.005 -11"><span class='ocrx_word' id='word_1_347' title='bbox 2143 2156 2207 2197; x_wconf 85' lang='lat' dir='ltr'><strong>ex</strong></span> <span class='ocrx_word' id='word_1_348' title='bbox 2241 2156 2348 2208; x_wconf 90' lang='lat' dir='ltr'><strong>qua</strong></span> <span class='ocrx_word' id='word_1_349' title='bbox 2373 2139 2582 2194; x_wconf 92' lang='lat' dir='ltr'><strong>nullum</strong></span> <span class='ocrx_word' id='word_1_350' title='bbox 2613 2139 2716 2193; x_wconf 87' lang='lat' dir='ltr'><strong>nisi</strong></span> <span class='ocrx_word' id='word_1_351' title='bbox 2748 2138 2985 2208; x_wconf 88' lang='lat' dir='ltr'><strong>hylicum</strong></span> <span class='ocrx_word' id='word_1_352' title='bbox 3012 2148 3068 2191; x_wconf 93' lang='lat' dir='ltr'><strong>et</strong></span> <span class='ocrx_word' id='word_1_353' title='bbox 3098 2136 3171 2191; x_wconf 92' lang='lat' dir='ltr'><strong>illi</strong></span> <span class='ocrx_word' id='word_1_354' title='bbox 3199 2136 3380 2191; x_wconf 90' lang='lat' dir='ltr'><strong>simile</strong></span> <span class='ocrx_word' id='word_1_355' title='bbox 3403 2150 3607 2205; x_wconf 85' lang='lat' dir='ltr'><strong>corpus</strong></span> <span class='ocrx_word' id='word_1_356' title='bbox 3635 2150 3738 2207; x_wconf 87' lang='lat' dir='ltr'><strong>ge-</strong></span> 
     </span>
    </p>
   </div>
   <div class='ocr_carea' id='block_1_51' title="bbox 2142 2228 3734 2301">
    <p class='ocr_par' dir='ltr' id='par_1_51' title="bbox 2142 2228 3734 2301">
     <span class='ocr_line' id='line_1_51' title="bbox 2142 2228 3734 2301; baseline -0.004 -13"><span class='ocrx_word' id='word_1_357' title='bbox 2142 2232 2322 2288; x_wconf 85' lang='lat' dir='ltr'><strong>nerari</strong></span> <span class='ocrx_word' id='word_1_358' title='bbox 2344 2241 2579 2301; x_wconf 90' lang='lat' dir='ltr'><strong>poterat.</strong></span> <span class='ocrx_word' id='word_1_359' title='bbox 2610 2230 2670 2284; x_wconf 77' lang='lat'><strong>2°</strong></span> <span class='ocrx_word' id='word_1_360' title='bbox 2710 2230 2856 2286; x_wconf 86' lang='lat' dir='ltr'><strong>Nihil</strong></span> <span class='ocrx_word' id='word_1_361' title='bbox 2883 2231 2994 2299; x_wconf 91' lang='lat' dir='ltr'><strong>pati</strong></span> <span class='ocrx_word' id='word_1_362' title='bbox 3051 2228 3297 2297; x_wconf 89' lang='lat' dir='ltr'><strong>potuisse</strong></span> <span class='ocrx_word' id='word_1_363' title='bbox 3345 2228 3734 2295; x_wconf 86' lang='lat' dir='ltr'><strong>Salvatorem;</strong></span> 
     </span>
    </p>
   </div>
   <div class='ocr_carea' id='block_1_52' title="bbox 2140 2321 3737 2390">
    <p class='ocr_par' dir='ltr' id='par_1_52' title="bbox 2140 2321 3737 2390">
     <span class='ocr_line' id='line_1_52' title="bbox 2140 2321 3737 2390; baseline -0.005 -7"><span class='ocrx_word' id='word_1_364' title='bbox 2140 2343 2263 2383; x_wconf 92' lang='lat' dir='ltr'><strong>cum</strong></span> <span class='ocrx_word' id='word_1_365' title='bbox 2295 2342 2399 2382; x_wconf 90' lang='lat' dir='ltr'><strong>nec</strong></span> <span class='ocrx_word' id='word_1_366' title='bbox 2421 2326 2641 2381; x_wconf 92' lang='lat' dir='ltr'><strong>Christo</strong></span> <span class='ocrx_word' id='word_1_367' title='bbox 2664 2322 2791 2379; x_wconf 82' lang='lat' dir='ltr'><strong>Jesu</strong></span> <span class='ocrx_word' id='word_1_368' title='bbox 2826 2338 2957 2378; x_wconf 89' lang='lat' dir='ltr'><strong>vere</strong></span> <span class='ocrx_word' id='word_1_369' title='bbox 2987 2323 3177 2377; x_wconf 87' lang='lat' dir='ltr'><strong>unitus</strong></span> <span class='ocrx_word' id='word_1_370' title='bbox 3208 2331 3375 2387; x_wconf 90' lang='lat' dir='ltr'><strong>esset,</strong></span> <span class='ocrx_word' id='word_1_371' title='bbox 3405 2335 3504 2376; x_wconf 91' lang='lat' dir='ltr'><strong>nec</strong></span> <span class='ocrx_word' id='word_1_372' title='bbox 3530 2321 3737 2390; x_wconf 86' lang='lat' dir='ltr'><strong>suapte</strong></span> 
     </span>
    </p>
   </div>
   <div class='ocr_carea' id='block_1_53' title="bbox 2140 2412 3733 2488">
    <p class='ocr_par' dir='ltr' id='par_1_53' title="bbox 2140 2412 3733 2488">
     <span class='ocr_line' id='line_1_53' title="bbox 2140 2412 3733 2488; baseline -0.004 -15"><span class='ocrx_word' id='word_1_373' title='bbox 2140 2428 2336 2473; x_wconf 88' lang='lat' dir='ltr'><strong>natura</strong></span> <span class='ocrx_word' id='word_1_374' title='bbox 2379 2417 2618 2488; x_wconf 85' lang='lat' dir='ltr'><strong>patibilis</strong></span> <span class='ocrx_word' id='word_1_375' title='bbox 2650 2428 2705 2471; x_wconf 90' lang='lat' dir='ltr'><strong>et</strong></span> <span class='ocrx_word' id='word_1_376' title='bbox 2732 2415 2989 2471; x_wconf 89' lang='lat' dir='ltr'><strong>visibilis.</strong></span> <span class='ocrx_word' id='word_1_377' title='bbox 3037 2412 3147 2469; x_wconf 88' lang='lat' dir='ltr'><strong>Sed</strong></span> <span class='ocrx_word' id='word_1_378' title='bbox 3176 2428 3302 2468; x_wconf 92' lang='lat' dir='ltr'><strong>cum</strong></span> <span class='ocrx_word' id='word_1_379' title='bbox 3338 2412 3496 2469; x_wconf 86' lang='lat' dir='ltr'><strong>Jesus</strong></span> <span class='ocrx_word' id='word_1_380' title='bbox 3534 2428 3733 2468; x_wconf 85' lang='lat' dir='ltr'><strong>coram</strong></span> 
     </span>
    </p>
   </div>
   <div class='ocr_carea' id='block_1_54' title="bbox 2140 2505 3733 2577">
    <p class='ocr_par' dir='ltr' id='par_1_54' title="bbox 2140 2505 3733 2577">
     <span class='ocr_line' id='line_1_54' title="bbox 2140 2505 3733 2577; baseline -0.006 -8"><span class='ocrx_word' id='word_1_381' title='bbox 2140 2512 2315 2569; x_wconf 89' lang='lat' dir='ltr'><strong>Pilato</strong></span> <span class='ocrx_word' id='word_1_382' title='bbox 2339 2513 2650 2577; x_wconf 89' lang='lat' dir='ltr'><strong>sisteretur,</strong></span> <span class='ocrx_word' id='word_1_383' title='bbox 2682 2510 2866 2564; x_wconf 88' lang='lat' dir='ltr'><strong>statim</strong></span> <span class='ocrx_word' id='word_1_384' title='bbox 2896 2510 2949 2563; x_wconf 93' lang='lat' dir='ltr'><strong>in</strong></span> <span class='ocrx_word' id='word_1_385' title='bbox 2988 2506 3237 2563; x_wconf 90' lang='lat' dir='ltr'><strong>Pleroma</strong></span> <span class='ocrx_word' id='word_1_386' title='bbox 3270 2507 3551 2562; x_wconf 84' lang='lat' dir='ltr'><strong>revolasse</strong></span> <span class='ocrx_word' id='word_1_387' title='bbox 3570 2505 3733 2561; x_wconf 85' lang='lat' dir='ltr'><strong>dice-</strong></span> 
     </span>
    </p>
   </div>
   <div class='ocr_carea' id='block_1_55' title="bbox 2138 2597 3732 2671">
    <p class='ocr_par' dir='ltr' id='par_1_55' title="bbox 2138 2597 3732 2671">
     <span class='ocr_line' id='line_1_55' title="bbox 2138 2597 3732 2671; baseline -0.004 -12"><span class='ocrx_word' id='word_1_388' title='bbox 2138 2614 2289 2659; x_wconf 88' lang='lat' dir='ltr'><strong>oant.</strong></span> <span class='ocrx_word' id='word_1_389' title='bbox 2319 2597 2481 2657; x_wconf 72' lang='lat' dir='ltr'><strong>5&quot;Ne</strong></span> <span class='ocrx_word' id='word_1_390' title='bbox 2516 2603 2566 2657; x_wconf 90' lang='lat' dir='ltr'><strong>id</strong></span> <span class='ocrx_word' id='word_1_391' title='bbox 2612 2601 2833 2671; x_wconf 89' lang='lat' dir='ltr'><strong>quidem</strong></span> <span class='ocrx_word' id='word_1_392' title='bbox 2880 2602 3024 2671; x_wconf 91' lang='lat' dir='ltr'><strong>quod</strong></span> <span class='ocrx_word' id='word_1_393' title='bbox 3070 2614 3098 2653; x_wconf 91' lang='lat' dir='ltr'><strong>a</strong></span> <span class='ocrx_word' id='word_1_394' title='bbox 3144 2598 3320 2655; x_wconf 81' lang='lat' dir='ltr'><strong>Matre</strong></span> <span class='ocrx_word' id='word_1_395' title='bbox 3363 2608 3485 2654; x_wconf 89' lang='lat' dir='ltr'><strong>erat</strong></span> <span class='ocrx_word' id='word_1_396' title='bbox 3524 2613 3732 2654; x_wconf 90' lang='lat' dir='ltr'><strong>semen</strong></span> 
     </span>
    </p>
   </div>
   <div class='ocr_carea' id='block_1_56' title="bbox 2138 2690 3735 2767">
    <p class='ocr_par' dir='ltr' id='par_1_56' title="bbox 2138 2690 3735 2767">
     <span class='ocr_line' id='line_1_56' title="bbox 2138 2690 3735 2767; baseline -0.004 -15"><span class='ocrx_word' id='word_1_397' title='bbox 2138 2712 2357 2767; x_wconf 88' lang='lat' dir='ltr'><strong>passum</strong></span> <span class='ocrx_word' id='word_1_398' title='bbox 2381 2710 2524 2756; x_wconf 88' lang='lat' dir='ltr'><strong>esse,</strong></span> <span class='ocrx_word' id='word_1_399' title='bbox 2557 2705 2741 2764; x_wconf 89' lang='lat' dir='ltr'><strong>utp0te</strong></span> <span class='ocrx_word' id='word_1_400' title='bbox 2768 2694 2912 2762; x_wconf 90' lang='lat' dir='ltr'><strong>quod</strong></span> <span class='ocrx_word' id='word_1_401' title='bbox 2940 2702 2995 2748; x_wconf 90' lang='lat' dir='ltr'><strong>ct</strong></span> <span class='ocrx_word' id='word_1_402' title='bbox 3027 2692 3094 2747; x_wconf 87' lang='lat' dir='ltr'><strong>ab</strong></span> <span class='ocrx_word' id='word_1_403' title='bbox 3121 2692 3302 2747; x_wconf 92' lang='lat' dir='ltr'><strong>anima</strong></span> <span class='ocrx_word' id='word_1_404' title='bbox 3333 2690 3575 2754; x_wconf 90' lang='lat' dir='ltr'><strong>animali,</strong></span> <span class='ocrx_word' id='word_1_405' title='bbox 3599 2706 3735 2762; x_wconf 73' lang='lat' dir='ltr'><strong>qua:</strong></span> 
     </span>
    </p>
   </div>
   <div class='ocr_carea' id='block_1_57' title="bbox 2135 2784 3735 2856">
    <p class='ocr_par' dir='ltr' id='par_1_57' title="bbox 2135 2784 3735 2856">
     <span class='ocr_line' id='line_1_57' title="bbox 2135 2784 3735 2856; baseline -0.004 -13"><span class='ocrx_word' id='word_1_406' title='bbox 2135 2789 2251 2843; x_wconf 77' lang='lat' dir='ltr'><strong>sola</strong></span> <span class='ocrx_word' id='word_1_407' title='bbox 2290 2786 2561 2856; x_wconf 89' lang='lat' dir='ltr'><strong>passionis</strong></span> <span class='ocrx_word' id='word_1_408' title='bbox 2610 2799 2807 2854; x_wconf 82' lang='lat' dir='ltr'><strong>capax.</strong></span> <span class='ocrx_word' id='word_1_409' title='bbox 2851 2784 3203 2849; x_wconf 89' lang='lat' dir='ltr'><strong>distinctum,</strong></span> <span class='ocrx_word' id='word_1_410' title='bbox 3244 2792 3300 2839; x_wconf 90' lang='lat' dir='ltr'><strong>et</strong></span> <span class='ocrx_word' id='word_1_411' title='bbox 3345 2784 3626 2854; x_wconf 86' lang='lat' dir='ltr'><strong>spiritale,</strong></span> <span class='ocrx_word' id='word_1_412' title='bbox 3667 2792 3735 2839; x_wconf 83' lang='lat' dir='ltr'><strong>et</strong></span> 
     </span>
    </p>
   </div>
   <div class='ocr_carea' id='block_1_58' title="bbox 2136 2874 3742 2947">
    <p class='ocr_par' dir='ltr' id='par_1_58' title="bbox 2136 2874 3742 2947">
     <span class='ocr_line' id='line_1_58' title="bbox 2136 2874 3742 2947; baseline -0.002 -14"><span class='ocrx_word' id='word_1_413' title='bbox 2136 2878 2409 2934; x_wconf 84' lang='lat' dir='ltr'><strong>invisibile</strong></span> <span class='ocrx_word' id='word_1_414' title='bbox 2432 2879 2596 2933; x_wconf 91' lang='lat' dir='ltr'><strong>etiam</strong></span> <span class='ocrx_word' id='word_1_415' title='bbox 2632 2876 2737 2946; x_wconf 90' lang='lat' dir='ltr'><strong>ipsi</strong></span> <span class='ocrx_word' id='word_1_416' title='bbox 2769 2876 3060 2947; x_wconf 89' lang='lat' dir='ltr'><strong>Demiurgo</strong></span> <span class='ocrx_word' id='word_1_417' title='bbox 3083 2884 3251 2930; x_wconf 82' lang='lat' dir='ltr'><strong>esset.</strong></span> <span class='ocrx_word' id='word_1_418' title='bbox 3277 2875 3375 2930; x_wconf 95' lang='lat' dir='ltr'><strong>Sic</strong></span> <span class='ocrx_word' id='word_1_419' title='bbox 3404 2875 3503 2935; x_wconf 91' lang='lat' dir='ltr'><strong>illi.</strong></span> <span class='ocrx_word' id='word_1_420' title='bbox 3537 2876 3597 2929; x_wconf 73' lang='grc' dir='ltr'><strong>4ο</strong></span> <span class='ocrx_word' id='word_1_421' title='bbox 3624 2874 3742 2929; x_wconf 87' lang='lat' dir='ltr'><strong>So-</strong></span> 
     </span>
    </p>
   </div>
   <div class='ocr_carea' id='block_1_59' title="bbox 2137 2969 3733 3042">
    <p class='ocr_par' dir='ltr' id='par_1_59' title="bbox 2137 2969 3733 3042">
     <span class='ocr_line' id='line_1_59' title="bbox 2137 2969 3733 3042; baseline -0.002 -17"><span class='ocrx_word' id='word_1_422' title='bbox 2137 2971 2246 3025; x_wconf 87' lang='lat' dir='ltr'><strong>lam</strong></span> <span class='ocrx_word' id='word_1_423' title='bbox 2269 2986 2485 3042; x_wconf 90' lang='lat' dir='ltr'><strong>passam</strong></span> <span class='ocrx_word' id='word_1_424' title='bbox 2524 2970 2696 3025; x_wconf 84' lang='lat' dir='ltr'><strong>l‘uisse</strong></span> <span class='ocrx_word' id='word_1_425' title='bbox 2747 2969 3045 3025; x_wconf 88' lang='lat' dir='ltr'><strong>animalem</strong></span> <span class='ocrx_word' id='word_1_426' title='bbox 3087 2969 3474 3035; x_wconf 90' lang='lat' dir='ltr'><strong>substantiam,</strong></span> <span class='ocrx_word' id='word_1_427' title='bbox 3516 2978 3571 3023; x_wconf 91' lang='lat' dir='ltr'><strong>et</strong></span> <span class='ocrx_word' id='word_1_428' title='bbox 3599 2983 3733 3024; x_wconf 83' lang='lat' dir='ltr'><strong>eaut</strong></span> 
     </span>
    </p>
   </div>
   <div class='ocr_carea' id='block_1_60' title="bbox 2137 3057 3733 3133">
    <p class='ocr_par' dir='ltr' id='par_1_60' title="bbox 2137 3057 3733 3133">
     <span class='ocr_line' id='line_1_60' title="bbox 2137 3057 3733 3133; baseline -0.004 -16"><span class='ocrx_word' id='word_1_429' title='bbox 2137 3077 2299 3133; x_wconf 86' lang='lat' dir='ltr'><strong>quant</strong></span> <span class='ocrx_word' id='word_1_430' title='bbox 2321 3061 2575 3118; x_wconf 90' lang='lat' dir='ltr'><strong>Christus</strong></span> <span class='ocrx_word' id='word_1_431' title='bbox 2599 3062 2919 3119; x_wconf 61' lang='lat' dir='ltr'><strong>oeconomia:</strong></span> <span class='ocrx_word' id='word_1_432' title='bbox 2939 3076 3110 3117; x_wconf 89' lang='lat' dir='ltr'><strong>causa</strong></span> <span class='ocrx_word' id='word_1_433' title='bbox 3139 3069 3477 3131; x_wconf 83' lang='lat' dir='ltr'><strong>susceperat,</strong></span> <span class='ocrx_word' id='word_1_434' title='bbox 3508 3057 3733 3131; x_wconf 74' lang='lat' dir='ltr'><strong>[XLVI]</strong></span> 
     </span>
    </p>
   </div>
   <div class='ocr_carea' id='block_1_61' title="bbox 430 3151 3735 3234">
    <p class='ocr_par' dir='ltr' id='par_1_61' title="bbox 430 3151 3735 3234">
     <span class='ocr_line' id='line_1_61' title="bbox 430 3151 3735 3234; baseline 0.001 -31"><span class='ocrx_word' id='word_1_435' title='bbox 430 3164 514 3204; x_wconf 80' lang='lat' dir='ltr'><strong>ex</strong></span> <span class='ocrx_word' id='word_1_436' title='bbox 550 3151 807 3219; x_wconf 88' lang='lat' dir='ltr'><strong>spiritali,</strong></span> <span class='ocrx_word' id='word_1_437' title='bbox 852 3166 976 3220; x_wconf 77' lang='lat' dir='ltr'><strong>qua:</strong></span> <span class='ocrx_word' id='word_1_438' title='bbox 1016 3161 1141 3206; x_wconf 90' lang='lat' dir='ltr'><strong>erat</strong></span> <span class='ocrx_word' id='word_1_439' title='bbox 1185 3152 1254 3207; x_wconf 89' lang='lat' dir='ltr'><strong>ab</strong></span> <span class='ocrx_word' id='word_1_440' title='bbox 1299 3152 1652 3219; x_wconf 86' lang='lat' dir='ltr'><strong>Achatnoth;</strong></span> <span class='ocrx_word' id='word_1_441' title='bbox 1696 3169 1764 3208; x_wconf 91' lang='lat' dir='ltr'><strong>ex</strong></span> <span class='ocrx_word' id='word_1_442' title='bbox 1808 3154 2031 3210; x_wconf 91' lang='lat' dir='ltr'><strong>animali</strong></span> <span class='ocrx_word' id='word_1_443' title='bbox 2059 3174 2104 3234; x_wconf 70' lang='grc' dir='ltr'>ο</span> <span class='ocrx_word' id='word_1_444' title='bbox 2138 3155 2325 3211; x_wconf 85' lang='lat' dir='ltr'><strong>solerti</strong></span> <span class='ocrx_word' id='word_1_445' title='bbox 2356 3154 2594 3211; x_wconf 80' lang='lat' dir='ltr'><strong>artiﬁcio</strong></span> <span class='ocrx_word' id='word_1_446' title='bbox 2617 3163 2977 3226; x_wconf 89' lang='lat' dir='ltr'><strong>compactam.</strong></span> <span class='ocrx_word' id='word_1_447' title='bbox 3020 3153 3113 3209; x_wconf 92' lang='lat' dir='ltr'><strong>Sic</strong></span> <span class='ocrx_word' id='word_1_448' title='bbox 3139 3161 3306 3209; x_wconf 88' lang='lat' dir='ltr'><strong>totant</strong></span> <span class='ocrx_word' id='word_1_449' title='bbox 3344 3151 3503 3209; x_wconf 70' lang='lat' dir='ltr'><strong>Verbi</strong></span> <span class='ocrx_word' id='word_1_450' title='bbox 3540 3154 3735 3208; x_wconf 89' lang='lat' dir='ltr'><strong>incar-</strong></span> 
     </span>
    </p>
   </div>
   <div class='ocr_carea' id='block_1_62' title="bbox 445 3242 2039 3316">
    <p class='ocr_par' dir='ltr' id='par_1_62' title="bbox 445 3242 2039 3316">
     <span class='ocr_line' id='line_1_62' title="bbox 445 3242 2039 3316; baseline 0.005 -22"><span class='ocrx_word' id='word_1_451' title='bbox 445 3257 566 3312; x_wconf 75' lang='lat' dir='ltr'><strong>qua:</strong></span> <span class='ocrx_word' id='word_1_452' title='bbox 602 3250 770 3297; x_wconf 89' lang='lat' dir='ltr'><strong>erata</strong></span> <span class='ocrx_word' id='word_1_453' title='bbox 803 3242 1134 3313; x_wconf 85' lang='lat' dir='ltr'><strong>Demiurgo;</strong></span> <span class='ocrx_word' id='word_1_454' title='bbox 1180 3259 1248 3299; x_wconf 83' lang='lat' dir='ltr'><strong>ex</strong></span> <span class='ocrx_word' id='word_1_455' title='bbox 1273 3259 1334 3298; x_wconf 91' lang='lat' dir='ltr'><strong>ea</strong></span> <span class='ocrx_word' id='word_1_456' title='bbox 1359 3262 1524 3316; x_wconf 82' lang='lat' dir='ltr'><strong>quam</strong></span> <span class='ocrx_word' id='word_1_457' title='bbox 1572 3248 1915 3313; x_wconf 70' lang='lat' dir='ltr'><strong>mconomiaz,</strong></span> <span class='ocrx_word' id='word_1_458' title='bbox 1944 3262 2039 3304; x_wconf 92' lang='lat' dir='ltr'><strong>seu</strong></span> 
     </span>
    </p>
   </div>
   <div class='ocr_carea' id='block_1_63' title="bbox 446 3333 2043 3410">
    <p class='ocr_par' dir='ltr' id='par_1_63' title="bbox 446 3333 2043 3410">
     <span class='ocr_line' id='line_1_63' title="bbox 446 3333 2043 3410; baseline 0.004 -21"><span class='ocrx_word' id='word_1_459' title='bbox 446 3333 641 3389; x_wconf 88' lang='lat' dir='ltr'><strong>salutis</strong></span> <span class='ocrx_word' id='word_1_460' title='bbox 665 3336 914 3390; x_wconf 76' lang='lat' dir='ltr'><strong>humana:</strong></span> <span class='ocrx_word' id='word_1_461' title='bbox 940 3338 1308 3406; x_wconf 72' lang='lat' dir='ltr'><strong>procuranda:</strong></span> <span class='ocrx_word' id='word_1_462' title='bbox 1347 3354 1511 3393; x_wconf 89' lang='lat' dir='ltr'><strong>causa</strong></span> <span class='ocrx_word' id='word_1_463' title='bbox 1551 3340 1871 3410; x_wconf 85' lang='lat' dir='ltr'><strong>assumpsit,</strong></span> <span class='ocrx_word' id='word_1_464' title='bbox 1922 3356 2043 3395; x_wconf 88' lang='lat' dir='ltr'><strong>cor-</strong></span> 
     </span>
    </p>
   </div>
   <div class='ocr_carea' id='block_1_64' title="bbox 446 3428 2042 3500">
    <p class='ocr_par' dir='ltr' id='par_1_64' title="bbox 446 3428 2042 3500">
     <span class='ocr_line' id='line_1_64' title="bbox 446 3428 2042 3500; baseline 0.006 -20"><span class='ocrx_word' id='word_1_465' title='bbox 446 3442 612 3497; x_wconf 82' lang='lat' dir='ltr'><strong>porea</strong></span> <span class='ocrx_word' id='word_1_466' title='bbox 640 3428 861 3498; x_wconf 91' lang='lat' dir='ltr'><strong>quidem</strong></span> <span class='ocrx_word' id='word_1_467' title='bbox 888 3446 1012 3500; x_wconf 76' lang='lat' dir='ltr'><strong>qua:</strong></span> <span class='ocrx_word' id='word_1_468' title='bbox 1043 3444 1241 3487; x_wconf 87' lang='lat' dir='ltr'><strong>sensus</strong></span> <span class='ocrx_word' id='word_1_469' title='bbox 1282 3431 1546 3500; x_wconf 76' lang='lat' dir='ltr'><strong>alliceret,</strong></span> <span class='ocrx_word' id='word_1_470' title='bbox 1569 3433 1663 3487; x_wconf 88' lang='lat' dir='ltr'><strong>sed</strong></span> <span class='ocrx_word' id='word_1_471' title='bbox 1692 3434 1765 3487; x_wconf 90' lang='lat' dir='ltr'><strong>ita</strong></span> <span class='ocrx_word' id='word_1_472' title='bbox 1807 3449 1837 3488; x_wconf 93' lang='lat' dir='ltr'><strong>a</strong></span> <span class='ocrx_word' id='word_1_473' title='bbox 1888 3449 2042 3490; x_wconf 84' lang='lat' dir='ltr'><strong>cras-</strong></span> 
     </span>
    </p>
   </div>
   <div class='ocr_carea' id='block_1_65' title="bbox 446 3519 2041 3594">
    <p class='ocr_par' dir='ltr' id='par_1_65' title="bbox 446 3519 2041 3594">
     <span class='ocr_line' id='line_1_65' title="bbox 446 3519 2041 3594; baseline 0.005 -21"><span class='ocrx_word' id='word_1_474' title='bbox 446 3519 581 3574; x_wconf 83' lang='lat' dir='ltr'><strong>siori</strong></span> <span class='ocrx_word' id='word_1_475' title='bbox 611 3521 841 3576; x_wconf 90' lang='lat' dir='ltr'><strong>materia</strong></span> <span class='ocrx_word' id='word_1_476' title='bbox 878 3522 1139 3577; x_wconf 63' lang='lat' dir='ltr'><strong>del‘azcata</strong></span> <span class='ocrx_word' id='word_1_477' title='bbox 1169 3532 1225 3579; x_wconf 86' lang='lat' dir='ltr'><strong>et</strong></span> <span class='ocrx_word' id='word_1_478' title='bbox 1265 3538 1426 3594; x_wconf 91' lang='lat' dir='ltr'><strong>pura,</strong></span> <span class='ocrx_word' id='word_1_479' title='bbox 1463 3532 1517 3579; x_wconf 90' lang='lat' dir='ltr'><strong>et</strong></span> <span class='ocrx_word' id='word_1_480' title='bbox 1546 3534 1656 3579; x_wconf 92' lang='lat' dir='ltr'><strong>tam</strong></span> <span class='ocrx_word' id='word_1_481' title='bbox 1686 3524 1877 3582; x_wconf 90' lang='lat' dir='ltr'><strong>solerti</strong></span> <span class='ocrx_word' id='word_1_482' title='bbox 1918 3536 2041 3582; x_wconf 90' lang='lat' dir='ltr'><strong>arte</strong></span> 
     </span>
    </p>
   </div>
   <div class='ocr_carea' id='block_1_66' title="bbox 446 3616 2041 3692">
    <p class='ocr_par' dir='ltr' id='par_1_66' title="bbox 446 3616 2041 3692">
     <span class='ocr_line' id='line_1_66' title="bbox 446 3616 2041 3692; baseline 0.004 -23"><span class='ocrx_word' id='word_1_483' title='bbox 446 3622 664 3684; x_wconf 86' lang='lat' dir='ltr'><strong>parata,</strong></span> <span class='ocrx_word' id='word_1_484' title='bbox 688 3616 903 3671; x_wconf 84' lang='lat' dir='ltr'><strong>utniltil</strong></span> <span class='ocrx_word' id='word_1_485' title='bbox 938 3633 1062 3672; x_wconf 91' lang='lat' dir='ltr'><strong>cum</strong></span> <span class='ocrx_word' id='word_1_486' title='bbox 1094 3633 1159 3674; x_wconf 89' lang='lat' dir='ltr'><strong>ea</strong></span> <span class='ocrx_word' id='word_1_487' title='bbox 1196 3634 1490 3676; x_wconf 88' lang='lat' dir='ltr'><strong>commune</strong></span> <span class='ocrx_word' id='word_1_488' title='bbox 1528 3620 1776 3685; x_wconf 83' lang='lat' dir='ltr'><strong>haberet,</strong></span> <span class='ocrx_word' id='word_1_489' title='bbox 1819 3636 1884 3676; x_wconf 93' lang='lat' dir='ltr'><strong>ac</strong></span> <span class='ocrx_word' id='word_1_490' title='bbox 1929 3621 2041 3692; x_wconf 90' lang='lat' dir='ltr'><strong>spi-</strong></span> 
     </span>
    </p>
   </div>
   <div class='ocr_carea' id='block_1_67' title="bbox 430 3706 2039 3780">
    <p class='ocr_par' dir='ltr' id='par_1_67' title="bbox 430 3706 2039 3780">
     <span class='ocr_line' id='line_1_67' title="bbox 430 3706 2039 3780; baseline 0.004 -18"><span class='ocrx_word' id='word_1_491' title='bbox 430 3706 625 3762; x_wconf 81' lang='lat' dir='ltr'><strong>ritalis</strong></span> <span class='ocrx_word' id='word_1_492' title='bbox 649 3708 1057 3776; x_wconf 90' lang='lat' dir='ltr'><strong>quodammodo</strong></span> <span class='ocrx_word' id='word_1_493' title='bbox 1100 3725 1214 3780; x_wconf 69' lang='lat' dir='ltr'><strong>prte</strong></span> <span class='ocrx_word' id='word_1_494' title='bbox 1249 3726 1317 3766; x_wconf 87' lang='lat' dir='ltr'><strong>ea</strong></span> <span class='ocrx_word' id='word_1_495' title='bbox 1372 3720 1519 3768; x_wconf 87' lang='lat' dir='ltr'><strong>esset</strong></span> <span class='ocrx_word' id='word_1_496' title='bbox 1551 3729 1565 3766; x_wconf 90' lang='lat'><strong>:</strong></span> <span class='ocrx_word' id='word_1_497' title='bbox 1595 3728 1659 3769; x_wconf 91' lang='lat' dir='ltr'><strong>ac</strong></span> <span class='ocrx_word' id='word_1_498' title='bbox 1703 3713 1921 3768; x_wconf 89' lang='lat' dir='ltr'><strong>demum</strong></span> <span class='ocrx_word' id='word_1_499' title='bbox 1971 3729 2039 3768; x_wconf 87' lang='lat' dir='ltr'><strong>ex</strong></span> 
     </span>
    </p>
   </div>
   <div class='ocr_carea' id='block_1_68' title="bbox 450 3799 2041 3876">
    <p class='ocr_par' dir='ltr' id='par_1_68' title="bbox 450 3799 2041 3876">
     <span class='ocr_line' id='line_1_68' title="bbox 450 3799 2041 3876; baseline 0.006 -23"><span class='ocrx_word' id='word_1_500' title='bbox 450 3813 689 3868; x_wconf 89' lang='lat' dir='ltr'><strong>superno</strong></span> <span class='ocrx_word' id='word_1_501' title='bbox 722 3799 1024 3868; x_wconf 77' lang='lat' dir='ltr'><strong>Saluatore,</strong></span> <span class='ocrx_word' id='word_1_502' title='bbox 1052 3803 1148 3872; x_wconf 91' lang='lat' dir='ltr'><strong>qui</strong></span> <span class='ocrx_word' id='word_1_503' title='bbox 1176 3804 1231 3858; x_wconf 91' lang='lat' dir='ltr'><strong>in</strong></span> <span class='ocrx_word' id='word_1_504' title='bbox 1261 3819 1388 3859; x_wconf 90' lang='lat' dir='ltr'><strong>eum</strong></span> <span class='ocrx_word' id='word_1_505' title='bbox 1420 3805 1525 3861; x_wconf 90' lang='lat' dir='ltr'><strong>sub</strong></span> <span class='ocrx_word' id='word_1_506' title='bbox 1565 3807 1748 3876; x_wconf 89' lang='lat' dir='ltr'><strong>specie</strong></span> <span class='ocrx_word' id='word_1_507' title='bbox 1776 3806 2041 3864; x_wconf 69' lang='lat' dir='ltr'><strong>columbas</strong></span> 
     </span>
    </p>
   </div>
   <div class='ocr_carea' id='block_1_69' title="bbox 446 3891 2038 3972">
    <p class='ocr_par' dir='ltr' id='par_1_69' title="bbox 446 3891 2038 3972">
     <span class='ocr_line' id='line_1_69' title="bbox 446 3891 2038 3972; baseline 0.007 -27"><span class='ocrx_word' id='word_1_508' title='bbox 446 3891 753 3960; x_wconf 87' lang='lat' dir='ltr'><strong>descendit,</strong></span> <span class='ocrx_word' id='word_1_509' title='bbox 801 3903 914 3948; x_wconf 87' lang='lat' dir='ltr'><strong>tum</strong></span> <span class='ocrx_word' id='word_1_510' title='bbox 952 3908 1077 3950; x_wconf 88' lang='lat' dir='ltr'><strong>cum</strong></span> <span class='ocrx_word' id='word_1_511' title='bbox 1109 3898 1178 3951; x_wconf 91' lang='lat' dir='ltr'><strong>ad</strong></span> <span class='ocrx_word' id='word_1_512' title='bbox 1223 3897 1559 3967; x_wconf 88' lang='lat' dir='ltr'><strong>baptismum</strong></span> <span class='ocrx_word' id='word_1_513' title='bbox 1590 3902 1779 3971; x_wconf 65' lang='lat' dir='ltr'><strong>venit.!</strong></span> <span class='ocrx_word' id='word_1_514' title='bbox 1802 3900 2038 3972; x_wconf 86' lang='lat' dir='ltr'><strong>Spirita-</strong></span> 
     </span>
    </p>
   </div>
   <div class='ocr_carea' id='block_1_70' title="bbox 449 3983 2041 4066">
    <p class='ocr_par' dir='ltr' id='par_1_70' title="bbox 449 3983 2041 4066">
     <span class='ocr_line' id='line_1_70' title="bbox 449 3983 2041 4066; baseline 0.008 -29"><span class='ocrx_word' id='word_1_515' title='bbox 449 3983 554 4039; x_wconf 91' lang='lat' dir='ltr'><strong>lem</strong></span> <span class='ocrx_word' id='word_1_516' title='bbox 599 3986 825 4055; x_wconf 89' lang='lat' dir='ltr'><strong>quidem</strong></span> <span class='ocrx_word' id='word_1_517' title='bbox 878 3989 1243 4044; x_wconf 87' lang='lat' dir='ltr'><strong>substantiam</strong></span> <span class='ocrx_word' id='word_1_518' title='bbox 1292 3993 1362 4048; x_wconf 92' lang='lat' dir='ltr'><strong>ab</strong></span> <span class='ocrx_word' id='word_1_519' title='bbox 1416 3993 1720 4050; x_wconf 79' lang='lat' dir='ltr'><strong>Achamoth</strong></span> <span class='ocrx_word' id='word_1_520' title='bbox 1766 3996 2041 4066; x_wconf 90' lang='lat' dir='ltr'><strong>acciperet</strong></span> 
     </span>
    </p>
   </div>
   <div class='ocr_carea' id='block_1_71' title="bbox 434 4082 2041 4154">
    <p class='ocr_par' dir='ltr' id='par_1_71' title="bbox 434 4082 2041 4154">
     <span class='ocr_line' id='line_1_71' title="bbox 434 4082 2041 4154; baseline 0.009 -23"><span class='ocrx_word' id='word_1_521' title='bbox 434 4092 678 4133; x_wconf 84' lang='lat' dir='ltr'><strong>necesse</strong></span> <span class='ocrx_word' id='word_1_522' title='bbox 731 4086 876 4145; x_wconf 90' lang='lat' dir='ltr'><strong>erat,</strong></span> <span class='ocrx_word' id='word_1_523' title='bbox 913 4082 1175 4150; x_wconf 90' lang='lat' dir='ltr'><strong>quoniam</strong></span> <span class='ocrx_word' id='word_1_524' title='bbox 1227 4085 1466 4154; x_wconf 88' lang='lat' dir='ltr'><strong>spiritali</strong></span> <span class='ocrx_word' id='word_1_525' title='bbox 1511 4087 1728 4153; x_wconf 89' lang='lat' dir='ltr'><strong>semini,</strong></span> <span class='ocrx_word' id='word_1_526' title='bbox 1772 4089 2041 4145; x_wconf 89' lang='lat' dir='ltr'><strong>hactenus</strong></span> 
     </span>
    </p>
   </div>
   <div class='ocr_carea' id='block_1_72' title="bbox 448 4166 2040 4249">
    <p class='ocr_par' dir='ltr' id='par_1_72' title="bbox 448 4166 2040 4249">
     <span class='ocr_line' id='line_1_72' title="bbox 448 4166 2040 4249; baseline 0.01 -31"><span class='ocrx_word' id='word_1_527' title='bbox 448 4166 909 4237; x_wconf 87' lang='lat' dir='ltr'><strong>repullulantibus</strong></span> <span class='ocrx_word' id='word_1_528' title='bbox 950 4171 1316 4242; x_wconf 83' lang='lat' dir='ltr'><strong>undequaque</strong></span> <span class='ocrx_word' id='word_1_529' title='bbox 1342 4177 1514 4242; x_wconf 90' lang='lat' dir='ltr'><strong>vitiis,</strong></span> <span class='ocrx_word' id='word_1_530' title='bbox 1549 4178 1861 4244; x_wconf 85' lang='lat' dir='ltr'><strong>ignorantia</strong></span> <span class='ocrx_word' id='word_1_531' title='bbox 1903 4196 2040 4249; x_wconf 71' lang='lat' dir='ltr'><strong>pra:-</strong></span> 
     </span>
    </p>
   </div>
   <div class='ocr_carea' id='block_1_73' title="bbox 434 4256 2039 4334">
    <p class='ocr_par' dir='ltr' id='par_1_73' title="bbox 434 4256 2039 4334">
     <span class='ocr_line' id='line_1_73' title="bbox 434 4256 2039 4334; baseline 0.011 -25"><span class='ocrx_word' id='word_1_532' title='bbox 434 4256 665 4327; x_wconf 86' lang='lat' dir='ltr'><strong>.sertim,</strong></span> <span class='ocrx_word' id='word_1_533' title='bbox 718 4259 1023 4329; x_wconf 75' lang='lat' dir='ltr'><strong>prtefocato</strong></span> <span class='ocrx_word' id='word_1_534' title='bbox 1074 4264 1473 4334; x_wconf 82' lang='lat' dir='ltr'><strong>perfectionem</strong></span> <span class='ocrx_word' id='word_1_535' title='bbox 1529 4278 1582 4323; x_wconf 92' lang='lat' dir='ltr'><strong>et</strong></span> <span class='ocrx_word' id='word_1_536' title='bbox 1636 4268 2039 4326; x_wconf 87' lang='lat' dir='ltr'><strong>incrementum</strong></span> 
     </span>
    </p>
   </div>
   <div class='ocr_carea' id='block_1_74' title="bbox 449 4348 2037 4430">
    <p class='ocr_par' dir='ltr' id='par_1_74' title="bbox 449 4348 2037 4430">
     <span class='ocr_line' id='line_1_74' title="bbox 449 4348 2037 4430; baseline 0.01 -27"><span class='ocrx_word' id='word_1_537' title='bbox 449 4348 723 4408; x_wconf 91' lang='lat' dir='ltr'><strong>allaturus</strong></span> <span class='ocrx_word' id='word_1_538' title='bbox 750 4363 892 4419; x_wconf 85' lang='lat' dir='ltr'><strong>erat,</strong></span> <span class='ocrx_word' id='word_1_539' title='bbox 921 4371 1233 4427; x_wconf 88' lang='lat' dir='ltr'><strong>novamque</strong></span> <span class='ocrx_word' id='word_1_540' title='bbox 1265 4359 1441 4415; x_wconf 87' lang='lat' dir='ltr'><strong>lucem</strong></span> <span class='ocrx_word' id='word_1_541' title='bbox 1471 4360 1740 4418; x_wconf 90' lang='lat' dir='ltr'><strong>hactenus</strong></span> <span class='ocrx_word' id='word_1_542' title='bbox 1780 4362 2037 4430; x_wconf 87' lang='lat' dir='ltr'><strong>invisam,</strong></span> 
     </span>
    </p>
   </div>
   <div class='ocr_carea' id='block_1_75' title="bbox 450 4443 2041 4521">
    <p class='ocr_par' dir='ltr' id='par_1_75' title="bbox 450 4443 2041 4521">
     <span class='ocr_line' id='line_1_75' title="bbox 450 4443 2041 4521; baseline 0.01 -24"><span class='ocrx_word' id='word_1_543' title='bbox 450 4443 714 4498; x_wconf 90' lang='lat' dir='ltr'><strong>nimirum</strong></span> <span class='ocrx_word' id='word_1_544' title='bbox 761 4449 1004 4515; x_wconf 81' lang='lat' dir='ltr'><strong>supremi</strong></span> <span class='ocrx_word' id='word_1_545' title='bbox 1060 4448 1241 4505; x_wconf 87' lang='lat' dir='ltr'><strong>Patris</strong></span> <span class='ocrx_word' id='word_1_546' title='bbox 1283 4452 1639 4521; x_wconf 83' lang='lat' dir='ltr'><strong>agnitionem,</strong></span> <span class='ocrx_word' id='word_1_547' title='bbox 1689 4454 1743 4509; x_wconf 93' lang='lat' dir='ltr'><strong>in</strong></span> <span class='ocrx_word' id='word_1_548' title='bbox 1791 4455 2041 4513; x_wconf 91' lang='lat' dir='ltr'><strong>homines</strong></span> 
     </span>
    </p>
   </div>
   <div class='ocr_carea' id='block_1_76' title="bbox 2146 3244 3735 3316">
    <p class='ocr_par' dir='ltr' id='par_1_76' title="bbox 2146 3244 3735 3316">
     <span class='ocr_line' id='line_1_76' title="bbox 2146 3244 3735 3316; baseline -0.001 -15"><span class='ocrx_word' id='word_1_549' title='bbox 2146 3247 2258 3301; x_wconf 90' lang='lat' dir='ltr'><strong>nati</strong></span> <span class='ocrx_word' id='word_1_550' title='bbox 2308 3247 2696 3316; x_wconf 77' lang='lat' dir='ltr'><strong>mysteriorum</strong></span> <span class='ocrx_word' id='word_1_551' title='bbox 2752 3245 3113 3301; x_wconf 69' lang='lat' dir='ltr'><strong>oeconomiam</strong></span> <span class='ocrx_word' id='word_1_552' title='bbox 3169 3244 3609 3310; x_wconf 81' lang='lat' dir='ltr'><strong>labefactabant,</strong></span> <span class='ocrx_word' id='word_1_553' title='bbox 3672 3252 3735 3300; x_wconf 80' lang='lat' dir='ltr'><strong>ct</strong></span> 
     </span>
    </p>
   </div>
   <div class='ocr_carea' id='block_1_77' title="bbox 2144 3334 3292 3404">
    <p class='ocr_par' dir='ltr' id='par_1_77' title="bbox 2144 3334 3292 3404">
     <span class='ocr_line' id='line_1_77' title="bbox 2144 3334 3292 3404; baseline -0.004 -11"><span class='ocrx_word' id='word_1_554' title='bbox 2144 3337 2391 3393; x_wconf 77' lang='lat' dir='ltr'><strong>funditus</strong></span> <span class='ocrx_word' id='word_1_555' title='bbox 2421 3338 2744 3393; x_wconf 87' lang='lat' dir='ltr'><strong>evertehant</strong></span> <span class='ocrx_word' id='word_1_556' title='bbox 2764 3334 2978 3404; x_wconf 83' lang='lat' dir='ltr'><strong>profani</strong></span> <span class='ocrx_word' id='word_1_557' title='bbox 3018 3334 3292 3391; x_wconf 89' lang='lat' dir='ltr'><strong>homines.</strong></span> 
     </span>
    </p>
   </div>
   <div class='ocr_carea' id='block_1_78' title="bbox 2212 3425 3731 3501">
    <p class='ocr_par' dir='ltr' id='par_1_78' title="bbox 2212 3425 3731 3501">
     <span class='ocr_line' id='line_1_78' title="bbox 2212 3425 3731 3501; baseline -0.005 -14"><span class='ocrx_word' id='word_1_558' title='bbox 2212 3432 2303 3488; x_wconf 63' lang='lat'><strong>74.</strong></span> <span class='ocrx_word' id='word_1_559' title='bbox 2345 3431 2540 3486; x_wconf 83' lang='lat' dir='ltr'><strong>Mirum</strong></span> <span class='ocrx_word' id='word_1_560' title='bbox 2586 3431 2637 3486; x_wconf 92' lang='lat' dir='ltr'><strong>si</strong></span> <span class='ocrx_word' id='word_1_561' title='bbox 2670 3430 2943 3501; x_wconf 88' lang='lat' dir='ltr'><strong>dogmatis</strong></span> <span class='ocrx_word' id='word_1_562' title='bbox 2987 3429 3096 3484; x_wconf 89' lang='lat' dir='ltr'><strong>vita</strong></span> <span class='ocrx_word' id='word_1_563' title='bbox 3142 3442 3253 3482; x_wconf 88' lang='lat' dir='ltr'><strong>non</strong></span> <span class='ocrx_word' id='word_1_564' title='bbox 3300 3425 3677 3497; x_wconf 87' lang='lat' dir='ltr'><strong>respondisset</strong></span> <span class='ocrx_word' id='word_1_565' title='bbox 3712 3442 3731 3479; x_wconf 88' lang='lat'><strong>:</strong></span> 
     </span>
    </p>
   </div>
   <div class='ocr_carea' id='block_1_79' title="bbox 2142 3516 3735 3592">
    <p class='ocr_par' dir='ltr' id='par_1_79' title="bbox 2142 3516 3735 3592">
     <span class='ocr_line' id='line_1_79' title="bbox 2142 3516 3735 3592; baseline -0.006 -14"><span class='ocrx_word' id='word_1_566' title='bbox 2142 3522 2467 3592; x_wconf 90' lang='lat' dir='ltr'><strong>impiissima</strong></span> <span class='ocrx_word' id='word_1_567' title='bbox 2504 3523 2761 3592; x_wconf 85' lang='lat' dir='ltr'><strong>dogmata</strong></span> <span class='ocrx_word' id='word_1_568' title='bbox 2820 3518 3228 3576; x_wconf 88' lang='lat' dir='ltr'><strong>scelestissimis</strong></span> <span class='ocrx_word' id='word_1_569' title='bbox 3287 3516 3530 3572; x_wconf 90' lang='lat' dir='ltr'><strong>moribus</strong></span> <span class='ocrx_word' id='word_1_570' title='bbox 3581 3516 3735 3569; x_wconf 64' lang='lat' dir='ltr'><strong>adat-</strong></span> 
     </span>
    </p>
   </div>
   <div class='ocr_carea' id='block_1_80' title="bbox 2142 3608 3737 3685">
    <p class='ocr_par' dir='ltr' id='par_1_80' title="bbox 2142 3608 3737 3685">
     <span class='ocr_line' id='line_1_80' title="bbox 2142 3608 3737 3685; baseline -0.004 -15"><span class='ocrx_word' id='word_1_571' title='bbox 2142 3614 2299 3685; x_wconf 91' lang='lat' dir='ltr'><strong>quari</strong></span> <span class='ocrx_word' id='word_1_572' title='bbox 2329 3630 2553 3670; x_wconf 89' lang='lat' dir='ltr'><strong>necesse</strong></span> <span class='ocrx_word' id='word_1_573' title='bbox 2582 3622 2721 3670; x_wconf 91' lang='lat' dir='ltr'><strong>erat.</strong></span> <span class='ocrx_word' id='word_1_574' title='bbox 2752 3613 3044 3668; x_wconf 83' lang='lat' dir='ltr'><strong>Vesaniam</strong></span> <span class='ocrx_word' id='word_1_575' title='bbox 3094 3610 3304 3681; x_wconf 89' lang='lat' dir='ltr'><strong>arguit,</strong></span> <span class='ocrx_word' id='word_1_576' title='bbox 3335 3610 3481 3679; x_wconf 92' lang='lat' dir='ltr'><strong>quod</strong></span> <span class='ocrx_word' id='word_1_577' title='bbox 3512 3608 3737 3677; x_wconf 90' lang='lat' dir='ltr'><strong>seipsos</strong></span> 
     </span>
    </p>
   </div>
   <div class='ocr_carea' id='block_1_81' title="bbox 2140 3697 3737 3781">
    <p class='ocr_par' dir='ltr' id='par_1_81' title="bbox 2140 3697 3737 3781">
     <span class='ocr_line' id='line_1_81' title="bbox 2140 3697 3737 3781; baseline -0.004 -21"><span class='ocrx_word' id='word_1_578' title='bbox 2140 3705 2438 3776; x_wconf 81' lang='lat' dir='ltr'><strong>perfectos,</strong></span> <span class='ocrx_word' id='word_1_579' title='bbox 2481 3703 2780 3781; x_wconf 84' lang='lat' dir='ltr'><strong>spiritales,</strong></span> <span class='ocrx_word' id='word_1_580' title='bbox 2835 3700 3069 3772; x_wconf 77' lang='lat' dir='ltr'><strong>spiritali</strong></span> <span class='ocrx_word' id='word_1_581' title='bbox 3132 3700 3341 3754; x_wconf 87' lang='lat' dir='ltr'><strong>semine</strong></span> <span class='ocrx_word' id='word_1_582' title='bbox 3382 3697 3737 3764; x_wconf 77' lang='lat' dir='ltr'><strong>fecundatos,</strong></span> 
     </span>
    </p>
   </div>
   <div class='ocr_carea' id='block_1_82' title="bbox 2141 3789 3741 3861">
    <p class='ocr_par' dir='ltr' id='par_1_82' title="bbox 2141 3789 3741 3861">
     <span class='ocr_line' id='line_1_82' title="bbox 2141 3789 3741 3861; baseline -0.008 -8"><span class='ocrx_word' id='word_1_583' title='bbox 2141 3796 2350 3853; x_wconf 86' lang='lat' dir='ltr'><strong>semina</strong></span> <span class='ocrx_word' id='word_1_584' title='bbox 2376 3796 2679 3861; x_wconf 89' lang='lat' dir='ltr'><strong>electionis,</strong></span> <span class='ocrx_word' id='word_1_585' title='bbox 2708 3808 2775 3850; x_wconf 89' lang='lat' dir='ltr'><strong>ac</strong></span> <span class='ocrx_word' id='word_1_586' title='bbox 2801 3792 3119 3859; x_wconf 89' lang='lat' dir='ltr'><strong>Gnosticos,</strong></span> <span class='ocrx_word' id='word_1_587' title='bbox 3151 3806 3247 3846; x_wconf 90' lang='lat' dir='ltr'><strong>seu</strong></span> <span class='ocrx_word' id='word_1_588' title='bbox 3287 3790 3524 3845; x_wconf 88' lang='lat' dir='ltr'><strong>scientes</strong></span> <span class='ocrx_word' id='word_1_589' title='bbox 3550 3789 3741 3858; x_wconf 85' lang='lat' dir='ltr'><strong>impu-</strong></span> 
     </span>
    </p>
   </div>
   <div class='ocr_carea' id='block_1_83' title="bbox 2139 3880 3740 3958">
    <p class='ocr_par' dir='ltr' id='par_1_83' title="bbox 2139 3880 3740 3958">
     <span class='ocr_line' id='line_1_83' title="bbox 2139 3880 3740 3958; baseline -0.006 -12"><span class='ocrx_word' id='word_1_590' title='bbox 2139 3890 2358 3946; x_wconf 86' lang='lat' dir='ltr'><strong>dentius</strong></span> <span class='ocrx_word' id='word_1_591' title='bbox 2378 3886 2653 3958; x_wconf 76' lang='lat' dir='ltr'><strong>iactarent</strong></span> <span class='ocrx_word' id='word_1_592' title='bbox 2677 3903 2693 3953; x_wconf 90' lang='lat'><strong>;</strong></span> <span class='ocrx_word' id='word_1_593' title='bbox 2719 3886 2815 3956; x_wconf 90' lang='lat' dir='ltr'><strong>qui</strong></span> <span class='ocrx_word' id='word_1_594' title='bbox 2857 3886 3088 3957; x_wconf 86' lang='lat' dir='ltr'><strong>gratiam</strong></span> <span class='ocrx_word' id='word_1_595' title='bbox 3150 3882 3370 3954; x_wconf 90' lang='lat' dir='ltr'><strong>proprio</strong></span> <span class='ocrx_word' id='word_1_596' title='bbox 3396 3897 3460 3937; x_wconf 93' lang='lat' dir='ltr'><strong>ac</strong></span> <span class='ocrx_word' id='word_1_597' title='bbox 3489 3880 3740 3937; x_wconf 63' lang='lat' dir='ltr'><strong>incredi-</strong></span> 
     </span>
    </p>
   </div>
   <div class='ocr_carea' id='block_1_84' title="bbox 2128 3976 3739 4053">
    <p class='ocr_par' dir='ltr' id='par_1_84' title="bbox 2128 3976 3739 4053">
     <span class='ocr_line' id='line_1_84' title="bbox 2128 3976 3739 4053; baseline -0.004 -15"><span class='ocrx_word' id='word_1_598' title='bbox 2128 3983 2283 4038; x_wconf 31' lang='lat' dir='ltr'><strong>vtario</strong></span> <span class='ocrx_word' id='word_1_599' title='bbox 2318 3983 2446 4053; x_wconf 87' lang='lat' dir='ltr'><strong>jure</strong></span> <span class='ocrx_word' id='word_1_600' title='bbox 2501 3996 2531 4036; x_wconf 86' lang='lat' dir='ltr'><strong>a</strong></span> <span class='ocrx_word' id='word_1_601' title='bbox 2581 3980 2759 4037; x_wconf 81' lang='lat' dir='ltr'><strong>Matre</strong></span> <span class='ocrx_word' id='word_1_602' title='bbox 2801 3990 3077 4049; x_wconf 89' lang='lat' dir='ltr'><strong>acceptant</strong></span> <span class='ocrx_word' id='word_1_603' title='bbox 3132 3978 3205 4033; x_wconf 85' lang='lat' dir='ltr'><strong>ita</strong></span> <span class='ocrx_word' id='word_1_604' title='bbox 3249 3976 3614 4048; x_wconf 86' lang='lat' dir='ltr'><strong>possiderent,</strong></span> <span class='ocrx_word' id='word_1_605' title='bbox 3669 3986 3739 4032; x_wconf 89' lang='lat' dir='ltr'><strong>ut</strong></span> 
     </span>
    </p>
   </div>
   <div class='ocr_carea' id='block_1_85' title="bbox 2141 4074 3739 4145">
    <p class='ocr_par' dir='ltr' id='par_1_85' title="bbox 2141 4074 3739 4145">
     <span class='ocr_line' id='line_1_85' title="bbox 2141 4074 3739 4145; baseline -0.003 -15"><span class='ocrx_word' id='word_1_606' title='bbox 2141 4088 2361 4145; x_wconf 89' lang='lat' dir='ltr'><strong>semper</strong></span> <span class='ocrx_word' id='word_1_607' title='bbox 2421 4083 2804 4140; x_wconf 86' lang='lat' dir='ltr'><strong>accresceret,</strong></span> <span class='ocrx_word' id='word_1_608' title='bbox 2857 4074 3204 4130; x_wconf 88' lang='lat' dir='ltr'><strong>decresceret</strong></span> <span class='ocrx_word' id='word_1_609' title='bbox 3262 4085 3580 4140; x_wconf 87' lang='lat' dir='ltr'><strong>nunquam,</strong></span> <span class='ocrx_word' id='word_1_610' title='bbox 3630 4079 3739 4125; x_wconf 88' lang='lat' dir='ltr'><strong>aut</strong></span> 
     </span>
    </p>
   </div>
   <div class='ocr_carea' id='block_1_86' title="bbox 2138 4166 3736 4243">
    <p class='ocr_par' dir='ltr' id='par_1_86' title="bbox 2138 4166 3736 4243">
     <span class='ocr_line' id='line_1_86' title="bbox 2138 4166 3736 4243; baseline -0.004 -13"><span class='ocrx_word' id='word_1_611' title='bbox 2138 4174 2428 4241; x_wconf 81' lang='lat' dir='ltr'><strong>elllueret;</strong></span> <span class='ocrx_word' id='word_1_612' title='bbox 2498 4174 2803 4230; x_wconf 90' lang='lat' dir='ltr'><strong>catholicos</strong></span> <span class='ocrx_word' id='word_1_613' title='bbox 2860 4187 2990 4227; x_wconf 86' lang='lat' dir='ltr'><strong>vero</strong></span> <span class='ocrx_word' id='word_1_614' title='bbox 3028 4170 3319 4243; x_wconf 81' lang='lat' dir='ltr'><strong>psychicos</strong></span> <span class='ocrx_word' id='word_1_615' title='bbox 3362 4175 3418 4224; x_wconf 91' lang='lat' dir='ltr'><strong>et</strong></span> <span class='ocrx_word' id='word_1_616' title='bbox 3456 4166 3736 4223; x_wconf 86' lang='lat' dir='ltr'><strong>animales</strong></span> 
     </span>
    </p>
   </div>
   <div class='ocr_carea' id='block_1_87' title="bbox 2138 4258 3737 4336">
    <p class='ocr_par' dir='ltr' id='par_1_87' title="bbox 2138 4258 3737 4336">
     <span class='ocr_line' id='line_1_87' title="bbox 2138 4258 3737 4336; baseline -0.005 -16"><span class='ocrx_word' id='word_1_617' title='bbox 2138 4266 2494 4336; x_wconf 85' lang='lat' dir='ltr'><strong>contemptim</strong></span> <span class='ocrx_word' id='word_1_618' title='bbox 2534 4273 2817 4331; x_wconf 88' lang='lat' dir='ltr'><strong>vocarent,</strong></span> <span class='ocrx_word' id='word_1_619' title='bbox 2862 4263 2952 4333; x_wconf 89' lang='lat' dir='ltr'><strong>qui</strong></span> <span class='ocrx_word' id='word_1_620' title='bbox 2999 4264 3237 4334; x_wconf 85' lang='lat' dir='ltr'><strong>gratiam</strong></span> <span class='ocrx_word' id='word_1_621' title='bbox 3287 4258 3633 4316; x_wconf 87' lang='lat' dir='ltr'><strong>commodato</strong></span> <span class='ocrx_word' id='word_1_622' title='bbox 3670 4266 3737 4314; x_wconf 83' lang='lat' dir='ltr'><strong>et</strong></span> 
     </span>
    </p>
   </div>
   <div class='ocr_carea' id='block_1_88' title="bbox 2139 4349 3734 4428">
    <p class='ocr_par' dir='ltr' id='par_1_88' title="bbox 2139 4349 3734 4428">
     <span class='ocr_line' id='line_1_88' title="bbox 2139 4349 3734 4428; baseline -0.004 -19"><span class='ocrx_word' id='word_1_623' title='bbox 2139 4355 2195 4410; x_wconf 92' lang='lat' dir='ltr'><strong>in</strong></span> <span class='ocrx_word' id='word_1_624' title='bbox 2240 4357 2461 4428; x_wconf 88' lang='lat' dir='ltr'><strong>ancipiti</strong></span> <span class='ocrx_word' id='word_1_625' title='bbox 2500 4373 2600 4412; x_wconf 84' lang='lat' dir='ltr'><strong>usu</strong></span> <span class='ocrx_word' id='word_1_626' title='bbox 2652 4357 2732 4412; x_wconf 88' lang='lat' dir='ltr'><strong>sic</strong></span> <span class='ocrx_word' id='word_1_627' title='bbox 2764 4355 3130 4425; x_wconf 88' lang='lat' dir='ltr'><strong>accipiebant,</strong></span> <span class='ocrx_word' id='word_1_628' title='bbox 3180 4362 3241 4408; x_wconf 90' lang='lat' dir='ltr'><strong>ut</strong></span> <span class='ocrx_word' id='word_1_629' title='bbox 3285 4368 3350 4408; x_wconf 88' lang='lat' dir='ltr'><strong>ea</strong></span> <span class='ocrx_word' id='word_1_630' title='bbox 3401 4351 3510 4406; x_wconf 88' lang='lat' dir='ltr'><strong>illis</strong></span> <span class='ocrx_word' id='word_1_631' title='bbox 3554 4349 3734 4404; x_wconf 87' lang='lat' dir='ltr'><strong>adimi</strong></span> 
     </span>
    </p>
   </div>
   <div class='ocr_carea' id='block_1_89' title="bbox 2136 4443 3737 4522">
    <p class='ocr_par' dir='ltr' id='par_1_89' title="bbox 2136 4443 3737 4522">
     <span class='ocr_line' id='line_1_89' title="bbox 2136 4443 3737 4522; baseline -0.004 -17"><span class='ocrx_word' id='word_1_632' title='bbox 2136 4451 2262 4521; x_wconf 86' lang='lat' dir='ltr'><strong>jure</strong></span> <span class='ocrx_word' id='word_1_633' title='bbox 2288 4460 2495 4522; x_wconf 87' lang='lat' dir='ltr'><strong>posset.</strong></span> <span class='ocrx_word' id='word_1_634' title='bbox 2534 4450 2673 4518; x_wconf 84' lang='lat' dir='ltr'><strong>Quid</strong></span> <span class='ocrx_word' id='word_1_635' title='bbox 2711 4450 2785 4505; x_wconf 90' lang='lat' dir='ltr'><strong>sit</strong></span> <span class='ocrx_word' id='word_1_636' title='bbox 2827 4452 2929 4504; x_wconf 87' lang='lat' dir='ltr'><strong>ista</strong></span> <span class='ocrx_word' id='word_1_637' title='bbox 2971 4449 3297 4519; x_wconf 83' lang='lat' dir='ltr'><strong>spiritalium</strong></span> <span class='ocrx_word' id='word_1_638' title='bbox 3325 4445 3524 4518; x_wconf 90' lang='lat' dir='ltr'><strong>gratia,</strong></span> <span class='ocrx_word' id='word_1_639' title='bbox 3559 4443 3737 4514; x_wconf 86' lang='lat' dir='ltr'><strong>spiri-</strong></span> 
     </span>
    </p>
   </div>
   <div class='ocr_carea' id='block_1_90' title="bbox 450 4534 3735 4616">
    <p class='ocr_par' dir='ltr' id='par_1_90' title="bbox 450 4534 3735 4616">
     <span class='ocr_line' id='line_1_90' title="bbox 450 4534 3735 4616; baseline 0 -27"><span class='ocrx_word' id='word_1_640' title='bbox 450 4534 778 4593; x_wconf 85' lang='lat' dir='ltr'><strong>dill‘usurus.</strong></span> <span class='ocrx_word' id='word_1_641' title='bbox 830 4537 1138 4596; x_wconf 81' lang='lat' dir='ltr'><strong>Animalem</strong></span> <span class='ocrx_word' id='word_1_642' title='bbox 1164 4542 1354 4607; x_wconf 86' lang='lat' dir='ltr'><strong>etiam,</strong></span> <span class='ocrx_word' id='word_1_643' title='bbox 1386 4554 1443 4599; x_wconf 91' lang='lat' dir='ltr'><strong>et</strong></span> <span class='ocrx_word' id='word_1_644' title='bbox 1473 4560 1593 4599; x_wconf 87' lang='lat' dir='ltr'><strong>eam</strong></span> <span class='ocrx_word' id='word_1_645' title='bbox 1628 4562 1751 4616; x_wconf 66' lang='lat' dir='ltr'><strong>quae</strong></span> <span class='ocrx_word' id='word_1_646' title='bbox 1786 4548 1957 4602; x_wconf 83' lang='lat' dir='ltr'><strong>videri</strong></span> <span class='ocrx_word' id='word_1_647' title='bbox 1981 4558 2036 4604; x_wconf 82' lang='lat' dir='ltr'><strong>et.</strong></span> <span class='ocrx_word' id='word_1_648' title='bbox 2067 4540 2111 4595; x_wconf 93' lang='lat' dir='ltr'><strong>D</strong></span> <span class='ocrx_word' id='word_1_649' title='bbox 2143 4544 2248 4599; x_wconf 86' lang='lat' dir='ltr'><strong>tale</strong></span> <span class='ocrx_word' id='word_1_650' title='bbox 2277 4543 2408 4598; x_wconf 82' lang='lat' dir='ltr'><strong>illud</strong></span> <span class='ocrx_word' id='word_1_651' title='bbox 2451 4558 2663 4608; x_wconf 88' lang='lat' dir='ltr'><strong>semen,</strong></span> <span class='ocrx_word' id='word_1_652' title='bbox 2701 4559 2807 4613; x_wconf 85' lang='lat' dir='ltr'><strong>quo</strong></span> <span class='ocrx_word' id='word_1_653' title='bbox 2840 4543 3132 4613; x_wconf 89' lang='lat' dir='ltr'><strong>superbius</strong></span> <span class='ocrx_word' id='word_1_654' title='bbox 3168 4540 3553 4603; x_wconf 69' lang='lat' dir='ltr'><strong>efferebantur,</strong></span> <span class='ocrx_word' id='word_1_655' title='bbox 3581 4537 3735 4592; x_wconf 81' lang='lat' dir='ltr'><strong>dixi-</strong></span> 
     </span>
    </p>
   </div>
   <div class='ocr_carea' id='block_1_91' title="bbox 452 4628 2036 4705">
    <p class='ocr_par' dir='ltr' id='par_1_91' title="bbox 452 4628 2036 4705">
     <span class='ocr_line' id='line_1_91' title="bbox 452 4628 2036 4705; baseline 0.009 -25"><span class='ocrx_word' id='word_1_656' title='bbox 452 4628 602 4698; x_wconf 87' lang='lat' dir='ltr'><strong>tangi</strong></span> <span class='ocrx_word' id='word_1_657' title='bbox 633 4642 840 4699; x_wconf 85' lang='lat' dir='ltr'><strong>posset,</strong></span> <span class='ocrx_word' id='word_1_658' title='bbox 867 4646 1151 4687; x_wconf 89' lang='lat' dir='ltr'><strong>assumere</strong></span> <span class='ocrx_word' id='word_1_659' title='bbox 1175 4633 1397 4699; x_wconf 87' lang='lat' dir='ltr'><strong>debuit;</strong></span> <span class='ocrx_word' id='word_1_660' title='bbox 1431 4638 1559 4705; x_wconf 87' lang='lat' dir='ltr'><strong>quia</strong></span> <span class='ocrx_word' id='word_1_661' title='bbox 1584 4653 1710 4692; x_wconf 93' lang='lat' dir='ltr'><strong>cum</strong></span> <span class='ocrx_word' id='word_1_662' title='bbox 1742 4648 1797 4693; x_wconf 93' lang='lat' dir='ltr'><strong>et</strong></span> <span class='ocrx_word' id='word_1_663' title='bbox 1822 4641 2036 4695; x_wconf 91' lang='lat' dir='ltr'><strong>anima-</strong></span> 
     </span>
    </p>
   </div>
   <div class='ocr_carea' id='block_1_92' title="bbox 450 4718 2035 4802">
    <p class='ocr_par' dir='ltr' id='par_1_92' title="bbox 450 4718 2035 4802">
     <span class='ocr_line' id='line_1_92' title="bbox 450 4718 2035 4802; baseline 0.01 -30"><span class='ocrx_word' id='word_1_664' title='bbox 450 4718 595 4775; x_wconf 89' lang='lat' dir='ltr'><strong>libus</strong></span> <span class='ocrx_word' id='word_1_665' title='bbox 632 4721 946 4781; x_wconf 91' lang='lat' dir='ltr'><strong>hominibus</strong></span> <span class='ocrx_word' id='word_1_666' title='bbox 968 4724 1203 4780; x_wconf 84' lang='lat' dir='ltr'><strong>salutem</strong></span> <span class='ocrx_word' id='word_1_667' title='bbox 1231 4726 1610 4797; x_wconf 90' lang='lat' dir='ltr'><strong>impertiturus</strong></span> <span class='ocrx_word' id='word_1_668' title='bbox 1633 4742 1800 4797; x_wconf 88' lang='lat' dir='ltr'><strong>esset,</strong></span> <span class='ocrx_word' id='word_1_669' title='bbox 1837 4734 2035 4802; x_wconf 91' lang='lat' dir='ltr'><strong>iisque,</strong></span> 
     </span>
    </p>
   </div>
   <div class='ocr_carea' id='block_1_93' title="bbox 450 4814 2034 4891">
    <p class='ocr_par' dir='ltr' id='par_1_93' title="bbox 450 4814 2034 4891">
     <span class='ocr_line' id='line_1_93' title="bbox 450 4814 2034 4891; baseline 0.009 -26"><span class='ocrx_word' id='word_1_670' title='bbox 450 4821 641 4882; x_wconf 90' lang='lat' dir='ltr'><strong>utpote</strong></span> <span class='ocrx_word' id='word_1_671' title='bbox 686 4814 923 4883; x_wconf 80' lang='lat' dir='ltr'><strong>spiritali</strong></span> <span class='ocrx_word' id='word_1_672' title='bbox 970 4818 1185 4874; x_wconf 89' lang='lat' dir='ltr'><strong>semine</strong></span> <span class='ocrx_word' id='word_1_673' title='bbox 1237 4832 1331 4874; x_wconf 90' lang='lat' dir='ltr'><strong>seu</strong></span> <span class='ocrx_word' id='word_1_674' title='bbox 1385 4822 1670 4891; x_wconf 85' lang='lat' dir='ltr'><strong>agnitione</strong></span> <span class='ocrx_word' id='word_1_675' title='bbox 1732 4824 2034 4890; x_wconf 82' lang='lat' dir='ltr'><strong>destitutis,</strong></span> 
     </span>
    </p>
   </div>
   <div class='ocr_carea' id='block_1_94' title="bbox 449 4906 2035 4988">
    <p class='ocr_par' dir='ltr' id='par_1_94' title="bbox 449 4906 2035 4988">
     <span class='ocr_line' id='line_1_94' title="bbox 449 4906 2035 4988; baseline 0.008 -28"><span class='ocrx_word' id='word_1_676' title='bbox 449 4920 593 4960; x_wconf 89' lang='lat' dir='ltr'><strong>unus</strong></span> <span class='ocrx_word' id='word_1_677' title='bbox 621 4906 803 4962; x_wconf 88' lang='lat' dir='ltr'><strong>aditus</strong></span> <span class='ocrx_word' id='word_1_678' title='bbox 838 4910 905 4963; x_wconf 91' lang='lat' dir='ltr'><strong>ad</strong></span> <span class='ocrx_word' id='word_1_679' title='bbox 934 4926 1053 4967; x_wconf 89' lang='lat' dir='ltr'><strong>eam</strong></span> <span class='ocrx_word' id='word_1_680' title='bbox 1095 4930 1193 4985; x_wconf 90' lang='lat' dir='ltr'><strong>per</strong></span> <span class='ocrx_word' id='word_1_681' title='bbox 1237 4916 1395 4971; x_wconf 72' lang='lat' dir='ltr'><strong>(idem</strong></span> <span class='ocrx_word' id='word_1_682' title='bbox 1430 4927 1485 4971; x_wconf 91' lang='lat' dir='ltr'><strong>et</strong></span> <span class='ocrx_word' id='word_1_683' title='bbox 1520 4919 1659 4972; x_wconf 89' lang='lat' dir='ltr'><strong>bona</strong></span> <span class='ocrx_word' id='word_1_684' title='bbox 1706 4933 1867 4988; x_wconf 84' lang='lat' dir='ltr'><strong>opera</strong></span> <span class='ocrx_word' id='word_1_685' title='bbox 1899 4935 2035 4988; x_wconf 87' lang='lat' dir='ltr'><strong>pan-</strong></span> 
     </span>
    </p>
   </div>
   <div class='ocr_carea' id='block_1_95' title="bbox 433 4996 2035 5079">
    <p class='ocr_par' dir='ltr' id='par_1_95' title="bbox 433 4996 2035 5079">
     <span class='ocr_line' id='line_1_95' title="bbox 433 4996 2035 5079; baseline 0.008 -25"><span class='ocrx_word' id='word_1_686' title='bbox 433 4996 648 5065; x_wconf 36' lang='lat' dir='ltr'><strong>‘datur;</strong></span> <span class='ocrx_word' id='word_1_687' title='bbox 694 5014 920 5058; x_wconf 85' lang='lat' dir='ltr'><strong>necesse</strong></span> <span class='ocrx_word' id='word_1_688' title='bbox 969 5016 1092 5062; x_wconf 90' lang='lat' dir='ltr'><strong>erat</strong></span> <span class='ocrx_word' id='word_1_689' title='bbox 1139 5008 1208 5063; x_wconf 89' lang='lat' dir='ltr'><strong>iis</strong></span> <span class='ocrx_word' id='word_1_690' title='bbox 1244 5010 1441 5064; x_wconf 90' lang='lat' dir='ltr'><strong>similis</strong></span> <span class='ocrx_word' id='word_1_691' title='bbox 1486 5026 1550 5065; x_wconf 93' lang='lat' dir='ltr'><strong>ac</strong></span> <span class='ocrx_word' id='word_1_692' title='bbox 1580 5012 1813 5067; x_wconf 89' lang='lat' dir='ltr'><strong>visibilis</strong></span> <span class='ocrx_word' id='word_1_693' title='bbox 1856 5014 2035 5079; x_wconf 81' lang='lat' dir='ltr'><strong>ﬁeret,</strong></span> 
     </span>
    </p>
   </div>
   <div class='ocr_carea' id='block_1_96' title="bbox 444 5092 2035 5172">
    <p class='ocr_par' dir='ltr' id='par_1_96' title="bbox 444 5092 2035 5172">
     <span class='ocr_line' id='line_1_96' title="bbox 444 5092 2035 5172; baseline 0.011 -28"><span class='ocrx_word' id='word_1_694' title='bbox 444 5105 559 5162; x_wconf 88' lang='lat' dir='ltr'><strong>quo</strong></span> <span class='ocrx_word' id='word_1_695' title='bbox 598 5092 705 5147; x_wconf 86' lang='lat' dir='ltr'><strong>dux</strong></span> <span class='ocrx_word' id='word_1_696' title='bbox 722 5110 912 5150; x_wconf 84' lang='lat' dir='ltr'><strong>eorum</strong></span> <span class='ocrx_word' id='word_1_697' title='bbox 958 5109 1013 5154; x_wconf 91' lang='lat' dir='ltr'><strong>et</strong></span> <span class='ocrx_word' id='word_1_698' title='bbox 1055 5104 1313 5172; x_wconf 88' lang='lat' dir='ltr'><strong>magister</strong></span> <span class='ocrx_word' id='word_1_699' title='bbox 1343 5105 1620 5160; x_wconf 88' lang='lat' dir='ltr'><strong>evaderet.</strong></span> <span class='ocrx_word' id='word_1_700' title='bbox 1664 5103 1758 5161; x_wconf 84' lang='lat' dir='ltr'><strong>llis</strong></span> <span class='ocrx_word' id='word_1_701' title='bbox 1782 5108 2035 5163; x_wconf 90' lang='lat' dir='ltr'><strong>omnibus</strong></span> 
     </span>
    </p>
   </div>
   <div class='ocr_carea' id='block_1_97' title="bbox 447 5185 2032 5267">
    <p class='ocr_par' dir='ltr' id='par_1_97' title="bbox 447 5185 2032 5267">
     <span class='ocr_line' id='line_1_97' title="bbox 447 5185 2032 5267; baseline 0.008 -29"><span class='ocrx_word' id='word_1_702' title='bbox 447 5185 717 5241; x_wconf 74' lang='lat' dir='ltr'><strong>accedere</strong></span> <span class='ocrx_word' id='word_1_703' title='bbox 771 5186 961 5242; x_wconf 84' lang='lat' dir='ltr'><strong>debuit</strong></span> <span class='ocrx_word' id='word_1_704' title='bbox 1024 5191 1092 5244; x_wconf 91' lang='lat' dir='ltr'><strong>de</strong></span> <span class='ocrx_word' id='word_1_705' title='bbox 1139 5197 1393 5261; x_wconf 90' lang='lat' dir='ltr'><strong>supernis</strong></span> <span class='ocrx_word' id='word_1_706' title='bbox 1441 5194 1716 5258; x_wconf 86' lang='lat' dir='ltr'><strong>Salvator.</strong></span> <span class='ocrx_word' id='word_1_707' title='bbox 1771 5197 1862 5267; x_wconf 92' lang='lat' dir='ltr'><strong>qui</strong></span> <span class='ocrx_word' id='word_1_708' title='bbox 1905 5195 2032 5252; x_wconf 83' lang='lat' dir='ltr'><strong>Jesu</strong></span> 
     </span>
    </p>
   </div>
   <div class='ocr_carea' id='block_1_98' title="bbox 446 5273 2033 5355">
    <p class='ocr_par' dir='ltr' id='par_1_98' title="bbox 446 5273 2033 5355">
     <span class='ocr_line' id='line_1_98' title="bbox 446 5273 2033 5355; baseline 0.006 -24"><span class='ocrx_word' id='word_1_709' title='bbox 446 5273 662 5331; x_wconf 86' lang='lat' dir='ltr'><strong>Christi</strong></span> <span class='ocrx_word' id='word_1_710' title='bbox 706 5286 943 5333; x_wconf 91' lang='lat' dir='ltr'><strong>mentem</strong></span> <span class='ocrx_word' id='word_1_711' title='bbox 972 5278 1300 5337; x_wconf 87' lang='lat' dir='ltr'><strong>Pleromatis</strong></span> <span class='ocrx_word' id='word_1_712' title='bbox 1353 5288 1629 5355; x_wconf 87' lang='lat' dir='ltr'><strong>mysteriis</strong></span> <span class='ocrx_word' id='word_1_713' title='bbox 1676 5286 2033 5354; x_wconf 81' lang='lat' dir='ltr'><strong>informaret;</strong></span> 
     </span>
    </p>
   </div>
   <div class='ocr_carea' id='block_1_99' title="bbox 448 5367 2033 5448">
    <p class='ocr_par' dir='ltr' id='par_1_99' title="bbox 448 5367 2033 5448">
     <span class='ocr_line' id='line_1_99' title="bbox 448 5367 2033 5448; baseline 0.008 -28"><span class='ocrx_word' id='word_1_714' title='bbox 448 5367 605 5436; x_wconf 85' lang='lat' dir='ltr'><strong>isque</strong></span> <span class='ocrx_word' id='word_1_715' title='bbox 638 5369 765 5423; x_wconf 90' lang='lat' dir='ltr'><strong>huic</strong></span> <span class='ocrx_word' id='word_1_716' title='bbox 797 5371 1067 5426; x_wconf 90' lang='lat' dir='ltr'><strong>uniendus</strong></span> <span class='ocrx_word' id='word_1_717' title='bbox 1098 5386 1163 5426; x_wconf 93' lang='lat' dir='ltr'><strong>eo</strong></span> <span class='ocrx_word' id='word_1_718' title='bbox 1188 5374 1450 5431; x_wconf 82' lang='lat' dir='ltr'><strong>unitiOnis</strong></span> <span class='ocrx_word' id='word_1_719' title='bbox 1482 5392 1702 5445; x_wconf 87' lang='lat' dir='ltr'><strong>genere,</strong></span> <span class='ocrx_word' id='word_1_720' title='bbox 1742 5380 1883 5448; x_wconf 86' lang='lat' dir='ltr'><strong>quod</strong></span> <span class='ocrx_word' id='word_1_721' title='bbox 1910 5393 2033 5448; x_wconf 88' lang='lat' dir='ltr'><strong>pro-</strong></span> 
     </span>
    </p>
   </div>
   <div class='ocr_carea' id='block_1_100' title="bbox 444 5462 2034 5539">
    <p class='ocr_par' dir='ltr' id='par_1_100' title="bbox 444 5462 2034 5539">
     <span class='ocr_line' id='line_1_100' title="bbox 444 5462 2034 5539; baseline 0.009 -25"><span class='ocrx_word' id='word_1_722' title='bbox 444 5462 537 5515; x_wconf 89' lang='lat' dir='ltr'><strong>cul</strong></span> <span class='ocrx_word' id='word_1_723' title='bbox 580 5463 650 5517; x_wconf 89' lang='lat' dir='ltr'><strong>ab</strong></span> <span class='ocrx_word' id='word_1_724' title='bbox 702 5464 1056 5533; x_wconf 74' lang='lat' dir='ltr'><strong>hypostatico</strong></span> <span class='ocrx_word' id='word_1_725' title='bbox 1105 5469 1396 5535; x_wconf 88' lang='lat' dir='ltr'><strong>dissideat,</strong></span> <span class='ocrx_word' id='word_1_726' title='bbox 1443 5471 1692 5539; x_wconf 88' lang='lat' dir='ltr'><strong>nihilque</strong></span> <span class='ocrx_word' id='word_1_727' title='bbox 1733 5474 1838 5527; x_wconf 93' lang='lat' dir='ltr'><strong>nisi</strong></span> <span class='ocrx_word' id='word_1_728' title='bbox 1884 5490 2034 5529; x_wconf 90' lang='lat' dir='ltr'><strong>mere</strong></span> 
     </span>
    </p>
   </div>
   <div class='ocr_carea' id='block_1_101' title="bbox 450 5555 2034 5637">
    <p class='ocr_par' dir='ltr' id='par_1_101' title="bbox 450 5555 2034 5637">
     <span class='ocr_line' id='line_1_101' title="bbox 450 5555 2034 5637; baseline 0.011 -32"><span class='ocrx_word' id='word_1_729' title='bbox 450 5555 661 5609; x_wconf 80' lang='lat' dir='ltr'><strong>morale</strong></span> <span class='ocrx_word' id='word_1_730' title='bbox 701 5566 888 5624; x_wconf 91' lang='lat' dir='ltr'><strong>sonet;</strong></span> <span class='ocrx_word' id='word_1_731' title='bbox 930 5574 995 5614; x_wconf 93' lang='lat' dir='ltr'><strong>ac</strong></span> <span class='ocrx_word' id='word_1_732' title='bbox 1028 5559 1214 5614; x_wconf 85' lang='lat' dir='ltr'><strong>Jesum</strong></span> <span class='ocrx_word' id='word_1_733' title='bbox 1255 5576 1284 5614; x_wconf 91' lang='lat' dir='ltr'><strong>a</strong></span> <span class='ocrx_word' id='word_1_734' title='bbox 1323 5566 1596 5617; x_wconf 87' lang='lat' dir='ltr'><strong>communi</strong></span> <span class='ocrx_word' id='word_1_735' title='bbox 1646 5566 1923 5621; x_wconf 90' lang='lat' dir='ltr'><strong>hominum</strong></span> <span class='ocrx_word' id='word_1_736' title='bbox 1964 5568 2034 5637; x_wconf 89' lang='lat' dir='ltr'><strong>(si</strong></span> 
     </span>
    </p>
   </div>
   <div class='ocr_carea' id='block_1_102' title="bbox 449 5645 2036 5726">
    <p class='ocr_par' dir='ltr' id='par_1_102' title="bbox 449 5645 2036 5726">
     <span class='ocr_line' id='line_1_102' title="bbox 449 5645 2036 5726; baseline 0.011 -31"><span class='ocrx_word' id='word_1_737' title='bbox 449 5652 633 5698; x_wconf 85' lang='lat' dir='ltr'><strong>tamen</strong></span> <span class='ocrx_word' id='word_1_738' title='bbox 670 5645 834 5702; x_wconf 89' lang='lat' dir='ltr'><strong>homo</strong></span> <span class='ocrx_word' id='word_1_739' title='bbox 865 5647 1156 5717; x_wconf 86' lang='lat' dir='ltr'><strong>dicendus,</strong></span> <span class='ocrx_word' id='word_1_740' title='bbox 1185 5652 1274 5706; x_wconf 90' lang='lat' dir='ltr'><strong>cui</strong></span> <span class='ocrx_word' id='word_1_741' title='bbox 1294 5667 1494 5720; x_wconf 82' lang='lat' dir='ltr'><strong>corpus</strong></span> <span class='ocrx_word' id='word_1_742' title='bbox 1529 5655 1824 5710; x_wconf 76' lang='lat' dir='ltr'><strong>:ethereutn</strong></span> <span class='ocrx_word' id='word_1_743' title='bbox 1855 5660 2036 5726; x_wconf 85' lang='lat' dir='ltr'><strong>potius</strong></span> 
     </span>
    </p>
   </div>
   <div class='ocr_carea' id='block_1_103' title="bbox 448 5736 2033 5813">
    <p class='ocr_par' dir='ltr' id='par_1_103' title="bbox 448 5736 2033 5813">
     <span class='ocr_line' id='line_1_103' title="bbox 448 5736 2033 5813; baseline 0.009 -26"><span class='ocrx_word' id='word_1_744' title='bbox 448 5741 505 5788; x_wconf 87' lang='lat' dir='ltr'><strong>et</strong></span> <span class='ocrx_word' id='word_1_745' title='bbox 536 5736 965 5810; x_wconf 85' lang='lat' dir='ltr'><strong>phantasticum,</strong></span> <span class='ocrx_word' id='word_1_746' title='bbox 1008 5757 1169 5810; x_wconf 87' lang='lat' dir='ltr'><strong>quam</strong></span> <span class='ocrx_word' id='word_1_747' title='bbox 1217 5742 1514 5798; x_wconf 87' lang='lat' dir='ltr'><strong>humanum</strong></span> <span class='ocrx_word' id='word_1_748' title='bbox 1558 5746 1700 5813; x_wconf 76' lang='lat' dir='ltr'><strong>erat)</strong></span> <span class='ocrx_word' id='word_1_749' title='bbox 1732 5760 1881 5804; x_wconf 89' lang='lat' dir='ltr'><strong>sorte</strong></span> <span class='ocrx_word' id='word_1_750' title='bbox 1927 5765 2033 5803; x_wconf 89' lang='lat' dir='ltr'><strong>non</strong></span> 
     </span>
    </p>
   </div>
   <div class='ocr_carea' id='block_1_104' title="bbox 2143 4630 3729 4703">
    <p class='ocr_par' dir='ltr' id='par_1_104' title="bbox 2143 4630 3729 4703">
     <span class='ocr_line' id='line_1_104' title="bbox 2143 4630 3729 4703; baseline -0.004 -14"><span class='ocrx_word' id='word_1_751' title='bbox 2143 4648 2280 4689; x_wconf 89' lang='lat' dir='ltr'><strong>mus.</strong></span> <span class='ocrx_word' id='word_1_752' title='bbox 2313 4633 2563 4703; x_wconf 89' lang='lat' dir='ltr'><strong>Supremi</strong></span> <span class='ocrx_word' id='word_1_753' title='bbox 2620 4633 2820 4697; x_wconf 88' lang='lat' dir='ltr'><strong>Patris,</strong></span> <span class='ocrx_word' id='word_1_754' title='bbox 2861 4650 3037 4703; x_wconf 87' lang='lat' dir='ltr'><strong>usque</strong></span> <span class='ocrx_word' id='word_1_755' title='bbox 3077 4635 3144 4688; x_wconf 91' lang='lat' dir='ltr'><strong>ad</strong></span> <span class='ocrx_word' id='word_1_756' title='bbox 3188 4631 3323 4686; x_wconf 81' lang='lat' dir='ltr'><strong>Novi</strong></span> <span class='ocrx_word' id='word_1_757' title='bbox 3378 4630 3729 4685; x_wconf 88' lang='lat' dir='ltr'><strong>Testatnenti</strong></span> 
     </span>
    </p>
   </div>
   <div class='ocr_carea' id='block_1_105' title="bbox 2141 4727 3731 4798">
    <p class='ocr_par' dir='ltr' id='par_1_105' title="bbox 2141 4727 3731 4798">
     <span class='ocr_line' id='line_1_105' title="bbox 2141 4727 3731 4798; baseline -0.002 -17"><span class='ocrx_word' id='word_1_758' title='bbox 2141 4736 2383 4797; x_wconf 89' lang='lat' dir='ltr'><strong>tempora</strong></span> <span class='ocrx_word' id='word_1_759' title='bbox 2422 4728 2715 4781; x_wconf 91' lang='lat' dir='ltr'><strong>invisibilis</strong></span> <span class='ocrx_word' id='word_1_760' title='bbox 2743 4738 2798 4781; x_wconf 90' lang='lat' dir='ltr'><strong>et</strong></span> <span class='ocrx_word' id='word_1_761' title='bbox 2830 4728 3022 4797; x_wconf 88' lang='lat' dir='ltr'><strong>ignoti,</strong></span> <span class='ocrx_word' id='word_1_762' title='bbox 3066 4727 3272 4798; x_wconf 88' lang='lat' dir='ltr'><strong>agnitio</strong></span> <span class='ocrx_word' id='word_1_763' title='bbox 3313 4735 3417 4793; x_wconf 88' lang='lat' dir='ltr'><strong>est,</strong></span> <span class='ocrx_word' id='word_1_764' title='bbox 3452 4739 3731 4795; x_wconf 78' lang='lat' dir='ltr'><strong>superno-</strong></span> 
     </span>
    </p>
   </div>
   <div class='ocr_carea' id='block_1_106' title="bbox 2140 4816 3729 4888">
    <p class='ocr_par' dir='ltr' id='par_1_106' title="bbox 2140 4816 3729 4888">
     <span class='ocr_line' id='line_1_106' title="bbox 2140 4816 3729 4888; baseline 0.001 -18"><span class='ocrx_word' id='word_1_765' title='bbox 2140 4832 2369 4886; x_wconf 87' lang='lat' dir='ltr'><strong>rutnqne</strong></span> <span class='ocrx_word' id='word_1_766' title='bbox 2406 4816 2732 4873; x_wconf 85' lang='lat' dir='ltr'><strong>Pleromatis</strong></span> <span class='ocrx_word' id='word_1_767' title='bbox 2777 4834 3104 4874; x_wconf 85' lang='lat' dir='ltr'><strong>arcanorum</strong></span> <span class='ocrx_word' id='word_1_768' title='bbox 3139 4820 3372 4873; x_wconf 86' lang='lat' dir='ltr'><strong>scientia</strong></span> <span class='ocrx_word' id='word_1_769' title='bbox 3415 4833 3513 4888; x_wconf 90' lang='lat' dir='ltr'><strong>per</strong></span> <span class='ocrx_word' id='word_1_770' title='bbox 3538 4816 3729 4887; x_wconf 46' lang='lat' dir='ltr'><strong>.Chri-</strong></span> 
     </span>
    </p>
   </div>
   <div class='ocr_carea' id='block_1_107' title="bbox 2140 4908 3733 4979">
    <p class='ocr_par' dir='ltr' id='par_1_107' title="bbox 2140 4908 3733 4979">
     <span class='ocr_line' id='line_1_107' title="bbox 2140 4908 3733 4979; baseline 0.001 -17"><span class='ocrx_word' id='word_1_771' title='bbox 2140 4908 2208 4962; x_wconf 90' lang='lat' dir='ltr'><strong>sti</strong></span> <span class='ocrx_word' id='word_1_772' title='bbox 2234 4909 2531 4963; x_wconf 88' lang='lat' dir='ltr'><strong>adventum</strong></span> <span class='ocrx_word' id='word_1_773' title='bbox 2578 4910 2893 4966; x_wconf 91' lang='lat' dir='ltr'><strong>hominibus</strong></span> <span class='ocrx_word' id='word_1_774' title='bbox 2940 4911 3135 4975; x_wconf 92' lang='lat' dir='ltr'><strong>indita,</strong></span> <span class='ocrx_word' id='word_1_775' title='bbox 3185 4925 3294 4979; x_wconf 91' lang='lat' dir='ltr'><strong>qua</strong></span> <span class='ocrx_word' id='word_1_776' title='bbox 3325 4910 3463 4975; x_wconf 89' lang='lat' dir='ltr'><strong>sola,</strong></span> <span class='ocrx_word' id='word_1_777' title='bbox 3506 4910 3733 4963; x_wconf 59' lang='lat' dir='ltr'><strong>caeteris</strong></span> 
     </span>
    </p>
   </div>
   <div class='ocr_carea' id='block_1_108' title="bbox 2138 4997 3734 5069">
    <p class='ocr_par' dir='ltr' id='par_1_108' title="bbox 2138 4997 3734 5069">
     <span class='ocr_line' id='line_1_108' title="bbox 2138 4997 3734 5069; baseline -0.002 -17"><span class='ocrx_word' id='word_1_778' title='bbox 2138 4998 2398 5053; x_wconf 89' lang='lat' dir='ltr'><strong>omnibus</strong></span> <span class='ocrx_word' id='word_1_779' title='bbox 2427 5000 2625 5069; x_wconf 86' lang='lat' dir='ltr'><strong>spretis</strong></span> <span class='ocrx_word' id='word_1_780' title='bbox 2649 5008 2704 5054; x_wconf 91' lang='lat' dir='ltr'><strong>et</strong></span> <span class='ocrx_word' id='word_1_781' title='bbox 2733 5000 2975 5065; x_wconf 79' lang='lat' dir='ltr'><strong>omissis,</strong></span> <span class='ocrx_word' id='word_1_782' title='bbox 3008 4998 3242 5053; x_wconf 89' lang='lat' dir='ltr'><strong>salutem</strong></span> <span class='ocrx_word' id='word_1_783' title='bbox 3269 4997 3583 5065; x_wconf 89' lang='lat' dir='ltr'><strong>comparari</strong></span> <span class='ocrx_word' id='word_1_784' title='bbox 3620 5012 3734 5067; x_wconf 88' lang='lat' dir='ltr'><strong>pu-</strong></span> 
     </span>
    </p>
   </div>
   <div class='ocr_carea' id='block_1_109' title="bbox 2141 5090 3738 5147">
    <p class='ocr_par' dir='ltr' id='par_1_109' title="bbox 2141 5090 3738 5147">
     <span class='ocr_line' id='line_1_109' title="bbox 2141 5090 3738 5147; baseline -0.002 -1"><span class='ocrx_word' id='word_1_785' title='bbox 2141 5093 2350 5147; x_wconf 86' lang='lat' dir='ltr'><strong>tabant.</strong></span> <span class='ocrx_word' id='word_1_786' title='bbox 2390 5090 2541 5147; x_wconf 73' lang='lat' dir='ltr'><strong>lianc</strong></span> <span class='ocrx_word' id='word_1_787' title='bbox 2566 5108 2678 5147; x_wconf 61' lang='lat' dir='ltr'><strong>sua!</strong></span> <span class='ocrx_word' id='word_1_788' title='bbox 2713 5093 2975 5147; x_wconf 78' lang='lat' dir='ltr'><strong>duntaxat</strong></span> <span class='ocrx_word' id='word_1_789' title='bbox 3004 5100 3167 5147; x_wconf 67' lang='lat' dir='ltr'><strong>secta!</strong></span> <span class='ocrx_word' id='word_1_790' title='bbox 3192 5091 3504 5147; x_wconf 89' lang='lat' dir='ltr'><strong>hominibus</strong></span> <span class='ocrx_word' id='word_1_791' title='bbox 3523 5105 3738 5145; x_wconf 87' lang='lat' dir='ltr'><strong>conce-</strong></span> 
     </span>
    </p>
   </div>
   <div class='ocr_carea' id='block_1_110' title="bbox 2137 5182 3731 5254">
    <p class='ocr_par' dir='ltr' id='par_1_110' title="bbox 2137 5182 3731 5254">
     <span class='ocr_line' id='line_1_110' title="bbox 2137 5182 3731 5254; baseline 0 -17"><span class='ocrx_word' id='word_1_792' title='bbox 2137 5183 2363 5250; x_wconf 86' lang='lat' dir='ltr'><strong>debant,</strong></span> <span class='ocrx_word' id='word_1_793' title='bbox 2417 5182 2540 5238; x_wconf 88' lang='lat' dir='ltr'><strong>aliis</strong></span> <span class='ocrx_word' id='word_1_794' title='bbox 2567 5185 2821 5238; x_wconf 88' lang='lat' dir='ltr'><strong>omnibus</strong></span> <span class='ocrx_word' id='word_1_795' title='bbox 2851 5184 3216 5254; x_wconf 87' lang='lat' dir='ltr'><strong>denegabant,</strong></span> <span class='ocrx_word' id='word_1_796' title='bbox 3257 5192 3443 5253; x_wconf 89' lang='lat' dir='ltr'><strong>utpote</strong></span> <span class='ocrx_word' id='word_1_797' title='bbox 3488 5197 3731 5252; x_wconf 90' lang='lat' dir='ltr'><strong>quorum</strong></span> 
     </span>
    </p>
   </div>
   <div class='ocr_carea' id='block_1_111' title="bbox 2124 5275 3730 5357">
    <p class='ocr_par' dir='ltr' id='par_1_111' title="bbox 2124 5275 3730 5357">
     <span class='ocr_line' id='line_1_111' title="bbox 2124 5275 3730 5357; baseline -0.001 -28"><span class='ocrx_word' id='word_1_798' title='bbox 2124 5285 2358 5357; x_wconf 34' lang='lat' dir='ltr'><strong>.captum</strong></span> <span class='ocrx_word' id='word_1_799' title='bbox 2387 5287 2671 5347; x_wconf 88' lang='lat' dir='ltr'><strong>superaret</strong></span> <span class='ocrx_word' id='word_1_800' title='bbox 2700 5291 2763 5331; x_wconf 88' lang='lat' dir='ltr'><strong>ea</strong></span> <span class='ocrx_word' id='word_1_801' title='bbox 2792 5277 2992 5346; x_wconf 80' lang='grc' dir='ltr'><strong>γνῶσις</strong></span> <span class='ocrx_word' id='word_1_802' title='bbox 3019 5293 3034 5343; x_wconf 85' lang='grc'>;</span> <span class='ocrx_word' id='word_1_803' title='bbox 3070 5278 3123 5331; x_wconf 92' lang='lat' dir='ltr'><strong>in</strong></span> <span class='ocrx_word' id='word_1_804' title='bbox 3154 5276 3354 5346; x_wconf 91' lang='lat' dir='ltr'><strong>quibus</strong></span> <span class='ocrx_word' id='word_1_805' title='bbox 3392 5277 3621 5344; x_wconf 87' lang='lat' dir='ltr'><strong>proinde</strong></span> <span class='ocrx_word' id='word_1_806' title='bbox 3643 5275 3730 5328; x_wconf 80' lang='lat' dir='ltr'><strong>In-</strong></span> 
     </span>
    </p>
   </div>
   <div class='ocr_carea' id='block_1_112' title="bbox 2137 5366 3729 5438">
    <p class='ocr_par' dir='ltr' id='par_1_112' title="bbox 2137 5366 3729 5438">
     <span class='ocr_line' id='line_1_112' title="bbox 2137 5366 3729 5438; baseline 0 -18"><span class='ocrx_word' id='word_1_807' title='bbox 2137 5380 2260 5420; x_wconf 91' lang='lat' dir='ltr'><strong>cum</strong></span> <span class='ocrx_word' id='word_1_808' title='bbox 2293 5367 2501 5422; x_wconf 85' lang='lat' dir='ltr'><strong>habere</strong></span> <span class='ocrx_word' id='word_1_809' title='bbox 2528 5368 2814 5422; x_wconf 88' lang='lat' dir='ltr'><strong>crederent</strong></span> <span class='ocrx_word' id='word_1_810' title='bbox 2843 5370 3015 5424; x_wconf 83' lang='lat' dir='ltr'><strong>solam</strong></span> <span class='ocrx_word' id='word_1_811' title='bbox 3052 5370 3241 5433; x_wconf 77' lang='lat' dir='ltr'><strong>ﬁdem,</strong></span> <span class='ocrx_word' id='word_1_812' title='bbox 3282 5367 3605 5438; x_wconf 90' lang='lat' dir='ltr'><strong>implicitam</strong></span> <span class='ocrx_word' id='word_1_813' title='bbox 3634 5366 3729 5421; x_wconf 85' lang='lat' dir='ltr'><strong>ni-</strong></span> 
     </span>
    </p>
   </div>
   <div class='ocr_carea' id='block_1_113' title="bbox 2140 5460 3727 5531">
    <p class='ocr_par' dir='ltr' id='par_1_113' title="bbox 2140 5460 3727 5531">
     <span class='ocr_line' id='line_1_113' title="bbox 2140 5460 3727 5531; baseline 0.004 -20"><span class='ocrx_word' id='word_1_814' title='bbox 2140 5460 2361 5525; x_wconf 91' lang='lat' dir='ltr'><strong>mirum,</strong></span> <span class='ocrx_word' id='word_1_815' title='bbox 2414 5470 2472 5514; x_wconf 91' lang='lat' dir='ltr'><strong>et</strong></span> <span class='ocrx_word' id='word_1_816' title='bbox 2512 5475 2622 5516; x_wconf 73' lang='lat' dir='ltr'><strong>suae</strong></span> <span class='ocrx_word' id='word_1_817' title='bbox 2670 5461 2970 5531; x_wconf 73' lang='lat' dir='ltr'><strong>disciplinae</strong></span> <span class='ocrx_word' id='word_1_818' title='bbox 3021 5464 3271 5519; x_wconf 90' lang='lat' dir='ltr'><strong>sectariis</strong></span> <span class='ocrx_word' id='word_1_819' title='bbox 3323 5460 3727 5517; x_wconf 87' lang='lat' dir='ltr'><strong>adhibendam.</strong></span> 
     </span>
    </p>
   </div>
   <div class='ocr_carea' id='block_1_114' title="bbox 2139 5550 3729 5628">
    <p class='ocr_par' dir='ltr' id='par_1_114' title="bbox 2139 5550 3729 5628">
     <span class='ocr_line' id='line_1_114' title="bbox 2139 5550 3729 5628; baseline 0.001 -22"><span class='ocrx_word' id='word_1_820' title='bbox 2139 5550 2253 5607; x_wconf 81' lang='lat' dir='ltr'><strong>Hoc</strong></span> <span class='ocrx_word' id='word_1_821' title='bbox 2288 5554 2543 5609; x_wconf 86' lang='lat' dir='ltr'><strong>vitiorum</strong></span> <span class='ocrx_word' id='word_1_822' title='bbox 2579 5562 2846 5620; x_wconf 87' lang='lat' dir='ltr'><strong>omnium,</strong></span> <span class='ocrx_word' id='word_1_823' title='bbox 2888 5556 3153 5611; x_wconf 87' lang='lat' dir='ltr'><strong>scelerum</strong></span> <span class='ocrx_word' id='word_1_824' title='bbox 3184 5566 3239 5612; x_wconf 86' lang='lat' dir='ltr'><strong>et</strong></span> <span class='ocrx_word' id='word_1_825' title='bbox 3280 5556 3729 5628; x_wconf 78' lang='lat' dir='ltr'><strong>turpissimarum</strong></span> 
     </span>
    </p>
   </div>
   <div class='ocr_carea' id='block_1_115' title="bbox 2139 5644 3726 5719">
    <p class='ocr_par' dir='ltr' id='par_1_115' title="bbox 2139 5644 3726 5719">
     <span class='ocr_line' id='line_1_115' title="bbox 2139 5644 3726 5719; baseline 0.004 -21"><span class='ocrx_word' id='word_1_826' title='bbox 2139 5644 2687 5716; x_wconf 80' lang='lat' dir='ltr'><strong>facinorum,quibtts</strong></span> <span class='ocrx_word' id='word_1_827' title='bbox 2733 5650 3073 5719; x_wconf 88' lang='lat' dir='ltr'><strong>perditorum</strong></span> <span class='ocrx_word' id='word_1_828' title='bbox 3113 5651 3392 5706; x_wconf 89' lang='lat' dir='ltr'><strong>hominum</strong></span> <span class='ocrx_word' id='word_1_829' title='bbox 3439 5652 3726 5707; x_wconf 52' lang='lat' dir='ltr'><strong>funestata</strong></span> 
     </span>
    </p>
   </div>
   <div class='ocr_carea' id='block_1_116' title="bbox 2140 5738 3729 5813">
    <p class='ocr_par' dir='ltr' id='par_1_116' title="bbox 2140 5738 3729 5813">
     <span class='ocr_line' id='line_1_116' title="bbox 2140 5738 3729 5813; baseline 0.004 -19"><span class='ocrx_word' id='word_1_830' title='bbox 2140 5740 2250 5795; x_wconf 85' lang='lat' dir='ltr'><strong>vita</strong></span> <span class='ocrx_word' id='word_1_831' title='bbox 2300 5738 2424 5808; x_wconf 83' lang='lat' dir='ltr'><strong>fuit,</strong></span> <span class='ocrx_word' id='word_1_832' title='bbox 2465 5744 2818 5798; x_wconf 86' lang='lat' dir='ltr'><strong>seminarium</strong></span> <span class='ocrx_word' id='word_1_833' title='bbox 2868 5752 2919 5798; x_wconf 90' lang='lat' dir='ltr'><strong>et</strong></span> <span class='ocrx_word' id='word_1_834' title='bbox 2972 5744 3127 5813; x_wconf 87' lang='lat' dir='ltr'><strong>origo</strong></span> <span class='ocrx_word' id='word_1_835' title='bbox 3175 5745 3401 5800; x_wconf 79' lang='lat' dir='ltr'><strong>exstitit.</strong></span> <span class='ocrx_word' id='word_1_836' title='bbox 3454 5745 3610 5809; x_wconf 83' lang='lat' dir='ltr'><strong>llinc,</strong></span> <span class='ocrx_word' id='word_1_837' title='bbox 3662 5755 3729 5800; x_wconf 90' lang='lat' dir='ltr'><strong>ut</strong></span> 
     </span>
    </p>
   </div>
  </div>
