3954 6352
252 306 352 366 101

1163 311 1631 372 DISSERTATIO
1662 314 1705 380 1,
1742 315 1906 373 ART.
1944 318 1986 381 Ι,
2022 316 2110 373 DE
2148 318 2559 377 VALENTINO.

3416 325 3523 381 102

252 433 393 476 recte
434 422 702 478 observat
730 424 971 483 Irenazus
1013 426 1105 493 ον,
1140 430 1445 485 intimorum
1495 433 1671 486 omnia
1718 450 1836 503 qm
1864 436 1913 494 Α
1938 433 2006 490 lis
2030 436 2311 505 gentilium
2365 438 2852 510 philosophematis
2894 438 3207 497 simulatam
3251 438 3524 499 Christia-

248 523 503 574 remuur,
554 511 643 563 illi
672 514 1065 583 operabamur,
1106 517 1241 571 nihil
1288 518 1547 573 vitiorum
1586 520 1829 579 omnium

245 614 397 654 emno
437 599 720 668 inquinari
768 618 827 658 se
867 620 1032 674 posse
1082 618 1359 676 putantes.
1414 609 1471 664 Si
1506 612 1651 665 enim
1686 612 1830 667 Deus

238 707 481 747 summus
506 709 682 763 usque
702 694 769 749 ad
794 694 930 751 Novi
962 697 1305 757 Tcstamenti
1336 712 1581 773 tempora
1612 705 1830 773 ignotus

238 783 372 848 fuit;
415 785 461 838 si
505 787 699 841 mundi
742 788 908 857 hujus
946 804 1139 846 curam
1191 793 1308 864 ipse
1360 811 1465 850 non
1499 798 1689 866 gessit,
1735 797 1830 853 sed

237 877 351 944 ejus
386 878 943 937 administrationem
1003 885 1217 954 angelis
1271 885 1627 943 inferioribus
1675 903 1830 943 com-

238 969 420 1023 misit:
447 985 586 1040 ergo
618 970 689 1025 ab
711 973 945 1043 angelis,
990 985 1051 1029 ut
1078 985 1296 1041 caetera,
1321 977 1397 1031 ita
1429 988 1485 1033 et
1525 979 1829 1049 prophetia:

238 1061 522 1133 profectae,
551 1074 608 1119 et
639 1065 729 1120 lex
769 1068 824 1121 in
868 1078 1053 1123 monte
1098 1068 1251 1123 Sinai
1283 1071 1389 1124 lata
1430 1070 1556 1127 fuit.
1594 1072 1651 1127 Si
1696 1088 1829 1128 vero

238 1156 317 1210 lex
355 1173 386 1210 a
423 1157 729 1229 Demiurgo
773 1160 1021 1226 animali,
1061 1163 1318 1219 animalis
1363 1165 1602 1221 hominis
1639 1168 1829 1222 condi-

236 1260 348 1303 tore
372 1251 500 1305 data
532 1261 621 1306 est
649 1269 663 1304 :
688 1268 820 1324 ergo
845 1268 909 1307 ea
941 1270 1049 1309 non
1086 1266 1303 1311 tenetur
1326 1259 1506 1314 anima
1538 1260 1825 1330 spiritalis,

236 1358 334 1397 nec
359 1344 597 1413 proinde
640 1347 780 1414 legis
811 1346 961 1416 iussa
1003 1349 1286 1418 negligens
1319 1359 1533 1420 peccat,
1575 1352 1703 1421 quia
1748 1352 1829 1406 al-

239 1436 395 1491 tioris
429 1445 517 1492 est
556 1439 819 1509 originis,
854 1455 955 1494 nec
992 1440 1273 1513 Demiurgi
1321 1443 1552 1512 imperio
1586 1443 1824 1498 subdita.

239 1528 297 1583 Si
322 1531 432 1584 sola
476 1530 578 1585 Dei
612 1532 883 1587 hactenus
915 1533 1112 1602 ignoti,
1155 1550 1302 1590 nunc
1328 1551 1459 1589 vero
1480 1550 1541 1590 se
1578 1535 1825 1590 revelan-

240 1621 328 1682 tis,
352 1621 615 1690 cognitio,
671 1621 741 1677 iis
788 1623 989 1691 quibus
1029 1622 1208 1677 infusa
1240 1624 1424 1691 fuerit,
1458 1624 1691 1679 salutem
1736 1624 1823 1678 al-

232 1704 358 1771 fert,
386 1721 513 1775 seu,
544 1719 605 1763 ut
632 1708 1017 1779 loquebantur,
1047 1712 1101 1766 in
1134 1710 1384 1767 Pleroma
1418 1713 1658 1779 inducit;
1691 1728 1823 1784 ergo

1938 527 2101 581 nismi
2128 529 2366 598 speciem
2412 530 2783 597 induxerant;
2815 531 2912 587 sed
2941 533 3181 588 ethnicis
3208 534 3340 604 ipsis
3364 535 3522 604 pejo-

1936 634 2046 683 res,
2084 619 2201 689 ipsa
2239 619 2463 675 moralia
2495 630 2791 691 przccepta,
2813 637 2936 693 quae
2964 631 3159 677 natura
3203 625 3521 679 mortalium

1933 711 2192 767 cordibus
2237 713 2539 783 inscripsit,
2572 713 2653 768 sic
2688 729 2911 785 pessum
2956 716 3192 784 dedisse,
3231 725 3292 769 ut
3330 716 3523 774 tractis

1934 807 2207 878 repagulis
2239 807 2491 863 homines
2520 808 2577 863 in
2604 809 2879 879 pecudum
2921 809 3138 864 vivendi
3180 825 3387 865 morem
3420 811 3523 865 de-

1926 898 2186 967 jicerent.
2217 900 2431 973 Religio
2471 902 2785 959 Christiana
2830 903 2884 958 in
2924 903 3101 959 sacris
3155 904 3521 959 sanctissima:

1932 989 2218 1047 Trinitatis
2257 1002 2309 1048 et
2354 992 2759 1048 lncarnationis
2804 995 3107 1065 mysteriis,
3152 1010 3253 1049 ceu
3306 994 3521 1051 duobus

1933 1083 2270 1151 cardinibus,
2306 1094 2415 1139 tota
2443 1085 2791 1155 potissimum
2822 1087 3076 1151 vertitur,
3108 1086 3317 1158 Deique
3350 1088 3521 1143 verbo

1932 1183 2046 1230 tum
2070 1176 2298 1247 scripto,
2324 1187 2436 1231 tum
2468 1180 2668 1235 tradito
2692 1180 2902 1235 nititur.
2940 1179 3067 1235 Haec
3092 1189 3275 1236 autem
3319 1180 3522 1235 funda-

1931 1278 2112 1324 menta
2136 1268 2209 1324 ita
2242 1285 2583 1338 succussere,
2612 1281 2671 1327 ut
2703 1272 2949 1329 funditus
2989 1273 3279 1327 diruerint.
3307 1273 3384 1328 De
3417 1274 3520 1329 tri-

1929 1362 2104 1417 nitate
2132 1376 2490 1431 personarum
2522 1380 2630 1419 non
2669 1366 2722 1419 in
2766 1379 2835 1419 eo
2863 1373 3078 1419 tantum
3124 1365 3290 1435 impie
3312 1366 3522 1421 sentie-

1927 1456 2081 1519 bant,
2122 1454 2266 1523 quod
2308 1454 2566 1522 Mentem,
2612 1456 2939 1523 Veritatem,
2988 1456 3251 1522 Verbum,
3308 1456 3516 1524 Vitam,

1930 1546 2136 1611 lloron,
2191 1546 2507 1612 Christum,
2565 1546 2930 1610 Salvatorem.
2986 1547 3207 1603 diversa
3271 1550 3516 1615 nomina,

1928 1639 2127 1710 quibus
2157 1639 2542 1708 exprimuntur
2577 1640 2739 1695 unius
2775 1651 2830 1696 et
2866 1641 3110 1711 ejusdem
3138 1642 3260 1696 Filii
3295 1642 3391 1696 Dei
3418 1658 3517 1713 per

1927 1746 1986 1787 se
2045 1732 2402 1788 subsistentis
2455 1734 2843 1804 proprietates,
2896 1734 2952 1787 in
3008 1734 3236 1789 totidem
3303 1732 3517 1789 moues

231 1813 335 1853 non
378 1814 526 1869 opus
570 1801 985 1872 eritoperibus,
1022 1803 1077 1857 in
1117 1805 1313 1873 primis
1344 1806 1470 1874 quia
1503 1806 1571 1860 ab
1610 1806 1820 1861 illorum

1930 1801 2472 1891 translormassent;
2503 1801 2598 1881 sed
2655 1826 2799 1895 quod
2847 1824 3057 1881 IEones
3110 1826 3231 1882 illos
3264 1826 3347 1880 vel
3392 1843 3517 1881 cum

228 1892 587 1953 necessitate.
641 1907 805 1961 quam
836 1892 922 1947 lex
960 1894 1030 1949 ab
1062 1894 1271 1964 angelis
1313 1895 1423 1950 lata
1471 1896 1814 1967 iniungebat,

226 1980 442 2035 animas
475 1981 736 2038 liberavit
763 1999 862 2041 suo
915 1986 1155 2042 adventu
1206 1986 1478 2043 Salvator.
1512 1988 1568 2042 Si
1592 1988 1821 2057 quibus-

226 2072 351 2125 dam
407 2076 730 2130 necessaria
790 2078 1123 2148 sintopera;
1174 2093 1271 2134 eos
1324 2078 1593 2133 duntaxat
1628 2079 1820 2149 juvare

227 2179 458 2237 queunt,
506 2172 713 2241 quibus
757 2174 1020 2243 spiritalis
1075 2175 1305 2230 scientia
1357 2175 1549 2240 deest,
1604 2176 1819 2232 exteris

228 2263 445 2333 penitus
472 2263 718 2320 inutilia.
748 2265 806 2321 Si
834 2266 1083 2337 spiritale
1114 2282 1307 2324 semen
1348 2270 1416 2322 ad
1447 2267 1679 2323 salutem
1702 2267 1819 2322 eﬁi-

226 2372 347 2422 cax,
370 2374 437 2412 ex
462 2374 576 2427 quo
598 2360 775 2415 semel
807 2362 1076 2428 habitum,
1103 2363 1282 2433 perire
1312 2379 1591 2433 nunquam
1617 2373 1819 2434 potest.

226 2451 321 2503 sed
371 2463 610 2517 augetur
661 2467 898 2522 semper,
950 2456 1149 2510 crescit
1189 2464 1243 2511 et
1304 2454 1582 2526 perﬁcitur
1609 2472 1641 2525 ,2
1690 2471 1821 2526 ergo

226 2542 491 2613 quidquid
520 2555 691 2615 agant
730 2546 789 2611 ii,
816 2546 1015 2616 quibus
1057 2547 1362 2617 inspersum
1418 2546 1603 2613 fuerit,
1645 2549 1822 2618 quod-

227 2651 445 2705 cunque
473 2637 752 2692 scelerum
780 2651 953 2707 genus
982 2649 1316 2709 perpetrent,
1364 2655 1393 2693 a
1433 2641 1608 2711 gratia
1637 2650 1693 2696 et
1734 2655 1823 2696 sa-

229 2729 339 2783 lute
367 2744 656 2798 nunquam
681 2730 961 2784 excident.
996 2730 1052 2784 Si
1083 2731 1321 2802 denique
1344 2746 1410 2787 ea
1444 2734 1711 2788 duntaxat
1738 2748 1821 2788 sae

228 2819 395 2874 lutem
424 2822 766 2891 percipiunt,
799 2837 921 2890 quae
963 2824 1209 2892 suscepit
1251 2824 1534 2891 Christus,
1574 2825 1820 2896 hylicun

235 2925 359 2969 vero
390 2914 532 2969 nihil
563 2916 862 2984 assumpsit
897 2932 912 2971 :
943 2931 1071 2986 ergo
1102 2918 1239 2972 nihil
1259 2921 1582 2989 corporibus
1615 2921 1822 2991 imper-

232 3006 360 3061 titns
382 3015 489 3072 est,
540 3008 717 3076 iisque
765 3009 910 3063 nulla
963 3012 1235 3080 speranda
1286 3014 1639 3069 resurrectio.
1686 3013 1822 3068 Tam

229 3109 380 3153 arcte
403 3114 535 3153 cum
561 3101 678 3155 suis
722 3100 1010 3169 principiis
1056 3102 1335 3157 cohserent
1373 3117 1451 3158 ea:
1479 3105 1821 3160 consecutio-

230 3205 346 3258 nes,
388 3202 452 3247 ut
485 3207 586 3247 eas
624 3196 845 3265 ipsimet
873 3193 1235 3251 Valentiniani
1270 3211 1402 3253 suas
1439 3197 1617 3268 palam
1657 3198 1817 3255 fateri

230 3300 332 3339 non
366 3288 789 3349 erubescerent.

301 3371 389 3426 75.
420 3373 570 3437 Jam,
602 3378 757 3440 puto,
789 3376 975 3429 nullus
1009 3374 1287 3445 deinceps,
1320 3376 1425 3433 nisi
1454 3380 1549 3449 qui
1573 3389 1819 3438 veterum

231 3462 475 3515 omnium
527 3464 875 3519 auctoritatis
915 3465 1109 3536 jugum
1158 3466 1425 3525 audacius
1476 3474 1819 3541 excusserit,

236 3549 655 3609 Valentinianos
692 3555 761 3611 iis
821 3571 1071 3612 errorum
1111 3561 1380 3628 portentis
1407 3563 1693 3621 absolvere
1726 3582 1821 3622 co-

232 3643 442 3714 gitabit,
472 3646 682 3715 quibus
728 3646 1118 3703 insimulantur
1144 3660 1256 3706 tum
1302 3654 1372 3709 ab
1412 3655 1650 3725 Irenaeo,
1685 3666 1822 3715 teste

228 3738 379 3791 omni
424 3740 757 3808 exceptione
795 3743 1013 3812 majori,
1047 3753 1162 3800 tum
1202 3762 1232 3802 a
1276 3749 1488 3806 caeteris
1539 3749 1815 3808 Patribus.

230 3825 340 3883 lmo
372 3830 624 3899 stupebit
653 3832 914 3890 cordatus
937 3836 1192 3907 quisque,
1228 3853 1297 3894 eo
1327 3855 1504 3911 usque
1538 3844 1818 3899 temerita-

226 3922 294 3975 tis
314 3922 645 3993 prorupisse
670 3926 941 3993 quosdam
966 3931 1323 3999 recentiores,
1360 3943 1420 3989 ut
1442 3935 1661 3991 testium
1686 3952 1820 3994 coae-

223 4020 521 4065 taneorum
562 4014 1024 4088 oculatorumque
1060 4022 1385 4079 auctoritate
1441 4025 1672 4095 elevata,
1722 4044 1818 4085 eos

220 4110 496 4160 excusare
524 4106 685 4162 vanis
726 4110 1013 4181 argutiolis
1057 4114 1326 4183 nitantur,
1360 4132 1501 4187 quos
1540 4116 1615 4173 illi
1652 4123 1819 4178 certis

220 4197 539 4252 rationibus
585 4198 919 4271 invictisque
959 4204 1289 4263 testimoniis
1342 4225 1468 4265 reos
1513 4226 1637 4269 esse
1684 4230 1816 4284 prn-

219 4284 389 4353 hant;
423 4298 480 4344 et
528 4304 597 4344 ne
646 4290 918 4362 desipiant
949 4296 1146 4365 perditi
1188 4298 1472 4368 homines,
1504 4303 1816 4362 immaniter

219 4381 540 4453 desipuisse
571 4392 797 4441 sanctos
845 4384 1034 4444 Patres
1066 4389 1296 4446 innuere
1342 4409 1451 4449 non
1500 4406 1811 4456 vereantur.

218 4475 561 4543 Attendant,
595 4493 816 4547 quasso,
852 4479 1073 4553 benigni
1109 4483 1189 4537 illi
1234 4484 1614 4543 haereticorum
1647 4490 1816 4547 inter-
1844 4500 1886 4555 D

220 4577 420 4636 pretes,
459 4577 603 4639 quot
632 4580 686 4624 et
728 4580 932 4641 quanta
974 4576 1269 4644 postremis
1298 4578 1447 4635 hisce
1476 4583 1694 4639 saeculis
1726 4600 1815 4639 er-

221 4674 409 4715 rorum
476 4670 770 4729 monstra,
822 4664 1127 4736 stolidaque
1177 4667 1371 4725 deliria
1434 4676 1706 4745 pepererit
1760 4677 1815 4733 in

219 4753 448 4826 Anglia,
488 4755 825 4822 Germania,
860 4756 1184 4831 Hollandia,
1234 4765 1347 4819 imo
1383 4770 1575 4837 paucis
1615 4772 1815 4829 abhinc

220 4850 380 4904 annis
428 4850 487 4905 in
535 4850 711 4907 Gallia
764 4855 907 4910 male
953 4872 1147 4912 sanum
1195 4855 1559 4917 fanaticorum
1615 4876 1813 4935 caput;

218 4943 419 5010 quibus
449 4954 644 5000 tamen
697 4947 784 5002 sui
836 4964 948 5004 non
998 4950 1288 5009 defuerunt
1340 4958 1595 5027 asseclae,
1636 4976 1816 5032 neque

220 5050 446 5091 numero
485 5039 676 5107 pauci,
711 5055 890 5111 neque
922 5043 1114 5099 ordine
1144 5053 1199 5101 et
1234 5049 1465 5104 scientia
1494 5051 1668 5108 inﬁmi
1709 5071 1725 5108 :
1759 5065 1815 5111 et

213 5126 321 5193 jam
363 5128 531 5183 ﬁdem
578 5144 845 5199 superare
871 5146 981 5187 non
1024 5134 1316 5203 videbitur,
1352 5140 1621 5209 quosdam
1657 5144 1810 5213 prio-

216 5232 330 5272 rum
366 5221 704 5276 szeculorum
738 5221 991 5281 homines
1012 5226 1093 5282 sic
1123 5227 1436 5300 insaniisse,
1467 5242 1528 5289 ut
1553 5246 1814 5292 enarrant

215 5306 417 5366 Patres.
465 5312 576 5367 Sed
637 5313 831 5370 missis
889 5314 1043 5372 hisce
1098 5323 1637 5392 concertationibus,
1687 5344 1812 5399 quae

215 5400 478 5460 hactenus
512 5405 785 5473 diximus,
824 5408 1112 5478 perspicue
1143 5410 1543 5480 demonstrant,
1567 5418 1811 5475 Valenti-

220 5495 407 5552 nianos
445 5483 619 5557 puros
658 5505 939 5569 putosque
966 5500 1218 5566 ethnicos
1242 5502 1434 5576 fuisse,
1471 5510 1568 5580 qui
1601 5512 1807 5569 ridicu-

278 5747 342 5785 ιι*
389 5739 511 5799 Lib.
546 5759 586 5811 ι,
620 5759 672 5802 c.
708 5742 762 5815 5,
798 5762 854 5802 n.
885 5745 939 5804 3.

1924 1917 2042 1986 ipso
2070 1915 2235 1971 Patre
2285 1914 2711 1979 confunderent,
2741 1915 2823 1969 uti
2853 1914 3036 1970 fecere
3067 1913 3295 1979 Noetus,
3325 1914 3520 1970 Sabel-
3573 1958 3583 1969 .

1922 2009 2029 2064 lius
2057 2019 2111 2064 et
2146 2009 2348 2064 Paulus
2380 2010 2821 2076 Samosatenus;
2865 2008 2949 2064 vel
2978 2010 3059 2064 sic
3093 2023 3121 2063 a
3156 2007 3321 2063 Patre
3356 2023 3520 2079 sepa-

1924 2109 2128 2165 rarent,
2160 2109 2220 2154 ut
2244 2100 2406 2169 longe
2431 2100 2712 2155 inferioris
2745 2109 2959 2156 naturae
2990 2115 3112 2156 esse
3151 2100 3382 2166 vellent,
3420 2114 3521 2156 nec

1922 2192 2043 2263 plus
2074 2208 2238 2263 quam
2272 2192 2499 2261 angelos
2530 2206 2653 2247 esse
2705 2192 2998 2258 sentirent,
3051 2208 3175 2261 quae
3219 2192 3339 2247 Arii
3366 2192 3521 2247 dein-

1922 2298 2051 2352 ceps
2078 2283 2421 2353 blasphemia
2464 2282 2587 2337 fuit.
2626 2279 2739 2337 Nec
2778 2283 2972 2337 melius
3015 2292 3201 2337 actum
3233 2298 3359 2338 cum
3390 2282 3519 2354 Spi-

1923 2374 2035 2428 ritu
2082 2383 2297 2438 sancto,
2342 2371 2437 2443 qui
2478 2380 2536 2427 et
2578 2372 2694 2442 ipse
2724 2372 2898 2442 gradu
2942 2371 3188 2437 deiectus
3236 2372 3303 2426 ad
3348 2385 3518 2443 ange-

1922 2465 2101 2520 lorum
2128 2477 2332 2522 sortem
2366 2465 2645 2535 relegatus
2692 2475 2804 2519 est.
2838 2464 3045 2533 Sicque
3077 2480 3183 2517 una
3225 2475 3280 2519 et
3324 2465 3515 2519 eadem

1925 2559 2149 2613 haeresis
2176 2575 2237 2613 ea
2269 2559 2432 2614 simul
2459 2573 2665 2613 venena
2709 2558 2943 2613 miscere
2982 2557 3159 2621 novit,
3189 2573 3311 2627 qua:
3353 2558 3516 2614 dein-

1925 2667 2050 2721 ceps
2100 2653 2319 2707 divisim
2368 2660 2661 2721 epotarent
2700 2650 2976 2706 Sabellius
3000 2654 3073 2716 ﬁet
3101 2650 3289 2706 Arius.
3340 2651 3516 2719 Quam

1926 2745 2123 2798 misere
2170 2743 2240 2797 ab
2268 2742 2337 2797 iis
2380 2741 2581 2796 violata
2621 2741 2868 2812 mysterii
2910 2740 3310 2798 lncarnationis
3353 2743 3513 2807 ﬁdes,

1923 2852 1988 2890 ex
2034 2834 2194 2905 paulo
2215 2843 2343 2889 ante
2372 2834 2533 2889 dictis
2563 2833 2920 2887 manifestum
2965 2841 3068 2888 est.
3111 2832 3190 2888 lbi
3237 2849 3339 2889 nec
3372 2836 3515 2891 Deus

1925 2943 2146 2983 carnem
2192 2927 2450 2995 suscepit,
2480 2941 2581 2981 nec
2637 2935 2823 2991 natus,
2855 2940 2954 2980 nec
3004 2940 3199 2994 passus
3243 2926 3297 2980 in
3347 2941 3515 2980 carne

1924 3030 2031 3087 est,
2084 3034 2190 3075 nec
2240 3018 2478 3073 Verbum
2526 3032 2657 3073 caro
2706 3015 2915 3073 factum
2964 3026 3078 3082 est;
3116 3031 3217 3071 nec
3263 3014 3516 3070 Christus

1924 3124 2093 3165 verus
2119 3109 2279 3163 homo
2306 3106 2428 3174 fuit,
2471 3108 2563 3162 sed
2608 3107 2848 3161 hominis
2873 3106 3238 3159 simulacrum
3272 3115 3329 3160 et
3371 3120 3513 3159 vana

1923 3202 2154 3271 species,
2196 3216 2316 3271 quae
2364 3215 2560 3255 sensus
2586 3199 2891 3254 deluderet.
2920 3198 3034 3252 Etsi
3086 3198 3508 3267 Scripturarum

1920 3292 2077 3350 libris
2108 3304 2162 3349 et
2186 3292 2367 3349 verbis
2396 3294 2643 3362 pepercit
2668 3290 2939 3347 scelerata
2980 3289 3259 3345 Valentini
3287 3305 3508 3356 manus,

1918 3403 2014 3444 eas
2068 3396 2248 3444 tamen
2296 3403 2328 3442 a
2381 3400 2596 3441 summo
2637 3384 2885 3439 omnium
2925 3383 3165 3439 Parente
3211 3383 3511 3453 inspiratas

1920 3496 2172 3553 negasse,
2212 3484 2265 3536 in
2296 3478 2510 3535 fabulas
2540 3479 2687 3533 {cede
2718 3477 3098 3547 detorquendo
3144 3476 3505 3541 convertisse,

1920 3593 2090 3634 sacra:
2127 3575 2499 3649 apostolorum
2533 3574 2811 3630 traditioni
2842 3571 3191 3627 delirantium
3220 3570 3508 3627 hominum

1919 3684 2091 3741 nugas
2135 3668 2509 3735 substituisse,
2544 3666 2641 3721 Dei
2686 3666 2924 3722 Verbum
2959 3667 3192 3733 turpiter
3242 3664 3511 3731 abjecisse

1919 3761 2045 3816 fuit.
2071 3759 2149 3815 De
2172 3760 2387 3815 arbitrii
2414 3758 2691 3825 libertate,
2716 3757 3103 3824 bonorumque
3137 3768 3367 3825 operum
3412 3767 3511 3808 ne-

1919 3852 2174 3908 cessitate
2200 3848 2334 3905 nihil
2390 3850 2566 3905 dicam
2611 3866 2626 3902 :
2676 3848 2847 3913 aliud,
2898 3850 3140 3901 maxima
3183 3845 3381 3903 saltem
3437 3858 3511 3901 ex

1918 3951 2094 4013 parte,
2119 3940 2269 3996 fatali
2307 3941 2634 3996 necessitate
2662 3939 3060 4006 constrictum;
3106 3938 3363 4005 alterum,
3407 3952 3506 3993 ceu

1917 4035 2054 4091 viles
2087 4033 2412 4106 quisquilias,
2446 4035 2517 4089 ad
2545 4048 2644 4090 eos
2685 4035 3066 4099 amandatum,
3096 4046 3238 4102 quos
3268 4029 3507 4099 spiritali

1917 4128 2128 4182 semine
2156 4126 2306 4181 haud
2336 4126 2691 4195 inspersisset
2720 4130 2902 4178 mater
2940 4122 3249 4177 Achamoth
3292 4136 3307 4174 :
3338 4129 3397 4174 ut
3426 4120 3506 4174 sic

1920 4218 1975 4273 in
2012 4216 2315 4288 Scripturis
2347 4216 2485 4271 nihil
2526 4216 2915 4271 intemeratum
2964 4223 3236 4282 maneret,
3269 4213 3366 4268 sed
3393 4222 3505 4267 tum

1916 4310 2202 4380 dogmata,
2236 4319 2349 4365 tum
2378 4319 2654 4379 praecepta
2684 4308 2901 4380 penitus
2934 4317 3177 4363 ruerent.

1993 4489 2083 4549 76.
2112 4489 2240 4545 Haec
2269 4490 2336 4545 de
2367 4487 2564 4544 hmrcsi
2613 4487 3005 4543 Valentiniana
3055 4484 3284 4541 dicenda
3342 4484 3502 4541 nobis

1914 4594 2093 4643 erant.
2129 4584 2187 4640 Si
2234 4586 2288 4639 in
2330 4597 2394 4639 ea
2439 4583 2761 4653 explicanda
2806 4582 2967 4653 paulo
3016 4582 3295 4651 longiores
3332 4581 3501 4636 exsti-

1914 4679 2164 4744 terimus,
2188 4677 2374 4732 lrenaei
2397 4676 2647 4745 exemplo
2670 4675 2921 4739 fecimus,
2949 4675 3040 4743 qui
3076 4674 3218 4730 hanc
3242 4672 3399 4745 longe
3423 4673 3501 4727 fu-

1912 4770 2043 4825 siori
2061 4780 2113 4825 et
2132 4770 2457 4825 accuratiori
2474 4768 2615 4840 stylo
2649 4783 2811 4838 quam
2825 4775 3057 4821 caztcras
3074 4753 3498 4838 ornneleLVll]

1914 4871 2233 4936 persecutus
2266 4870 2368 4917 est.
2416 4861 2550 4917 Cum
2594 4862 2741 4915 enim
2776 4861 2831 4914 in
2871 4874 3016 4926 eam,
3061 4868 3119 4913 ut
3160 4859 3283 4929 plus
3327 4860 3497 4914 semel

1912 4955 2111 5012 asserit
2140 4957 2207 5024 ⁸³,
2253 4964 2511 5025 tanquam
2570 4954 2622 5008 in
2665 4954 2957 5020 ,sentinam
3007 4952 3301 5023 quamdam
3364 4968 3498 5008 con-

1912 5050 2170 5105 ﬁnxerint
2195 5049 2439 5104 omnium
2473 5046 2856 5100 haereticorum
2886 5045 3077 5101 sordes
3103 5054 3159 5100 et
3188 5047 3495 5117 spurcitiae,

1909 5143 2018 5206 vel,
2044 5152 2105 5197 ut
2138 5142 2323 5198 verbis
2364 5141 2482 5208 ejus
2509 5149 2653 5205 utar,
2679 5138 3186 5209 ἀνακεφαλαίωσις,
3229 5141 3495 5209 τριαρίω-

1908 5235 2037 5290 latio
2062 5235 2306 5293 omnium
2337 5234 2443 5301 sit;
2485 5248 2552 5288 ea
2582 5232 2751 5288 semel
2782 5246 2931 5288 recte
2977 5232 3255 5303 exposita,
3282 5244 3494 5288 caetera

1910 5328 2045 5382 nihil
2072 5338 2167 5383 aut
2195 5343 2387 5398 parum
2427 5326 2632 5396 negotii
2675 5325 2956 5382 facessere
2995 5334 3275 5396 poterunt.
3314 5324 3494 5393 Quare

1906 5421 2041 5476 etin
2078 5423 2183 5477 hoc
2202 5422 2372 5477 etiam
2407 5418 2673 5476 Irenaeum
2706 5418 3074 5482 imitabimur,
3107 5418 3254 5488 quod
3288 5432 3384 5473 eas
3412 5417 3493 5473 le-

1907 5514 2029 5570 vius
2057 5515 2508 5587 perstringemtts,
2549 5529 2614 5571 ea
2647 5513 2921 5571 duntaxat
2962 5510 3343 5579 observantes,
3371 5523 3491 5583 qua:

1035 5747 1081 5781 ⁸³
1110 5747 1188 5807 l9.
1219 5749 1382 5805 Praef.
1418 5751 1512 5808 lib.
1545 5768 1626 5822 Ill,
1670 5762 1725 5811 et
1768 5754 1913 5812 Praef
1979 5756 2069 5814 lib.
2117 5774 2189 5813 tv.
