3954 6352
468 336 576 395 105

1291 329 1886 388 DISSERTATIONES
1919 328 2224 386 PllASVl/E
2260 328 2322 384 IN
2362 328 2617 385 lilENASl
2658 327 2928 385 LIBROS.

3632 325 3743 380 10-5

467 458 766 528 unicuique
795 458 1016 528 propria
1043 468 1228 524 erunt,
1263 476 1365 514 nec
1389 460 1514 514 aliis
1539 457 1877 513 communia.
1910 454 2062 508 Post-
2089 466 2133 521 Α
2166 454 2453 508 commodo
2481 453 2835 507 consulentes
2893 449 3257 507 servabimus,
3298 461 3461 516 quem
3499 445 3749 496 servavit

466 555 644 626 posito
697 565 1003 622 temporum
1053 554 1268 622 ordine,
1311 570 1434 609 eum
1491 563 1726 614 tantum,
1783 550 2050 602 lectorum

2163 558 2356 602 auctor
2389 558 2591 602 ﬂOSlCI‘.

1674 841 2353 933 ARTICULUS
2430 840 2554 927 Il.

1540 1035 1651 1097 DE
1701 1032 2143 1095 VALENTINI
2204 1030 2659 1092 DISCIPULIS.

528 1357 616 1414 77.
643 1359 989 1416 Consensum
1033 1361 1088 1413 in
1135 1375 1300 1414 unam
1351 1361 1543 1424 ﬁdem,
1570 1357 1904 1429 peculiarem
1939 1374 2040 1414 so-

456 1448 567 1507 lius
607 1467 750 1506 verte
800 1465 863 1506 ac
915 1449 1200 1506 catholica:
1251 1450 1452 1506 Christi
1506 1449 1764 1504 Ecclesiae
1830 1449 2047 1502 laudem

457 1556 614 1608 esse;
643 1543 930 1599 discordes
957 1558 1089 1598 vero
1127 1542 1468 1612 turpiterque
1517 1557 1701 1596 secum
1735 1544 2052 1611 'pngnantes

456 1633 511 1688 in
539 1635 644 1689 ﬁde
668 1635 996 1698 sententias,
1033 1635 1088 1688 in
1122 1634 1416 1689 haereticos
1439 1649 1636 1690 omnes
1655 1635 1879 1703 proprie
1907 1649 2046 1702 qua-

455 1727 620 1781 drare
669 1728 876 1796 passim
931 1737 1087 1782 notat
1125 1726 1382 1782 lrenaaus.
1438 1726 1496 1781 ld
1529 1726 1630 1782 etsi
1661 1727 1727 1781 de
1769 1727 2049 1782 haereticis

455 1821 712 1875 omnibus
738 1821 1116 1888 verissimum,
1158 1837 1428 1891 nusquam
1481 1830 1662 1876 tamen
1696 1820 1896 1876 clarius
1927 1821 2045 1875 elu-

375 1950 382 1958 .
453 1919 567 1977 cet,
591 1927 756 1980 quam
793 1911 881 1966 ubi
913 1913 981 1966 de
1015 1911 1294 1967 Gnosticis
1331 1928 1395 1968 ac
1428 1913 1835 1968 Valentinianis
1861 1929 2046 1969 sermo

452 2012 557 2060 cst.
597 2004 934 2071 Discrepant,
968 2006 1154 2073 inquit
1179 2004 1267 2058 ille
1285 2005 1352 2070 “,
1384 2005 1449 2058 ab
1481 2007 1702 2060 invicem
1725 2013 1776 2058 et
1799 2005 2046 2058 doctrina

452 2107 504 2154 et
545 2097 883 2161 traditione;
908 2106 956 2150 et
989 2097 1080 2165 qui
1104 2098 1418 2152 recentiores
1444 2113 1627 2151 eorum
1657 2107 2043 2167 agnoscuntur,

450 2187 706 2260 aﬂ'ectant
741 2205 836 2257 per
861 2190 1100 2259 singulos
1120 2190 1232 2243 dies
1264 2207 1454 2244 nouum
1479 2189 1686 2259 aliquid
1714 2190 2041 2256 adinvenire,

450 2292 499 2336 et
534 2282 863 2351 fructiﬁcare
892 2281 1034 2351 quod
1069 2297 1342 2351 nunquam
1369 2282 1650 2352 quisquam
1697 2283 2041 2352 excogitavit.

450 2372 519 2428 Et
544 2373 675 2428 alibi
704 2374 750 2406 ⁸⁸
779 2390 794 2428 :
828 2373 905 2426 Ab
948 2372 1028 2426 his
1071 2383 1250 2424 autem
1297 2373 1390 2442 qui
1441 2374 1686 2441 prwdicti
1730 2383 1878 2437 sunt,
1923 2375 2042 2442 jam

449 2465 633 2518 multa
649 2466 967 2534 propagines
997 2464 1293 2516 multarum
1321 2465 1582 2518 ha'resum
1609 2465 1774 2534 factce
1802 2475 1948 2528 sunt,
1981 2481 2041 2518 eo

449 2558 592 2626 quod
620 2559 775 2610 multi
798 2572 864 2611 ea:
892 2557 1046 2624 ipsis,
1074 2557 1180 2610 imo
1226 2572 1405 2610 omnes
1432 2557 1592 2610 velint
1638 2557 1879 2610 doctores
1907 2570 2042 2620 esse,

447 2650 802 2720 «abscedere
824 2649 1038 2720 quidem
1065 2648 1130 2702 ab
1158 2649 1350 2702 Itwresi
1391 2650 1445 2702 in
1477 2666 1580 2714 qua
1619 2649 1862 2717 fixerunt,
1890 2648 2041 2701 aliud

446 2751 627 2798 autem
645 2743 840 2811 dogma
865 2745 929 2796 ab
965 2745 1075 2798 alia
1106 2744 1388 2808 sententia,
1437 2753 1483 2796 et
1517 2744 1760 2809 deinceps
1816 2742 2044 2802 alterum

450 2835 517 2889 ab
547 2835 718 2890 altera
747 2847 1153 2905 coinponentes,
1191 2852 1322 2890 nove
1371 2836 1560 2890 docere
1611 2836 1899 2900 insistunt;
1955 2850 2043 2891 sc-

448 2929 696 2997 metipsos
720 2929 1094 2984 adinrentores
1118 2928 1394 2984 sententia
1425 2945 1796 2999 quamcunque
1829 2944 2041 2998 compe-

447 3022 619 3092 gerint
642 3066 654 3089 ,
689 3033 1024 3078 enarrantes.
1052 3021 1260 3094 Nempe
1292 3038 1485 3079 omnes
1521 3038 1673 3078 nova:
1707 3023 2041 3078 inventionis

449 3115 684 3185 gloriam
736 3117 1059 3187 captabant,
1092 3128 1167 3182 et,
1223 3127 1284 3171 ut
1323 3131 1524 3172 nomen
1573 3117 1680 3172 sibi
1713 3117 1856 3186 apud
1910 3133 2038 3170 suos

447 3203 719 3270 facerent,
751 3215 994 3261 veterem
1029 3220 1278 3261 errorem
1319 3207 1373 3261 bl
1435 3207 1597 3261 novis
1629 3208 1914 3261 erroribus
1942 3222 2039 3262 cu-

448 3296 685 3365 mulare,
743 3298 819 3352 illi
876 3301 1034 3354 novis
1067 3299 1262 3354 saltem
1314 3315 1379 3354 ac
1429 3298 1666 3354 insolitis
1723 3300 2039 3355 nominibus

447 3403 652 3445 ornare
681 3389 996 3446 studebant.
1050 3389 1167 3457 Qua
1196 3391 1342 3446 enim
1373 3391 1634 3448 libertate
1661 3407 1690 3446 a
1724 3374 1839 3447 suis
1861 3392 2038 3463 magi-

448 3483 602 3550 stris,
633 3483 932 3554 veteribus:
961 3484 1260 3558 Gnosticis,
1305 3484 1359 3538 in
1390 3484 1656 3556 [pluribus
1705 3486 2042 3542 discesserat

455 3576 803 3642 Valentinus,
836 3579 1028 3634 eadem
1057 3581 1126 3636 ab
1155 3579 1273 3650 ipso
1303 3579 1359 3634 in
1399 3578 1589 3635 multis
1619 3593 1898 3636 secessere
1923 3580 2040 3636 dis-

445 3670 612 3740 cipuli
638 3670 778 3741 ejus,
811 3669 1100 3728 Secundus
1121 3713 1137 3738 ,
1173 3672 1488 3741 Epiphanes
1509 3715 1524 3736 ,
1554 3671 1900 3740 Ptolemazus,
1933 3673 2038 3730 Co—

445 3761 715 3825 lorbasus,
741 3759 981 3827 Marcus,
1011 3765 1178 3819 etalii
1208 3781 1222 3819 :
1247 3762 1858 3820 adeoutTertulliani“
1877 3775 2038 3820 aetate

446 3868 652 3924 purus,
698 3863 756 3910 et
789 3853 1011 3924 qualern
1060 3855 1478 3925 excogitaverat
1536 3856 1652 3926 ipse
1691 3853 2033 3918 Valentinus,

444 3945 976 4002 Valentinianismus
1033 3947 1146 4016 jam
1209 3948 1403 4004 nullibi
1459 3956 1754 4012 terrarum,
1806 3957 2036 4018 praster-

444 4051 612 4110 quam
656 4037 1006 4106 Antiochiae,
1066 4039 1170 4094 sub
1220 4039 1490 4094 Axionico
1543 4041 1774 4111 vigeret.
1833 4039 2031 4095 Caeteri

444 4147 642 4188 omnes
667 4147 810 4187 nova
839 4139 1094 4203 suscepta
1121 4130 1295 4196 larva,
1313 4126 1626 4186 oblitterato
1645 4133 1806 4187 etiam
1829 4135 2034 4205 magis-

446 4224 518 4281 tri
550 4223 774 4279 nomine
796 4263 812 4290 ,
846 4237 1006 4279 suum
1057 4223 1292 4293 quisque
1350 4222 1544 4277 hteresi
1580 4223 1814 4294 propriae
1838 4240 2031 4281 nomen

449 4315 858 4388 imposuerunt.

1013 4403 1055 4460 Ι.
1086 4405 1164 4460 De
1209 4403 1475 4463 Secundo.

2080 1785 2122 1841 Β

2151 1373 2308 1428 τερον
2341 1357 2398 1410 δὲ
2431 1352 2566 1427 ἦχον
2587 1355 2666 1418 εἰς
2682 1353 2851 1418 ἀκοὰς
2873 1351 2980 1407 τῶν
2999 1353 3334 1426 ἐμϐεϐροντη
3344 1353 3518 1424 μένων
3543 1351 3754 1424 ἐξήχη-

2155 1465 2264 1501 σεν.
2297 1450 2463 1503 Addit
2493 1448 2852 1517 Augustinus.
2887 1446 3256 1502 Secundianos
3297 1449 3396 1501 hoc
3431 1465 3461 1500 a
3506 1446 3753 1500 Valenti-

2152 1543 2328 1597 nianis
2350 1542 2552 1594 distare
2579 1543 2687 1595 dici
2717 1582 2733 1606 ,
2765 1545 2907 1613 quod
2945 1545 3146 1597 addant
3172 1559 3334 1610 opera
3359 1543 3750 1607 turpitudinis;

2153 1635 2293 1689 forte
2341 1634 2466 1703 quia
2499 1642 2713 1702 turpem
2766 1644 2821 1689 et
2865 1637 3166 1689 obscenam
3205 1631 3481 1688 Valentini
3535 1634 3740 1687 doctri-

2154 1743 2276 1780 nam
2312 1727 2679 1797 impudentius
2733 1727 3107 1795 praedicabant
3140 1766 3154 1790 ,
3202 1726 3462 1793 omnique
3487 1723 3744 1793 deposita

2154 1819 2476 1872 verecundia
2517 1827 2638 1872 actu
2667 1818 3046 1886 perﬁciebant.
3087 1817 3274 1887 Neque
3327 1817 3471 1871 enim
3523 1815 3743 1886 princi-

2149 1910 2363 1978 piorum
2404 1918 2660 1964 auctores
2688 1919 2883 1974 erant,
2944 1909 3040 1962 sed
3075 1910 3190 1962 hac
3253 1925 3282 1962 a
3319 1907 3614 1961 Valentino
3646 1925 3754 1963 ac-

2147 2011 2432 2071 ceperant,
2461 2003 2552 2070 qui
2580 2001 2624 2055 si
2650 2001 2932 2068 discipulis
2954 2001 3146 2056 melior
3171 2002 3411 2064 exstitit,
3439 2001 3579 2054 forte
3609 2002 3750 2067 quia

2146 2096 2309 2166 paulo
2338 2096 2717 2150 verecundior.
2761 2093 2829 2149 Et
2873 2095 2945 2149 ita
2977 2093 3145 2148 sentit
3193 2094 3564 2147 Damascenus
3593 2093 3751 2146 scri-

2149 2187 2284 2241 bens
2341 2188 2391 2239 in
2443 2186 2540 2242 lib.
2589 2186 2664 2240 De
2713 2187 2903 2240 limes.
2943 2183 3318 2239 Secundianos
3385 2187 3751 2242 consensisse

2147 2294 2269 2333 cum
2298 2277 2609 2343 Valentino,
2647 2279 2751 2332 nisi
2790 2279 2935 2348 quod
2969 2293 3098 2332 eum
3135 2277 3188 2330 in
3219 2277 3462 2331 docenda
3497 2287 3550 2332 et
3577 2293 3752 2332 com-

2149 2372 2502 2426 memoranda
2562 2372 2907 2426 obscenitate
2955 2371 3115 2440 longe
3175 2371 3517 2441 multumque
3567 2387 3747 2442 snpe-

2147 2479 2204 2518 ra
2215 2467 2344 2521 rint.

2221 2558 2307 2613 79.
2343 2558 2600 2612 Secundo
2633 2556 2879 2611 tribuunt
2923 2556 3163 2612 lrenaaus
3213 2566 3269 2613 et
3321 2557 3740 2628 Ephiphanius,

2147 2653 2289 2722 quod
2324 2651 2664 2705 octonarium
2719 2652 2955 2720 primum
2989 2652 3308 2706 distinxerit
3339 2652 3392 2705 in
3423 2661 3742 2722 quaterna-

2146 2745 2290 2799 rium
2323 2745 2578 2798 dextrum
2624 2755 2680 2799 et
2732 2744 3042 2810 sinistrum,
3105 2745 3288 2800 lumen
3344 2753 3400 2800 et
3447 2745 3742 2801 tenebras.

2144 2834 2294 2893 Nova
2327 2837 2546 2906 quidem
2596 2845 2651 2891 et
2685 2837 3030 2907 arnigmatica
3057 2838 3252 2903 verba,
3281 2838 3374 2893 sed
3409 2853 3515 2892 non
3553 2853 3744 2893 novus

2141 2943 2321 2985 error.
2349 2928 2446 2982 llis
2473 2928 2618 2983 enim
2658 2929 3038 2999 signiﬁcabat,
3072 2939 3132 2984 ut
3161 2945 3325 3000 supra
3358 2931 3740 2994 ostendimus,

2143 3021 2378 3090 primum
2401 3021 2746 3075 octonarium
2770 3037 2836 3076 ex
2866 3021 3066 3091 duplici
3097 3023 3448 3090 quaternario
3467 3021 3738 3090 conﬂari;

2145 3112 2323 3167 altero
2345 3128 2413 3166 ex
2448 3113 2748 3181 imparibus
2781 3113 3043 3179 numeris,
3084 3129 3222 3183 quos
3247 3131 3315 3168 ex
3351 3115 3738 3186 Pythagoreo-

2143 3219 2264 3258 rum
2305 3214 2490 3260 mente
2529 3206 2754 3260 dextros
2781 3214 2836 3259 et
2867 3203 3074 3260 faustos
3101 3247 3116 3272 ,
3149 3206 3325 3260 altero
3375 3220 3445 3260 ex
3479 3207 3735 3276 paribus,

2141 3312 2285 3368 quos
2338 3297 2595 3352 sinistros
2635 3307 2690 3352 et
2747 3297 3012 3354 infaustos
3058 3299 3312 3354 vocabat.
3368 3298 3608 3369 ldipsum
3645 3309 3735 3355 est

2140 3391 2286 3462 quod
2317 3389 2637 3445 Ptolemaici
2694 3392 3114 3460 quaternionem
3157 3392 3522 3446 masculinum
3554 3402 3604 3446 et
3642 3391 3728 3447 fe.

2140 3483 2408 3538 mininum
2461 3482 2836 3553 appellabant.
2870 3483 2926 3536 In
2955 3498 3022 3538 eo
3060 3498 3192 3539 vero
3230 3484 3298 3538 ab
3341 3485 3428 3538 his
3467 3494 3522 3539 et
3552 3499 3582 3538 a
3619 3484 3731 3539 Va-

2138 3577 2348 3631 lentino
2383 3577 2640 3631 discessit
2662 3577 2783 3641 ille,
2830 3577 2974 3646 quod
3008 3577 3300 3640 Virtutem,
3333 3593 3454 3648 qua:
3504 3593 3613 3646 pra:
3649 3588 3733 3633 te-

2139 3671 2393 3724 meritate
2427 3668 2657 3734 defecit,
2691 3686 2796 3725 non
2837 3686 2865 3723 a
2904 3670 3127 3740 triginta
3153 3669 3421 3726 Eonibus
3437 3672 3730 3735 derivarit,

2137 3764 2231 3817 sed
2263 3779 2293 3818 a
2327 3762 2596 3820 fructibus
2632 3778 2844 3819 eorum.
2878 3763 3099 3818 Scilicet
3128 3763 3387 3834 angelum
3419 3765 3722 3834 quemdam

2139 3855 2422 3911 inferioris
2450 3856 2662 3911 ordinis
2701 3871 2822 3909 esse
2847 3854 3034 3921 ﬁnxit,
3069 3871 3136 3910 ne
3165 3871 3270 3926 qua
3305 3855 3429 3911 labe
3464 3871 3734 3927 asperge-

2139 3960 2294 4004 retur
2324 3950 2576 4019 superius
2603 3949 2875 4004 Pleroma.

2659 4041 2724 4096 ll.
2747 4043 2826 4096 De
2857 4041 3132 4110 Epiphane

2207 4131 2298 4188 80.
2338 4132 2657 4188 Proximum
2726 4133 2983 4188 Secundo
3035 4134 3312 4189 subnectit
3379 4134 3726 4204 Epiphanem

2138 4223 2372 4279 lrenseus
2406 4239 2422 4278 :
2453 4227 2518 4279 de
2570 4227 2673 4280 hoc
2727 4226 2892 4291 enim,
2931 4239 3031 4279 nec
3087 4227 3152 4280 de
3201 4227 3309 4280 alio
3364 4226 3726 4297 intelligenda

2137 4333 2258 4388 quae
2291 4320 2346 4372 in
2391 4321 2561 4374 veteri
2595 4319 2784 4373 lrentei
2836 4319 3027 4374 Latina
3087 4321 3546 4389 interpretatione
3577 4321 3721 4391 legi-

2139 4428 2261 4466 mus
2293 4431 2310 4467 :
2342 4411 2496 4466 Alius
2521 4429 2641 4467 vero
2663 4413 2904 4482 quidam,
2934 4414 3024 4483 qui
3060 4427 3108 4468 et
3133 4413 3314 4468 clarus
3339 4424 3412 4468 est
3463 4416 3728 4484 magister

518 4500 613 4556 78.
643 4499 859 4555 Primus
899 4511 1062 4567 quem
1089 4506 1216 4567 post
1245 4496 1594 4554 Valentinum
1637 4501 1887 4571 proxime
1918 4515 2032 4555 me-
2064 4513 2106 4568 ῐ)
2137 4505 2403 4573 ipsorum,
2444 4514 2553 4561 etc.
2605 4505 2851 4573 Quorum
2913 4506 3134 4575 quidem
3184 4508 3477 4562 verborum
3528 4507 3724 4565 Graeca

445 4602 667 4648 morant
694 4590 954 4656 Irenaeus,
983 4589 1348 4660 Epiphanius,
1383 4589 1781 4657 'l'beodorc‘tus,
1808 4593 2029 4647 Tertul-

444 4685 650 4750 lianus,
676 4687 763 4741 vel
791 4685 1043 4756 quisquis
1091 4684 1233 4739 alius
1291 4694 1486 4738 auctor
1517 4695 1603 4739 est
1630 4685 2027 4754 Additamenli,

443 4778 593 4850 quod
612 4778 680 4832 ad
707 4777 914 4833 calcem
943 4777 1068 4832 libri
1121 4777 1200 4833 De
1262 4779 1756 4847 prtescriptionibus
1807 4779 2028 4850 legitur,

445 4871 792 4942 Augustinus
829 4883 887 4928 et
920 4873 1037 4940 alii,
1096 4873 1386 4930 Secundus
1429 4881 1533 4927 est.
1577 4870 1712 4938 Quis
1745 4881 1800 4926 et
1827 4874 2028 4943 qualis,

444 4980 624 5037 quove
670 4965 726 5020 in
757 4965 877 5021 loco
925 4976 1111 5033 natus,
1161 4977 1409 5022 veterum
1454 4980 1618 5020 nemo
1668 4967 1918 5036 scripsit.
1973 4969 2027 5022 ld

440 5057 714 5112 duntaxat
752 5070 814 5108 ex
870 5053 1173 5124 Epiphanio
1217 5060 1261 5090 ⁸⁷
1301 5058 1603 5125 discimus,
1642 5059 1788 5128 quod
1831 5058 2031 5115 Valen-

441 5150 559 5204 tino
621 5163 875 5213 cozevus,
916 5149 1234 5216 magistrum
1270 5166 1413 5204 noro
1451 5151 1635 5220 aliquo
1683 5151 1902 5206 invento
1942 5170 2033 5208 su-

441 5254 636 5311 perare
679 5240 760 5295 sic
798 5240 1062 5308 gestierit,
1105 5253 1163 5293 ut
1201 5253 1379 5296 tamen
1424 5245 1570 5311 quod
1608 5243 1869 5298 intererat
1897 5245 2034 5300 inter

443 5334 742 5393 utrumque
773 5323 1098 5389 discrimen,
1130 5335 1300 5379 tutum
1333 5327 1451 5382 fere
1492 5329 1546 5383 in
1579 5331 1758 5386 verbis
1787 5331 2025 5387 limserit.

439 5412 577 5470 Nam
615 5414 833 5480 eadem,
857 5429 979 5483 qua:
1041 5411 1384 5481 Valentinus,
1437 5419 1669 5474 docebat
1698 5423 1906 5486 omnia,
1932 5423 2027 5478 sed

438 5506 705 5575 ampliore
739 5507 926 5561 sonitu
966 5506 1300 5562 furiosorum
1327 5524 1488 5565 aures
1514 5512 1768 5581 opplebat
1801 5515 2026 5570 εΠάντα

441 5599 542 5673 μὲν
575 5599 642 5652 τὰ
676 5599 818 5653 κατὰ
872 5599 963 5655 τὸν
1017 5599 1367 5655 Οὑαλεντῖνον
1421 5602 1730 5674 ἐξηγεῖται,
1767 5609 2023 5679 περισσό-

513 5811 554 5844 ⁸⁶
584 5811 750 5881 lren.,
780 5812 871 5868 lib.
903 5830 939 5882 ι,
969 5830 1087 5886 cap.
1127 5815 1218 5882 2!,
1249 5833 1298 5870 ιι.
1444 5818 1487 5849 ⁸³
1526 5816 1600 5874 Id.
1635 5832 1753 5890 cap.
1782 5819 1872 5890 27,
1910 5837 1967 5876 n.
1998 5822 2046 5895 ιτ

2137 4595 2265 4651 licet
2299 4598 2440 4665 apud
2464 4596 2824 4668 Epiplianium
2862 4599 3268 4666 desiderentur,
3293 4602 3495 4656 merito
3528 4612 3718 4658 tamen

2136 4691 2215 4744 sic
2257 4691 2513 4746 habuisse
2543 4691 2773 4762 conjicit
2827 4691 3197 4748 Pearsonius:
3244 4693 3439 4757 Ἀλλος
3491 4693 3550 4748 δέ
3610 4712 3723 4762 τις,

2131 4783 2161 4836 ὀ
2192 4783 2286 4837 καὶ
2329 4783 2649 4855 Ἐπιφανὴς,
2698 4784 3013 4848 διδάσκαλος
3043 4785 3240 4840 αὐτῶν.
3302 4785 3405 4841 Ubi
3435 4787 3726 4854 imperitus

2140 4875 2413 4944 interpres
2445 4875 2650 4930 misere
2695 4876 2906 4946 lapsus,
2941 4875 3285 4933 Tertulliano
3318 4876 3718 4934 oﬂ'endiculum

2134 4967 2403 5036 praabuit;
2453 4982 2578 5021 nam
2624 4977 2679 5022 et
2733 4970 2852 5038 ipse
2885 4969 3144 5038 scripsit,
3193 4970 3507 5038 insignioris
3567 4974 3716 5037 apud

2127 5076 2215 5113 eos
2261 5061 2528 5129 magistri.
2565 5061 2796 5131 .Quippe
2857 5069 3052 5118 neuter
3098 5062 3413 5126 advertens,
3447 5062 3716 5118 Ireneum

2130 5166 2264 5206 voce
2311 5153 2580 5224 ἐπιφανὴς
2637 5155 2882 5209 alludere
2946 5156 3011 5208 ad
3079 5155 3322 5210 ltazretici
3368 5172 3587 5222 nomen,
3647 5173 3719 5212 ex

2131 5245 2353 5315 proprio
2435 5246 2820 5317 appellativqu
2891 5246 3166 5313 fecerunt;
3221 5249 3440 5304 deﬁnita
3523 5249 3720 5305 Irenaei

2133 5339 2298 5391 verba
2337 5338 2389 5392 in
2419 5354 2620 5409 vagum
2647 5350 2698 5395 et
2737 5341 3078 5396 indeﬁnitum
3111 5357 3449 5406 sermonem,
3485 5357 3552 5396 ex
3605 5359 3722 5411 quo

2131 5429 2332 5484 nullius
2387 5434 2632 5486 auctoris
2685 5449 2884 5488 nomen
2941 5433 3122 5504 colligi
3179 5444 3364 5502 queat,
3423 5450 3716 5505 perperam

2131 5532 2538 5578 convertentes.
2576 5524 2716 5590 Quin
2779 5535 2960 5580 tamen
3004 5526 3073 5580 de
3123 5525 3404 5596 Epipliane
3463 5527 3556 5581 hic
3587 5539 3721 5597 agat

2133 5611 2392 5680 lrenaaus,
2441 5616 2695 5672 dubitare
2744 5634 2849 5674 non
2881 5618 3018 5673 sinit
3066 5617 3431 5689 Epiphanius,
3464 5619 3583 5690 qui_
3614 5619 3721 5674 Se-

2111 5823 2178 5904 ,“
2211 5821 2350 5882 Adv.
2391 5825 2635 5896 Valcnt.,
2665 5844 2707 5884 ρ.
2752 5827 2802 5882 4.
2845 5828 2888 5862 ιτ
2920 5827 3187 5899 Epipltan.
3231 5827 3369 5885 llccr.
3404 5843 3558 5894 xxxi,
3595 5826 3623 5897 ἑ
3655 5827 3695 5889 1.
