3954 6352
248 308 345 366 105

936 306 1391 366 DISSERTATIO
1424 310 1465 375 l,
1500 309 1661 368 ΛΒΤ.
1699 309 1763 374 ll,
1799 310 1888 366 DE
1923 310 2291 371 VALENTINI
2330 310 2743 399 DISCIPULIS.

3373 316 3476 373 {06

242 423 412 477 unde
451 426 766 492 proximum
820 436 1072 481 recenset
1114 400 1478 497 Epiphanem,
1535 427 1593 484 in
1640 443 1802 499 quem
1835 438 1883 496 Α
1910 429 2081 484 busve
2133 426 2401 503 sordidari
2459 428 2783 485 criminibus
2830 429 3121 486 debuerint
3149 444 3306 486 suum
3338 431 3479 488 isto-

243 527 493 584 przterea
526 521 778 586 apprime
800 520 1072 588 quadrant
1101 536 1224 590 quze
1258 521 1406 575 claro
1438 521 1512 576 illi
1539 538 1635 578 seu
1672 524 1806 578 insi-

242 606 675 675 gnion'tnagistro
703 607 952 663 tribuunt
978 608 1214 665 lrenaeus
1244 609 1493 675 Latinus,
1525 621 1577 667 et
1595 610 1809 667 Tertul-

243 698 431 749 lianus.
460 696 770 768 Σύγχρονος
804 698 1058 756 Secundo
1090 700 1192 756 fuit
1236 703 1543 773 Epiphanes
1571 741 1589 770 ,
1640 705 1810 775 eique

241 792 460 861 proinde
516 793 813 860 successit,
865 810 974 849 non
1022 805 1129 849 tam
1177 807 1442 865 tempore,
1492 812 1655 866 quam
1708 800 1807 854 do-

238 882 408 936 ctrina
454 883 525 937 ⁸⁸.
552 882 935 953 Carpocratis,
984 887 1201 942 infamis
1236 888 1383 944 illius
1436 891 1810 946 haeresiarchas

237 974 299 1028 de
348 989 458 1043 quo
509 987 700 1043 postea
734 976 1092 1046 disseremus,
1142 981 1285 1039 ﬁlius
1334 994 1474 1050 erat,
1515 993 1571 1039 et
1614 984 1809 1040 matris

237 1066 315 1120 cui
356 1081 559 1119 nomen
598 1067 965 1135 Alexandria;
1017 1085 1082 1125 ex
1114 1081 1269 1140 patre
1301 1073 1516 1141 quidem
1568 1071 1809 1127 Alexan-

238 1157 452 1221 drinus,
502 1172 574 1211 ex
625 1168 803 1215 matre
850 1175 982 1216 vero
1028 1161 1411 1233 Cephalenius.
1468 1163 1809 1218 Liberalibus

238 1250 542 1318 disciplinis
580 1263 612 1303 a
660 1260 816 1318 patre
847 1268 949 1309 non
973 1257 1212 1324 segniter
1236 1255 1505 1319 excultus,
1534 1264 1719 1311 tantos
1742 1270 1809 1311 eo

238 1342 368 1397 duce
398 1342 450 1395 in
478 1340 765 1396 Platonica
810 1344 1147 1416 phil050phia
1194 1362 1515 1418 progressus
1562 1348 1718 1412 fecit,
1752 1356 1811 1402 ut

241 1433 563 1502 exquisitam
596 1432 845 1489 hominis
896 1437 1261 1495 eruditionem
1314 1440 1657 1508 suspicerent
1693 1454 1810 1494 om-

245 1539 356 1579 nos.
399 1525 653 1598 Egregia
684 1528 901 1596 quidem
934 1530 1107 1595 dotes,
1151 1531 1246 1585 sed
1294 1545 1432 1600 quas
1463 1545 1586 1586 cum
1636 1532 1690 1587 in
1720 1533 1807 1587 sui

243 1618 421 1685 ipsius,
454 1629 574 1674 tum
610 1620 666 1675 in
689 1623 919 1677 aliorum
945 1624 1240 1694 perniciem
1264 1625 1465 1680 misere
1492 1626 1763 1681 convertit
1788 1643 1803 1679 :

240 1710 303 1765 iis
324 1712 525 1782 quippe
548 1714 775 1780 abusus,
831 1714 1035 1769 nefaria
1087 1714 1259 1784 patris
1287 1716 1539 1786 dogmata
1578 1716 1808 1787 amplia-

237 1803 308 1856 vit
352 1803 617 1877 [XLVIII]
652 1846 668 1870 ,
704 1807 1075 1875 audaciusque
1122 1807 1531 1874 disseminavit;
1580 1812 1709 1863 tumI
1736 1810 1805 1864 ad
1836 1788 1879 1842 Β

239 1897 547 1951 Secundum
608 1914 671 1952 se
723 1908 885 1967 atque
924 1899 1041 1969 ejus
1090 1898 1329 1956 fautores
1368 1901 1678 1968 applicavit,
1737 1914 1807 1957 ac

238 1988 378 2042 illius
439 1989 587 2043 inse
640 1989 814 2053 virus,
875 1991 978 2044 hoc
1033 1999 1135 2055 est,
1205 1991 1467 2046 imbutam
1529 2000 1805 2047 venenata

236 2080 464 2146 quadam
490 2088 645 2149 peste
669 2078 1055 2149 loquacitatem
1085 2084 1378 2149 expressit.
1422 2080 1628 2136 Omitto
1658 2084 1806 2152 quod

238 2172 572 2240 Epiphanius
586 2173 662 2226 ait
684 2172 751 2233 “.
780 2172 1041 2228 lsidorum
1066 2177 1352 2242 quemdam
1379 2174 1803 2244 (philosophum,

236 2278 301 2317 an
367 2265 693 2318 haereticum
767 2260 1221 2331 Valentinianum,
1253 2265 1508 2329 dubitat,
1574 2264 1808 2320 afﬁrmat

238 2369 360 2408 vero
390 2352 658 2409 Clemens
707 2353 1059 2415 Alcxand.'°,
1100 2352 1351 2409 Basilidis
1393 2352 1564 2407 lilium
1630 2357 1805 2409 exsti-

239 2443 388 2513 tisse)
442 2442 673 2510 scriptis
742 2438 1163 2506 Parmnesibns,
1200 2439 1463 2511 Epiphani
1525 2449 1805 2495 auctorem

234 2536 436 2589 erroris
497 2535 695 2599 fuisse,
749 2548 815 2587 ac
861 2531 1173 2588 Secundum
1226 2542 1281 2588 et
1313 2532 1654 2603 Epiphanem
1706 2532 1808 2587 has

233 2626 552 2681 Paraneses
582 2624 653 2677 ad
679 2639 835 2677 usum
865 2633 1032 2679 sectae
1074 2638 1187 2679 sua:
1227 2623 1593 2679 transtulisse.
1652 2621 1806 2691 Quod

230 2720 376 2773 enim
451 2733 524 2773 ex
574 2717 645 2771 iis
717 2714 1549 2786 Paranesibus,Fragmentutn
1609 2716 1809 2772 recitat

230 2810 488 2864 Clemens
519 2808 791 2863 Alexaud.
820 2807 917 2861 lib.
953 2821 1012 2861 ιιι
1041 2806 1263 2870 Strom.,
1294 2822 1420 2876 pag.
1473 2806 1602 2875 427,
1646 2822 1806 2873 repu-

230 2916 402 2971 gnare
458 2902 687 2956 videtur
746 2914 868 2954 cum
922 2900 990 2952 iis
1018 2939 1033 2962 ,
1067 2914 1187 2968 quae
1230 2899 1298 2953 de
1344 2898 1600 2968 conjugio
1648 2900 1810 2956 docet

233 2994 551 3065 Epiphanes
580 2993 724 3062 apud
744 2992 998 3047 eumdem
1021 2988 1381 3045 Clementem.
1416 2989 1691 3059 Quidquid
1714 2991 1805 3057 sit,

1910 537 2029 576 rum
2056 531 2110 576 et
2141 536 2336 576 canum
2366 536 2623 591 synaxes,
2653 522 2881 591 quilibet
2912 523 3194 594 intelligit.

1978 613 2066 669 81.
2089 613 2220 681 Quae
2263 615 2424 669 fuerit
2458 615 2749 684 Epiphanis
2774 616 2839 671 de
2870 615 3138 671 Eonibus
3180 619 3477 681 sententia.

1908 705 2155 772 superius
2179 708 2550 775 exposuimus.
2585 707 2642 761 In
2669 722 2734 763 eo
2778 708 3046 763 duntaxat
3087 723 3118 764 a
3156 709 3477 779 Valentino,

1908 806 1962 851 et
1989 795 2330 854 Ptolemaitis
2385 798 2691 864 differebat,
2717 800 2859 871 quod
2892 800 3126 868 primum
3173 813 3499 870 quaterna-.

1908 886 2049 940 rium
2084 886 2207 942 aliis
2240 888 2554 945 nominibus
2596 888 2951 957 exprimeret.
2989 889 3193 961 Nempe
3228 892 3373 961 quod
3398 891 3479 946 illi

1908 973 2141 1044 Bytbum
2168 987 2221 1031 et
2256 978 2445 1049 Sigen,
2474 976 2591 1031 Non
2619 988 2673 1032 et
2722 979 3010 1033 Aletheian
3068 980 3350 1043 dicebant.
3386 981 3479 1035 hic

1909 1062 2187 1119 Monoteta
2213 1076 2263 1120 et
2300 1064 2564 1121 Henoteta
2589 1106 2604 1130 ,
2660 1067 2889 1121 Monada
2949 1078 3003 1123 et
3036 1069 3170 1125 lien.
3225 1068 3477 1124 Totidem

1907 1170 2071 1212 voces
2118 1156 2434 1224 Platonicis,
2475 1174 2609 1228 cum,
2646 1160 2713 1215 de
2752 1160 3045 1216 Divinitate
3091 1175 3273 1233 sermo
3335 1169 3478 1229 erat,

1908 1248 2231 1313 familiares,
2282 1258 2340 1302 ut
2391 1251 2641 1305 vidimus.
2704 1253 2771 1307 Et
2819 1252 3482 1322 eapropteraClemente

1906 1341 2170 1396 Alexand.
2201 1339 2546 1410 Μοναδικῆς
2594 1343 2869 1413 γνώσεως
2919 1354 3111 1399 auctor
3162 1346 3339 1399 dictus
3370 1356 3478 1407 est,

1909 1433 2121 1488 scilicet
2151 1452 2182 1489 a
2216 1435 2442 1492 Monade
2497 1438 2588 1492 illa
2628 1440 2713 1493 vel
2745 1439 3015 1493 Monotetc
3041 1481 3055 1505 ,
3100 1452 3262 1507 quam
3291 1452 3321 1491 a
3350 1435 3480 1491 Pla-

1909 1522 2208 1579 tonicorum
2242 1529 2430 1584 schola
2497 1530 2549 1583 in
2613 1543 2768 1582 suam
2811 1527 3117 1581 invexerat.
3177 1524 3386 1589 Caetera
3413 1524 3483 1579 de

1910 1617 2411 1676 Valentinianorum
2483 1620 2771 1691 hypothesi
2840 1619 3171 1674 disserentes
3223 1617 3479 1687 exposui-

1910 1720 2051 1761 IDUS.

2284 1798 2371 1852 ιιι.
2404 1799 2480 1853 De
2512 1798 2804 1867 Epiphania
2830 1784 3133 1866 discipulis.

1978 1888 2069 1945 82.
2101 1889 2273 1944 Sicuti
2295 1906 2422 1946 vero
2474 1891 2787 1961 Epiphanes
2836 1900 3023 1945 vetera
3082 1892 3477 1959 magistrorum

1906 1984 2197 2052 aenigmata
2222 1986 2376 2039 novis
2403 1984 2699 2038 obscurare
2724 1982 2917 2045 voluit,
2950 1982 3028 2036 sic
3078 1979 3331 2049 discipuli
3362 1980 3480 2048 ejus

1908 2076 2144 2144 majores
2170 2077 2349 2130 adhuc
2382 2074 2732 2143 prazceptoris
2784 2073 2950 2129 dictis
3005 2073 3261 2128 tenebras
3295 2071 3483 2127 oﬂ‘nn-

1907 2165 2038 2219 dere
2090 2165 2412 2234 gestierunt.
2462 2164 2499 2216 li
2550 2173 2739 2227 sunt,
2798 2170 3020 2215 auctore
3078 2161 3388 2234 Epiphanio
3410 2167 3480 2233 ",

1908 2269 2138 2325 quorum
2179 2265 2349 2321 nugas
2381 2252 2544 2307 tacito
2576 2268 2870 2321 gerronum
2917 2253 3137 2308 nomine
3175 2254 3351 2308 refert
3374 2251 3485 2306 Ire-

1910 2363 2061 2403 naaus
2088 2362 2208 2415 cap.
2238 2347 2324 2411 II,
2357 2363 2412 2401 ιι.
2440 2346 2495 2403 5.
2527 2344 2768 2400 Primam
2818 2346 3027 2399 tetrada
3075 2359 3143 2399 ex
3182 2343 3483 2412 Proarche,

1908 2441 2250 2503 Anennoeto,
2305 2438 2566 2501 Arrhelo,
2626 2445 2683 2491 et
2735 2435 2943 2489 Aorato
2998 2436 3484 2506 coagmentabant.

1908 2529 1990 2585 Ex
2017 2529 2291 2586 Proarche
2322 2544 2451 2584 vero
2509 2529 2768 2583 emissum
2799 2542 2923 2583 esse
2980 2528 3159 2596 primo
3213 2538 3269 2583 et
3292 2530 3486 2598 quinte

1910 2621 2031 2679 loco
2059 2626 2300 2691 Archeu,
2323 2638 2390 2677 ex
2434 2623 2758 2677 Anennoeto
2811 2622 3051 2675 secundo
3094 2630 3149 2675 et
3178 2632 3338 2676 sexto
3365 2622 3487 2676 loco

1908 2715 2284 2785 Acatalepton,
2343 2729 2411 2769 ex
2462 2714 2699 2769 Arrheto
2752 2712 2917 2766 tertio
2967 2720 3025 2766 et
3062 2713 3299 2782 septimo
3365 2712 3487 2772 loco

1908 2813 2336 2872 Auonomaston,
2386 2820 2452 2860 ex
2475 2804 2678 2857 Acrato
2709 2812 2890 2858 autem
2926 2813 3127 2873 quarto
3177 2814 3235 2860 et
3280 2813 3480 2862 octavo

1909 2897 2032 2953 loco
2062 2897 2376 2967 Agenneton
2421 2893 2762 2949 ellutiebant.
2797 2894 2943 2961 Quas
2969 2895 3195 2964 quidem
3226 2897 3486 2968 ambages

1910 2988 1983 3060 (si
2012 2989 2133 3058 quis
2166 2997 2343 3041 tamen
2403 2986 2715 3055 hujusmodi
2756 2985 2967 3043 deliriis
2996 3003 3195 3045 sensus
3255 2989 3482 3046 subesse

233 3087 548 3159 Epiphanes
593 3100 663 3140 ne
715 3085 967 3155 pluribus
1035 3082 1206 3139 exitio
1266 3081 1427 3148 foret,
1476 3082 1568 3137 diu
1621 3086 1808 3140 vivere
1836 3123 1879 3180 ο
1913 3081 2105 3150 possit)
2165 3080 2220 3133 in
2267 3079 2410 3134 notis
2438 3080 2507 3133 ad
2554 3078 2704 3135 hunc
2740 3079 2919 3137 locum
2965 3083 3243 3139 extricare
3296 3084 3479 3140 conati

231 3182 534 3251 permissus
563 3193 672 3233 non
725 3187 830 3233 est.
867 3176 1001 3232 Nam
1037 3190 1159 3232 cum
1203 3176 1272 3230 ad
1321 3191 1431 3230 xvu
1477 3177 1652 3232 aetatis
1705 3192 1805 3231 an-

231 3287 356 3326 num
390 3271 779 3341 pervenisset,
813 3270 1108 3326 immatura
1138 3281 1313 3324 morte
1343 3281 1651 3339 praeventus
1680 3277 1765 3321 est
1790 3284 1806 3323 :

230 3379 338 3434 quo
372 3377 547 3428 anno,
578 3375 687 3415 non
724 3368 963 3417 constat.
995 3361 1064 3414 At
1095 3376 1219 3416 cum
1266 3358 1640 3414 Tbeodoretus
1674 3357 1810 3412 scri-

234 3457 327 3511 bat
391 3456 437 3487 ἰ
492 3468 621 3507 eum
675 3452 918 3506 Adriano
979 3453 1281 3522 imperante
1345 3450 1596 3504 haeresim
1652 3462 1808 3503 suam

233 3546 623 3610 conﬁrmasse,
668 3546 759 3598 vix
789 3544 916 3599 huic
943 3542 1174 3612 principi
1222 3540 1559 3610 superfuisse
1612 3539 1812 3609 potuit.

233 3637 418 3706 Quare
449 3636 538 3691 vel
570 3635 677 3690 sub
705 3634 823 3703 ejus
858 3634 1041 3699 ﬁnem,
1084 3634 1168 3688 vel
1193 3634 1335 3689 inter
1357 3634 1508 3688 initia
1546 3632 1809 3689 Antonini

232 3729 310 3785 Pii
355 3728 571 3784 obierit
606 3740 834 3783 necesse
865 3736 971 3780 est.
1015 3724 1131 3779 Non
1186 3734 1363 3781 tamen
1419 3726 1577 3780 istius
1635 3733 1812 3780 morte

232 3836 620 3894 compressum
660 3818 883 3875 omnino
929 3817 1150 3872 malum.
1179 3818 1269 3875 Sic
1299 3819 1445 3873 enim
1481 3819 1665 3873 vivens
1685 3832 1813 3872 con-

236 3930 530 3973 terraneos
559 3932 710 3979 suos,
767 3931 835 3970 ex
871 3924 1069 3978 matre,
1101 3909 1463 3982 Cephalenios
1511 3922 1625 3964 tum
1676 3924 1813 3980 pra:-

233 4010 430 4079 stigiis,
494 4019 613 4062 tum
663 4006 969 4061 eruditione
1024 4002 1426 4065 fascinaverat,
1479 4007 1539 4052 ut
1597 4008 1812 4053 mortuo

232 4102 454 4157 divinos
480 4100 719 4154 honores
748 4096 1061 4160 detulerint,
1119 4092 1394 4161 templum.
1454 4092 1664 4155 altaria,
1693 4088 1810 4143 Mu-

234 4209 405 4249 scam
437 4194 497 4246 in
534 4191 702 4245 Same
740 4190 877 4244 urbe
915 4186 1306 4250 exstruxerint,
1362 4184 1630 4239 sacriﬁcia
1663 4192 1718 4237 et
1749 4183 1811 4237 li-

234 4286 490 4341 bationes
544 4294 802 4352 tanquam
834 4282 943 4336 Deo
997 4278 1223 4349 singulis
1265 4278 1559 4334 noviluniis
1599 4275 1812 4331 obtule-

237 4380 370 4443 rint,
421 4378 680 4432 convivia
714 4375 960 4445 egerint,
1009 4390 1070 4427 ac
1120 4373 1351 4443 hymnos
1392 4372 1441 4428 ei
1489 4369 1808 4425 cecinerint.

1912 3189 2121 3230 sumus.
2158 3174 2249 3228 Sic
2276 3174 2503 3244 primam
2546 3176 2793 3246 oguoada
2844 3178 3251 3246 grandioribus,
3308 3193 3481 3249 quam

1913 3267 2094 3322 caeteri
2142 3265 2399 3329 solerent,
2452 3266 2766 3323 nominibus
2820 3267 3100 3326 infuscare
3154 3271 3363 3341 placuit
3386 3287 3485 3328 ve-

1917 3358 2249 3414 teratoribus
2279 3356 2438 3422 istis;
2468 3366 2523 3412 et
2552 3372 2619 3412 ne
2668 3359 2903 3414 aliorum
2942 3360 3331 3418 Gnosticorum
3383 3378 3482 3419 ve-

1916 3451 2078 3519 stigia
2110 3450 2349 3521 relegere
2377 3448 2720 3518 viderentur,
2752 3451 2989 3523 Bythum
3018 3454 3200 3525 (quem
3233 3455 3325 3509 alii
3351 3470 3489 3512 con-

1909 3539 2054 3611 jugis
2115 3552 2418 3611 expertem,
2477 3542 2571 3597 alii
2640 3546 2939 3598 masculum
2974 3552 3029 3599 et
3080 3543 3359 3613 feminam,
3390 3546 3488 3607 alii

1916 3649 2093 3703 neque
2135 3637 2430 3692 masculum
2458 3677 2474 3705 ,
2530 3650 2707 3708 neque
2752 3636 3013 3691 feminam
3037 3650 3160 3692 esse
3202 3636 3488 3706 dicebant)

1910 3735 1971 3781 et
2001 3726 2159 3797 Sigen
2210 3728 2279 3783 de
2311 3730 2541 3799 pristina
2601 3730 2730 3785 sede
2756 3729 3171 3794 deturbare,.ut
3223 3743 3290 3785 eo
3333 3729 3481 3797 loco,

1914 3832 2075 3886 quem
2103 3817 2294 3889 reliqui
2322 3820 2515 3891 Bytbio
2552 3830 2608 3874 et
2646 3819 2775 3875 Mixi
2820 3820 3205 3890 assignabant,
3240 3819 3486 3877 colloca-

1916 3917 2055 3963 rent.
2108 3907 2215 3964 Sed
2264 3926 2439 3981 pugna
2494 3913 2546 3965 in
2587 3912 2771 3967 verbis
2825 3920 2968 3979 erat,
3035 3912 3229 3969 eadem
3268 3928 3486 3984 semper

1915 4009 2096 4055 stante
2128 4000 2438 4073 hypotbesi.

2155 4093 2241 4150 IV.
2274 4096 2348 4149 De
2379 4094 2663 4152 Ptolemmo
2692 4098 2908 4169 eiusque
2932 4099 3232 4168 discipulis.

1984 4188 2073 4243 85.
2107 4186 2437 4257 Epiphanem
2472 4189 2675 4257 excipit
2721 4194 2862 4259 apud
2910 4192 3273 4262 Epiphanium
3300 4192 3486 4249 Ptole-

1916 4295 2105 4345 maeus,
2164 4281 2231 4334 de
2283 4280 2438 4349 cujus
2472 4291 2651 4349 aetate,
2705 4284 2881 4352 patria
2947 4294 3004 4339 et
3050 4286 3296 4343 moribus
3344 4287 3485 4342 nihil

1913 4372 2048 4427 certi
2111 4371 2323 4426 deﬁniri
2380 4383 2579 4442 potest.
2616 4374 2854 4430 Secundi
2898 4384 2953 4432 et
2992 4375 3289 4447 Epiphanis
3320 4377 3484 4433 disci-

234 4472 387 4539 Quod
426 4472 617 4524 adhuc
640 4468 929 4539 Epiphanii
966 4468 1298 4538 temporibus
1320 4465 1622 4520 obtinebat.
1659 4460 1810 4517 Scri-
1837 4487 1883 4543 ι)
1913 4467 2132 4535 pulum,
2197 4475 2251 4521 et
2307 4466 2525 4535 utrique
2584 4481 2826 4523 coavutn
2862 4507 2877 4532 ,
2940 4470 3219 4539 magistris
3300 4476 3484 4523 tamen

236 4567 338 4633 psit
398 4564 551 4617 inter
590 4560 729 4615 alios
762 4560 961 4613 librum
1002 4558 1077 4613 De
1138 4559 1380 4633 justitia,
1419 4570 1482 4610 ex
1533 4571 1641 4626 quo
1694 4554 1806 4607 fra-

237 4666 451 4727 gmenta
494 4654 769 4723 quaedam,
811 4666 932 4722 quae
982 4651 1228 4707 insanam
1276 4649 1510 4707 hominis
1554 4648 1804 4716 impieta-

240 4763 341 4804 tem
372 4764 435 4804 ac
464 4746 755 4802 libidinem
789 4760 900 4813 pra:
926 4760 985 4799 se
1008 4744 1212 4810 ferunt,
1239 4741 1528 4812 descripsit
1554 4740 1804 4795 Clemens

236 4840 671 4896 Alexandrinus.
707 4838 764 4892 In
796 4852 861 4892 eo
884 4836 1153 4907 justitiam
1183 4836 1273 4890 Dei
1299 4835 1436 4890 dicit
1466 4849 1583 4889 esse
1608 4848 1804 4886 κοινω-

237 4934 350 4987 νίαν
382 4933 511 4986 τινὰ
563 4930 681 5003 μετ’
727 4929 989 5000 ἰσότητος,
1026 4930 1305 4999 quamdam
1350 4942 1468 4980 cum
1509 4925 1806 4996 aequalitate

236 5028 661 5080 communionem
686 5036 706 5073 .'
739 5020 974 5089 indeque
1022 5019 1189 5075 infert
1238 5033 1326 5073 res
1369 5028 1618 5082 cunctas,
1660 5018 1807 5087 ipsas

237 5123 397 5173 etiam
426 5131 657 5178 uxores,
720 5114 864 5168 inter
898 5112 1145 5168 homines
1188 5126 1308 5166 esse
1340 5111 1537 5171 debere
1567 5125 1810 5169 commu-

237 5230 329 5268 nes
361 5231 377 5266 :
408 5213 561 5282 quod
618 5209 841 5278 quidem
902 5206 1105 5262 erroris
1151 5214 1464 5275 portentum
1512 5219 1541 5257 a
1583 5201 1810 5256 Platone

236 5309 467 5375 accepit,
499 5304 595 5373 qui
626 5304 669 5357 si
695 5317 803 5357 non
847 5301 920 5354 ita
972 5314 1163 5370 reapse
1214 5299 1465 5362 senserit,
1520 5298 1586 5352 iis
1618 5296 1811 5355 saltem

240 5400 417 5451 verbis
441 5411 575 5450 usus
602 5404 692 5449 est
731 5394 828 5449 lib.
866 5408 900 5447 v
944 5393 1021 5447 De
1068 5391 1357 5461 republica,
1399 5405 1519 5460 qua:
1551 5403 1672 5442 eum
1728 5389 1806 5442 ita

239 5488 472 5543 sensisse
525 5486 779 5553 pluribus
828 5498 1167 5555 persuasere.
1225 5483 1355 5550 Quin
1407 5482 1613 5538 fuerint
1664 5480 1808 5549 apud

240 5577 500 5632 scelestos
532 5578 787 5632 homines
816 5576 1089 5646 dogmatis
1120 5572 1278 5643 hujus
1308 5571 1807 5640 consectaria,qni-

339 5692 384 5725 ⁸⁸
409 5693 631 5762 Epipb..
680 5692 827 5745 Ilazr.
868 5706 1017 5756 χχιι,
1045 5690 1071 5762 §
1100 5692 1145 5746 I.

242 5776 293 5820 ι.
318 5767 369 5817 5.
442 5765 490 5796 “
518 5764 667 5818 Ilaer.
702 5778 880 5825 χλιιι,
910 5762 937 5832 §
968 5762 1018 5816 7.

556 5861 840 5920 Parnox.
884 5859 1001 5920 Gn.
1056 5856 1189 5922 VII.

1915 4556 2074 4628 longe
2138 4558 2437 4613 doctiorem
2493 4558 2669 4614 fuisse
2715 4559 2994 4629 significat
3045 4560 3191 4615 idem
3248 4559 3483 4630 Epipha-

1912 4650 2033 4705 nius
2056 4649 2140 4717 ⁹³;
2174 4650 2242 4705 de
2281 4651 2493 4707 caeteris
2517 4652 2841 4707 altissimum
2889 4652 3031 4720 apud
3052 4660 3268 4708 veteres
3315 4652 3485 4707 silen-

1912 4744 2065 4799 tium.
2132 4743 2320 4800 Plures
2380 4746 2600 4816 quidem
2673 4745 3019 4814 conjecturas
3062 4743 3149 4800 his
3194 4744 3265 4800 de
3318 4746 3487 4801 rebus

1910 4839 2164 4908 proponit
2199 4838 2509 4895 Dodwellus
2547 4840 2775 4895 Dissert.
2817 4853 2871 4891 tv
2920 4836 2974 4891 in
3020 4835 3242 4908 lren.,§
3313 4836 3383 4890 28
3428 4850 3487 4893 et

1909 4942 2090 5000 seqq,
2114 4931 2207 4985 sed
2236 4946 2358 5000 qure
2378 4931 2469 4985 vix
2504 4932 2644 5000 apud
2674 4930 2813 4985 alios
2844 4944 3007 4999 quam
3031 4932 3285 4986 credulos
3309 4932 3485 4985 lecto-

1904 5033 1993 5074 res
2051 5021 2209 5074 tidem
2273 5022 2581 5075 obtineant.
2646 5019 2778 5074 Illud
2832 5021 3099 5075 duntaxat
3155 5036 3223 5075 ex
3279 5020 3485 5076 Irenaeo

1906 5109 2231 5167 concludere
2262 5127 2571 5182 possumus,
2606 5112 2988 5174 Ptolemaeum.
3052 5114 3153 5168 etsi
3182 5113 3326 5167 forte
3380 5112 3485 5166 Va-

1907 5202 2174 5260 lentinum
2231 5206 2450 5271 viderit,
2511 5220 2576 5261 eo
2628 5216 2809 5261 tamen
2843 5206 3115 5274 juniorem
3151 5204 3343 5261 fuisse.
3374 5204 3484 5260 Iste

1907 5296 2174 5372 siquidem
2231 5297 2580 5353 'l‘beodadem
2626 5301 2916 5368 quemdam
2964 5299 3346 5369 apostolorum
3402 5300 3486 5354 di-

1909 5388 2172 5459 scipulum
2196 5388 2397 5444 vidisse
2422 5405 2481 5445 se
2520 5390 2798 5459 jactabat,
2844 5401 2905 5445 ut
2946 5392 3230 5446 diximus:
3268 5401 3323 5447 at
3373 5389 3486 5444 Ire-

1910 5495 2057 5537 naeus
2077 5481 2174 5537 lib.
2233 5497 2293 5545 tt.
2325 5498 2445 5553 cap.
2506 5484 2598 5549 52,
2634 5501 2690 5541 n.
2730 5485 2787 5551 5,
2845 5484 3081 5539 afﬁrmat
3130 5482 3484 5537 Ptolemaeum

1910 5574 2187 5643 apostolos
2232 5588 2507 5642 nunquam
2551 5576 2786 5639 vidisse,
2836 5576 2945 5629 imo
2996 5573 3290 5643 vestigium
3347 5585 3485 5639 apo-

1248 5692 1292 5724 ⁸⁹
1321 5692 1422 5755 ld..
1453 5690 1596 5745 liter.
1624 5706 1797 5753 xxxu,

1922 5728 1934 5741 .
2008 5688 2198 5761 "Lib.
2229 5704 2289 5743 III
2343 5688 2801 5759 Strom.,p.4l8.
2878 5691 2921 5722 ⁹¹
2970 5690 3137 5747 Lib.t
3197 5687 3342 5741 Haer.
3368 5684 3483 5739 fab.

1113 5763 1158 5794 ”
1190 5761 1331 5818 Henr.
1367 5776 1516 5826 xxxi,
1550 5760 1577 5831 ς
1607 5761 1658 5829 I,
1704 5771 1756 5816 et
1783 5757 1914 5815 hair.
1952 5776 2143 5825 χχχιιι,
2173 5757 2201 5829 §
2231 5761 2281 5812 I.

3127 5854 3167 5907 ι
