  <div class='ocr_page' id='page_1' title='image "/cluster/home/n/w/nwhite01/storage/ocr_20150623/7/hvd.32044019206614/062.png"; bbox 0 0 3954 6352; ppageno 0'>
   <div class='ocr_carea' id='block_1_1' title="bbox 271 404 360 459">
    <p class='ocr_par' dir='ltr' id='par_1_1' title="bbox 271 404 360 459">
     <span class='ocr_line' id='line_1_1' title="bbox 271 404 360 459; baseline -0.011 0"><span class='ocrx_word' id='word_1_1' title='bbox 271 404 360 459; x_wconf 73' lang='grc'><strong>109</strong></span> 
     </span>
    </p>
   </div>
   <div class='ocr_carea' id='block_1_2' title="bbox 972 387 2767 460">
    <p class='ocr_par' dir='ltr' id='par_1_2' title="bbox 972 387 2767 460">
     <span class='ocr_line' id='line_1_2' title="bbox 972 387 2767 460; baseline -0.003 -11"><span class='ocrx_word' id='word_1_2' title='bbox 972 393 1422 451; x_wconf 75' lang='lat' dir='ltr'><strong>DlSSERTATlO</strong></span> <span class='ocrx_word' id='word_1_3' title='bbox 1457 396 1499 460; x_wconf 85' lang='grc' dir='ltr'><strong>Ι,</strong></span> <span class='ocrx_word' id='word_1_4' title='bbox 1537 391 1695 448; x_wconf 73' lang='grc' dir='ltr'><strong>ΛΒΤ.</strong></span> <span class='ocrx_word' id='word_1_5' title='bbox 1736 391 1799 457; x_wconf 91' lang='lat' dir='ltr'><strong>ll,</strong></span> <span class='ocrx_word' id='word_1_6' title='bbox 1836 391 1923 445; x_wconf 86' lang='lat' dir='ltr'><strong>DE</strong></span> <span class='ocrx_word' id='word_1_7' title='bbox 1958 390 2327 445; x_wconf 70' lang='lat' dir='ltr'><strong>VALENTINI</strong></span> <span class='ocrx_word' id='word_1_8' title='bbox 2366 387 2767 445; x_wconf 79' lang='lat' dir='ltr'><strong>DlSClPULlS.</strong></span> 
     </span>
    </p>
   </div>
   <div class='ocr_carea' id='block_1_3' title="bbox 3404 391 3510 445">
    <p class='ocr_par' dir='ltr' id='par_1_3' title="bbox 3404 391 3510 445">
     <span class='ocr_line' id='line_1_3' title="bbox 3404 391 3510 445; baseline 0.019 -2"><span class='ocrx_word' id='word_1_9' title='bbox 3404 391 3510 445; x_wconf 70' lang='lat' dir='ltr'><strong>Mt)</strong></span> 
     </span>
    </p>
   </div>
   <div class='ocr_carea' id='block_1_4' title="bbox 260 508 3511 586">
    <p class='ocr_par' dir='ltr' id='par_1_4' title="bbox 260 508 3511 586">
     <span class='ocr_line' id='line_1_4' title="bbox 260 508 3511 586; baseline -0.003 -13"><span class='ocrx_word' id='word_1_10' title='bbox 260 536 369 573; x_wconf 85' lang='lat' dir='ltr'><strong>cum</strong></span> <span class='ocrx_word' id='word_1_11' title='bbox 418 517 607 573; x_wconf 77' lang='lat' dir='ltr'><strong>Marco</strong></span> <span class='ocrx_word' id='word_1_12' title='bbox 637 517 983 581; x_wconf 89' lang='lat' dir='ltr'><strong>societatem,</strong></span> <span class='ocrx_word' id='word_1_13' title='bbox 1024 527 1081 571; x_wconf 88' lang='lat' dir='ltr'><strong>et</strong></span> <span class='ocrx_word' id='word_1_14' title='bbox 1145 518 1455 586; x_wconf 80' lang='lat' dir='ltr'><strong>dogmatum</strong></span> <span class='ocrx_word' id='word_1_15' title='bbox 1514 516 1821 570; x_wconf 89' lang='lat' dir='ltr'><strong>consensio-</strong></span> <span class='ocrx_word' id='word_1_16' title='bbox 1856 520 1903 574; x_wconf 79' lang='grc' dir='ltr'><strong>Α</strong></span> <span class='ocrx_word' id='word_1_17' title='bbox 1932 529 2072 567; x_wconf 89' lang='lat' dir='ltr'><strong>mam</strong></span> <span class='ocrx_word' id='word_1_18' title='bbox 2095 514 2334 583; x_wconf 84' lang='lat' dir='ltr'><strong>ogdoada</strong></span> <span class='ocrx_word' id='word_1_19' title='bbox 2364 511 2671 581; x_wconf 77' lang='lat' dir='ltr'><strong>explicabat</strong></span> <span class='ocrx_word' id='word_1_20' title='bbox 2697 509 3045 568; x_wconf 83' lang='lat' dir='ltr'><strong>Colorbasus.</strong></span> <span class='ocrx_word' id='word_1_21' title='bbox 3086 508 3165 563; x_wconf 91' lang='lat' dir='ltr'><strong>llli</strong></span> <span class='ocrx_word' id='word_1_22' title='bbox 3213 511 3358 564; x_wconf 90' lang='lat' dir='ltr'><strong>enim</strong></span> <span class='ocrx_word' id='word_1_23' title='bbox 3399 526 3511 578; x_wconf 78' lang='lat' dir='ltr'><strong>pri-</strong></span> 
     </span>
    </p>
   </div>
   <div class='ocr_carea' id='block_1_5' title="bbox 259 608 1828 680">
    <p class='ocr_par' dir='ltr' id='par_1_5' title="bbox 259 608 1828 680">
     <span class='ocr_line' id='line_1_5' title="bbox 259 608 1828 680; baseline -0.004 -14"><span class='ocrx_word' id='word_1_24' title='bbox 259 626 395 675; x_wconf 87' lang='lat' dir='ltr'><strong>nem;</strong></span> <span class='ocrx_word' id='word_1_25' title='bbox 424 620 613 680; x_wconf 87' lang='lat' dir='ltr'><strong>postea</strong></span> <span class='ocrx_word' id='word_1_26' title='bbox 641 610 789 663; x_wconf 88' lang='lat' dir='ltr'><strong>velut</strong></span> <span class='ocrx_word' id='word_1_27' title='bbox 811 620 975 677; x_wconf 90' lang='lat' dir='ltr'><strong>caput</strong></span> <span class='ocrx_word' id='word_1_28' title='bbox 1008 625 1036 662; x_wconf 90' lang='lat' dir='ltr'><strong>a</strong></span> <span class='ocrx_word' id='word_1_29' title='bbox 1086 610 1363 677; x_wconf 74' lang='lat' dir='ltr'><strong>serpentis</strong></span> <span class='ocrx_word' id='word_1_30' title='bbox 1393 624 1628 677; x_wconf 90' lang='lat' dir='ltr'><strong>corpore</strong></span> <span class='ocrx_word' id='word_1_31' title='bbox 1657 608 1828 660; x_wconf 90' lang='lat' dir='ltr'><strong>divul-</strong></span> 
     </span>
    </p>
   </div>
   <div class='ocr_carea' id='block_1_6' title="bbox 255 699 1823 772">
    <p class='ocr_par' dir='ltr' id='par_1_6' title="bbox 255 699 1823 772">
     <span class='ocr_line' id='line_1_6' title="bbox 255 699 1823 772; baseline 0.001 -17"><span class='ocrx_word' id='word_1_32' title='bbox 255 717 383 764; x_wconf 87' lang='lat' dir='ltr'><strong>sum,</strong></span> <span class='ocrx_word' id='word_1_33' title='bbox 417 700 675 766; x_wconf 81' lang='lat' dir='ltr'><strong>plurimis</strong></span> <span class='ocrx_word' id='word_1_34' title='bbox 705 700 873 755; x_wconf 77' lang='lat' dir='ltr'><strong>exitio</strong></span> <span class='ocrx_word' id='word_1_35' title='bbox 910 699 1099 753; x_wconf 84' lang='lat' dir='ltr'><strong>fuisse.</strong></span> <span class='ocrx_word' id='word_1_36' title='bbox 1157 701 1412 769; x_wconf 87' lang='lat' dir='ltr'><strong>Idemque</strong></span> <span class='ocrx_word' id='word_1_37' title='bbox 1452 702 1728 772; x_wconf 85' lang='lat' dir='ltr'><strong>colligitur</strong></span> <span class='ocrx_word' id='word_1_38' title='bbox 1758 718 1823 756; x_wconf 83' lang='lat' dir='ltr'><strong>ex</strong></span> 
     </span>
    </p>
   </div>
   <div class='ocr_carea' id='block_1_7' title="bbox 253 791 1824 862">
    <p class='ocr_par' dir='ltr' id='par_1_7' title="bbox 253 791 1824 862">
     <span class='ocr_line' id='line_1_7' title="bbox 253 791 1824 862; baseline 0.001 -16"><span class='ocrx_word' id='word_1_39' title='bbox 253 793 551 862; x_wconf 74' lang='lat' dir='ltr'><strong>Augustino</strong></span> <span class='ocrx_word' id='word_1_40' title='bbox 571 800 627 847; x_wconf 90' lang='lat' dir='ltr'><strong>et</strong></span> <span class='ocrx_word' id='word_1_41' title='bbox 662 791 1002 846; x_wconf 84' lang='lat' dir='ltr'><strong>Damasceuo</strong></span> <span class='ocrx_word' id='word_1_42' title='bbox 1044 792 1136 845; x_wconf 88' lang='lat' dir='ltr'><strong>lib.</strong></span> <span class='ocrx_word' id='word_1_43' title='bbox 1194 793 1270 845; x_wconf 89' lang='lat' dir='ltr'><strong>De</strong></span> <span class='ocrx_word' id='word_1_44' title='bbox 1308 794 1518 855; x_wconf 76' lang='lat' dir='ltr'><strong>hwres.,</strong></span> <span class='ocrx_word' id='word_1_45' title='bbox 1560 809 1623 846; x_wconf 90' lang='lat' dir='ltr'><strong>ac</strong></span> <span class='ocrx_word' id='word_1_46' title='bbox 1646 793 1824 847; x_wconf 63' lang='lat' dir='ltr'><strong>Theo.</strong></span> 
     </span>
    </p>
   </div>
   <div class='ocr_carea' id='block_1_8' title="bbox 253 884 1826 955">
    <p class='ocr_par' dir='ltr' id='par_1_8' title="bbox 253 884 1826 955">
     <span class='ocr_line' id='line_1_8' title="bbox 253 884 1826 955; baseline 0.001 -17"><span class='ocrx_word' id='word_1_47' title='bbox 253 887 428 939; x_wconf 86' lang='lat' dir='ltr'><strong>doreto</strong></span> <span class='ocrx_word' id='word_1_48' title='bbox 489 884 587 938; x_wconf 89' lang='lat' dir='ltr'><strong>lib.</strong></span> <span class='ocrx_word' id='word_1_49' title='bbox 620 900 663 949; x_wconf 87' lang='lat' dir='ltr'><strong>t,</strong></span> <span class='ocrx_word' id='word_1_50' title='bbox 697 899 826 955; x_wconf 88' lang='lat' dir='ltr'><strong>cap.</strong></span> <span class='ocrx_word' id='word_1_51' title='bbox 858 884 946 939; x_wconf 74' lang='grc'><strong>12.</strong></span> <span class='ocrx_word' id='word_1_52' title='bbox 996 884 1102 939; x_wconf 81' lang='lat' dir='ltr'><strong>Sed</strong></span> <span class='ocrx_word' id='word_1_53' title='bbox 1151 899 1343 938; x_wconf 83' lang='lat' dir='ltr'><strong>vereor</strong></span> <span class='ocrx_word' id='word_1_54' title='bbox 1384 894 1441 937; x_wconf 91' lang='lat' dir='ltr'><strong>ut</strong></span> <span class='ocrx_word' id='word_1_55' title='bbox 1492 884 1826 955; x_wconf 76' lang='lat' dir='ltr'><strong>Epiphanius</strong></span> 
     </span>
    </p>
   </div>
   <div class='ocr_carea' id='block_1_9' title="bbox 251 976 1823 1047">
    <p class='ocr_par' dir='ltr' id='par_1_9' title="bbox 251 976 1823 1047">
     <span class='ocr_line' id='line_1_9' title="bbox 251 976 1823 1047; baseline 0.001 -17"><span class='ocrx_word' id='word_1_56' title='bbox 251 978 478 1047; x_wconf 88' lang='lat' dir='ltr'><strong>primum</strong></span> <span class='ocrx_word' id='word_1_57' title='bbox 510 978 797 1047; x_wconf 85' lang='lat' dir='ltr'><strong>deceptus,</strong></span> <span class='ocrx_word' id='word_1_58' title='bbox 849 976 986 1031; x_wconf 88' lang='lat' dir='ltr'><strong>alios</strong></span> <span class='ocrx_word' id='word_1_59' title='bbox 1018 978 1233 1031; x_wconf 90' lang='lat' dir='ltr'><strong>demum</strong></span> <span class='ocrx_word' id='word_1_60' title='bbox 1271 978 1323 1031; x_wconf 92' lang='lat' dir='ltr'><strong>in</strong></span> <span class='ocrx_word' id='word_1_61' title='bbox 1361 991 1605 1031; x_wconf 86' lang='lat' dir='ltr'><strong>errorem</strong></span> <span class='ocrx_word' id='word_1_62' title='bbox 1637 993 1823 1032; x_wconf 82' lang='lat' dir='ltr'><strong>secum</strong></span> 
     </span>
    </p>
   </div>
   <div class='ocr_carea' id='block_1_10' title="bbox 251 1067 1824 1136">
    <p class='ocr_par' dir='ltr' id='par_1_10' title="bbox 251 1067 1824 1136">
     <span class='ocr_line' id='line_1_10' title="bbox 251 1067 1824 1136; baseline 0 -15"><span class='ocrx_word' id='word_1_63' title='bbox 251 1070 551 1123; x_wconf 78' lang='lat' dir='ltr'><strong>abduxerit.</strong></span> <span class='ocrx_word' id='word_1_64' title='bbox 580 1067 715 1122; x_wconf 84' lang='lat' dir='ltr'><strong>Nam</strong></span> <span class='ocrx_word' id='word_1_65' title='bbox 743 1069 996 1133; x_wconf 70' lang='lat' dir='ltr'><strong>lrenmus,</strong></span> <span class='ocrx_word' id='word_1_66' title='bbox 1024 1068 1110 1123; x_wconf 90' lang='lat' dir='ltr'><strong>cui</strong></span> <span class='ocrx_word' id='word_1_67' title='bbox 1167 1067 1344 1136; x_wconf 93' lang='lat' dir='ltr'><strong>potior</strong></span> <span class='ocrx_word' id='word_1_68' title='bbox 1374 1068 1531 1132; x_wconf 92' lang='lat' dir='ltr'><strong>ﬁdes,</strong></span> <span class='ocrx_word' id='word_1_69' title='bbox 1556 1067 1824 1123; x_wconf 86' lang='lat' dir='ltr'><strong>Colorba-</strong></span> 
     </span>
    </p>
   </div>
   <div class='ocr_carea' id='block_1_11' title="bbox 251 1160 1822 1226">
    <p class='ocr_par' dir='ltr' id='par_1_11' title="bbox 251 1160 1822 1226">
     <span class='ocr_line' id='line_1_11' title="bbox 251 1160 1822 1226; baseline 0.002 -12"><span class='ocrx_word' id='word_1_70' title='bbox 251 1177 358 1214; x_wconf 92' lang='lat' dir='ltr'><strong>sum</strong></span> <span class='ocrx_word' id='word_1_71' title='bbox 391 1177 503 1215; x_wconf 91' lang='lat' dir='ltr'><strong>non</strong></span> <span class='ocrx_word' id='word_1_72' title='bbox 536 1160 732 1226; x_wconf 81' lang='lat' dir='ltr'><strong>Marci,</strong></span> <span class='ocrx_word' id='word_1_73' title='bbox 772 1161 867 1216; x_wconf 91' lang='lat' dir='ltr'><strong>sed</strong></span> <span class='ocrx_word' id='word_1_74' title='bbox 915 1160 1194 1216; x_wconf 78' lang='lat' dir='ltr'><strong>Ptolemzei</strong></span> <span class='ocrx_word' id='word_1_75' title='bbox 1236 1161 1543 1217; x_wconf 88' lang='lat' dir='ltr'><strong>auditorem</strong></span> <span class='ocrx_word' id='word_1_76' title='bbox 1576 1161 1727 1225; x_wconf 87' lang='lat' dir='ltr'><strong>facit,</strong></span> <span class='ocrx_word' id='word_1_77' title='bbox 1762 1173 1822 1217; x_wconf 93' lang='lat' dir='ltr'><strong>ut</strong></span> 
     </span>
    </p>
   </div>
   <div class='ocr_carea' id='block_1_12' title="bbox 252 1255 1819 1325">
    <p class='ocr_par' dir='ltr' id='par_1_12' title="bbox 252 1255 1819 1325">
     <span class='ocr_line' id='line_1_12' title="bbox 252 1255 1819 1325; baseline 0.003 -18"><span class='ocrx_word' id='word_1_78' title='bbox 252 1270 364 1309; x_wconf 80' lang='lat' dir='ltr'><strong>mox</strong></span> <span class='ocrx_word' id='word_1_79' title='bbox 391 1255 748 1320; x_wconf 72' lang='lat' dir='ltr'><strong>videbamus,</strong></span> <span class='ocrx_word' id='word_1_80' title='bbox 784 1262 838 1309; x_wconf 88' lang='lat' dir='ltr'><strong>et</strong></span> <span class='ocrx_word' id='word_1_81' title='bbox 865 1255 1137 1310; x_wconf 78' lang='lat' dir='ltr'><strong>Valentini</strong></span> <span class='ocrx_word' id='word_1_82' title='bbox 1193 1255 1491 1325; x_wconf 88' lang='lat' dir='ltr'><strong>discipulos</strong></span> <span class='ocrx_word' id='word_1_83' title='bbox 1515 1256 1706 1312; x_wconf 88' lang='lat' dir='ltr'><strong>ordine</strong></span> <span class='ocrx_word' id='word_1_84' title='bbox 1734 1273 1819 1311; x_wconf 87' lang='lat' dir='ltr'><strong>re-</strong></span> 
     </span>
    </p>
   </div>
   <div class='ocr_carea' id='block_1_13' title="bbox 252 1347 1819 1419">
    <p class='ocr_par' dir='ltr' id='par_1_13' title="bbox 252 1347 1819 1419">
     <span class='ocr_line' id='line_1_13' title="bbox 252 1347 1819 1419; baseline 0.002 -18"><span class='ocrx_word' id='word_1_85' title='bbox 252 1362 470 1402; x_wconf 87' lang='lat' dir='ltr'><strong>censens</strong></span> <span class='ocrx_word' id='word_1_86' title='bbox 504 1347 808 1403; x_wconf 84' lang='lat' dir='ltr'><strong>Colorbaso</strong></span> <span class='ocrx_word' id='word_1_87' title='bbox 848 1348 1088 1402; x_wconf 76' lang='lat' dir='ltr'><strong>Marcum</strong></span> <span class='ocrx_word' id='word_1_88' title='bbox 1118 1349 1412 1417; x_wconf 85' lang='lat' dir='ltr'><strong>postponit.</strong></span> <span class='ocrx_word' id='word_1_89' title='bbox 1446 1349 1555 1403; x_wconf 92' lang='lat' dir='ltr'><strong>lmo</strong></span> <span class='ocrx_word' id='word_1_90' title='bbox 1596 1366 1717 1419; x_wconf 88' lang='lat' dir='ltr'><strong>cap.</strong></span> <span class='ocrx_word' id='word_1_91' title='bbox 1755 1351 1819 1405; x_wconf 77' lang='grc'><strong>14</strong></span> 
     </span>
    </p>
   </div>
   <div class='ocr_carea' id='block_1_14' title="bbox 255 1440 1817 1511">
    <p class='ocr_par' dir='ltr' id='par_1_14' title="bbox 255 1440 1817 1511">
     <span class='ocr_line' id='line_1_14' title="bbox 255 1440 1817 1511; baseline 0.003 -19"><span class='ocrx_word' id='word_1_92' title='bbox 255 1440 405 1493; x_wconf 71' lang='lat' dir='ltr'><strong>Marci</strong></span> <span class='ocrx_word' id='word_1_93' title='bbox 438 1441 787 1511; x_wconf 80' lang='lat' dir='ltr'><strong>hypothesim</strong></span> <span class='ocrx_word' id='word_1_94' title='bbox 810 1441 1184 1510; x_wconf 80' lang='lat' dir='ltr'><strong>expositurus,</strong></span> <span class='ocrx_word' id='word_1_95' title='bbox 1214 1458 1436 1511; x_wconf 89' lang='lat' dir='ltr'><strong>remque</strong></span> <span class='ocrx_word' id='word_1_96' title='bbox 1467 1458 1496 1494; x_wconf 86' lang='lat' dir='ltr'><strong>a</strong></span> <span class='ocrx_word' id='word_1_97' title='bbox 1530 1443 1704 1509; x_wconf 80' lang='lat' dir='ltr'><strong>capite</strong></span> <span class='ocrx_word' id='word_1_98' title='bbox 1731 1459 1817 1496; x_wconf 92' lang='lat' dir='ltr'><strong>re-</strong></span> 
     </span>
    </p>
   </div>
   <div class='ocr_carea' id='block_1_15' title="bbox 257 1531 1816 1602">
    <p class='ocr_par' dir='ltr' id='par_1_15' title="bbox 257 1531 1816 1602">
     <span class='ocr_line' id='line_1_15' title="bbox 257 1531 1816 1602; baseline 0.001 -18"><span class='ocrx_word' id='word_1_99' title='bbox 257 1543 445 1600; x_wconf 87' lang='lat' dir='ltr'><strong>petens,</strong></span> <span class='ocrx_word' id='word_1_100' title='bbox 477 1533 621 1585; x_wconf 88' lang='lat' dir='ltr'><strong>satis</strong></span> <span class='ocrx_word' id='word_1_101' title='bbox 649 1531 974 1601; x_wconf 89' lang='lat' dir='ltr'><strong>perspicuis,</strong></span> <span class='ocrx_word' id='word_1_102' title='bbox 1002 1533 1055 1587; x_wconf 92' lang='lat' dir='ltr'><strong>ni</strong></span> <span class='ocrx_word' id='word_1_103' title='bbox 1088 1533 1269 1599; x_wconf 79' lang='lat' dir='ltr'><strong>fallor,</strong></span> <span class='ocrx_word' id='word_1_104' title='bbox 1319 1534 1500 1588; x_wconf 82' lang='lat' dir='ltr'><strong>verbis</strong></span> <span class='ocrx_word' id='word_1_105' title='bbox 1524 1534 1816 1602; x_wconf 88' lang='lat' dir='ltr'><strong>signiﬁcat,</strong></span> 
     </span>
    </p>
   </div>
   <div class='ocr_carea' id='block_1_16' title="bbox 254 1621 1817 1685">
    <p class='ocr_par' dir='ltr' id='par_1_16' title="bbox 254 1621 1817 1685">
     <span class='ocr_line' id='line_1_16' title="bbox 254 1621 1817 1685; baseline 0.002 -11"><span class='ocrx_word' id='word_1_106' title='bbox 254 1621 365 1675; x_wconf 88' lang='lat' dir='ltr'><strong>huic</strong></span> <span class='ocrx_word' id='word_1_107' title='bbox 386 1621 751 1676; x_wconf 87' lang='lat' dir='ltr'><strong>Colorbasum</strong></span> <span class='ocrx_word' id='word_1_108' title='bbox 778 1622 880 1676; x_wconf 74' lang='lat' dir='ltr'><strong>vite</strong></span> <span class='ocrx_word' id='word_1_109' title='bbox 914 1624 1105 1677; x_wconf 90' lang='lat' dir='ltr'><strong>ducem</strong></span> <span class='ocrx_word' id='word_1_110' title='bbox 1133 1623 1324 1678; x_wconf 81' lang='lat' dir='ltr'><strong>fuisse.</strong></span> <span class='ocrx_word' id='word_1_111' title='bbox 1359 1624 1448 1676; x_wconf 85' lang='lat' dir='ltr'><strong>Ait</strong></span> <span class='ocrx_word' id='word_1_112' title='bbox 1472 1625 1636 1685; x_wconf 88' lang='lat' dir='ltr'><strong>enint,</strong></span> <span class='ocrx_word' id='word_1_113' title='bbox 1665 1624 1817 1677; x_wconf 78' lang='lat' dir='ltr'><strong>Mar-</strong></span> 
     </span>
    </p>
   </div>
   <div class='ocr_carea' id='block_1_17' title="bbox 250 1711 1821 1783">
    <p class='ocr_par' dir='ltr' id='par_1_17' title="bbox 250 1711 1821 1783">
     <span class='ocr_line' id='line_1_17' title="bbox 250 1711 1821 1783; baseline 0.006 -21"><span class='ocrx_word' id='word_1_114' title='bbox 250 1726 353 1762; x_wconf 76' lang='lat' dir='ltr'><strong>cum</strong></span> <span class='ocrx_word' id='word_1_115' title='bbox 376 1711 587 1766; x_wconf 72' lang='lat' dir='ltr'><strong>vulvam</strong></span> <span class='ocrx_word' id='word_1_116' title='bbox 612 1723 660 1767; x_wconf 87' lang='lat' dir='ltr'><strong>et</strong></span> <span class='ocrx_word' id='word_1_117' title='bbox 685 1718 1068 1783; x_wconf 73' lang='lat' dir='ltr'><strong>susceptorium</strong></span> <span class='ocrx_word' id='word_1_118' title='bbox 1098 1714 1375 1771; x_wconf 84' lang='lat' dir='ltr'><strong>Colorbasi</strong></span> <span class='ocrx_word' id='word_1_119' title='bbox 1400 1716 1610 1771; x_wconf 77' lang='lat' dir='ltr'><strong>Silentii</strong></span> <span class='ocrx_word' id='word_1_120' title='bbox 1632 1733 1821 1772; x_wconf 80' lang='lat' dir='ltr'><strong>semet-</strong></span> 
     </span>
    </p>
   </div>
   <div class='ocr_carea' id='block_1_18' title="bbox 246 1805 1817 1883">
    <p class='ocr_par' dir='ltr' id='par_1_18' title="bbox 246 1805 1817 1883">
     <span class='ocr_line' id='line_1_18' title="bbox 246 1805 1817 1883; baseline 0.005 -27"><span class='ocrx_word' id='word_1_121' title='bbox 246 1805 609 1872; x_wconf 62' lang='lat' dir='ltr'><strong>ipsumsolum</strong></span> <span class='ocrx_word' id='word_1_122' title='bbox 642 1807 826 1875; x_wconf 69' lang='lat' dir='ltr'><strong>fuisse,</strong></span> <span class='ocrx_word' id='word_1_123' title='bbox 877 1809 1073 1863; x_wconf 71' lang='lat' dir='ltr'><strong>dixisse</strong></span> <span class='ocrx_word' id='word_1_124' title='bbox 1100 1823 1118 1861; x_wconf 91' lang='lat'><strong><em>:</em></strong></span> <span class='ocrx_word' id='word_1_125' title='bbox 1148 1811 1319 1873; x_wconf 70' lang='grc' dir='ltr'>ὅντως</span> <span class='ocrx_word' id='word_1_126' title='bbox 1346 1812 1571 1882; x_wconf 72' lang='grc' dir='ltr'><strong>Μάρκθς</strong></span> <span class='ocrx_word' id='word_1_127' title='bbox 1608 1814 1817 1883; x_wconf 76' lang='grc' dir='ltr'>μήτραν</span> 
     </span>
    </p>
   </div>
   <div class='ocr_carea' id='block_1_19' title="bbox 245 1897 1821 1974">
    <p class='ocr_par' dir='ltr' id='par_1_19' title="bbox 245 1897 1821 1974">
     <span class='ocr_line' id='line_1_19' title="bbox 245 1897 1821 1974; baseline 0.004 -25"><span class='ocrx_word' id='word_1_128' title='bbox 245 1897 331 1949; x_wconf 73' lang='grc' dir='ltr'><strong>καὶ</strong></span> <span class='ocrx_word' id='word_1_129' title='bbox 355 1897 635 1967; x_wconf 73' lang='grc' dir='ltr'>ἐκδοχεῖον</span> <span class='ocrx_word' id='word_1_130' title='bbox 662 1899 761 1967; x_wconf 78' lang='grc' dir='ltr'><strong>τῆς</strong></span> <span class='ocrx_word' id='word_1_131' title='bbox 796 1900 1140 1971; x_wconf 74' lang='grc' dir='ltr'><strong>Κολορϐἀσου</strong></span> <span class='ocrx_word' id='word_1_132' title='bbox 1168 1903 1331 1973; x_wconf 76' lang='grc' dir='ltr'><strong>Σιγῆς</strong></span> <span class='ocrx_word' id='word_1_133' title='bbox 1373 1904 1473 1972; x_wconf 87' lang='lat' dir='ltr'><strong>(sic</strong></span> <span class='ocrx_word' id='word_1_134' title='bbox 1514 1904 1821 1974; x_wconf 82' lang='lat' dir='ltr'><strong>legendum)</strong></span> 
     </span>
    </p>
   </div>
   <div class='ocr_carea' id='block_1_20' title="bbox 245 1990 1824 2061">
    <p class='ocr_par' dir='ltr' id='par_1_20' title="bbox 245 1990 1824 2061">
     <span class='ocr_line' id='line_1_20' title="bbox 245 1990 1824 2061; baseline 0.003 -21"><span class='ocrx_word' id='word_1_135' title='bbox 245 1990 577 2060; x_wconf 70' lang='grc' dir='ltr'><strong>εἰσηγήσατο</strong></span> <span class='ocrx_word' id='word_1_136' title='bbox 604 1990 767 2042; x_wconf 76' lang='grc' dir='ltr'>αὑτὸν</span> <span class='ocrx_word' id='word_1_137' title='bbox 823 1990 1129 2061; x_wconf 78' lang='grc' dir='ltr'><strong>μονώτατον</strong></span> <span class='ocrx_word' id='word_1_138' title='bbox 1154 1992 1430 2060; x_wconf 72' lang='grc' dir='ltr'><strong>γεγονέναι</strong></span> <span class='ocrx_word' id='word_1_139' title='bbox 1455 1992 1648 2060; x_wconf 82' lang='grc' dir='ltr'><strong>λέγων.</strong></span> <span class='ocrx_word' id='word_1_140' title='bbox 1683 1991 1824 2045; x_wconf 85' lang='lat' dir='ltr'><strong>Mar-</strong></span> 
     </span>
    </p>
   </div>
   <div class='ocr_carea' id='block_1_21' title="bbox 244 2081 1822 2151">
    <p class='ocr_par' dir='ltr' id='par_1_21' title="bbox 244 2081 1822 2151">
     <span class='ocr_line' id='line_1_21' title="bbox 244 2081 1822 2151; baseline 0.003 -18"><span class='ocrx_word' id='word_1_141' title='bbox 244 2096 334 2133; x_wconf 86' lang='lat' dir='ltr'><strong>cus</strong></span> <span class='ocrx_word' id='word_1_142' title='bbox 363 2091 552 2133; x_wconf 89' lang='lat' dir='ltr'><strong>autem</strong></span> <span class='ocrx_word' id='word_1_143' title='bbox 592 2081 752 2135; x_wconf 87' lang='lat' dir='ltr'><strong>vulva</strong></span> <span class='ocrx_word' id='word_1_144' title='bbox 786 2090 842 2135; x_wconf 87' lang='lat' dir='ltr'><strong>et</strong></span> <span class='ocrx_word' id='word_1_145' title='bbox 872 2085 1268 2151; x_wconf 89' lang='lat' dir='ltr'><strong>susceptorium</strong></span> <span class='ocrx_word' id='word_1_146' title='bbox 1302 2084 1588 2138; x_wconf 84' lang='lat' dir='ltr'><strong>Colorbasi</strong></span> <span class='ocrx_word' id='word_1_147' title='bbox 1644 2084 1822 2137; x_wconf 86' lang='lat' dir='ltr'><strong>Silen-</strong></span> 
     </span>
    </p>
   </div>
   <div class='ocr_carea' id='block_1_22' title="bbox 245 2170 1819 2241">
    <p class='ocr_par' dir='ltr' id='par_1_22' title="bbox 245 2170 1819 2241">
     <span class='ocr_line' id='line_1_22' title="bbox 245 2170 1819 2241; baseline 0.003 -21"><span class='ocrx_word' id='word_1_148' title='bbox 245 2170 297 2221; x_wconf 88' lang='lat' dir='ltr'><strong>tii</strong></span> <span class='ocrx_word' id='word_1_149' title='bbox 330 2170 437 2224; x_wconf 87' lang='lat' dir='ltr'><strong>dici</strong></span> <span class='ocrx_word' id='word_1_150' title='bbox 474 2186 582 2223; x_wconf 91' lang='lat' dir='ltr'><strong>non</strong></span> <span class='ocrx_word' id='word_1_151' title='bbox 638 2170 929 2237; x_wconf 87' lang='lat' dir='ltr'><strong>potuisset,</strong></span> <span class='ocrx_word' id='word_1_152' title='bbox 956 2172 1060 2225; x_wconf 92' lang='lat' dir='ltr'><strong>nisi</strong></span> <span class='ocrx_word' id='word_1_153' title='bbox 1116 2187 1143 2225; x_wconf 92' lang='lat' dir='ltr'><strong>a</strong></span> <span class='ocrx_word' id='word_1_154' title='bbox 1192 2170 1493 2227; x_wconf 89' lang='lat' dir='ltr'><strong>Colorbaso</strong></span> <span class='ocrx_word' id='word_1_155' title='bbox 1558 2172 1819 2241; x_wconf 85' lang='lat' dir='ltr'><strong>mysteria</strong></span> 
     </span>
    </p>
   </div>
   <div class='ocr_carea' id='block_1_23' title="bbox 244 2260 1823 2331">
    <p class='ocr_par' dir='ltr' id='par_1_23' title="bbox 244 2260 1823 2331">
     <span class='ocr_line' id='line_1_23' title="bbox 244 2260 1823 2331; baseline 0.003 -20"><span class='ocrx_word' id='word_1_156' title='bbox 244 2260 754 2313; x_wconf 73' lang='lat' dir='ltr'><strong>Valentinianorum</strong></span> <span class='ocrx_word' id='word_1_157' title='bbox 805 2260 962 2331; x_wconf 70' lang='lat' dir='ltr'><strong>Siges</strong></span> <span class='ocrx_word' id='word_1_158' title='bbox 1013 2263 1239 2316; x_wconf 90' lang='lat' dir='ltr'><strong>edoctus</strong></span> <span class='ocrx_word' id='word_1_159' title='bbox 1273 2262 1487 2326; x_wconf 86' lang='lat' dir='ltr'><strong>fuisset,</strong></span> <span class='ocrx_word' id='word_1_160' title='bbox 1527 2278 1646 2329; x_wconf 71' lang='lat' dir='ltr'><strong>qua:</strong></span> <span class='ocrx_word' id='word_1_161' title='bbox 1671 2262 1722 2314; x_wconf 94' lang='lat' dir='ltr'><strong>in</strong></span> <span class='ocrx_word' id='word_1_162' title='bbox 1758 2275 1823 2316; x_wconf 90' lang='lat' dir='ltr'><strong>eo</strong></span> 
     </span>
    </p>
   </div>
   <div class='ocr_carea' id='block_1_24' title="bbox 246 2349 1820 2420">
    <p class='ocr_par' dir='ltr' id='par_1_24' title="bbox 246 2349 1820 2420">
     <span class='ocr_line' id='line_1_24' title="bbox 246 2349 1820 2420; baseline 0.003 -20"><span class='ocrx_word' id='word_1_163' title='bbox 246 2357 507 2417; x_wconf 80' lang='lat' dir='ltr'><strong>tanquam</strong></span> <span class='ocrx_word' id='word_1_164' title='bbox 534 2350 586 2401; x_wconf 91' lang='lat' dir='ltr'><strong>in</strong></span> <span class='ocrx_word' id='word_1_165' title='bbox 625 2349 776 2403; x_wconf 88' lang='lat' dir='ltr'><strong>vulva</strong></span> <span class='ocrx_word' id='word_1_166' title='bbox 800 2349 1025 2405; x_wconf 87' lang='lat' dir='ltr'><strong>formam</strong></span> <span class='ocrx_word' id='word_1_167' title='bbox 1060 2352 1820 2420; x_wconf 83' lang='lat' dir='ltr'><strong>etincrementumaccipien-</strong></span> 
     </span>
    </p>
   </div>
   <div class='ocr_carea' id='block_1_25' title="bbox 244 2441 1823 2505">
    <p class='ocr_par' dir='ltr' id='par_1_25' title="bbox 244 2441 1823 2505">
     <span class='ocr_line' id='line_1_25' title="bbox 244 2441 1823 2505; baseline 0.003 -12"><span class='ocrx_word' id='word_1_168' title='bbox 244 2441 333 2505; x_wconf 84' lang='lat' dir='ltr'><strong>tia,</strong></span> <span class='ocrx_word' id='word_1_169' title='bbox 383 2441 517 2495; x_wconf 87' lang='lat' dir='ltr'><strong>inde</strong></span> <span class='ocrx_word' id='word_1_170' title='bbox 551 2441 605 2494; x_wconf 91' lang='lat' dir='ltr'><strong>in</strong></span> <span class='ocrx_word' id='word_1_171' title='bbox 645 2442 819 2495; x_wconf 90' lang='lat' dir='ltr'><strong>lucem</strong></span> <span class='ocrx_word' id='word_1_172' title='bbox 862 2444 1263 2497; x_wconf 83' lang='lat' dir='ltr'><strong>emitterentur.</strong></span> <span class='ocrx_word' id='word_1_173' title='bbox 1310 2442 1420 2498; x_wconf 86' lang='lat' dir='ltr'><strong>Nec</strong></span> <span class='ocrx_word' id='word_1_174' title='bbox 1460 2442 1823 2497; x_wconf 89' lang='lat' dir='ltr'><strong>omittendum</strong></span> 
     </span>
    </p>
   </div>
   <div class='ocr_carea' id='block_1_26' title="bbox 242 2532 1825 2605">
    <p class='ocr_par' dir='ltr' id='par_1_26' title="bbox 242 2532 1825 2605">
     <span class='ocr_line' id='line_1_26' title="bbox 242 2532 1825 2605; baseline 0.004 -22"><span class='ocrx_word' id='word_1_175' title='bbox 242 2532 383 2598; x_wconf 87' lang='lat' dir='ltr'><strong>quod</strong></span> <span class='ocrx_word' id='word_1_176' title='bbox 442 2532 590 2585; x_wconf 85' lang='lat' dir='ltr'><strong>idem</strong></span> <span class='ocrx_word' id='word_1_177' title='bbox 622 2532 858 2588; x_wconf 68' lang='lat' dir='ltr'><strong>Irenteus</strong></span> <span class='ocrx_word' id='word_1_178' title='bbox 888 2535 1151 2589; x_wconf 88' lang='lat' dir='ltr'><strong>recensita</strong></span> <span class='ocrx_word' id='word_1_179' title='bbox 1176 2535 1290 2605; x_wconf 84' lang='lat' dir='ltr'><strong>jam</strong></span> <span class='ocrx_word' id='word_1_180' title='bbox 1343 2534 1622 2591; x_wconf 89' lang='lat' dir='ltr'><strong>Colorbasi</strong></span> <span class='ocrx_word' id='word_1_181' title='bbox 1660 2543 1715 2590; x_wconf 89' lang='lat' dir='ltr'><strong>et</strong></span> <span class='ocrx_word' id='word_1_182' title='bbox 1741 2536 1825 2590; x_wconf 85' lang='lat' dir='ltr'><strong>di-</strong></span> 
     </span>
    </p>
   </div>
   <div class='ocr_carea' id='block_1_27' title="bbox 241 2624 1825 2693">
    <p class='ocr_par' dir='ltr' id='par_1_27' title="bbox 241 2624 1825 2693">
     <span class='ocr_line' id='line_1_27' title="bbox 241 2624 1825 2693; baseline 0.004 -18"><span class='ocrx_word' id='word_1_183' title='bbox 241 2624 581 2691; x_wconf 83' lang='lat' dir='ltr'><strong>scipulorum</strong></span> <span class='ocrx_word' id='word_1_184' title='bbox 613 2625 731 2693; x_wconf 85' lang='lat' dir='ltr'><strong>ejus</strong></span> <span class='ocrx_word' id='word_1_185' title='bbox 756 2625 970 2690; x_wconf 61' lang='lat' dir='ltr'><strong>haeresi,</strong></span> <span class='ocrx_word' id='word_1_186' title='bbox 1000 2627 1065 2680; x_wconf 92' lang='lat' dir='ltr'><strong>ad</strong></span> <span class='ocrx_word' id='word_1_187' title='bbox 1096 2626 1335 2681; x_wconf 85' lang='lat' dir='ltr'><strong>Marcum</strong></span> <span class='ocrx_word' id='word_1_188' title='bbox 1360 2642 1660 2682; x_wconf 89' lang='lat' dir='ltr'><strong>sermonem</strong></span> <span class='ocrx_word' id='word_1_189' title='bbox 1689 2643 1825 2683; x_wconf 85' lang='lat' dir='ltr'><strong>con-</strong></span> 
     </span>
    </p>
   </div>
   <div class='ocr_carea' id='block_1_28' title="bbox 241 2716 1823 2788">
    <p class='ocr_par' dir='ltr' id='par_1_28' title="bbox 241 2716 1823 2788">
     <span class='ocr_line' id='line_1_28' title="bbox 241 2716 1823 2788; baseline 0.006 -24"><span class='ocrx_word' id='word_1_190' title='bbox 241 2726 466 2769; x_wconf 79' lang='lat' dir='ltr'><strong>vertens</strong></span> <span class='ocrx_word' id='word_1_191' title='bbox 502 2716 687 2771; x_wconf 84' lang='lat' dir='ltr'><strong>subdit</strong></span> <span class='ocrx_word' id='word_1_192' title='bbox 725 2735 739 2769; x_wconf 88' lang='lat'><strong>:</strong></span> <span class='ocrx_word' id='word_1_193' title='bbox 775 2716 925 2771; x_wconf 82' lang='lat' dir='ltr'><strong>Alius</strong></span> <span class='ocrx_word' id='word_1_194' title='bbox 953 2734 1068 2772; x_wconf 78' lang='lat' dir='ltr'><strong>vero</strong></span> <span class='ocrx_word' id='word_1_195' title='bbox 1112 2721 1327 2788; x_wconf 87' lang='lat' dir='ltr'><strong>quidam</strong></span> <span class='ocrx_word' id='word_1_196' title='bbox 1363 2735 1427 2773; x_wconf 76' lang='lat' dir='ltr'><strong>ex</strong></span> <span class='ocrx_word' id='word_1_197' title='bbox 1456 2721 1542 2785; x_wconf 85' lang='lat' dir='ltr'><strong>iis,</strong></span> <span class='ocrx_word' id='word_1_198' title='bbox 1580 2721 1671 2787; x_wconf 91' lang='lat' dir='ltr'><strong>qui</strong></span> <span class='ocrx_word' id='word_1_199' title='bbox 1702 2729 1823 2773; x_wconf 84' lang='lat' dir='ltr'><strong>sunt</strong></span> 
     </span>
    </p>
   </div>
   <div class='ocr_carea' id='block_1_29' title="bbox 240 2808 1823 2882">
    <p class='ocr_par' dir='ltr' id='par_1_29' title="bbox 240 2808 1823 2882">
     <span class='ocr_line' id='line_1_29' title="bbox 240 2808 1823 2882; baseline 0.004 -25"><span class='ocrx_word' id='word_1_200' title='bbox 240 2808 382 2873; x_wconf 77' lang='lat' dir='ltr'><strong>apud</strong></span> <span class='ocrx_word' id='word_1_201' title='bbox 412 2820 522 2870; x_wconf 79' lang='lat' dir='ltr'><strong>eos,</strong></span> <span class='ocrx_word' id='word_1_202' title='bbox 555 2810 803 2876; x_wconf 74' lang='lat' dir='ltr'><strong>magistri</strong></span> <span class='ocrx_word' id='word_1_203' title='bbox 864 2809 1254 2863; x_wconf 81' lang='lat' dir='ltr'><strong>emendatorem</strong></span> <span class='ocrx_word' id='word_1_204' title='bbox 1317 2826 1370 2864; x_wconf 85' lang='lat' dir='ltr'><strong>se</strong></span> <span class='ocrx_word' id='word_1_205' title='bbox 1417 2827 1527 2865; x_wconf 70' lang='lat' dir='ltr'><strong>esse</strong></span> <span class='ocrx_word' id='word_1_206' title='bbox 1558 2812 1823 2882; x_wconf 86' lang='lat' dir='ltr'><strong>glorians,</strong></span> 
     </span>
    </p>
   </div>
   <div class='ocr_carea' id='block_1_30' title="bbox 245 2894 1825 2963">
    <p class='ocr_par' dir='ltr' id='par_1_30' title="bbox 245 2894 1825 2963">
     <span class='ocr_line' id='line_1_30' title="bbox 245 2894 1825 2963; baseline 0.004 -14"><span class='ocrx_word' id='word_1_207' title='bbox 245 2894 464 2950; x_wconf 64' lang='lat' dir='ltr'><strong>Marcus</strong></span> <span class='ocrx_word' id='word_1_208' title='bbox 520 2909 595 2951; x_wconf 78' lang='lat' dir='ltr'><strong>est</strong></span> <span class='ocrx_word' id='word_1_209' title='bbox 637 2910 815 2951; x_wconf 83' lang='lat' dir='ltr'><strong>autem</strong></span> <span class='ocrx_word' id='word_1_210' title='bbox 856 2899 936 2951; x_wconf 84' lang='lat' dir='ltr'><strong>illi</strong></span> <span class='ocrx_word' id='word_1_211' title='bbox 982 2916 1192 2963; x_wconf 83' lang='lat' dir='ltr'><strong>nomen,</strong></span> <span class='ocrx_word' id='word_1_212' title='bbox 1227 2910 1335 2956; x_wconf 87' lang='lat' dir='ltr'><strong>etc.</strong></span> <span class='ocrx_word' id='word_1_213' title='bbox 1368 2903 1447 2957; x_wconf 78' lang='lat' dir='ltr'><strong>Ad</strong></span> <span class='ocrx_word' id='word_1_214' title='bbox 1497 2904 1632 2958; x_wconf 81' lang='lat' dir='ltr'><strong>alios</strong></span> <span class='ocrx_word' id='word_1_215' title='bbox 1676 2911 1825 2957; x_wconf 88' lang='lat' dir='ltr'><strong>certe</strong></span> 
     </span>
    </p>
   </div>
   <div class='ocr_carea' id='block_1_31' title="bbox 238 2990 1824 3063">
    <p class='ocr_par' dir='ltr' id='par_1_31' title="bbox 238 2990 1824 3063">
     <span class='ocr_line' id='line_1_31' title="bbox 238 2990 1824 3063; baseline 0.004 -25"><span class='ocrx_word' id='word_1_216' title='bbox 238 2998 493 3055; x_wconf 83' lang='lat' dir='ltr'><strong>spectare</strong></span> <span class='ocrx_word' id='word_1_217' title='bbox 546 3002 707 3056; x_wconf 85' lang='lat' dir='ltr'><strong>posse</strong></span> <span class='ocrx_word' id='word_1_218' title='bbox 758 3003 863 3042; x_wconf 91' lang='lat' dir='ltr'><strong>non</strong></span> <span class='ocrx_word' id='word_1_219' title='bbox 896 2990 1148 3044; x_wconf 88' lang='lat' dir='ltr'><strong>videntur</strong></span> <span class='ocrx_word' id='word_1_220' title='bbox 1174 3006 1236 3046; x_wconf 86' lang='lat' dir='ltr'><strong>ea</strong></span> <span class='ocrx_word' id='word_1_221' title='bbox 1292 2993 1481 3059; x_wconf 84' lang='lat' dir='ltr'><strong>verba,</strong></span> <span class='ocrx_word' id='word_1_222' title='bbox 1531 3011 1593 3047; x_wconf 78' lang='lat' dir='ltr'><strong>ex</strong></span> <span class='ocrx_word' id='word_1_223' title='bbox 1628 2994 1696 3047; x_wconf 82' lang='lat' dir='ltr'><strong>iis</strong></span> <span class='ocrx_word' id='word_1_224' title='bbox 1730 2995 1824 3063; x_wconf 85' lang='lat' dir='ltr'><strong>qui</strong></span> 
     </span>
    </p>
   </div>
   <div class='ocr_carea' id='block_1_32' title="bbox 236 3079 1824 3151">
    <p class='ocr_par' dir='ltr' id='par_1_32' title="bbox 236 3079 1824 3151">
     <span class='ocr_line' id='line_1_32' title="bbox 236 3079 1824 3151; baseline 0.003 -19"><span class='ocrx_word' id='word_1_225' title='bbox 236 3088 357 3132; x_wconf 77' lang='lat' dir='ltr'><strong>tant</strong></span> <span class='ocrx_word' id='word_1_226' title='bbox 387 3081 530 3144; x_wconf 83' lang='lat' dir='ltr'><strong>apud</strong></span> <span class='ocrx_word' id='word_1_227' title='bbox 554 3094 665 3140; x_wconf 84' lang='lat' dir='ltr'><strong>eos,</strong></span> <span class='ocrx_word' id='word_1_228' title='bbox 695 3093 859 3146; x_wconf 86' lang='lat' dir='ltr'><strong>quam</strong></span> <span class='ocrx_word' id='word_1_229' title='bbox 906 3079 971 3132; x_wconf 90' lang='lat' dir='ltr'><strong>ad</strong></span> <span class='ocrx_word' id='word_1_230' title='bbox 1022 3079 1165 3141; x_wconf 92' lang='lat' dir='ltr'><strong>illos,</strong></span> <span class='ocrx_word' id='word_1_231' title='bbox 1198 3081 1264 3135; x_wconf 90' lang='lat' dir='ltr'><strong>de</strong></span> <span class='ocrx_word' id='word_1_232' title='bbox 1286 3084 1481 3151; x_wconf 86' lang='lat' dir='ltr'><strong>quibus</strong></span> <span class='ocrx_word' id='word_1_233' title='bbox 1506 3101 1629 3138; x_wconf 79' lang='lat' dir='ltr'><strong>mox</strong></span> <span class='ocrx_word' id='word_1_234' title='bbox 1666 3087 1824 3139; x_wconf 78' lang='lat' dir='ltr'><strong>dixe-</strong></span> 
     </span>
    </p>
   </div>
   <div class='ocr_carea' id='block_1_33' title="bbox 239 3170 1887 3256">
    <p class='ocr_par' dir='ltr' id='par_1_33' title="bbox 239 3170 1887 3256">
     <span class='ocr_line' id='line_1_33' title="bbox 239 3170 1887 3256; baseline 0.006 -37"><span class='ocrx_word' id='word_1_235' title='bbox 239 3175 341 3230; x_wconf 68' lang='lat' dir='ltr'><strong>rat,</strong></span> <span class='ocrx_word' id='word_1_236' title='bbox 378 3170 552 3221; x_wconf 86' lang='lat' dir='ltr'><strong>multa</strong></span> <span class='ocrx_word' id='word_1_237' title='bbox 580 3180 757 3221; x_wconf 80' lang='lat' dir='ltr'><strong>autem</strong></span> <span class='ocrx_word' id='word_1_238' title='bbox 782 3186 959 3237; x_wconf 82' lang='lat' dir='ltr'><strong>pugna</strong></span> <span class='ocrx_word' id='word_1_239' title='bbox 981 3172 1122 3238; x_wconf 86' lang='lat' dir='ltr'><strong>apud</strong></span> <span class='ocrx_word' id='word_1_240' title='bbox 1148 3187 1236 3224; x_wconf 86' lang='lat' dir='ltr'><strong>eos</strong></span> <span class='ocrx_word' id='word_1_241' title='bbox 1264 3174 1420 3226; x_wconf 84' lang='lat' dir='ltr'><strong>etiam</strong></span> <span class='ocrx_word' id='word_1_242' title='bbox 1438 3178 1501 3227; x_wconf 88' lang='lat' dir='ltr'><strong>de</strong></span> <span class='ocrx_word' id='word_1_243' title='bbox 1516 3175 1816 3239; x_wconf 82' lang='lat' dir='ltr'><strong>Saluatore,</strong></span> <span class='ocrx_word' id='word_1_244' title='bbox 1845 3199 1887 3256; x_wconf 65' lang='grc' dir='ltr'><em>ς</em></span> 
     </span>
    </p>
   </div>
   <div class='ocr_carea' id='block_1_34' title="bbox 237 3258 1819 3336">
    <p class='ocr_par' dir='ltr' id='par_1_34' title="bbox 237 3258 1819 3336">
     <span class='ocr_line' id='line_1_34' title="bbox 237 3258 1819 3336; baseline 0.006 -23"><span class='ocrx_word' id='word_1_245' title='bbox 237 3258 621 3314; x_wconf 66' lang='lat' dir='ltr'><strong>Colorbasmos</strong></span> <span class='ocrx_word' id='word_1_246' title='bbox 678 3261 910 3315; x_wconf 86' lang='lat' dir='ltr'><strong>scilicet.</strong></span> <span class='ocrx_word' id='word_1_247' title='bbox 941 3261 1007 3314; x_wconf 85' lang='lat' dir='ltr'><strong>Et</strong></span> <span class='ocrx_word' id='word_1_248' title='bbox 1047 3264 1168 3332; x_wconf 83' lang='lat' dir='ltr'><strong>quis</strong></span> <span class='ocrx_word' id='word_1_249' title='bbox 1206 3265 1296 3320; x_wconf 92' lang='lat' dir='ltr'><strong>ille</strong></span> <span class='ocrx_word' id='word_1_250' title='bbox 1348 3268 1629 3336; x_wconf 86' lang='lat' dir='ltr'><strong>magister,</strong></span> <span class='ocrx_word' id='word_1_251' title='bbox 1666 3267 1819 3334; x_wconf 87' lang='lat' dir='ltr'><strong>cujus</strong></span> 
     </span>
    </p>
   </div>
   <div class='ocr_carea' id='block_1_35' title="bbox 236 3351 1819 3421">
    <p class='ocr_par' dir='ltr' id='par_1_35' title="bbox 236 3351 1819 3421">
     <span class='ocr_line' id='line_1_35' title="bbox 236 3351 1819 3421; baseline 0.003 -18"><span class='ocrx_word' id='word_1_252' title='bbox 236 3351 655 3404; x_wconf 83' lang='lat' dir='ltr'><strong>emendatorem</strong></span> <span class='ocrx_word' id='word_1_253' title='bbox 684 3365 743 3404; x_wconf 89' lang='lat' dir='ltr'><strong>se</strong></span> <span class='ocrx_word' id='word_1_254' title='bbox 773 3365 897 3405; x_wconf 90' lang='lat' dir='ltr'><strong>esse</strong></span> <span class='ocrx_word' id='word_1_255' title='bbox 928 3351 1263 3421; x_wconf 75' lang='lat' dir='ltr'><strong>gloriabatur</strong></span> <span class='ocrx_word' id='word_1_256' title='bbox 1310 3353 1541 3419; x_wconf 86' lang='lat' dir='ltr'><strong>Marcus,</strong></span> <span class='ocrx_word' id='word_1_257' title='bbox 1577 3356 1677 3408; x_wconf 92' lang='lat' dir='ltr'><strong>nisi</strong></span> <span class='ocrx_word' id='word_1_258' title='bbox 1711 3354 1819 3408; x_wconf 83' lang='lat' dir='ltr'><strong>Co-</strong></span> 
     </span>
    </p>
   </div>
   <div class='ocr_carea' id='block_1_36' title="bbox 235 3441 1819 3511">
    <p class='ocr_par' dir='ltr' id='par_1_36' title="bbox 235 3441 1819 3511">
     <span class='ocr_line' id='line_1_36' title="bbox 235 3441 1819 3511; baseline 0.003 -18"><span class='ocrx_word' id='word_1_259' title='bbox 235 3441 511 3501; x_wconf 63' lang='lat' dir='ltr'><strong>lorbasns,</strong></span> <span class='ocrx_word' id='word_1_260' title='bbox 570 3442 637 3495; x_wconf 87' lang='lat' dir='ltr'><strong>de</strong></span> <span class='ocrx_word' id='word_1_261' title='bbox 695 3456 805 3509; x_wconf 91' lang='lat' dir='ltr'><strong>quo</strong></span> <span class='ocrx_word' id='word_1_262' title='bbox 852 3457 973 3494; x_wconf 77' lang='lat' dir='ltr'><strong>mox</strong></span> <span class='ocrx_word' id='word_1_263' title='bbox 1013 3455 1322 3497; x_wconf 90' lang='lat' dir='ltr'><strong>sermonem</strong></span> <span class='ocrx_word' id='word_1_264' title='bbox 1372 3442 1610 3499; x_wconf 81' lang='lat' dir='ltr'><strong>fecerat?</strong></span> <span class='ocrx_word' id='word_1_265' title='bbox 1636 3442 1819 3511; x_wconf 83' lang='lat' dir='ltr'><strong>Neque</strong></span> 
     </span>
    </p>
   </div>
   <div class='ocr_carea' id='block_1_37' title="bbox 237 3531 1819 3604">
    <p class='ocr_par' dir='ltr' id='par_1_37' title="bbox 237 3531 1819 3604">
     <span class='ocr_line' id='line_1_37' title="bbox 237 3531 1819 3604; baseline 0.001 -16"><span class='ocrx_word' id='word_1_266' title='bbox 237 3538 387 3589; x_wconf 85' lang='lat' dir='ltr'><strong>enim</strong></span> <span class='ocrx_word' id='word_1_267' title='bbox 420 3535 540 3589; x_wconf 65' lang='lat' dir='ltr'><strong>haec</strong></span> <span class='ocrx_word' id='word_1_268' title='bbox 561 3534 628 3586; x_wconf 88' lang='lat' dir='ltr'><strong>ad</strong></span> <span class='ocrx_word' id='word_1_269' title='bbox 654 3531 1002 3587; x_wconf 65' lang='lat' dir='ltr'><strong>Ptolemaeum</strong></span> <span class='ocrx_word' id='word_1_270' title='bbox 1032 3533 1223 3586; x_wconf 87' lang='lat' dir='ltr'><strong>referri</strong></span> <span class='ocrx_word' id='word_1_271' title='bbox 1250 3542 1496 3602; x_wconf 90' lang='lat' dir='ltr'><strong>possunt,</strong></span> <span class='ocrx_word' id='word_1_272' title='bbox 1521 3535 1677 3604; x_wconf 88' lang='lat' dir='ltr'><strong>cujus</strong></span> <span class='ocrx_word' id='word_1_273' title='bbox 1707 3537 1819 3589; x_wconf 77' lang='lat' dir='ltr'><strong>ha:-</strong></span> 
     </span>
    </p>
   </div>
   <div class='ocr_carea' id='block_1_38' title="bbox 238 3624 1820 3696">
    <p class='ocr_par' dir='ltr' id='par_1_38' title="bbox 238 3624 1820 3696">
     <span class='ocr_line' id='line_1_38' title="bbox 238 3624 1820 3696; baseline 0.001 -15"><span class='ocrx_word' id='word_1_274' title='bbox 238 3630 403 3682; x_wconf 77' lang='lat' dir='ltr'><strong>resim</strong></span> <span class='ocrx_word' id='word_1_275' title='bbox 466 3626 630 3695; x_wconf 83' lang='lat' dir='ltr'><strong>longe</strong></span> <span class='ocrx_word' id='word_1_276' title='bbox 665 3635 823 3677; x_wconf 88' lang='lat' dir='ltr'><strong>antea</strong></span> <span class='ocrx_word' id='word_1_277' title='bbox 885 3624 1191 3693; x_wconf 84' lang='lat' dir='ltr'><strong>descripsit,</strong></span> <span class='ocrx_word' id='word_1_278' title='bbox 1245 3635 1300 3679; x_wconf 88' lang='lat' dir='ltr'><strong>et</strong></span> <span class='ocrx_word' id='word_1_279' title='bbox 1362 3635 1504 3682; x_wconf 88' lang='lat' dir='ltr'><strong>inter</strong></span> <span class='ocrx_word' id='word_1_280' title='bbox 1544 3643 1705 3696; x_wconf 89' lang='lat' dir='ltr'><strong>quem</strong></span> <span class='ocrx_word' id='word_1_281' title='bbox 1755 3645 1820 3682; x_wconf 88' lang='lat' dir='ltr'><strong>ac</strong></span> 
     </span>
    </p>
   </div>
   <div class='ocr_carea' id='block_1_39' title="bbox 237 3714 1817 3785">
    <p class='ocr_par' dir='ltr' id='par_1_39' title="bbox 237 3714 1817 3785">
     <span class='ocr_line' id='line_1_39' title="bbox 237 3714 1817 3785; baseline -0.001 -13"><span class='ocrx_word' id='word_1_282' title='bbox 237 3718 482 3772; x_wconf 69' lang='lat' dir='ltr'><strong>Marcum</strong></span> <span class='ocrx_word' id='word_1_283' title='bbox 515 3716 700 3785; x_wconf 89' lang='lat' dir='ltr'><strong>plures</strong></span> <span class='ocrx_word' id='word_1_284' title='bbox 731 3714 867 3768; x_wconf 90' lang='lat' dir='ltr'><strong>alios</strong></span> <span class='ocrx_word' id='word_1_285' title='bbox 902 3716 1100 3770; x_wconf 73' lang='lat' dir='ltr'><strong>scholre</strong></span> <span class='ocrx_word' id='word_1_286' title='bbox 1128 3716 1513 3771; x_wconf 73' lang='lat' dir='ltr'><strong>Valentinianze</strong></span> <span class='ocrx_word' id='word_1_287' title='bbox 1540 3721 1701 3773; x_wconf 86' lang='lat' dir='ltr'><strong>duces</strong></span> <span class='ocrx_word' id='word_1_288' title='bbox 1734 3719 1817 3770; x_wconf 86' lang='lat' dir='ltr'><strong>in-</strong></span> 
     </span>
    </p>
   </div>
   <div class='ocr_carea' id='block_1_40' title="bbox 237 3808 1816 3877">
    <p class='ocr_par' dir='ltr' id='par_1_40' title="bbox 237 3808 1816 3877">
     <span class='ocr_line' id='line_1_40' title="bbox 237 3808 1816 3877; baseline 0.001 -15"><span class='ocrx_word' id='word_1_289' title='bbox 237 3811 489 3865; x_wconf 70' lang='lat' dir='ltr'><strong>terserit.</strong></span> <span class='ocrx_word' id='word_1_290' title='bbox 523 3808 645 3864; x_wconf 79' lang='lat' dir='ltr'><strong>Non</strong></span> <span class='ocrx_word' id='word_1_291' title='bbox 677 3809 836 3864; x_wconf 85' lang='lat' dir='ltr'><strong>aliter</strong></span> <span class='ocrx_word' id='word_1_292' title='bbox 861 3808 1143 3871; x_wconf 70' lang='lat' dir='ltr'><strong>lrenaaum,</strong></span> <span class='ocrx_word' id='word_1_293' title='bbox 1188 3810 1331 3877; x_wconf 90' lang='lat' dir='ltr'><strong>quod</strong></span> <span class='ocrx_word' id='word_1_294' title='bbox 1361 3809 1428 3862; x_wconf 89' lang='lat' dir='ltr'><strong>ad</strong></span> <span class='ocrx_word' id='word_1_295' title='bbox 1457 3808 1816 3864; x_wconf 79' lang='lat' dir='ltr'><strong>Colorbasunt</strong></span> 
     </span>
    </p>
   </div>
   <div class='ocr_carea' id='block_1_41' title="bbox 238 3900 1815 3972">
    <p class='ocr_par' dir='ltr' id='par_1_41' title="bbox 238 3900 1815 3972">
     <span class='ocr_line' id='line_1_41' title="bbox 238 3900 1815 3972; baseline 0.003 -19"><span class='ocrx_word' id='word_1_296' title='bbox 238 3906 459 3966; x_wconf 80' lang='lat' dir='ltr'><strong>attinet,</strong></span> <span class='ocrx_word' id='word_1_297' title='bbox 519 3903 794 3957; x_wconf 80' lang='lat' dir='ltr'><strong>intellexit</strong></span> <span class='ocrx_word' id='word_1_298' title='bbox 824 3902 1217 3966; x_wconf 87' lang='lat' dir='ltr'><strong>Tertullianus,</strong></span> <span class='ocrx_word' id='word_1_299' title='bbox 1256 3903 1389 3956; x_wconf 81' lang='lat' dir='ltr'><strong>Adv.</strong></span> <span class='ocrx_word' id='word_1_300' title='bbox 1434 3900 1670 3964; x_wconf 86' lang='lat' dir='ltr'><strong>Valent.,</strong></span> <span class='ocrx_word' id='word_1_301' title='bbox 1695 3918 1815 3972; x_wconf 89' lang='lat' dir='ltr'><strong>cap.</strong></span> 
     </span>
    </p>
   </div>
   <div class='ocr_carea' id='block_1_42' title="bbox 236 3991 1821 4063">
    <p class='ocr_par' dir='ltr' id='par_1_42' title="bbox 236 3991 1821 4063">
     <span class='ocr_line' id='line_1_42' title="bbox 236 3991 1821 4063; baseline 0 -18"><span class='ocrx_word' id='word_1_302' title='bbox 236 3994 286 4045; x_wconf 73' lang='grc' dir='ltr'><strong>ι.</strong></span> <span class='ocrx_word' id='word_1_303' title='bbox 317 3994 414 4045; x_wconf 81' lang='lat' dir='ltr'><strong>Ait</strong></span> <span class='ocrx_word' id='word_1_304' title='bbox 465 3993 639 4058; x_wconf 89' lang='lat' dir='ltr'><strong>enim,</strong></span> <span class='ocrx_word' id='word_1_305' title='bbox 684 3991 1037 4057; x_wconf 82' lang='lat' dir='ltr'><strong>Valentinum,</strong></span> <span class='ocrx_word' id='word_1_306' title='bbox 1092 3994 1371 4063; x_wconf 77' lang='lat' dir='ltr'><strong>cujusdam</strong></span> <span class='ocrx_word' id='word_1_307' title='bbox 1409 3994 1594 4047; x_wconf 81' lang='lat' dir='ltr'><strong>veteris</strong></span> <span class='ocrx_word' id='word_1_308' title='bbox 1623 3995 1821 4061; x_wconf 78' lang='lat' dir='ltr'><strong>Opinio-</strong></span> 
     </span>
    </p>
   </div>
   <div class='ocr_carea' id='block_1_43' title="bbox 239 4085 1817 4150">
    <p class='ocr_par' dir='ltr' id='par_1_43' title="bbox 239 4085 1817 4150">
     <span class='ocr_line' id='line_1_43' title="bbox 239 4085 1817 4150; baseline -0.001 -13"><span class='ocrx_word' id='word_1_309' title='bbox 239 4088 311 4138; x_wconf 76' lang='lat' dir='ltr'><strong>nis</strong></span> <span class='ocrx_word' id='word_1_310' title='bbox 346 4101 530 4139; x_wconf 83' lang='lat' dir='ltr'><strong>semen</strong></span> <span class='ocrx_word' id='word_1_311' title='bbox 563 4096 801 4150; x_wconf 84' lang='lat' dir='ltr'><strong>nactum,</strong></span> <span class='ocrx_word' id='word_1_312' title='bbox 832 4085 1119 4141; x_wconf 83' lang='lat' dir='ltr'><strong>Colorbaso</strong></span> <span class='ocrx_word' id='word_1_313' title='bbox 1149 4087 1287 4138; x_wconf 85' lang='lat' dir='ltr'><strong>viam</strong></span> <span class='ocrx_word' id='word_1_314' title='bbox 1348 4085 1676 4148; x_wconf 81' lang='lat' dir='ltr'><strong>delineasse;</strong></span> <span class='ocrx_word' id='word_1_315' title='bbox 1704 4100 1817 4136; x_wconf 88' lang='lat' dir='ltr'><strong>eam</strong></span> 
     </span>
    </p>
   </div>
   <div class='ocr_carea' id='block_1_44' title="bbox 236 4176 1817 4243">
    <p class='ocr_par' dir='ltr' id='par_1_44' title="bbox 236 4176 1817 4243">
     <span class='ocr_line' id='line_1_44' title="bbox 236 4176 1817 4243; baseline -0.001 -15"><span class='ocrx_word' id='word_1_316' title='bbox 236 4178 576 4243; x_wconf 74' lang='lat' dir='ltr'><strong>postmodum</strong></span> <span class='ocrx_word' id='word_1_317' title='bbox 614 4176 957 4231; x_wconf 70' lang='lat' dir='ltr'><strong>Ptolemaeum</strong></span> <span class='ocrx_word' id='word_1_318' title='bbox 999 4180 1260 4241; x_wconf 75' lang='lat' dir='ltr'><strong>intrasse;</strong></span> <span class='ocrx_word' id='word_1_319' title='bbox 1291 4177 1569 4231; x_wconf 77' lang='lat' dir='ltr'><strong>deduxisse</strong></span> <span class='ocrx_word' id='word_1_320' title='bbox 1609 4177 1817 4228; x_wconf 86' lang='lat' dir='ltr'><strong>demum</strong></span> 
     </span>
    </p>
   </div>
   <div class='ocr_carea' id='block_1_45' title="bbox 238 4263 1817 4336">
    <p class='ocr_par' dir='ltr' id='par_1_45' title="bbox 238 4263 1817 4336">
     <span class='ocr_line' id='line_1_45' title="bbox 238 4263 1817 4336; baseline 0 -22"><span class='ocrx_word' id='word_1_321' title='bbox 238 4263 626 4317; x_wconf 81' lang='lat' dir='ltr'><strong>lleraeleonem</strong></span> <span class='ocrx_word' id='word_1_322' title='bbox 658 4265 780 4318; x_wconf 82' lang='lat' dir='ltr'><strong>inde</strong></span> <span class='ocrx_word' id='word_1_323' title='bbox 814 4266 1046 4319; x_wconf 80' lang='lat' dir='ltr'><strong>tramites</strong></span> <span class='ocrx_word' id='word_1_324' title='bbox 1092 4266 1368 4336; x_wconf 81' lang='lat' dir='ltr'><strong>quosdam,</strong></span> <span class='ocrx_word' id='word_1_325' title='bbox 1421 4276 1467 4319; x_wconf 89' lang='lat' dir='ltr'><strong>et</strong></span> <span class='ocrx_word' id='word_1_326' title='bbox 1493 4263 1817 4325; x_wconf 81' lang='lat' dir='ltr'><strong>Secundum,</strong></span> 
     </span>
    </p>
   </div>
   <div class='ocr_carea' id='block_1_46' title="bbox 234 4354 1815 4426">
    <p class='ocr_par' dir='ltr' id='par_1_46' title="bbox 234 4354 1815 4426">
     <span class='ocr_line' id='line_1_46' title="bbox 234 4354 1815 4426; baseline 0 -19"><span class='ocrx_word' id='word_1_327' title='bbox 234 4368 277 4408; x_wconf 83' lang='lat' dir='ltr'><strong>et</strong></span> <span class='ocrx_word' id='word_1_328' title='bbox 324 4373 553 4426; x_wconf 86' lang='lat' dir='ltr'><strong>magum</strong></span> <span class='ocrx_word' id='word_1_329' title='bbox 600 4355 865 4410; x_wconf 76' lang='lat' dir='ltr'><strong>Marcum.</strong></span> <span class='ocrx_word' id='word_1_330' title='bbox 931 4358 1083 4413; x_wconf 85' lang='lat' dir='ltr'><strong>Viam</strong></span> <span class='ocrx_word' id='word_1_331' title='bbox 1106 4358 1319 4413; x_wconf 86' lang='lat' dir='ltr'><strong>scilicet</strong></span> <span class='ocrx_word' id='word_1_332' title='bbox 1341 4358 1644 4413; x_wconf 84' lang='lat' dir='ltr'><strong>Colorbaso</strong></span> <span class='ocrx_word' id='word_1_333' title='bbox 1669 4354 1815 4408; x_wconf 67' lang='grc' dir='ltr'><strong>δίητ-</strong></span> 
     </span>
    </p>
   </div>
   <div class='ocr_carea' id='block_1_47' title="bbox 238 4447 1819 4512">
    <p class='ocr_par' dir='ltr' id='par_1_47' title="bbox 238 4447 1819 4512">
     <span class='ocr_line' id='line_1_47' title="bbox 238 4447 1819 4512; baseline 0 -13"><span class='ocrx_word' id='word_1_334' title='bbox 238 4456 345 4501; x_wconf 86' lang='lat' dir='ltr'><strong>mat</strong></span> <span class='ocrx_word' id='word_1_335' title='bbox 378 4448 692 4503; x_wconf 87' lang='lat' dir='ltr'><strong>delineasse</strong></span> <span class='ocrx_word' id='word_1_336' title='bbox 719 4447 1084 4512; x_wconf 84' lang='lat' dir='ltr'><strong>Valentinum,</strong></span> <span class='ocrx_word' id='word_1_337' title='bbox 1115 4458 1173 4503; x_wconf 91' lang='lat' dir='ltr'><strong>ut</strong></span> <span class='ocrx_word' id='word_1_338' title='bbox 1204 4450 1341 4503; x_wconf 88' lang='lat' dir='ltr'><strong>scite</strong></span> <span class='ocrx_word' id='word_1_339' title='bbox 1388 4449 1649 4503; x_wconf 85' lang='lat' dir='ltr'><strong>observat</strong></span> <span class='ocrx_word' id='word_1_340' title='bbox 1680 4447 1819 4501; x_wconf 86' lang='lat' dir='ltr'><strong>Dod-</strong></span> 
     </span>
    </p>
   </div>
   <div class='ocr_carea' id='block_1_48' title="bbox 1930 596 3505 669">
    <p class='ocr_par' dir='ltr' id='par_1_48' title="bbox 1930 596 3505 669">
     <span class='ocr_line' id='line_1_48' title="bbox 1930 596 3505 669; baseline 0.001 -17"><span class='ocrx_word' id='word_1_341' title='bbox 1930 614 2048 655; x_wconf 80' lang='lat' dir='ltr'><strong>mos</strong></span> <span class='ocrx_word' id='word_1_342' title='bbox 2082 608 2205 654; x_wconf 92' lang='lat' dir='ltr'><strong>octo</strong></span> <span class='ocrx_word' id='word_1_343' title='bbox 2255 598 2462 653; x_wconf 62' lang='lat' dir='ltr'><strong>Aiones</strong></span> <span class='ocrx_word' id='word_1_344' title='bbox 2496 598 2769 669; x_wconf 75' lang='lat' dir='ltr'><strong>gradatim</strong></span> <span class='ocrx_word' id='word_1_345' title='bbox 2806 597 3037 653; x_wconf 86' lang='lat' dir='ltr'><strong>alterum</strong></span> <span class='ocrx_word' id='word_1_346' title='bbox 3089 598 3158 651; x_wconf 88' lang='lat' dir='ltr'><strong>ab</strong></span> <span class='ocrx_word' id='word_1_347' title='bbox 3216 596 3392 654; x_wconf 89' lang='lat' dir='ltr'><strong>altero</strong></span> <span class='ocrx_word' id='word_1_348' title='bbox 3424 598 3505 654; x_wconf 85' lang='lat' dir='ltr'><strong>sic</strong></span> 
     </span>
    </p>
   </div>
   <div class='ocr_carea' id='block_1_49' title="bbox 1929 691 3503 761">
    <p class='ocr_par' dir='ltr' id='par_1_49' title="bbox 1929 691 3503 761">
     <span class='ocr_line' id='line_1_49' title="bbox 1929 691 3503 761; baseline 0.001 -15"><span class='ocrx_word' id='word_1_349' title='bbox 1929 692 2189 746; x_wconf 86' lang='lat' dir='ltr'><strong>emissum</strong></span> <span class='ocrx_word' id='word_1_350' title='bbox 2222 692 2496 757; x_wconf 87' lang='lat' dir='ltr'><strong>volebant,</strong></span> <span class='ocrx_word' id='word_1_351' title='bbox 2532 701 2593 745; x_wconf 93' lang='lat' dir='ltr'><strong>ut</strong></span> <span class='ocrx_word' id='word_1_352' title='bbox 2617 691 2976 760; x_wconf 89' lang='lat' dir='ltr'><strong>posteriorem</strong></span> <span class='ocrx_word' id='word_1_353' title='bbox 3012 691 3225 745; x_wconf 89' lang='lat' dir='ltr'><strong>tetrada</strong></span> <span class='ocrx_word' id='word_1_354' title='bbox 3275 706 3303 745; x_wconf 90' lang='lat' dir='ltr'><strong>a</strong></span> <span class='ocrx_word' id='word_1_355' title='bbox 3336 692 3503 761; x_wconf 87' lang='lat' dir='ltr'><strong>priori</strong></span> 
     </span>
    </p>
   </div>
   <div class='ocr_carea' id='block_1_50' title="bbox 1926 783 3507 851">
    <p class='ocr_par' dir='ltr' id='par_1_50' title="bbox 1926 783 3507 851">
     <span class='ocr_line' id='line_1_50' title="bbox 1926 783 3507 851; baseline 0 -14"><span class='ocrx_word' id='word_1_356' title='bbox 1926 783 2144 851; x_wconf 88' lang='lat' dir='ltr'><strong>penitus</strong></span> <span class='ocrx_word' id='word_1_357' title='bbox 2170 793 2478 851; x_wconf 87' lang='lat' dir='ltr'><strong>separatam</strong></span> <span class='ocrx_word' id='word_1_358' title='bbox 2524 784 2881 839; x_wconf 85' lang='lat' dir='ltr'><strong>etinferioris</strong></span> <span class='ocrx_word' id='word_1_359' title='bbox 2931 793 3140 837; x_wconf 73' lang='lat' dir='ltr'><strong>natura:</strong></span> <span class='ocrx_word' id='word_1_360' title='bbox 3192 797 3312 838; x_wconf 88' lang='lat' dir='ltr'><strong>esse</strong></span> <span class='ocrx_word' id='word_1_361' title='bbox 3336 784 3507 838; x_wconf 85' lang='lat' dir='ltr'><strong>senti-</strong></span> 
     </span>
    </p>
   </div>
   <div class='ocr_carea' id='block_1_51' title="bbox 1928 873 3505 944">
    <p class='ocr_par' dir='ltr' id='par_1_51' title="bbox 1928 873 3505 944">
     <span class='ocr_line' id='line_1_51' title="bbox 1928 873 3505 944; baseline 0.001 -18"><span class='ocrx_word' id='word_1_362' title='bbox 1928 885 2073 928; x_wconf 89' lang='lat' dir='ltr'><strong>rent.</strong></span> <span class='ocrx_word' id='word_1_363' title='bbox 2104 873 2201 928; x_wconf 88' lang='lat' dir='ltr'><strong>llic</strong></span> <span class='ocrx_word' id='word_1_364' title='bbox 2228 889 2357 927; x_wconf 88' lang='lat' dir='ltr'><strong>vero</strong></span> <span class='ocrx_word' id='word_1_365' title='bbox 2388 874 2616 944; x_wconf 91' lang='lat' dir='ltr'><strong>primam</strong></span> <span class='ocrx_word' id='word_1_366' title='bbox 2647 875 2894 943; x_wconf 84' lang='lat' dir='ltr'><strong>ogdoada</strong></span> <span class='ocrx_word' id='word_1_367' title='bbox 2952 888 3059 928; x_wconf 91' lang='lat' dir='ltr'><strong>non</strong></span> <span class='ocrx_word' id='word_1_368' title='bbox 3093 875 3381 944; x_wconf 79' lang='lat' dir='ltr'><strong>gradatim,</strong></span> <span class='ocrx_word' id='word_1_369' title='bbox 3406 889 3505 930; x_wconf 83' lang='lat' dir='ltr'><strong>seu</strong></span> 
     </span>
    </p>
   </div>
   <div class='ocr_carea' id='block_1_52' title="bbox 1924 963 3507 1037">
    <p class='ocr_par' dir='ltr' id='par_1_52' title="bbox 1924 963 3507 1037">
     <span class='ocr_line' id='line_1_52' title="bbox 1924 963 3507 1037; baseline 0.001 -20"><span class='ocrx_word' id='word_1_370' title='bbox 1924 963 2044 1017; x_wconf 83' lang='grc' dir='ltr'><strong>καθ’</strong></span> <span class='ocrx_word' id='word_1_371' title='bbox 2069 965 2355 1027; x_wconf 77' lang='grc' dir='ltr'><strong>ὑπόϐασιν.</strong></span> <span class='ocrx_word' id='word_1_372' title='bbox 2403 966 2497 1021; x_wconf 88' lang='lat' dir='ltr'><strong>sed</strong></span> <span class='ocrx_word' id='word_1_373' title='bbox 2545 964 2705 1021; x_wconf 87' lang='lat' dir='ltr'><strong>simul</strong></span> <span class='ocrx_word' id='word_1_374' title='bbox 2733 976 2792 1020; x_wconf 91' lang='lat' dir='ltr'><strong>et</strong></span> <span class='ocrx_word' id='word_1_375' title='bbox 2820 966 2871 1018; x_wconf 94' lang='lat' dir='ltr'><strong>in</strong></span> <span class='ocrx_word' id='word_1_376' title='bbox 2918 982 3107 1031; x_wconf 92' lang='lat' dir='ltr'><strong>unum,</strong></span> <span class='ocrx_word' id='word_1_377' title='bbox 3132 965 3269 1037; x_wconf 79' lang='grc' dir='ltr'><strong>ὁμοῦ</strong></span> <span class='ocrx_word' id='word_1_378' title='bbox 3304 966 3399 1020; x_wconf 81' lang='grc' dir='ltr'><strong>καὶ</strong></span> <span class='ocrx_word' id='word_1_379' title='bbox 3425 968 3507 1031; x_wconf 78' lang='grc' dir='ltr'><strong>εἰς</strong></span> 
     </span>
    </p>
   </div>
   <div class='ocr_carea' id='block_1_53' title="bbox 1924 1055 3505 1121">
    <p class='ocr_par' dir='ltr' id='par_1_53' title="bbox 1924 1055 3505 1121">
     <span class='ocr_line' id='line_1_53' title="bbox 1924 1055 3505 1121; baseline 0.002 -12"><span class='ocrx_word' id='word_1_380' title='bbox 1924 1055 2092 1121; x_wconf 73' lang='grc' dir='ltr'>ἅπαξ,</span> <span class='ocrx_word' id='word_1_381' title='bbox 2142 1058 2399 1111; x_wconf 86' lang='lat' dir='ltr'><strong>emissam</strong></span> <span class='ocrx_word' id='word_1_382' title='bbox 2445 1074 2568 1113; x_wconf 89' lang='lat' dir='ltr'><strong>esse</strong></span> <span class='ocrx_word' id='word_1_383' title='bbox 2592 1060 2856 1113; x_wconf 79' lang='lat' dir='ltr'><strong>censebat</strong></span> <span class='ocrx_word' id='word_1_384' title='bbox 2893 1076 2906 1111; x_wconf 91' lang='lat'>:</span> <span class='ocrx_word' id='word_1_385' title='bbox 2937 1058 3074 1113; x_wconf 88' lang='lat' dir='ltr'><strong>adeo</strong></span> <span class='ocrx_word' id='word_1_386' title='bbox 3123 1069 3181 1111; x_wconf 91' lang='lat' dir='ltr'><strong>ut</strong></span> <span class='ocrx_word' id='word_1_387' title='bbox 3212 1074 3317 1113; x_wconf 91' lang='lat' dir='ltr'><strong>non</strong></span> <span class='ocrx_word' id='word_1_388' title='bbox 3350 1058 3505 1112; x_wconf 89' lang='lat' dir='ltr'><strong>multi</strong></span> 
     </span>
    </p>
   </div>
   <div class='ocr_carea' id='block_1_54' title="bbox 1922 1146 3510 1222">
    <p class='ocr_par' dir='ltr' id='par_1_54' title="bbox 1922 1146 3510 1222">
     <span class='ocr_line' id='line_1_54' title="bbox 1922 1146 3510 1222; baseline 0.004 -21"><span class='ocrx_word' id='word_1_389' title='bbox 1922 1146 2152 1214; x_wconf 63' lang='lat' dir='ltr'><strong>Eones,</strong></span> <span class='ocrx_word' id='word_1_390' title='bbox 2182 1150 2275 1203; x_wconf 91' lang='lat' dir='ltr'><strong>sed</strong></span> <span class='ocrx_word' id='word_1_391' title='bbox 2316 1166 2455 1205; x_wconf 90' lang='lat' dir='ltr'><strong>unus</strong></span> <span class='ocrx_word' id='word_1_392' title='bbox 2476 1162 2530 1205; x_wconf 91' lang='lat' dir='ltr'><strong>et</strong></span> <span class='ocrx_word' id='word_1_393' title='bbox 2559 1152 2700 1205; x_wconf 92' lang='lat' dir='ltr'><strong>idem</strong></span> <span class='ocrx_word' id='word_1_394' title='bbox 2730 1160 2893 1216; x_wconf 83' lang='lat' dir='ltr'><strong>esset,</strong></span> <span class='ocrx_word' id='word_1_395' title='bbox 2939 1152 3029 1219; x_wconf 88' lang='lat' dir='ltr'><strong>qui</strong></span> <span class='ocrx_word' id='word_1_396' title='bbox 3059 1166 3157 1220; x_wconf 91' lang='lat' dir='ltr'><strong>pro</strong></span> <span class='ocrx_word' id='word_1_397' title='bbox 3181 1152 3351 1207; x_wconf 90' lang='lat' dir='ltr'><strong>variis</strong></span> <span class='ocrx_word' id='word_1_398' title='bbox 3378 1168 3510 1222; x_wconf 83' lang='lat' dir='ltr'><strong>Ope-</strong></span> 
     </span>
    </p>
   </div>
   <div class='ocr_carea' id='block_1_55' title="bbox 1922 1240 3505 1311">
    <p class='ocr_par' dir='ltr' id='par_1_55' title="bbox 1922 1240 3505 1311">
     <span class='ocr_line' id='line_1_55' title="bbox 1922 1240 3505 1311; baseline 0.002 -17"><span class='ocrx_word' id='word_1_399' title='bbox 1922 1240 2227 1295; x_wconf 88' lang='lat' dir='ltr'><strong>rationibus</strong></span> <span class='ocrx_word' id='word_1_400' title='bbox 2247 1249 2303 1294; x_wconf 91' lang='lat' dir='ltr'><strong>et</strong></span> <span class='ocrx_word' id='word_1_401' title='bbox 2345 1242 2765 1311; x_wconf 86' lang='lat' dir='ltr'><strong>proprietatibus</strong></span> <span class='ocrx_word' id='word_1_402' title='bbox 2789 1242 2936 1296; x_wconf 83' lang='lat' dir='ltr'><strong>varia</strong></span> <span class='ocrx_word' id='word_1_403' title='bbox 2965 1244 3255 1298; x_wconf 89' lang='lat' dir='ltr'><strong>sortiretur</strong></span> <span class='ocrx_word' id='word_1_404' title='bbox 3286 1246 3505 1300; x_wconf 85' lang='lat' dir='ltr'><strong>nomina</strong></span> 
     </span>
    </p>
   </div>
   <div class='ocr_carea' id='block_1_56' title="bbox 1920 1332 3510 1405">
    <p class='ocr_par' dir='ltr' id='par_1_56' title="bbox 1920 1332 3510 1405">
     <span class='ocr_line' id='line_1_56' title="bbox 1920 1332 3510 1405; baseline 0.002 -18"><span class='ocrx_word' id='word_1_405' title='bbox 1920 1340 1976 1387; x_wconf 90' lang='lat' dir='ltr'><strong>et</strong></span> <span class='ocrx_word' id='word_1_406' title='bbox 2019 1332 2431 1402; x_wconf 87' lang='lat' dir='ltr'><strong>appellationes,</strong></span> <span class='ocrx_word' id='word_1_407' title='bbox 2466 1333 2642 1389; x_wconf 86' lang='lat' dir='ltr'><strong>Patris</strong></span> <span class='ocrx_word' id='word_1_408' title='bbox 2664 1333 2939 1397; x_wconf 81' lang='lat' dir='ltr'><strong>videlicet,</strong></span> <span class='ocrx_word' id='word_1_409' title='bbox 2971 1350 3095 1389; x_wconf 89' lang='lat' dir='ltr'><strong>cum</strong></span> <span class='ocrx_word' id='word_1_410' title='bbox 3124 1335 3327 1405; x_wconf 91' lang='lat' dir='ltr'><strong>aliquid</strong></span> <span class='ocrx_word' id='word_1_411' title='bbox 3355 1336 3510 1390; x_wconf 87' lang='lat' dir='ltr'><strong>emit-</strong></span> 
     </span>
    </p>
   </div>
   <div class='ocr_carea' id='block_1_57' title="bbox 1922 1425 3500 1496">
    <p class='ocr_par' dir='ltr' id='par_1_57' title="bbox 1922 1425 3500 1496">
     <span class='ocr_line' id='line_1_57' title="bbox 1922 1425 3500 1496; baseline 0.001 -17"><span class='ocrx_word' id='word_1_412' title='bbox 1922 1433 2036 1480; x_wconf 90' lang='lat' dir='ltr'><strong>tere</strong></span> <span class='ocrx_word' id='word_1_413' title='bbox 2059 1425 2315 1496; x_wconf 81' lang='lat' dir='ltr'><strong>cogitavit</strong></span> <span class='ocrx_word' id='word_1_414' title='bbox 2332 1426 2714 1492; x_wconf 84' lang='lat' dir='ltr'><strong>Veritatis,ubi</strong></span> <span class='ocrx_word' id='word_1_415' title='bbox 2727 1438 2921 1495; x_wconf 75' lang='lat' dir='ltr'><strong>ea&#39;qua:</strong></span> <span class='ocrx_word' id='word_1_416' title='bbox 2933 1427 3106 1480; x_wconf 77' lang='lat' dir='ltr'><strong>emisit</strong></span> <span class='ocrx_word' id='word_1_417' title='bbox 3125 1444 3247 1480; x_wconf 79' lang='lat' dir='ltr'><strong>vera</strong></span> <span class='ocrx_word' id='word_1_418' title='bbox 3266 1428 3500 1496; x_wconf 76' lang='lat' dir='ltr'><strong>fuerunt,</strong></span> 
     </span>
    </p>
   </div>
   <div class='ocr_carea' id='block_1_58' title="bbox 1920 1516 3508 1587">
    <p class='ocr_par' dir='ltr' id='par_1_58' title="bbox 1920 1516 3508 1587">
     <span class='ocr_line' id='line_1_58' title="bbox 1920 1516 3508 1587; baseline 0.001 -15"><span class='ocrx_word' id='word_1_419' title='bbox 1920 1516 2187 1584; x_wconf 84' lang='lat' dir='ltr'><strong>Hominis,</strong></span> <span class='ocrx_word' id='word_1_420' title='bbox 2213 1535 2329 1572; x_wconf 89' lang='lat' dir='ltr'><strong>cum</strong></span> <span class='ocrx_word' id='word_1_421' title='bbox 2344 1518 2502 1573; x_wconf 80' lang='lat' dir='ltr'><strong>voluit</strong></span> <span class='ocrx_word' id='word_1_422' title='bbox 2518 1521 2851 1587; x_wconf 84' lang='lat' dir='ltr'><strong>semetipsum</strong></span> <span class='ocrx_word' id='word_1_423' title='bbox 2872 1522 3160 1584; x_wconf 82' lang='lat' dir='ltr'><strong>ostendere,</strong></span> <span class='ocrx_word' id='word_1_424' title='bbox 3189 1529 3295 1576; x_wconf 91' lang='lat' dir='ltr'><strong>etc.</strong></span> <span class='ocrx_word' id='word_1_425' title='bbox 3320 1519 3508 1573; x_wconf 78' lang='lat' dir='ltr'><strong>Homi-</strong></span> 
     </span>
    </p>
   </div>
   <div class='ocr_carea' id='block_1_59' title="bbox 1920 1612 3505 1682">
    <p class='ocr_par' dir='ltr' id='par_1_59' title="bbox 1920 1612 3505 1682">
     <span class='ocr_line' id='line_1_59' title="bbox 1920 1612 3505 1682; baseline 0.003 -19"><span class='ocrx_word' id='word_1_426' title='bbox 1920 1626 2045 1665; x_wconf 91' lang='lat' dir='ltr'><strong>nem</strong></span> <span class='ocrx_word' id='word_1_427' title='bbox 2096 1612 2260 1666; x_wconf 87' lang='lat' dir='ltr'><strong>etiam</strong></span> <span class='ocrx_word' id='word_1_428' title='bbox 2316 1623 2371 1666; x_wconf 91' lang='lat' dir='ltr'><strong>et</strong></span> <span class='ocrx_word' id='word_1_429' title='bbox 2418 1612 2714 1668; x_wconf 86' lang='lat' dir='ltr'><strong>Ecclesiam</strong></span> <span class='ocrx_word' id='word_1_430' title='bbox 2760 1629 2863 1668; x_wconf 93' lang='lat' dir='ltr'><strong>non</strong></span> <span class='ocrx_word' id='word_1_431' title='bbox 2891 1629 2919 1667; x_wconf 88' lang='lat' dir='ltr'><strong>a</strong></span> <span class='ocrx_word' id='word_1_432' title='bbox 2960 1612 3106 1682; x_wconf 88' lang='lat' dir='ltr'><strong>Logo</strong></span> <span class='ocrx_word' id='word_1_433' title='bbox 3132 1623 3187 1666; x_wconf 90' lang='lat' dir='ltr'><strong>et</strong></span> <span class='ocrx_word' id='word_1_434' title='bbox 3217 1612 3347 1678; x_wconf 88' lang='lat' dir='ltr'><strong>Zoe,</strong></span> <span class='ocrx_word' id='word_1_435' title='bbox 3381 1629 3505 1669; x_wconf 90' lang='lat' dir='ltr'><strong>cum</strong></span> 
     </span>
    </p>
   </div>
   <div class='ocr_carea' id='block_1_60' title="bbox 1923 1698 3507 1771">
    <p class='ocr_par' dir='ltr' id='par_1_60' title="bbox 1923 1698 3507 1771">
     <span class='ocr_line' id='line_1_60' title="bbox 1923 1698 3507 1771; baseline 0.003 -19"><span class='ocrx_word' id='word_1_436' title='bbox 1923 1700 2048 1753; x_wconf 89' lang='lat' dir='ltr'><strong>aliis</strong></span> <span class='ocrx_word' id='word_1_437' title='bbox 2076 1698 2497 1765; x_wconf 86' lang='lat' dir='ltr'><strong>Valentinianis,</strong></span> <span class='ocrx_word' id='word_1_438' title='bbox 2525 1704 2617 1756; x_wconf 91' lang='lat' dir='ltr'><strong>sed</strong></span> <span class='ocrx_word' id='word_1_439' title='bbox 2642 1702 2823 1771; x_wconf 89' lang='lat' dir='ltr'><strong>p0tius</strong></span> <span class='ocrx_word' id='word_1_440' title='bbox 2848 1701 3031 1771; x_wconf 89' lang='lat' dir='ltr'><strong>Logon</strong></span> <span class='ocrx_word' id='word_1_441' title='bbox 3059 1711 3112 1756; x_wconf 92' lang='lat' dir='ltr'><strong>et</strong></span> <span class='ocrx_word' id='word_1_442' title='bbox 3130 1701 3273 1756; x_wconf 87' lang='lat' dir='ltr'><strong>Zoen</strong></span> <span class='ocrx_word' id='word_1_443' title='bbox 3307 1702 3375 1756; x_wconf 84' lang='lat' dir='ltr'><strong>ab</strong></span> <span class='ocrx_word' id='word_1_444' title='bbox 3401 1702 3507 1756; x_wconf 84' lang='lat' dir='ltr'><strong>Ho-</strong></span> 
     </span>
    </p>
   </div>
   <div class='ocr_carea' id='block_1_61' title="bbox 1922 1791 3505 1862">
    <p class='ocr_par' dir='ltr' id='par_1_61' title="bbox 1922 1791 3505 1862">
     <span class='ocr_line' id='line_1_61' title="bbox 1922 1791 3505 1862; baseline 0.001 -18"><span class='ocrx_word' id='word_1_445' title='bbox 1922 1792 2071 1846; x_wconf 90' lang='lat' dir='ltr'><strong>mine</strong></span> <span class='ocrx_word' id='word_1_446' title='bbox 2101 1802 2155 1846; x_wconf 92' lang='lat' dir='ltr'><strong>et</strong></span> <span class='ocrx_word' id='word_1_447' title='bbox 2183 1791 2426 1847; x_wconf 84' lang='lat' dir='ltr'><strong>Ecclesia</strong></span> <span class='ocrx_word' id='word_1_448' title='bbox 2471 1793 2700 1862; x_wconf 88' lang='lat' dir='ltr'><strong>produci</strong></span> <span class='ocrx_word' id='word_1_449' title='bbox 2753 1807 2876 1847; x_wconf 91' lang='lat' dir='ltr'><strong>cum</strong></span> <span class='ocrx_word' id='word_1_450' title='bbox 2906 1791 3185 1847; x_wconf 82' lang='lat' dir='ltr'><strong>veteribus</strong></span> <span class='ocrx_word' id='word_1_451' title='bbox 3226 1791 3505 1847; x_wconf 81' lang='lat' dir='ltr'><strong>Gnosticis</strong></span> 
     </span>
    </p>
   </div>
   <div class='ocr_carea' id='block_1_62' title="bbox 1924 1882 3500 1949">
    <p class='ocr_par' dir='ltr' id='par_1_62' title="bbox 1924 1882 3500 1949">
     <span class='ocr_line' id='line_1_62' title="bbox 1924 1882 3500 1949; baseline 0.001 -13"><span class='ocrx_word' id='word_1_452' title='bbox 1924 1882 2224 1938; x_wconf 86' lang='lat' dir='ltr'><strong>asserebat.</strong></span> <span class='ocrx_word' id='word_1_453' title='bbox 2280 1883 2358 1937; x_wconf 91' lang='lat' dir='ltr'><strong>De</strong></span> <span class='ocrx_word' id='word_1_454' title='bbox 2388 1884 2673 1940; x_wconf 87' lang='lat' dir='ltr'><strong>Salvatore</strong></span> <span class='ocrx_word' id='word_1_455' title='bbox 2728 1892 2906 1939; x_wconf 87' lang='lat' dir='ltr'><strong>autem</strong></span> <span class='ocrx_word' id='word_1_456' title='bbox 2955 1901 3063 1940; x_wconf 91' lang='lat' dir='ltr'><strong>non</strong></span> <span class='ocrx_word' id='word_1_457' title='bbox 3098 1900 3201 1938; x_wconf 91' lang='lat' dir='ltr'><strong>una</strong></span> <span class='ocrx_word' id='word_1_458' title='bbox 3236 1894 3377 1949; x_wconf 89' lang='lat' dir='ltr'><strong>erat,</strong></span> <span class='ocrx_word' id='word_1_459' title='bbox 3404 1887 3500 1939; x_wconf 90' lang='lat' dir='ltr'><strong>sed</strong></span> 
     </span>
    </p>
   </div>
   <div class='ocr_carea' id='block_1_63' title="bbox 1924 1974 3493 2044">
    <p class='ocr_par' dir='ltr' id='par_1_63' title="bbox 1924 1974 3493 2044">
     <span class='ocr_line' id='line_1_63' title="bbox 1924 1974 3493 2044; baseline 0 -15"><span class='ocrx_word' id='word_1_460' title='bbox 1924 1974 2207 2044; x_wconf 79' lang='lat' dir='ltr'><strong>multiplex</strong></span> <span class='ocrx_word' id='word_1_461' title='bbox 2255 1975 2399 2043; x_wconf 90' lang='lat' dir='ltr'><strong>apud</strong></span> <span class='ocrx_word' id='word_1_462' title='bbox 2440 1975 2812 2030; x_wconf 77' lang='lat' dir='ltr'><strong>Colorbasaeos</strong></span> <span class='ocrx_word' id='word_1_463' title='bbox 2843 1976 3133 2031; x_wconf 87' lang='lat' dir='ltr'><strong>sententia.</strong></span> <span class='ocrx_word' id='word_1_464' title='bbox 3169 1975 3397 2042; x_wconf 87' lang='lat' dir='ltr'><strong>Quidam</strong></span> <span class='ocrx_word' id='word_1_465' title='bbox 3427 1992 3493 2031; x_wconf 79' lang='lat' dir='ltr'><strong>ex</strong></span> 
     </span>
    </p>
   </div>
   <div class='ocr_carea' id='block_1_64' title="bbox 1923 2062 3500 2135">
    <p class='ocr_par' dir='ltr' id='par_1_64' title="bbox 1923 2062 3500 2135">
     <span class='ocr_line' id='line_1_64' title="bbox 1923 2062 3500 2135; baseline 0.002 -18"><span class='ocrx_word' id='word_1_466' title='bbox 1923 2062 2155 2117; x_wconf 69' lang='lat' dir='ltr'><strong>IEonum</strong></span> <span class='ocrx_word' id='word_1_467' title='bbox 2189 2066 2430 2118; x_wconf 90' lang='lat' dir='ltr'><strong>omnium</strong></span> <span class='ocrx_word' id='word_1_468' title='bbox 2455 2066 2719 2135; x_wconf 84' lang='lat' dir='ltr'><strong>symbolis</strong></span> <span class='ocrx_word' id='word_1_469' title='bbox 2745 2066 3036 2121; x_wconf 81' lang='lat' dir='ltr'><strong>conflatum</strong></span> <span class='ocrx_word' id='word_1_470' title='bbox 3062 2082 3186 2122; x_wconf 89' lang='lat' dir='ltr'><strong>esse</strong></span> <span class='ocrx_word' id='word_1_471' title='bbox 3217 2068 3500 2130; x_wconf 89' lang='lat' dir='ltr'><strong>dicebant,</strong></span> 
     </span>
    </p>
   </div>
   <div class='ocr_carea' id='block_1_65' title="bbox 1923 2156 3501 2229">
    <p class='ocr_par' dir='ltr' id='par_1_65' title="bbox 1923 2156 3501 2229">
     <span class='ocr_line' id='line_1_65' title="bbox 1923 2156 3501 2229; baseline 0.001 -20"><span class='ocrx_word' id='word_1_472' title='bbox 1923 2165 1979 2209; x_wconf 91' lang='lat' dir='ltr'><strong>et</strong></span> <span class='ocrx_word' id='word_1_473' title='bbox 2006 2171 2067 2211; x_wconf 90' lang='lat' dir='ltr'><strong>ea</strong></span> <span class='ocrx_word' id='word_1_474' title='bbox 2100 2158 2307 2210; x_wconf 88' lang='lat' dir='ltr'><strong>ratione</strong></span> <span class='ocrx_word' id='word_1_475' title='bbox 2330 2156 2618 2226; x_wconf 82' lang='grc' dir='ltr'>εὐδοκητὸν</span> <span class='ocrx_word' id='word_1_476' title='bbox 2649 2159 2700 2210; x_wconf 92' lang='lat' dir='ltr'><strong>in</strong></span> <span class='ocrx_word' id='word_1_477' title='bbox 2748 2159 3041 2228; x_wconf 83' lang='lat' dir='ltr'><strong>Evangelio</strong></span> <span class='ocrx_word' id='word_1_478' title='bbox 3071 2159 3178 2214; x_wconf 91' lang='lat' dir='ltr'><strong>dici</strong></span> <span class='ocrx_word' id='word_1_479' title='bbox 3217 2160 3501 2229; x_wconf 88' lang='lat' dir='ltr'><strong>putabant,</strong></span> 
     </span>
    </p>
   </div>
   <div class='ocr_carea' id='block_1_66' title="bbox 1925 2244 3506 2316">
    <p class='ocr_par' dir='ltr' id='par_1_66' title="bbox 1925 2244 3506 2316">
     <span class='ocr_line' id='line_1_66' title="bbox 1925 2244 3506 2316; baseline 0.004 -18"><span class='ocrx_word' id='word_1_480' title='bbox 1925 2244 2050 2298; x_wconf 89' lang='lat' dir='ltr'><strong>dum</strong></span> <span class='ocrx_word' id='word_1_481' title='bbox 2077 2245 2335 2299; x_wconf 89' lang='lat' dir='ltr'><strong>nimirum</strong></span> <span class='ocrx_word' id='word_1_482' title='bbox 2362 2244 2525 2298; x_wconf 85' lang='lat' dir='ltr'><strong>Pater</strong></span> <span class='ocrx_word' id='word_1_483' title='bbox 2557 2244 2757 2299; x_wconf 84' lang='lat' dir='ltr'><strong>Filium</strong></span> <span class='ocrx_word' id='word_1_484' title='bbox 2792 2249 3128 2316; x_wconf 85' lang='lat' dir='ltr'><strong>compellans</strong></span> <span class='ocrx_word' id='word_1_485' title='bbox 3173 2251 3249 2303; x_wconf 89' lang='lat' dir='ltr'><strong>ait</strong></span> <span class='ocrx_word' id='word_1_486' title='bbox 3282 2246 3506 2316; x_wconf 66' lang='grc' dir='ltr'><strong>τοῦτός</strong></span> 
     </span>
    </p>
   </div>
   <div class='ocr_carea' id='block_1_67' title="bbox 1923 2334 3503 2411">
    <p class='ocr_par' dir='ltr' id='par_1_67' title="bbox 1923 2334 3503 2411">
     <span class='ocr_line' id='line_1_67' title="bbox 1923 2334 3503 2411; baseline 0.006 -22"><span class='ocrx_word' id='word_1_487' title='bbox 1923 2336 2143 2390; x_wconf 81' lang='grc' dir='ltr'><strong>ἐστινό</strong></span> <span class='ocrx_word' id='word_1_488' title='bbox 2175 2339 2303 2403; x_wconf 82' lang='grc' dir='ltr'><strong>Υἱός</strong></span> <span class='ocrx_word' id='word_1_489' title='bbox 2320 2355 2439 2407; x_wconf 85' lang='grc' dir='ltr'><strong>μου</strong></span> <span class='ocrx_word' id='word_1_490' title='bbox 2471 2342 2504 2391; x_wconf 80' lang='grc' dir='ltr'><strong><em>ό</em></strong></span> <span class='ocrx_word' id='word_1_491' title='bbox 2524 2339 2847 2407; x_wconf 73' lang='grc' dir='ltr'><strong>ἀγαπητὸς,</strong></span> <span class='ocrx_word' id='word_1_492' title='bbox 2878 2340 2947 2392; x_wconf 80' lang='grc' dir='ltr'><strong>ἐν</strong></span> <span class='ocrx_word' id='word_1_493' title='bbox 2970 2334 3018 2406; x_wconf 80' lang='grc' dir='ltr'>ᾧ</span> <span class='ocrx_word' id='word_1_494' title='bbox 3049 2341 3371 2411; x_wconf 78' lang='grc' dir='ltr'><strong>εὐδόκησα,</strong></span> <span class='ocrx_word' id='word_1_495' title='bbox 3403 2344 3503 2397; x_wconf 84' lang='lat' dir='ltr'><strong>llic</strong></span> 
     </span>
    </p>
   </div>
   <div class='ocr_carea' id='block_1_68' title="bbox 1924 2428 3505 2505">
    <p class='ocr_par' dir='ltr' id='par_1_68' title="bbox 1924 2428 3505 2505">
     <span class='ocr_line' id='line_1_68' title="bbox 1924 2428 3505 2505; baseline 0.003 -22"><span class='ocrx_word' id='word_1_496' title='bbox 1924 2439 2000 2483; x_wconf 77' lang='lat' dir='ltr'><strong>est</strong></span> <span class='ocrx_word' id='word_1_497' title='bbox 2034 2428 2207 2483; x_wconf 80' lang='lat' dir='ltr'><strong>Filius</strong></span> <span class='ocrx_word' id='word_1_498' title='bbox 2252 2446 2397 2483; x_wconf 85' lang='lat' dir='ltr'><strong>meus</strong></span> <span class='ocrx_word' id='word_1_499' title='bbox 2429 2429 2653 2483; x_wconf 86' lang='lat' dir='ltr'><strong>dilectus</strong></span> <span class='ocrx_word' id='word_1_500' title='bbox 2681 2431 2738 2505; x_wconf 83' lang='lat' dir='ltr'><strong>in</strong></span> <span class='ocrx_word' id='word_1_501' title='bbox 2787 2447 2892 2500; x_wconf 86' lang='lat' dir='ltr'><strong>quo</strong></span> <span class='ocrx_word' id='word_1_502' title='bbox 2928 2435 3058 2485; x_wconf 80' lang='lat' dir='ltr'><strong>mihi</strong></span> <span class='ocrx_word' id='word_1_503' title='bbox 3105 2435 3228 2488; x_wconf 80' lang='lat' dir='ltr'><strong>bene</strong></span> <span class='ocrx_word' id='word_1_504' title='bbox 3272 2440 3505 2503; x_wconf 81' lang='lat' dir='ltr'><strong>compla-</strong></span> 
     </span>
    </p>
   </div>
   <div class='ocr_carea' id='block_1_69' title="bbox 1925 2520 3502 2589">
    <p class='ocr_par' dir='ltr' id='par_1_69' title="bbox 1925 2520 3502 2589">
     <span class='ocr_line' id='line_1_69' title="bbox 1925 2520 3502 2589; baseline 0.004 -15"><span class='ocrx_word' id='word_1_505' title='bbox 1925 2525 2009 2574; x_wconf 80' lang='lat' dir='ltr'><strong>cui</strong></span> <span class='ocrx_word' id='word_1_506' title='bbox 2034 2520 2080 2552; x_wconf 81' lang='lat'><strong>&quot;</strong></span> <span class='ocrx_word' id='word_1_507' title='bbox 2120 2537 2134 2574; x_wconf 89' lang='lat'><strong>:</strong></span> <span class='ocrx_word' id='word_1_508' title='bbox 2177 2524 2322 2589; x_wconf 89' lang='lat' dir='ltr'><strong>quod</strong></span> <span class='ocrx_word' id='word_1_509' title='bbox 2372 2522 2625 2576; x_wconf 84' lang='lat' dir='ltr'><strong>videlicet</strong></span> <span class='ocrx_word' id='word_1_510' title='bbox 2675 2523 2931 2577; x_wconf 85' lang='lat' dir='ltr'><strong>universo</strong></span> <span class='ocrx_word' id='word_1_511' title='bbox 2964 2524 3255 2579; x_wconf 88' lang='lat' dir='ltr'><strong>Pleromati</strong></span> <span class='ocrx_word' id='word_1_512' title='bbox 3320 2524 3502 2581; x_wconf 85' lang='lat' dir='ltr'><strong>Patris</strong></span> 
     </span>
    </p>
   </div>
   <div class='ocr_carea' id='block_1_70' title="bbox 1927 2613 3501 2684">
    <p class='ocr_par' dir='ltr' id='par_1_70' title="bbox 1927 2613 3501 2684">
     <span class='ocr_line' id='line_1_70' title="bbox 1927 2613 3501 2684; baseline 0.005 -19"><span class='ocrx_word' id='word_1_513' title='bbox 1927 2613 2152 2684; x_wconf 83' lang='lat' dir='ltr'><strong>gloriam</strong></span> <span class='ocrx_word' id='word_1_514' title='bbox 2176 2628 2275 2682; x_wconf 85' lang='lat' dir='ltr'><strong>per</strong></span> <span class='ocrx_word' id='word_1_515' title='bbox 2303 2630 2425 2667; x_wconf 88' lang='lat' dir='ltr'><strong>eum</strong></span> <span class='ocrx_word' id='word_1_516' title='bbox 2458 2614 2736 2670; x_wconf 87' lang='lat' dir='ltr'><strong>illustrare</strong></span> <span class='ocrx_word' id='word_1_517' title='bbox 2771 2614 3062 2683; x_wconf 88' lang='lat' dir='ltr'><strong>placuerit.</strong></span> <span class='ocrx_word' id='word_1_518' title='bbox 3124 2616 3230 2670; x_wconf 78' lang='lat' dir='ltr'><strong>Alii</strong></span> <span class='ocrx_word' id='word_1_519' title='bbox 3263 2631 3388 2672; x_wconf 90' lang='lat' dir='ltr'><strong>eum</strong></span> <span class='ocrx_word' id='word_1_520' title='bbox 3432 2636 3501 2673; x_wconf 75' lang='lat' dir='ltr'><strong>ex</strong></span> 
     </span>
    </p>
   </div>
   <div class='ocr_carea' id='block_1_71' title="bbox 1926 2706 3500 2777">
    <p class='ocr_par' dir='ltr' id='par_1_71' title="bbox 1926 2706 3500 2777">
     <span class='ocr_line' id='line_1_71' title="bbox 1926 2706 3500 2777; baseline 0.003 -16"><span class='ocrx_word' id='word_1_521' title='bbox 1926 2706 2057 2761; x_wconf 90' lang='lat' dir='ltr'><strong>solis</strong></span> <span class='ocrx_word' id='word_1_522' title='bbox 2090 2707 2271 2761; x_wconf 90' lang='lat' dir='ltr'><strong>decem</strong></span> <span class='ocrx_word' id='word_1_523' title='bbox 2315 2706 2597 2772; x_wconf 66' lang='lat' dir='ltr'><strong>Eonibus,</strong></span> <span class='ocrx_word' id='word_1_524' title='bbox 2639 2722 2775 2777; x_wconf 88' lang='lat' dir='ltr'><strong>quos</strong></span> <span class='ocrx_word' id='word_1_525' title='bbox 2800 2706 3039 2761; x_wconf 83' lang='lat' dir='ltr'><strong>Verbum</strong></span> <span class='ocrx_word' id='word_1_526' title='bbox 3076 2717 3133 2761; x_wconf 90' lang='lat' dir='ltr'><strong>et</strong></span> <span class='ocrx_word' id='word_1_527' title='bbox 3177 2708 3297 2763; x_wconf 83' lang='lat' dir='ltr'><strong>Vita</strong></span> <span class='ocrx_word' id='word_1_528' title='bbox 3332 2710 3386 2765; x_wconf 89' lang='lat' dir='ltr'><strong>in</strong></span> <span class='ocrx_word' id='word_1_529' title='bbox 3415 2710 3500 2764; x_wconf 90' lang='lat' dir='ltr'><strong>lu-</strong></span> 
     </span>
    </p>
   </div>
   <div class='ocr_carea' id='block_1_72' title="bbox 1926 2796 3500 2865">
    <p class='ocr_par' dir='ltr' id='par_1_72' title="bbox 1926 2796 3500 2865">
     <span class='ocr_line' id='line_1_72' title="bbox 1926 2796 3500 2865; baseline 0.002 -12"><span class='ocrx_word' id='word_1_530' title='bbox 1926 2814 2043 2853; x_wconf 87' lang='lat' dir='ltr'><strong>cem</strong></span> <span class='ocrx_word' id='word_1_531' title='bbox 2077 2797 2406 2863; x_wconf 76' lang='lat' dir='ltr'><strong>extulerunt,</strong></span> <span class='ocrx_word' id='word_1_532' title='bbox 2439 2798 2762 2865; x_wconf 91' lang='lat' dir='ltr'><strong>productum</strong></span> <span class='ocrx_word' id='word_1_533' title='bbox 2790 2796 2958 2853; x_wconf 88' lang='lat' dir='ltr'><strong>fuisse</strong></span> <span class='ocrx_word' id='word_1_534' title='bbox 2982 2800 3300 2865; x_wconf 86' lang='lat' dir='ltr'><strong>tradebant;</strong></span> <span class='ocrx_word' id='word_1_535' title='bbox 3328 2812 3387 2854; x_wconf 89' lang='lat' dir='ltr'><strong>ut</strong></span> <span class='ocrx_word' id='word_1_536' title='bbox 3417 2802 3500 2856; x_wconf 90' lang='lat' dir='ltr'><strong>sic</strong></span> 
     </span>
    </p>
   </div>
   <div class='ocr_carea' id='block_1_73' title="bbox 1926 2889 3500 2959">
    <p class='ocr_par' dir='ltr' id='par_1_73' title="bbox 1926 2889 3500 2959">
     <span class='ocr_line' id='line_1_73' title="bbox 1926 2889 3500 2959; baseline 0.003 -14"><span class='ocrx_word' id='word_1_537' title='bbox 1926 2889 2291 2959; x_wconf 73' lang='lat' dir='ltr'><strong>esplicarent,</strong></span> <span class='ocrx_word' id='word_1_538' title='bbox 2315 2904 2412 2942; x_wconf 89' lang='lat' dir='ltr'><strong>cur</strong></span> <span class='ocrx_word' id='word_1_539' title='bbox 2440 2889 2707 2943; x_wconf 88' lang='lat' dir='ltr'><strong>interdum</strong></span> <span class='ocrx_word' id='word_1_540' title='bbox 2736 2889 2791 2943; x_wconf 89' lang='lat' dir='ltr'><strong>in</strong></span> <span class='ocrx_word' id='word_1_541' title='bbox 2840 2889 3137 2959; x_wconf 85' lang='lat' dir='ltr'><strong>Evangelio</strong></span> <span class='ocrx_word' id='word_1_542' title='bbox 3174 2892 3411 2946; x_wconf 84' lang='lat' dir='ltr'><strong>Verbum</strong></span> <span class='ocrx_word' id='word_1_543' title='bbox 3444 2902 3500 2949; x_wconf 86' lang='lat' dir='ltr'><strong>et</strong></span> 
     </span>
    </p>
   </div>
   <div class='ocr_carea' id='block_1_74' title="bbox 1912 2982 3493 3051">
    <p class='ocr_par' dir='ltr' id='par_1_74' title="bbox 1912 2982 3493 3051">
     <span class='ocr_line' id='line_1_74' title="bbox 1912 2982 3493 3051; baseline 0.001 -14"><span class='ocrx_word' id='word_1_544' title='bbox 1912 2983 2048 3037; x_wconf 82' lang='lat' dir='ltr'><strong>‘Vita</strong></span> <span class='ocrx_word' id='word_1_545' title='bbox 2075 2990 2317 3045; x_wconf 84' lang='lat' dir='ltr'><strong>vocetur,</strong></span> <span class='ocrx_word' id='word_1_546' title='bbox 2367 2982 2507 3051; x_wconf 90' lang='lat' dir='ltr'><strong>quod</strong></span> <span class='ocrx_word' id='word_1_547' title='bbox 2556 2982 2767 3038; x_wconf 89' lang='lat' dir='ltr'><strong>scilicet</strong></span> <span class='ocrx_word' id='word_1_548' title='bbox 2795 2984 2937 3037; x_wconf 86' lang='lat' dir='ltr'><strong>avita</strong></span> <span class='ocrx_word' id='word_1_549' title='bbox 2988 2984 3204 3038; x_wconf 90' lang='lat' dir='ltr'><strong>nomina</strong></span> <span class='ocrx_word' id='word_1_550' title='bbox 3234 2985 3493 3039; x_wconf 88' lang='lat' dir='ltr'><strong>retineat.</strong></span> 
     </span>
    </p>
   </div>
   <div class='ocr_carea' id='block_1_75' title="bbox 1924 3073 3496 3143">
    <p class='ocr_par' dir='ltr' id='par_1_75' title="bbox 1924 3073 3496 3143">
     <span class='ocr_line' id='line_1_75' title="bbox 1924 3073 3496 3143; baseline 0.003 -15"><span class='ocrx_word' id='word_1_551' title='bbox 1924 3073 2031 3128; x_wconf 81' lang='lat' dir='ltr'><strong>Alii</strong></span> <span class='ocrx_word' id='word_1_552' title='bbox 2066 3088 2188 3127; x_wconf 88' lang='lat' dir='ltr'><strong>eum</strong></span> <span class='ocrx_word' id='word_1_553' title='bbox 2228 3073 2426 3127; x_wconf 89' lang='lat' dir='ltr'><strong>Christi</strong></span> <span class='ocrx_word' id='word_1_554' title='bbox 2456 3081 2508 3127; x_wconf 91' lang='lat' dir='ltr'><strong>et</strong></span> <span class='ocrx_word' id='word_1_555' title='bbox 2553 3073 2791 3143; x_wconf 88' lang='lat' dir='ltr'><strong>Spiritus</strong></span> <span class='ocrx_word' id='word_1_556' title='bbox 2823 3075 3020 3139; x_wconf 88' lang='lat' dir='ltr'><strong>sancti,</strong></span> <span class='ocrx_word' id='word_1_557' title='bbox 3071 3076 3162 3143; x_wconf 92' lang='lat' dir='ltr'><strong>qui</strong></span> <span class='ocrx_word' id='word_1_558' title='bbox 3234 3074 3496 3132; x_wconf 65' lang='lat' dir='ltr'><strong>fulciendi.</strong></span> 
     </span>
    </p>
   </div>
   <div class='ocr_carea' id='block_1_76' title="bbox 1927 3163 3492 3234">
    <p class='ocr_par' dir='ltr' id='par_1_76' title="bbox 1927 3163 3492 3234">
     <span class='ocr_line' id='line_1_76' title="bbox 1927 3163 3492 3234; baseline 0.004 -18"><span class='ocrx_word' id='word_1_559' title='bbox 1927 3163 2247 3218; x_wconf 87' lang='lat' dir='ltr'><strong>Pleromatis</strong></span> <span class='ocrx_word' id='word_1_560' title='bbox 2272 3178 2433 3217; x_wconf 86' lang='lat' dir='ltr'><strong>causa</strong></span> <span class='ocrx_word' id='word_1_561' title='bbox 2477 3165 2721 3234; x_wconf 90' lang='lat' dir='ltr'><strong>producti</strong></span> <span class='ocrx_word' id='word_1_562' title='bbox 2764 3174 2911 3228; x_wconf 88' lang='lat' dir='ltr'><strong>sunt,</strong></span> <span class='ocrx_word' id='word_1_563' title='bbox 2945 3166 3186 3220; x_wconf 88' lang='lat' dir='ltr'><strong>sobolem</strong></span> <span class='ocrx_word' id='word_1_564' title='bbox 3215 3181 3336 3221; x_wconf 87' lang='lat' dir='ltr'><strong>esse</strong></span> <span class='ocrx_word' id='word_1_565' title='bbox 3374 3183 3492 3222; x_wconf 89' lang='lat' dir='ltr'><strong>ma-</strong></span> 
     </span>
    </p>
   </div>
   <div class='ocr_carea' id='block_1_77' title="bbox 1921 3253 3492 3327">
    <p class='ocr_par' dir='ltr' id='par_1_77' title="bbox 1921 3253 3492 3327">
     <span class='ocr_line' id='line_1_77' title="bbox 1921 3253 3492 3327; baseline 0.004 -19"><span class='ocrx_word' id='word_1_566' title='bbox 1921 3253 2138 3321; x_wconf 90' lang='lat' dir='ltr'><strong>lebant;</strong></span> <span class='ocrx_word' id='word_1_567' title='bbox 2189 3264 2243 3309; x_wconf 89' lang='lat' dir='ltr'><strong>et</strong></span> <span class='ocrx_word' id='word_1_568' title='bbox 2298 3265 2589 3323; x_wconf 87' lang='lat' dir='ltr'><strong>eapropter</strong></span> <span class='ocrx_word' id='word_1_569' title='bbox 2634 3254 2911 3311; x_wconf 85' lang='lat' dir='ltr'><strong>Christum</strong></span> <span class='ocrx_word' id='word_1_570' title='bbox 2944 3259 3119 3325; x_wconf 88' lang='lat' dir='ltr'><strong>patrio</strong></span> <span class='ocrx_word' id='word_1_571' title='bbox 3146 3259 3366 3313; x_wconf 87' lang='lat' dir='ltr'><strong>nomine</strong></span> <span class='ocrx_word' id='word_1_572' title='bbox 3390 3273 3492 3327; x_wconf 90' lang='lat' dir='ltr'><strong>ap-</strong></span> 
     </span>
    </p>
   </div>
   <div class='ocr_carea' id='block_1_78' title="bbox 1921 3343 3492 3418">
    <p class='ocr_par' dir='ltr' id='par_1_78' title="bbox 1921 3343 3492 3418">
     <span class='ocr_line' id='line_1_78' title="bbox 1921 3343 3492 3418; baseline 0.005 -22"><span class='ocrx_word' id='word_1_573' title='bbox 1921 3343 2130 3411; x_wconf 86' lang='lat' dir='ltr'><strong>pellari.</strong></span> <span class='ocrx_word' id='word_1_574' title='bbox 2166 3344 2273 3398; x_wconf 83' lang='lat' dir='ltr'><strong>Alii</strong></span> <span class='ocrx_word' id='word_1_575' title='bbox 2297 3361 2420 3400; x_wconf 90' lang='lat' dir='ltr'><strong>eum</strong></span> <span class='ocrx_word' id='word_1_576' title='bbox 2445 3360 2514 3400; x_wconf 80' lang='lat' dir='ltr'><strong>ex</strong></span> <span class='ocrx_word' id='word_1_577' title='bbox 2538 3344 2823 3400; x_wconf 88' lang='lat' dir='ltr'><strong>duodecim</strong></span> <span class='ocrx_word' id='word_1_578' title='bbox 2851 3344 2957 3400; x_wconf 91' lang='lat' dir='ltr'><strong>illis</strong></span> <span class='ocrx_word' id='word_1_579' title='bbox 2988 3344 3280 3414; x_wconf 64' lang='lat' dir='ltr'><strong>Eonibus,</strong></span> <span class='ocrx_word' id='word_1_580' title='bbox 3304 3349 3398 3418; x_wconf 90' lang='lat' dir='ltr'><strong>qui</strong></span> <span class='ocrx_word' id='word_1_581' title='bbox 3422 3365 3492 3405; x_wconf 73' lang='lat' dir='ltr'><strong>ex</strong></span> 
     </span>
    </p>
   </div>
   <div class='ocr_carea' id='block_1_79' title="bbox 1921 3432 3496 3499">
    <p class='ocr_par' dir='ltr' id='par_1_79' title="bbox 1921 3432 3496 3499">
     <span class='ocr_line' id='line_1_79' title="bbox 1921 3432 3496 3499; baseline 0.003 -12"><span class='ocrx_word' id='word_1_582' title='bbox 1921 3432 2153 3488; x_wconf 84' lang='lat' dir='ltr'><strong>Homine</strong></span> <span class='ocrx_word' id='word_1_583' title='bbox 2177 3443 2231 3488; x_wconf 91' lang='lat' dir='ltr'><strong>et</strong></span> <span class='ocrx_word' id='word_1_584' title='bbox 2257 3433 2497 3489; x_wconf 86' lang='lat' dir='ltr'><strong>Ecclesia</strong></span> <span class='ocrx_word' id='word_1_585' title='bbox 2525 3435 2882 3499; x_wconf 79' lang='lat' dir='ltr'><strong>exstiterunt,</strong></span> <span class='ocrx_word' id='word_1_586' title='bbox 2912 3444 3091 3489; x_wconf 91' lang='lat' dir='ltr'><strong>ortum</strong></span> <span class='ocrx_word' id='word_1_587' title='bbox 3122 3450 3247 3492; x_wconf 88' lang='lat' dir='ltr'><strong>esse</strong></span> <span class='ocrx_word' id='word_1_588' title='bbox 3269 3447 3496 3493; x_wconf 86' lang='lat' dir='ltr'><strong>conten-</strong></span> 
     </span>
    </p>
   </div>
   <div class='ocr_carea' id='block_1_80' title="bbox 1921 3525 3498 3595">
    <p class='ocr_par' dir='ltr' id='par_1_80' title="bbox 1921 3525 3498 3595">
     <span class='ocr_line' id='line_1_80' title="bbox 1921 3525 3498 3595; baseline 0.003 -16"><span class='ocrx_word' id='word_1_589' title='bbox 1921 3526 2119 3581; x_wconf 89' lang='lat' dir='ltr'><strong>debant</strong></span> <span class='ocrx_word' id='word_1_590' title='bbox 2149 3542 2163 3579; x_wconf 91' lang='lat'><strong>:</strong></span> <span class='ocrx_word' id='word_1_591' title='bbox 2196 3525 2429 3595; x_wconf 87' lang='lat' dir='ltr'><strong>hincque</strong></span> <span class='ocrx_word' id='word_1_592' title='bbox 2460 3525 2574 3579; x_wconf 89' lang='lat' dir='ltr'><strong>ﬁeri</strong></span> <span class='ocrx_word' id='word_1_593' title='bbox 2603 3534 2664 3579; x_wconf 92' lang='lat' dir='ltr'><strong>ut</strong></span> <span class='ocrx_word' id='word_1_594' title='bbox 2695 3525 2926 3594; x_wconf 78' lang='lat' dir='ltr'><strong>ipsemet</strong></span> <span class='ocrx_word' id='word_1_595' title='bbox 2945 3540 3067 3581; x_wconf 90' lang='lat' dir='ltr'><strong>sese</strong></span> <span class='ocrx_word' id='word_1_596' title='bbox 3096 3525 3294 3581; x_wconf 90' lang='lat' dir='ltr'><strong>Filium</strong></span> <span class='ocrx_word' id='word_1_597' title='bbox 3316 3528 3498 3583; x_wconf 89' lang='lat' dir='ltr'><strong>homi-</strong></span> 
     </span>
    </p>
   </div>
   <div class='ocr_carea' id='block_1_81' title="bbox 1922 3617 3494 3689">
    <p class='ocr_par' dir='ltr' id='par_1_81' title="bbox 1922 3617 3494 3689">
     <span class='ocr_line' id='line_1_81' title="bbox 1922 3617 3494 3689; baseline 0.003 -20"><span class='ocrx_word' id='word_1_598' title='bbox 1922 3619 2006 3672; x_wconf 94' lang='lat' dir='ltr'><strong>nis</strong></span> <span class='ocrx_word' id='word_1_599' title='bbox 2030 3617 2375 3684; x_wconf 87' lang='lat' dir='ltr'><strong>conﬁteatur,</strong></span> <span class='ocrx_word' id='word_1_600' title='bbox 2427 3628 2688 3689; x_wconf 89' lang='lat' dir='ltr'><strong>tanquam</strong></span> <span class='ocrx_word' id='word_1_601' title='bbox 2734 3618 2972 3673; x_wconf 89' lang='lat' dir='ltr'><strong>hominis</strong></span> <span class='ocrx_word' id='word_1_602' title='bbox 3006 3630 3280 3688; x_wconf 88' lang='lat' dir='ltr'><strong>nepotem.</strong></span> <span class='ocrx_word' id='word_1_603' title='bbox 3306 3621 3494 3687; x_wconf 79' lang='lat' dir='ltr'><strong>Quan-</strong></span> 
     </span>
    </p>
   </div>
   <div class='ocr_carea' id='block_1_82' title="bbox 1922 3709 3495 3780">
    <p class='ocr_par' dir='ltr' id='par_1_82' title="bbox 1922 3709 3495 3780">
     <span class='ocr_line' id='line_1_82' title="bbox 1922 3709 3495 3780; baseline 0.004 -20"><span class='ocrx_word' id='word_1_604' title='bbox 1922 3724 2108 3778; x_wconf 87' lang='lat' dir='ltr'><strong>quam,</strong></span> <span class='ocrx_word' id='word_1_605' title='bbox 2144 3712 2220 3763; x_wconf 89' lang='lat' dir='ltr'><strong>ait</strong></span> <span class='ocrx_word' id='word_1_606' title='bbox 2247 3709 2620 3763; x_wconf 83' lang='lat' dir='ltr'><strong>Tertullianus</strong></span> <span class='ocrx_word' id='word_1_607' title='bbox 2650 3724 2769 3780; x_wconf 88' lang='lat' dir='ltr'><strong>cap.</strong></span> <span class='ocrx_word' id='word_1_608' title='bbox 2828 3711 2924 3764; x_wconf 94' lang='lat' dir='ltr'><strong>ult.</strong></span> <span class='ocrx_word' id='word_1_609' title='bbox 2975 3716 3097 3765; x_wconf 81' lang='lat' dir='ltr'><strong>adv.</strong></span> <span class='ocrx_word' id='word_1_610' title='bbox 3140 3709 3347 3765; x_wconf 81' lang='lat' dir='ltr'><strong>Valent.</strong></span> <span class='ocrx_word' id='word_1_611' title='bbox 3373 3720 3495 3780; x_wconf 89' lang='lat' dir='ltr'><strong>post</strong></span> 
     </span>
    </p>
   </div>
   <div class='ocr_carea' id='block_1_83' title="bbox 1922 3797 3491 3871">
    <p class='ocr_par' dir='ltr' id='par_1_83' title="bbox 1922 3797 3491 3871">
     <span class='ocr_line' id='line_1_83' title="bbox 1922 3797 3491 3871; baseline 0.004 -21"><span class='ocrx_word' id='word_1_612' title='bbox 1922 3797 2210 3863; x_wconf 79' lang='lat' dir='ltr'><strong>lrcnamm,</strong></span> <span class='ocrx_word' id='word_1_613' title='bbox 2240 3809 2361 3853; x_wconf 82' lang='lat' dir='ltr'><strong>sunt</strong></span> <span class='ocrx_word' id='word_1_614' title='bbox 2393 3802 2481 3868; x_wconf 87' lang='lat' dir='ltr'><strong>qui</strong></span> <span class='ocrx_word' id='word_1_615' title='bbox 2507 3797 2709 3852; x_wconf 83' lang='lat' dir='ltr'><strong>Filium</strong></span> <span class='ocrx_word' id='word_1_616' title='bbox 2738 3798 2964 3854; x_wconf 76' lang='lat' dir='ltr'><strong>hominis</strong></span> <span class='ocrx_word' id='word_1_617' title='bbox 2995 3800 3208 3855; x_wconf 86' lang='lat' dir='ltr'><strong>aliunde</strong></span> <span class='ocrx_word' id='word_1_618' title='bbox 3237 3817 3491 3871; x_wconf 63' lang='lat' dir='ltr'><strong>concepev</strong></span> 
     </span>
    </p>
   </div>
   <div class='ocr_carea' id='block_1_84' title="bbox 1924 3888 3495 3959">
    <p class='ocr_par' dir='ltr' id='par_1_84' title="bbox 1924 3888 3495 3959">
     <span class='ocr_line' id='line_1_84' title="bbox 1924 3888 3495 3959; baseline 0.004 -20"><span class='ocrx_word' id='word_1_619' title='bbox 1924 3888 2030 3940; x_wconf 80' lang='lat' dir='ltr'><strong>rint</strong></span> <span class='ocrx_word' id='word_1_620' title='bbox 2081 3890 2359 3941; x_wconf 83' lang='lat' dir='ltr'><strong>dicendum</strong></span> <span class='ocrx_word' id='word_1_621' title='bbox 2399 3929 2414 3953; x_wconf 99' lang='lat'><strong>,</strong></span> <span class='ocrx_word' id='word_1_622' title='bbox 2466 3890 2610 3959; x_wconf 88' lang='lat' dir='ltr'><strong>quod</strong></span> <span class='ocrx_word' id='word_1_623' title='bbox 2670 3888 2930 3945; x_wconf 90' lang='lat' dir='ltr'><strong>nimirum</strong></span> <span class='ocrx_word' id='word_1_624' title='bbox 2982 3904 3274 3959; x_wconf 90' lang='lat' dir='ltr'><strong>supremus</strong></span> <span class='ocrx_word' id='word_1_625' title='bbox 3334 3890 3495 3945; x_wconf 86' lang='lat' dir='ltr'><strong>Pater</strong></span> 
     </span>
    </p>
   </div>
   <div class='ocr_carea' id='block_1_85' title="bbox 1921 3980 3491 4051">
    <p class='ocr_par' dir='ltr' id='par_1_85' title="bbox 1921 3980 3491 4051">
     <span class='ocr_line' id='line_1_85' title="bbox 1921 3980 3491 4051; baseline 0.001 -18"><span class='ocrx_word' id='word_1_626' title='bbox 1921 3987 2246 4050; x_wconf 86' lang='lat' dir='ltr'><strong>quandoque</strong></span> <span class='ocrx_word' id='word_1_627' title='bbox 2301 3980 2535 4037; x_wconf 86' lang='lat' dir='ltr'><strong>hominis</strong></span> <span class='ocrx_word' id='word_1_628' title='bbox 2590 3981 2855 4036; x_wconf 89' lang='lat' dir='ltr'><strong>vocabulo</strong></span> <span class='ocrx_word' id='word_1_629' title='bbox 2902 3990 3335 4051; x_wconf 89' lang='lat' dir='ltr'><strong>nuncuparetur,</strong></span> <span class='ocrx_word' id='word_1_630' title='bbox 3367 3998 3491 4037; x_wconf 87' lang='lat' dir='ltr'><strong>cum</strong></span> 
     </span>
    </p>
   </div>
   <div class='ocr_carea' id='block_1_86' title="bbox 1925 4070 3491 4140">
    <p class='ocr_par' dir='ltr' id='par_1_86' title="bbox 1925 4070 3491 4140">
     <span class='ocr_line' id='line_1_86' title="bbox 1925 4070 3491 4140; baseline 0.003 -17"><span class='ocrx_word' id='word_1_631' title='bbox 1925 4070 2175 4127; x_wconf 83' lang='lat' dir='ltr'><strong>videlicet</strong></span> <span class='ocrx_word' id='word_1_632' title='bbox 2227 4073 2464 4140; x_wconf 87' lang='lat' dir='ltr'><strong>scipsum</strong></span> <span class='ocrx_word' id='word_1_633' title='bbox 2493 4073 2807 4127; x_wconf 91' lang='lat' dir='ltr'><strong>hominibus</strong></span> <span class='ocrx_word' id='word_1_634' title='bbox 2846 4074 3194 4136; x_wconf 82' lang='lat' dir='ltr'><strong>manifestum</strong></span> <span class='ocrx_word' id='word_1_635' title='bbox 3234 4074 3491 4131; x_wconf 82' lang='lat' dir='ltr'><strong>faciebat.</strong></span> 
     </span>
    </p>
   </div>
   <div class='ocr_carea' id='block_1_87' title="bbox 1927 4164 3495 4233">
    <p class='ocr_par' dir='ltr' id='par_1_87' title="bbox 1927 4164 3495 4233">
     <span class='ocr_line' id='line_1_87' title="bbox 1927 4164 3495 4233; baseline 0.003 -16"><span class='ocrx_word' id='word_1_636' title='bbox 1927 4164 2128 4219; x_wconf 65' lang='lat' dir='ltr'><strong>Praeter</strong></span> <span class='ocrx_word' id='word_1_637' title='bbox 2150 4178 2246 4218; x_wconf 88' lang='lat' dir='ltr'><strong>eos</strong></span> <span class='ocrx_word' id='word_1_638' title='bbox 2270 4178 2505 4229; x_wconf 90' lang='lat' dir='ltr'><strong>errores,</strong></span> <span class='ocrx_word' id='word_1_639' title='bbox 2543 4181 2681 4233; x_wconf 90' lang='lat' dir='ltr'><strong>quos</strong></span> <span class='ocrx_word' id='word_1_640' title='bbox 2721 4164 3081 4221; x_wconf 78' lang='lat' dir='ltr'><strong>Colorbasaeis</strong></span> <span class='ocrx_word' id='word_1_641' title='bbox 3107 4167 3354 4222; x_wconf 88' lang='lat' dir='ltr'><strong>tribuunt</strong></span> <span class='ocrx_word' id='word_1_642' title='bbox 3380 4167 3495 4223; x_wconf 86' lang='lat' dir='ltr'><strong>Ire-</strong></span> 
     </span>
    </p>
   </div>
   <div class='ocr_carea' id='block_1_88' title="bbox 1924 4255 3491 4328">
    <p class='ocr_par' dir='ltr' id='par_1_88' title="bbox 1924 4255 3491 4328">
     <span class='ocr_line' id='line_1_88' title="bbox 1924 4255 3491 4328; baseline 0.003 -19"><span class='ocrx_word' id='word_1_643' title='bbox 1924 4270 2091 4322; x_wconf 84' lang='lat' dir='ltr'><strong>naeus,</strong></span> <span class='ocrx_word' id='word_1_644' title='bbox 2111 4255 2479 4311; x_wconf 85' lang='lat' dir='ltr'><strong>Tertullianus</strong></span> <span class='ocrx_word' id='word_1_645' title='bbox 2504 4264 2558 4310; x_wconf 90' lang='lat' dir='ltr'><strong>et</strong></span> <span class='ocrx_word' id='word_1_646' title='bbox 2586 4256 2939 4325; x_wconf 79' lang='lat' dir='ltr'><strong>Epiphanius,</strong></span> <span class='ocrx_word' id='word_1_647' title='bbox 2969 4258 3118 4313; x_wconf 89' lang='lat' dir='ltr'><strong>addit</strong></span> <span class='ocrx_word' id='word_1_648' title='bbox 3153 4259 3491 4328; x_wconf 80' lang='lat' dir='ltr'><strong>Augustinus</strong></span> 
     </span>
    </p>
   </div>
   <div class='ocr_carea' id='block_1_89' title="bbox 1924 4347 3494 4419">
    <p class='ocr_par' dir='ltr' id='par_1_89' title="bbox 1924 4347 3494 4419">
     <span class='ocr_line' id='line_1_89' title="bbox 1924 4347 3494 4419; baseline 0.003 -18"><span class='ocrx_word' id='word_1_649' title='bbox 1924 4347 2017 4401; x_wconf 87' lang='lat' dir='ltr'><strong>lib.</strong></span> <span class='ocrx_word' id='word_1_650' title='bbox 2045 4347 2124 4401; x_wconf 88' lang='lat' dir='ltr'><strong>De</strong></span> <span class='ocrx_word' id='word_1_651' title='bbox 2147 4348 2359 4413; x_wconf 50' lang='lat' dir='ltr'><strong>laterem,</strong></span> <span class='ocrx_word' id='word_1_652' title='bbox 2382 4348 2526 4415; x_wconf 89' lang='lat' dir='ltr'><strong>quod</strong></span> <span class='ocrx_word' id='word_1_653' title='bbox 2557 4348 2723 4401; x_wconf 87' lang='lat' dir='ltr'><strong>vitam</strong></span> <span class='ocrx_word' id='word_1_654' title='bbox 2751 4348 2991 4403; x_wconf 91' lang='lat' dir='ltr'><strong>omnium</strong></span> <span class='ocrx_word' id='word_1_655' title='bbox 3020 4350 3297 4404; x_wconf 88' lang='lat' dir='ltr'><strong>hominum</strong></span> <span class='ocrx_word' id='word_1_656' title='bbox 3322 4357 3377 4404; x_wconf 92' lang='lat' dir='ltr'><strong>et</strong></span> <span class='ocrx_word' id='word_1_657' title='bbox 3398 4364 3494 4419; x_wconf 85' lang='lat' dir='ltr'><strong>ge—</strong></span> 
     </span>
    </p>
   </div>
   <div class='ocr_carea' id='block_1_90' title="bbox 1926 4439 3495 4509">
    <p class='ocr_par' dir='ltr' id='par_1_90' title="bbox 1926 4439 3495 4509">
     <span class='ocr_line' id='line_1_90' title="bbox 1926 4439 3495 4509; baseline 0.003 -19"><span class='ocrx_word' id='word_1_658' title='bbox 1926 4440 2258 4493; x_wconf 90' lang='lat' dir='ltr'><strong>nerationem</strong></span> <span class='ocrx_word' id='word_1_659' title='bbox 2306 4439 2360 4493; x_wconf 92' lang='lat' dir='ltr'><strong>in</strong></span> <span class='ocrx_word' id='word_1_660' title='bbox 2428 4448 2637 4507; x_wconf 80' lang='lat' dir='ltr'><strong>Septem</strong></span> <span class='ocrx_word' id='word_1_661' title='bbox 2695 4439 2989 4500; x_wconf 89' lang='lat' dir='ltr'><strong>sideribus,</strong></span> <span class='ocrx_word' id='word_1_662' title='bbox 3043 4450 3251 4509; x_wconf 88' lang='lat' dir='ltr'><strong>septem</strong></span> <span class='ocrx_word' id='word_1_663' title='bbox 3281 4440 3495 4496; x_wconf 89' lang='lat' dir='ltr'><strong>scilicet</strong></span> 
     </span>
    </p>
   </div>
   <div class='ocr_carea' id='block_1_91' title="bbox 235 4529 3495 4605">
    <p class='ocr_par' dir='ltr' id='par_1_91' title="bbox 235 4529 3495 4605">
     <span class='ocr_line' id='line_1_91' title="bbox 235 4529 3495 4605; baseline -0.002 -12"><span class='ocrx_word' id='word_1_664' title='bbox 235 4541 427 4593; x_wconf 64' lang='lat' dir='ltr'><strong>Velius</strong></span> <span class='ocrx_word' id='word_1_665' title='bbox 453 4540 541 4603; x_wconf 63' lang='lat'><strong>‘5;</strong></span> <span class='ocrx_word' id='word_1_666' title='bbox 588 4539 731 4593; x_wconf 80' lang='lat' dir='ltr'><strong>viam</strong></span> <span class='ocrx_word' id='word_1_667' title='bbox 769 4540 1015 4595; x_wconf 71' lang='lat' dir='ltr'><strong>eamdem</strong></span> <span class='ocrx_word' id='word_1_668' title='bbox 1045 4541 1275 4595; x_wconf 78' lang='lat' dir='ltr'><strong>intrasse</strong></span> <span class='ocrx_word' id='word_1_669' title='bbox 1335 4540 1717 4605; x_wconf 65' lang='lat' dir='ltr'><strong>Ptolemmum;</strong></span> <span class='ocrx_word' id='word_1_670' title='bbox 1748 4554 1812 4592; x_wconf 75' lang='lat' dir='ltr'><strong>ex</strong></span> <span class='ocrx_word' id='word_1_671' title='bbox 1847 4530 1893 4589; x_wconf 81' lang='grc' dir='ltr'><strong>Ι)</strong></span> <span class='ocrx_word' id='word_1_672' title='bbox 1928 4530 2182 4601; x_wconf 88' lang='lat' dir='ltr'><strong>planetis,</strong></span> <span class='ocrx_word' id='word_1_673' title='bbox 2221 4531 2523 4586; x_wconf 86' lang='lat' dir='ltr'><strong>consistere</strong></span> <span class='ocrx_word' id='word_1_674' title='bbox 2549 4529 2903 4584; x_wconf 73' lang='lat' dir='ltr'><strong>aﬁirmaverit</strong></span> <span class='ocrx_word' id='word_1_675' title='bbox 2948 4531 3296 4586; x_wconf 85' lang='lat' dir='ltr'><strong>Colorbasus.</strong></span> <span class='ocrx_word' id='word_1_676' title='bbox 3337 4531 3495 4597; x_wconf 87' lang='lat' dir='ltr'><strong>Quod</strong></span> 
     </span>
    </p>
   </div>
   <div class='ocr_carea' id='block_1_92' title="bbox 239 4630 1815 4695">
    <p class='ocr_par' dir='ltr' id='par_1_92' title="bbox 239 4630 1815 4695">
     <span class='ocr_line' id='line_1_92' title="bbox 239 4630 1815 4695; baseline 0.001 -13"><span class='ocrx_word' id='word_1_677' title='bbox 239 4634 427 4685; x_wconf 83' lang='lat' dir='ltr'><strong>eadem</strong></span> <span class='ocrx_word' id='word_1_678' title='bbox 470 4631 565 4684; x_wconf 88' lang='lat' dir='ltr'><strong>illa</strong></span> <span class='ocrx_word' id='word_1_679' title='bbox 618 4632 703 4684; x_wconf 87' lang='lat' dir='ltr'><strong>via</strong></span> <span class='ocrx_word' id='word_1_680' title='bbox 737 4632 1010 4687; x_wconf 88' lang='lat' dir='ltr'><strong>tramitem</strong></span> <span class='ocrx_word' id='word_1_681' title='bbox 1059 4633 1346 4688; x_wconf 81' lang='lat' dir='ltr'><strong>deduxisse</strong></span> <span class='ocrx_word' id='word_1_682' title='bbox 1387 4632 1659 4695; x_wconf 85' lang='lat' dir='ltr'><strong>Marcum;</strong></span> <span class='ocrx_word' id='word_1_683' title='bbox 1714 4630 1815 4684; x_wconf 71' lang='lat' dir='ltr'><strong>vite</strong></span> 
     </span>
    </p>
   </div>
   <div class='ocr_carea' id='block_1_93' title="bbox 240 4722 1813 4792">
    <p class='ocr_par' dir='ltr' id='par_1_93' title="bbox 240 4722 1813 4792">
     <span class='ocr_line' id='line_1_93' title="bbox 240 4722 1813 4792; baseline -0.001 -14"><span class='ocrx_word' id='word_1_684' title='bbox 240 4724 449 4779; x_wconf 79' lang='lat' dir='ltr'><strong>scilicet</strong></span> <span class='ocrx_word' id='word_1_685' title='bbox 483 4722 747 4792; x_wconf 88' lang='lat' dir='ltr'><strong>allegoria</strong></span> <span class='ocrx_word' id='word_1_686' title='bbox 794 4724 993 4792; x_wconf 89' lang='lat' dir='ltr'><strong>ubique</strong></span> <span class='ocrx_word' id='word_1_687' title='bbox 1043 4725 1379 4779; x_wconf 90' lang='lat' dir='ltr'><strong>continuata.</strong></span> <span class='ocrx_word' id='word_1_688' title='bbox 1416 4723 1514 4778; x_wconf 90' lang='lat' dir='ltr'><strong>Ubi</strong></span> <span class='ocrx_word' id='word_1_689' title='bbox 1559 4723 1685 4776; x_wconf 92' lang='lat' dir='ltr'><strong>licet</strong></span> <span class='ocrx_word' id='word_1_690' title='bbox 1709 4723 1813 4777; x_wconf 84' lang='lat' dir='ltr'><strong>Co-</strong></span> 
     </span>
    </p>
   </div>
   <div class='ocr_carea' id='block_1_94' title="bbox 238 4814 1816 4885">
    <p class='ocr_par' dir='ltr' id='par_1_94' title="bbox 238 4814 1816 4885">
     <span class='ocr_line' id='line_1_94' title="bbox 238 4814 1816 4885; baseline -0.001 -16"><span class='ocrx_word' id='word_1_691' title='bbox 238 4814 521 4870; x_wconf 82' lang='lat' dir='ltr'><strong>lorbasum</strong></span> <span class='ocrx_word' id='word_1_692' title='bbox 553 4814 844 4869; x_wconf 70' lang='lat' dir='ltr'><strong>Ptolemteo</strong></span> <span class='ocrx_word' id='word_1_693' title='bbox 874 4830 938 4869; x_wconf 88' lang='lat' dir='ltr'><strong>ac</strong></span> <span class='ocrx_word' id='word_1_694' title='bbox 977 4814 1230 4871; x_wconf 88' lang='lat' dir='ltr'><strong>Secundo</strong></span> <span class='ocrx_word' id='word_1_695' title='bbox 1259 4818 1493 4885; x_wconf 91' lang='lat' dir='ltr'><strong>priorem</strong></span> <span class='ocrx_word' id='word_1_696' title='bbox 1526 4814 1711 4869; x_wconf 88' lang='lat' dir='ltr'><strong>facere</strong></span> <span class='ocrx_word' id='word_1_697' title='bbox 1736 4814 1816 4868; x_wconf 62' lang='lat' dir='ltr'><strong>vi«</strong></span> 
     </span>
    </p>
   </div>
   <div class='ocr_carea' id='block_1_95' title="bbox 238 4904 1812 4977">
    <p class='ocr_par' dir='ltr' id='par_1_95' title="bbox 238 4904 1812 4977">
     <span class='ocr_line' id='line_1_95' title="bbox 238 4904 1812 4977; baseline 0 -18"><span class='ocrx_word' id='word_1_698' title='bbox 238 4911 469 4973; x_wconf 86' lang='lat' dir='ltr'><strong>deatur;</strong></span> <span class='ocrx_word' id='word_1_699' title='bbox 514 4911 571 4962; x_wconf 93' lang='lat' dir='ltr'><strong>in</strong></span> <span class='ocrx_word' id='word_1_700' title='bbox 630 4923 737 4977; x_wconf 91' lang='lat' dir='ltr'><strong>quo</strong></span> <span class='ocrx_word' id='word_1_701' title='bbox 781 4908 986 4977; x_wconf 90' lang='lat' dir='ltr'><strong>lapsum</strong></span> <span class='ocrx_word' id='word_1_702' title='bbox 1016 4923 1139 4963; x_wconf 90' lang='lat' dir='ltr'><strong>eum</strong></span> <span class='ocrx_word' id='word_1_703' title='bbox 1190 4916 1342 4976; x_wconf 89' lang='lat' dir='ltr'><strong>puto,</strong></span> <span class='ocrx_word' id='word_1_704' title='bbox 1398 4916 1453 4961; x_wconf 89' lang='lat' dir='ltr'><strong>et</strong></span> <span class='ocrx_word' id='word_1_705' title='bbox 1493 4908 1563 4961; x_wconf 90' lang='lat' dir='ltr'><strong>ab</strong></span> <span class='ocrx_word' id='word_1_706' title='bbox 1610 4904 1812 4959; x_wconf 66' lang='lat' dir='ltr'><strong>Irenaeo</strong></span> 
     </span>
    </p>
   </div>
   <div class='ocr_carea' id='block_1_96' title="bbox 237 4994 1813 5069">
    <p class='ocr_par' dir='ltr' id='par_1_96' title="bbox 237 4994 1813 5069">
     <span class='ocr_line' id='line_1_96' title="bbox 237 4994 1813 5069; baseline 0.001 -19"><span class='ocrx_word' id='word_1_707' title='bbox 237 4994 335 5069; x_wconf 68' lang='lat' dir='ltr'><strong>[L1</strong></span> <span class='ocrx_word' id='word_1_708' title='bbox 385 4998 725 5062; x_wconf 86' lang='lat' dir='ltr'><strong>recessisse;</strong></span> <span class='ocrx_word' id='word_1_709' title='bbox 756 4999 810 5051; x_wconf 91' lang='lat' dir='ltr'><strong>in</strong></span> <span class='ocrx_word' id='word_1_710' title='bbox 843 5012 909 5052; x_wconf 92' lang='lat' dir='ltr'><strong>eo</strong></span> <span class='ocrx_word' id='word_1_711' title='bbox 941 5009 1117 5053; x_wconf 85' lang='lat' dir='ltr'><strong>tamen</strong></span> <span class='ocrx_word' id='word_1_712' title='bbox 1159 4999 1289 5053; x_wconf 90' lang='lat' dir='ltr'><strong>huic</strong></span> <span class='ocrx_word' id='word_1_713' title='bbox 1318 4999 1636 5063; x_wconf 89' lang='lat' dir='ltr'><strong>assentitur,</strong></span> <span class='ocrx_word' id='word_1_714' title='bbox 1667 4998 1813 5066; x_wconf 89' lang='lat' dir='ltr'><strong>quod</strong></span> 
     </span>
    </p>
   </div>
   <div class='ocr_carea' id='block_1_97' title="bbox 242 5088 1813 5159">
    <p class='ocr_par' dir='ltr' id='par_1_97' title="bbox 242 5088 1813 5159">
     <span class='ocr_line' id='line_1_97' title="bbox 242 5088 1813 5159; baseline 0.002 -18"><span class='ocrx_word' id='word_1_715' title='bbox 242 5088 481 5144; x_wconf 63' lang='lat' dir='ltr'><strong>tiarcum</strong></span> <span class='ocrx_word' id='word_1_716' title='bbox 514 5089 815 5144; x_wconf 85' lang='lat' dir='ltr'><strong>Colorbaso</strong></span> <span class='ocrx_word' id='word_1_717' title='bbox 839 5092 1194 5159; x_wconf 87' lang='lat' dir='ltr'><strong>posteriorem</strong></span> <span class='ocrx_word' id='word_1_718' title='bbox 1236 5092 1447 5145; x_wconf 88' lang='lat' dir='ltr'><strong>innuat.</strong></span> <span class='ocrx_word' id='word_1_719' title='bbox 1488 5088 1598 5144; x_wconf 86' lang='lat' dir='ltr'><strong>Nec</strong></span> <span class='ocrx_word' id='word_1_720' title='bbox 1633 5104 1813 5144; x_wconf 90' lang='lat' dir='ltr'><strong>moror</strong></span> 
     </span>
    </p>
   </div>
   <div class='ocr_carea' id='block_1_98' title="bbox 238 5181 1815 5252">
    <p class='ocr_par' dir='ltr' id='par_1_98' title="bbox 238 5181 1815 5252">
     <span class='ocr_line' id='line_1_98' title="bbox 238 5181 1815 5252; baseline -0.004 -14"><span class='ocrx_word' id='word_1_721' title='bbox 238 5185 375 5252; x_wconf 84' lang='lat' dir='ltr'><strong>quod</strong></span> <span class='ocrx_word' id='word_1_722' title='bbox 402 5185 461 5236; x_wconf 93' lang='lat' dir='ltr'><strong>in</strong></span> <span class='ocrx_word' id='word_1_723' title='bbox 491 5183 586 5235; x_wconf 92' lang='lat' dir='ltr'><strong>lib.</strong></span> <span class='ocrx_word' id='word_1_724' title='bbox 620 5181 698 5235; x_wconf 88' lang='lat' dir='ltr'><strong>De</strong></span> <span class='ocrx_word' id='word_1_725' title='bbox 749 5184 1067 5251; x_wconf 69' lang='lat' dir='ltr'><strong>prmacript.,</strong></span> <span class='ocrx_word' id='word_1_726' title='bbox 1101 5198 1220 5251; x_wconf 86' lang='lat' dir='ltr'><strong>cap.</strong></span> <span class='ocrx_word' id='word_1_727' title='bbox 1263 5182 1352 5244; x_wconf 79' lang='grc'><strong>50,</strong></span> <span class='ocrx_word' id='word_1_728' title='bbox 1382 5182 1470 5236; x_wconf 91' lang='lat' dir='ltr'><strong>ille</strong></span> <span class='ocrx_word' id='word_1_729' title='bbox 1504 5182 1630 5236; x_wconf 87' lang='lat' dir='ltr'><strong>huic</strong></span> <span class='ocrx_word' id='word_1_730' title='bbox 1676 5194 1815 5249; x_wconf 73' lang='lat' dir='ltr'><strong>prte-</strong></span> 
     </span>
    </p>
   </div>
   <div class='ocr_carea' id='block_1_99' title="bbox 240 5270 1813 5343">
    <p class='ocr_par' dir='ltr' id='par_1_99' title="bbox 240 5270 1813 5343">
     <span class='ocr_line' id='line_1_99' title="bbox 240 5270 1813 5343; baseline -0.003 -15"><span class='ocrx_word' id='word_1_731' title='bbox 240 5285 496 5343; x_wconf 89' lang='lat' dir='ltr'><strong>ponatur.</strong></span> <span class='ocrx_word' id='word_1_732' title='bbox 550 5271 687 5327; x_wconf 83' lang='lat' dir='ltr'><strong>Nam</strong></span> <span class='ocrx_word' id='word_1_733' title='bbox 719 5272 1037 5343; x_wconf 87' lang='lat' dir='ltr'><strong>Catalogum</strong></span> <span class='ocrx_word' id='word_1_734' title='bbox 1076 5274 1226 5327; x_wconf 88' lang='lat' dir='ltr'><strong>illmn</strong></span> <span class='ocrx_word' id='word_1_735' title='bbox 1288 5274 1687 5338; x_wconf 65' lang='lat' dir='ltr'><strong>htereticorum,</strong></span> <span class='ocrx_word' id='word_1_736' title='bbox 1719 5270 1813 5341; x_wconf 90' lang='lat' dir='ltr'><strong>qui</strong></span> 
     </span>
    </p>
   </div>
   <div class='ocr_carea' id='block_1_100' title="bbox 243 5363 1809 5435">
    <p class='ocr_par' dir='ltr' id='par_1_100' title="bbox 243 5363 1809 5435">
     <span class='ocr_line' id='line_1_100' title="bbox 243 5363 1809 5435; baseline 0 -18"><span class='ocrx_word' id='word_1_737' title='bbox 243 5366 304 5418; x_wconf 80' lang='lat' dir='ltr'><strong>ad</strong></span> <span class='ocrx_word' id='word_1_738' title='bbox 364 5366 578 5420; x_wconf 87' lang='lat' dir='ltr'><strong>calcem</strong></span> <span class='ocrx_word' id='word_1_739' title='bbox 656 5363 784 5419; x_wconf 90' lang='lat' dir='ltr'><strong>libri</strong></span> <span class='ocrx_word' id='word_1_740' title='bbox 853 5364 932 5417; x_wconf 88' lang='lat' dir='ltr'><strong>De</strong></span> <span class='ocrx_word' id='word_1_741' title='bbox 972 5366 1264 5433; x_wconf 74' lang='lat' dir='ltr'><strong>prwscript.</strong></span> <span class='ocrx_word' id='word_1_742' title='bbox 1326 5366 1542 5435; x_wconf 77' lang='lat' dir='ltr'><strong>legitur,</strong></span> <span class='ocrx_word' id='word_1_743' title='bbox 1601 5364 1809 5433; x_wconf 81' lang='lat' dir='ltr'><strong>genui-</strong></span> 
     </span>
    </p>
   </div>
   <div class='ocr_carea' id='block_1_101' title="bbox 242 5453 1812 5511">
    <p class='ocr_par' dir='ltr' id='par_1_101' title="bbox 242 5453 1812 5511">
     <span class='ocr_line' id='line_1_101' title="bbox 242 5453 1812 5511; baseline 0.002 -3"><span class='ocrx_word' id='word_1_744' title='bbox 242 5473 361 5510; x_wconf 88' lang='lat' dir='ltr'><strong>num</strong></span> <span class='ocrx_word' id='word_1_745' title='bbox 414 5454 742 5510; x_wconf 83' lang='lat' dir='ltr'><strong>Tertulliani</strong></span> <span class='ocrx_word' id='word_1_746' title='bbox 790 5453 957 5508; x_wconf 91' lang='lat' dir='ltr'><strong>fetum</strong></span> <span class='ocrx_word' id='word_1_747' title='bbox 1010 5471 1114 5511; x_wconf 93' lang='lat' dir='ltr'><strong>non</strong></span> <span class='ocrx_word' id='word_1_748' title='bbox 1156 5470 1277 5511; x_wconf 91' lang='lat' dir='ltr'><strong>esse</strong></span> <span class='ocrx_word' id='word_1_749' title='bbox 1302 5457 1655 5511; x_wconf 89' lang='lat' dir='ltr'><strong>consentiunt</strong></span> <span class='ocrx_word' id='word_1_750' title='bbox 1685 5470 1812 5511; x_wconf 87' lang='lat' dir='ltr'><strong>eru-</strong></span> 
     </span>
    </p>
   </div>
   <div class='ocr_carea' id='block_1_102' title="bbox 241 5552 353 5606">
    <p class='ocr_par' dir='ltr' id='par_1_102' title="bbox 241 5552 353 5606">
     <span class='ocr_line' id='line_1_102' title="bbox 241 5552 353 5606; baseline -0.009 0"><span class='ocrx_word' id='word_1_751' title='bbox 241 5552 353 5606; x_wconf 88' lang='lat' dir='ltr'><strong>diti.</strong></span> 
     </span>
    </p>
   </div>
   <div class='ocr_carea' id='block_1_103' title="bbox 306 5636 1807 5714">
    <p class='ocr_par' dir='ltr' id='par_1_103' title="bbox 306 5636 1807 5714">
     <span class='ocr_line' id='line_1_103' title="bbox 306 5636 1807 5714; baseline -0.005 -15"><span class='ocrx_word' id='word_1_752' title='bbox 306 5646 393 5700; x_wconf 76' lang='lat'><strong>83.</strong></span> <span class='ocrx_word' id='word_1_753' title='bbox 425 5644 611 5714; x_wconf 84' lang='lat' dir='ltr'><strong>Longe</strong></span> <span class='ocrx_word' id='word_1_754' title='bbox 644 5642 808 5697; x_wconf 91' lang='lat' dir='ltr'><strong>aliter</strong></span> <span class='ocrx_word' id='word_1_755' title='bbox 838 5650 1001 5710; x_wconf 89' lang='lat' dir='ltr'><strong>atque</strong></span> <span class='ocrx_word' id='word_1_756' title='bbox 1031 5639 1219 5695; x_wconf 67' lang='lat' dir='ltr'><strong>exteri</strong></span> <span class='ocrx_word' id='word_1_757' title='bbox 1267 5636 1631 5693; x_wconf 88' lang='lat' dir='ltr'><strong>Valentiniani</strong></span> <span class='ocrx_word' id='word_1_758' title='bbox 1692 5637 1807 5707; x_wconf 91' lang='lat' dir='ltr'><strong>pri-</strong></span> 
     </span>
    </p>
   </div>
   <div class='ocr_carea' id='block_1_104' title="bbox 344 5816 1764 5902">
    <p class='ocr_par' dir='ltr' id='par_1_104' title="bbox 344 5816 1764 5902">
     <span class='ocr_line' id='line_1_104' title="bbox 344 5816 1764 5902; baseline -0.011 -15"><span class='ocrx_word' id='word_1_759' title='bbox 344 5830 387 5863; x_wconf 77' lang='lat'><strong>&quot;</strong></span> <span class='ocrx_word' id='word_1_760' title='bbox 420 5832 560 5887; x_wconf 64' lang='lat' dir='ltr'><strong>Dius.</strong></span> <span class='ocrx_word' id='word_1_761' title='bbox 593 5845 647 5885; x_wconf 85' lang='lat' dir='ltr'><strong>tv</strong></span> <span class='ocrx_word' id='word_1_762' title='bbox 712 5830 767 5884; x_wconf 91' lang='lat' dir='ltr'><strong>in</strong></span> <span class='ocrx_word' id='word_1_763' title='bbox 806 5825 1133 5902; x_wconf 77' lang='lat' dir='ltr'><strong>lren.,§l9.</strong></span> <span class='ocrx_word' id='word_1_764' title='bbox 1246 5821 1515 5885; x_wconf 77' lang='lat' dir='ltr'><strong>&quot;Matth.</strong></span> <span class='ocrx_word' id='word_1_765' title='bbox 1546 5834 1677 5885; x_wconf 78' lang='lat' dir='ltr'><strong>xvn,</strong></span> <span class='ocrx_word' id='word_1_766' title='bbox 1710 5816 1764 5873; x_wconf 80' lang='lat'><strong>5.</strong></span> 
     </span>
    </p>
   </div>
   <div class='ocr_carea' id='block_1_105' title="bbox 1923 4621 3490 4677">
    <p class='ocr_par' dir='ltr' id='par_1_105' title="bbox 1923 4621 3490 4677">
     <span class='ocr_line' id='line_1_105' title="bbox 1923 4621 3490 4677; baseline -0.001 0"><span class='ocrx_word' id='word_1_767' title='bbox 1923 4638 1953 4677; x_wconf 92' lang='lat' dir='ltr'><strong>e</strong></span> <span class='ocrx_word' id='word_1_768' title='bbox 1987 4623 2384 4677; x_wconf 89' lang='lat' dir='ltr'><strong>Platonicorum</strong></span> <span class='ocrx_word' id='word_1_769' title='bbox 2442 4621 2652 4677; x_wconf 90' lang='lat' dir='ltr'><strong>lacunis</strong></span> <span class='ocrx_word' id='word_1_770' title='bbox 2696 4623 2972 4677; x_wconf 85' lang='lat' dir='ltr'><strong>hauserat.</strong></span> <span class='ocrx_word' id='word_1_771' title='bbox 2998 4621 3136 4676; x_wconf 85' lang='lat' dir='ltr'><strong>Nam</strong></span> <span class='ocrx_word' id='word_1_772' title='bbox 3183 4622 3219 4674; x_wconf 91' lang='lat' dir='ltr'><strong>ii</strong></span> <span class='ocrx_word' id='word_1_773' title='bbox 3250 4623 3490 4677; x_wconf 88' lang='lat' dir='ltr'><strong>animam</strong></span> 
     </span>
    </p>
   </div>
   <div class='ocr_carea' id='block_1_106' title="bbox 1923 4712 3495 4770">
    <p class='ocr_par' dir='ltr' id='par_1_106' title="bbox 1923 4712 3495 4770">
     <span class='ocr_line' id='line_1_106' title="bbox 1923 4712 3495 4770; baseline 0 -3"><span class='ocrx_word' id='word_1_774' title='bbox 1923 4713 2213 4768; x_wconf 87' lang='lat' dir='ltr'><strong>animalem</strong></span> <span class='ocrx_word' id='word_1_775' title='bbox 2255 4728 2321 4768; x_wconf 80' lang='lat' dir='ltr'><strong>ex</strong></span> <span class='ocrx_word' id='word_1_776' title='bbox 2357 4714 2589 4769; x_wconf 89' lang='lat' dir='ltr'><strong>circuitu</strong></span> <span class='ocrx_word' id='word_1_777' title='bbox 2644 4713 2947 4770; x_wconf 65' lang='lat' dir='ltr'><strong>malest-ium</strong></span> <span class='ocrx_word' id='word_1_778' title='bbox 2981 4712 3307 4767; x_wconf 90' lang='lat' dir='ltr'><strong>mundorum</strong></span> <span class='ocrx_word' id='word_1_779' title='bbox 3333 4712 3495 4767; x_wconf 85' lang='lat' dir='ltr'><strong>nobis</strong></span> 
     </span>
    </p>
   </div>
   <div class='ocr_carea' id='block_1_107' title="bbox 1921 4800 3485 4871">
    <p class='ocr_par' dir='ltr' id='par_1_107' title="bbox 1921 4800 3485 4871">
     <span class='ocr_line' id='line_1_107' title="bbox 1921 4800 3485 4871; baseline -0.003 -9"><span class='ocrx_word' id='word_1_780' title='bbox 1921 4808 2179 4862; x_wconf 89' lang='lat' dir='ltr'><strong>advenire</strong></span> <span class='ocrx_word' id='word_1_781' title='bbox 2210 4805 2485 4871; x_wconf 85' lang='lat' dir='ltr'><strong>dicebant,</strong></span> <span class='ocrx_word' id='word_1_782' title='bbox 2521 4817 2578 4860; x_wconf 88' lang='lat' dir='ltr'><strong>et</strong></span> <span class='ocrx_word' id='word_1_783' title='bbox 2601 4804 2914 4861; x_wconf 90' lang='lat' dir='ltr'><strong>eorumdem</strong></span> <span class='ocrx_word' id='word_1_784' title='bbox 2948 4803 3187 4858; x_wconf 89' lang='lat' dir='ltr'><strong>motibus</strong></span> <span class='ocrx_word' id='word_1_785' title='bbox 3211 4800 3363 4856; x_wconf 88' lang='lat' dir='ltr'><strong>fatali</strong></span> <span class='ocrx_word' id='word_1_786' title='bbox 3393 4818 3485 4857; x_wconf 86' lang='lat' dir='ltr'><strong>ne-</strong></span> 
     </span>
    </p>
   </div>
   <div class='ocr_carea' id='block_1_108' title="bbox 1923 4892 3494 4963">
    <p class='ocr_par' dir='ltr' id='par_1_108' title="bbox 1923 4892 3494 4963">
     <span class='ocr_line' id='line_1_108' title="bbox 1923 4892 3494 4963; baseline -0.004 -10"><span class='ocrx_word' id='word_1_787' title='bbox 1923 4898 2178 4953; x_wconf 88' lang='lat' dir='ltr'><strong>cessitate</strong></span> <span class='ocrx_word' id='word_1_788' title='bbox 2207 4899 2562 4951; x_wconf 87' lang='lat' dir='ltr'><strong>constrictam</strong></span> <span class='ocrx_word' id='word_1_789' title='bbox 2616 4897 3023 4963; x_wconf 86' lang='lat' dir='ltr'><strong>obtemperare,</strong></span> <span class='ocrx_word' id='word_1_790' title='bbox 3064 4892 3397 4962; x_wconf 88' lang='lat' dir='ltr'><strong>utsuperius</strong></span> <span class='ocrx_word' id='word_1_791' title='bbox 3423 4906 3494 4947; x_wconf 75' lang='lat' dir='ltr'><strong>ex</strong></span> 
     </span>
    </p>
   </div>
   <div class='ocr_carea' id='block_1_109' title="bbox 1918 4988 2667 5060">
    <p class='ocr_par' dir='ltr' id='par_1_109' title="bbox 1918 4988 2667 5060">
     <span class='ocr_line' id='line_1_109' title="bbox 1918 4988 2667 5060; baseline -0.004 -16"><span class='ocrx_word' id='word_1_792' title='bbox 1918 4988 2219 5045; x_wconf 86' lang='lat' dir='ltr'><strong>Jamblicho</strong></span> <span class='ocrx_word' id='word_1_793' title='bbox 2245 4991 2614 5060; x_wconf 87' lang='lat' dir='ltr'><strong>probavimus.</strong></span> <span class='ocrx_word' id='word_1_794' title='bbox 2660 4991 2667 4998; x_wconf 82' lang='grc'><em>’</em></span> 
     </span>
    </p>
   </div>
   <div class='ocr_carea' id='block_1_110' title="bbox 2388 5080 3002 5148">
    <p class='ocr_par' dir='ltr' id='par_1_110' title="bbox 2388 5080 3002 5148">
     <span class='ocr_line' id='line_1_110' title="bbox 2388 5080 3002 5148; baseline -0.005 -12"><span class='ocrx_word' id='word_1_795' title='bbox 2388 5082 2472 5136; x_wconf 86' lang='lat' dir='ltr'><strong>Vl.</strong></span> <span class='ocrx_word' id='word_1_796' title='bbox 2503 5082 2580 5134; x_wconf 87' lang='lat' dir='ltr'><strong>De</strong></span> <span class='ocrx_word' id='word_1_797' title='bbox 2608 5080 2793 5133; x_wconf 79' lang='lat' dir='ltr'><strong>Marco</strong></span> <span class='ocrx_word' id='word_1_798' title='bbox 2826 5094 3002 5148; x_wconf 88' lang='lat' dir='ltr'><strong>mago.</strong></span> 
     </span>
    </p>
   </div>
   <div class='ocr_carea' id='block_1_111' title="bbox 1982 5172 3490 5243">
    <p class='ocr_par' dir='ltr' id='par_1_111' title="bbox 1982 5172 3490 5243">
     <span class='ocr_line' id='line_1_111' title="bbox 1982 5172 3490 5243; baseline -0.003 -12"><span class='ocrx_word' id='word_1_799' title='bbox 1982 5176 2073 5231; x_wconf 89' lang='lat'><strong>86.</strong></span> <span class='ocrx_word' id='word_1_800' title='bbox 2096 5175 2137 5229; x_wconf 87' lang='lat' dir='ltr'><strong>E</strong></span> <span class='ocrx_word' id='word_1_801' title='bbox 2166 5175 2443 5232; x_wconf 87' lang='lat' dir='ltr'><strong>Colorbasi</strong></span> <span class='ocrx_word' id='word_1_802' title='bbox 2475 5176 2659 5230; x_wconf 90' lang='lat' dir='ltr'><strong>schola</strong></span> <span class='ocrx_word' id='word_1_803' title='bbox 2702 5174 2903 5243; x_wconf 90' lang='lat' dir='ltr'><strong>prodiit</strong></span> <span class='ocrx_word' id='word_1_804' title='bbox 2934 5172 3170 5237; x_wconf 84' lang='lat' dir='ltr'><strong>Marcus,</strong></span> <span class='ocrx_word' id='word_1_805' title='bbox 3211 5188 3311 5243; x_wconf 93' lang='lat' dir='ltr'><strong>pro</strong></span> <span class='ocrx_word' id='word_1_806' title='bbox 3338 5187 3490 5227; x_wconf 82' lang='lat' dir='ltr'><strong>more</strong></span> 
     </span>
    </p>
   </div>
   <div class='ocr_carea' id='block_1_112' title="bbox 1911 5264 3492 5336">
    <p class='ocr_par' dir='ltr' id='par_1_112' title="bbox 1911 5264 3492 5336">
     <span class='ocr_line' id='line_1_112' title="bbox 1911 5264 3492 5336; baseline -0.001 -16"><span class='ocrx_word' id='word_1_807' title='bbox 1911 5278 2284 5323; x_wconf 82' lang='lat' dir='ltr'><strong>veteratorum</strong></span> <span class='ocrx_word' id='word_1_808' title='bbox 2345 5268 2559 5322; x_wconf 87' lang='lat' dir='ltr'><strong>illorum</strong></span> <span class='ocrx_word' id='word_1_809' title='bbox 2622 5264 2872 5336; x_wconf 87' lang='lat' dir='ltr'><strong>magistri</strong></span> <span class='ocrx_word' id='word_1_810' title='bbox 2928 5264 3121 5318; x_wconf 87' lang='lat' dir='ltr'><strong>deliria</strong></span> <span class='ocrx_word' id='word_1_811' title='bbox 3180 5264 3333 5320; x_wconf 89' lang='lat' dir='ltr'><strong>novis</strong></span> <span class='ocrx_word' id='word_1_812' title='bbox 3376 5265 3492 5319; x_wconf 79' lang='lat' dir='ltr'><strong>ine-</strong></span> 
     </span>
    </p>
   </div>
   <div class='ocr_carea' id='block_1_113' title="bbox 1918 5355 3490 5430">
    <p class='ocr_par' dir='ltr' id='par_1_113' title="bbox 1918 5355 3490 5430">
     <span class='ocr_line' id='line_1_113' title="bbox 1918 5355 3490 5430; baseline -0.002 -17"><span class='ocrx_word' id='word_1_813' title='bbox 1918 5361 2043 5430; x_wconf 92' lang='lat' dir='ltr'><strong>ptiis</strong></span> <span class='ocrx_word' id='word_1_814' title='bbox 2075 5360 2466 5415; x_wconf 88' lang='lat' dir='ltr'><strong>cumulaturus.</strong></span> <span class='ocrx_word' id='word_1_815' title='bbox 2520 5358 2561 5413; x_wconf 88' lang='grc' dir='ltr'>Ε</span> <span class='ocrx_word' id='word_1_816' title='bbox 2609 5356 2861 5412; x_wconf 84' lang='lat' dir='ltr'><strong>Basilidis</strong></span> <span class='ocrx_word' id='word_1_817' title='bbox 2900 5355 3148 5411; x_wconf 88' lang='lat' dir='ltr'><strong>Gnostici</strong></span> <span class='ocrx_word' id='word_1_818' title='bbox 3192 5357 3362 5425; x_wconf 83' lang='lat' dir='ltr'><strong>stirpe</strong></span> <span class='ocrx_word' id='word_1_819' title='bbox 3387 5356 3490 5410; x_wconf 86' lang='lat' dir='ltr'><strong>de-</strong></span> 
     </span>
    </p>
   </div>
   <div class='ocr_carea' id='block_1_114' title="bbox 1919 5450 3485 5523">
    <p class='ocr_par' dir='ltr' id='par_1_114' title="bbox 1919 5450 3485 5523">
     <span class='ocr_line' id='line_1_114' title="bbox 1919 5450 3485 5523; baseline -0.005 -13"><span class='ocrx_word' id='word_1_820' title='bbox 1919 5454 2198 5511; x_wconf 88' lang='lat' dir='ltr'><strong>scendisse</strong></span> <span class='ocrx_word' id='word_1_821' title='bbox 2225 5452 2413 5507; x_wconf 90' lang='lat' dir='ltr'><strong>scribit</strong></span> <span class='ocrx_word' id='word_1_822' title='bbox 2463 5450 2829 5523; x_wconf 84' lang='lat' dir='ltr'><strong>Hieronymus</strong></span> <span class='ocrx_word' id='word_1_823' title='bbox 2882 5450 2967 5516; x_wconf 79' lang='lat'><strong>&quot;;</strong></span> <span class='ocrx_word' id='word_1_824' title='bbox 3000 5450 3144 5519; x_wconf 89' lang='lat' dir='ltr'><strong>quod</strong></span> <span class='ocrx_word' id='word_1_825' title='bbox 3178 5450 3224 5504; x_wconf 88' lang='lat' dir='ltr'><strong>si</strong></span> <span class='ocrx_word' id='word_1_826' title='bbox 3274 5464 3485 5513; x_wconf 83' lang='lat' dir='ltr'><strong>verum,</strong></span> 
     </span>
    </p>
   </div>
   <div class='ocr_carea' id='block_1_115' title="bbox 1917 5538 3490 5612">
    <p class='ocr_par' dir='ltr' id='par_1_115' title="bbox 1917 5538 3490 5612">
     <span class='ocr_line' id='line_1_115' title="bbox 1917 5538 3490 5612; baseline -0.003 -15"><span class='ocrx_word' id='word_1_827' title='bbox 1917 5545 2073 5598; x_wconf 70' lang='lat' dir='ltr'><strong>avita:</strong></span> <span class='ocrx_word' id='word_1_828' title='bbox 2099 5542 2390 5612; x_wconf 77' lang='lat' dir='ltr'><strong>impietatis</strong></span> <span class='ocrx_word' id='word_1_829' title='bbox 2420 5556 2522 5594; x_wconf 91' lang='lat' dir='ltr'><strong>non</strong></span> <span class='ocrx_word' id='word_1_830' title='bbox 2550 5541 2788 5611; x_wconf 83' lang='lat' dir='ltr'><strong>degener</strong></span> <span class='ocrx_word' id='word_1_831' title='bbox 2819 5540 2919 5594; x_wconf 81' lang='lat' dir='ltr'><strong>fuit</strong></span> <span class='ocrx_word' id='word_1_832' title='bbox 2946 5539 3183 5595; x_wconf 89' lang='lat' dir='ltr'><strong>soboles.</strong></span> <span class='ocrx_word' id='word_1_833' title='bbox 3214 5538 3490 5609; x_wconf 82' lang='lat' dir='ltr'><strong>Famosis-</strong></span> 
     </span>
    </p>
   </div>
   <div class='ocr_carea' id='block_1_116' title="bbox 1918 5631 3489 5703">
    <p class='ocr_par' dir='ltr' id='par_1_116' title="bbox 1918 5631 3489 5703">
     <span class='ocr_line' id='line_1_116' title="bbox 1918 5631 3489 5703; baseline -0.003 -13"><span class='ocrx_word' id='word_1_834' title='bbox 1918 5636 2085 5690; x_wconf 87' lang='lat' dir='ltr'><strong>simus</strong></span> <span class='ocrx_word' id='word_1_835' title='bbox 2106 5632 2209 5689; x_wconf 89' lang='lat' dir='ltr'><strong>fuit</strong></span> <span class='ocrx_word' id='word_1_836' title='bbox 2239 5631 2376 5703; x_wconf 86' lang='lat' dir='ltr'><strong>apud</strong></span> <span class='ocrx_word' id='word_1_837' title='bbox 2408 5631 2835 5697; x_wconf 85' lang='lat' dir='ltr'><strong>Valentinianos,</strong></span> <span class='ocrx_word' id='word_1_838' title='bbox 2868 5632 3112 5702; x_wconf 87' lang='lat' dir='ltr'><strong>nullique</strong></span> <span class='ocrx_word' id='word_1_839' title='bbox 3153 5631 3296 5685; x_wconf 87' lang='lat' dir='ltr'><strong>illius</strong></span> <span class='ocrx_word' id='word_1_840' title='bbox 3332 5633 3489 5686; x_wconf 74' lang='lat' dir='ltr'><strong>scho-</strong></span> 
     </span>
    </p>
   </div>
   <div class='ocr_carea' id='block_1_117' title="bbox 1877 5814 2921 5884">
    <p class='ocr_par' dir='ltr' id='par_1_117' title="bbox 1877 5814 2921 5884">
     <span class='ocr_line' id='line_1_117' title="bbox 1877 5814 2921 5884; baseline -0.001 -14"><span class='ocrx_word' id='word_1_841' title='bbox 1877 5818 1921 5856; x_wconf 72' lang='grc' dir='ltr'><strong><em>’τ</em></strong></span> <span class='ocrx_word' id='word_1_842' title='bbox 1955 5815 2054 5884; x_wconf 85' lang='lat' dir='ltr'><strong>Ep.</strong></span> <span class='ocrx_word' id='word_1_843' title='bbox 2082 5815 2172 5881; x_wconf 79' lang='lat'><strong>55,</strong></span> <span class='ocrx_word' id='word_1_844' title='bbox 2205 5815 2277 5871; x_wconf 91' lang='lat' dir='ltr'><strong>al.</strong></span> <span class='ocrx_word' id='word_1_845' title='bbox 2308 5816 2399 5883; x_wconf 73' lang='lat'><strong>29,</strong></span> <span class='ocrx_word' id='word_1_846' title='bbox 2432 5825 2471 5872; x_wconf 91' lang='lat' dir='ltr'><strong>t.</strong></span> <span class='ocrx_word' id='word_1_847' title='bbox 2507 5814 2572 5869; x_wconf 84' lang='lat' dir='ltr'><strong>tv</strong></span> <span class='ocrx_word' id='word_1_848' title='bbox 2626 5831 2750 5871; x_wconf 86' lang='lat' dir='ltr'><strong>nov.</strong></span> <span class='ocrx_word' id='word_1_849' title='bbox 2780 5817 2921 5875; x_wconf 88' lang='lat' dir='ltr'><strong>edit.</strong></span> 
     </span>
    </p>
   </div>
  </div>
