3954 6352
433 352 531 409 “vi

1245 343 1837 405 DISSERTATIONES
1867 341 2177 398 PREV’UE
2213 340 2279 396 IN
2316 340 2575 397 IRENAEI
2609 340 2877 399 LIBROS.

3580 347 3682 401 ιη

431 474 495 528 las
523 473 745 539 ducum,
780 486 847 525 ne
874 470 1098 541 quidem
1122 469 1227 540 ipsi
1280 468 1594 532 Ptolemmo,
1627 479 1736 522 tum
1770 464 2011 535 loquaci-
2040 467 2086 524 Α
2114 479 2241 519 num
2295 464 2346 518 in
2389 463 2591 519 Christi
2625 464 2972 535 sanguinem,
3028 462 3310 531 invisibili,
3343 480 3473 521 vera
3503 473 3679 523 tamen

431 574 562 631 tate,
602 573 714 618 tuin
736 564 1137 632 discipulorum
1162 575 1394 616 numero
1410 559 1702 622 secundus,
1729 558 1839 612 imo
1859 554 2003 612 mille

430 656 658 712 nocendi
724 656 935 712 artibus
991 654 1260 723 superior.
1316 653 1385 709 Et
1446 659 1734 719 eapropter
1798 648 2003 702 utrius-

425 761 532 815 que
589 747 841 803 haeresim
892 744 1167 799 vafritiem
1216 758 1280 798 ac
1339 744 1544 799 scelera
1605 740 1821 809 speciali
1872 754 1999 795 cura

425 854 490 893 ac
520 838 713 894 fusiori
751 838 894 909 stylo
926 837 1211 909 descripsit
1242 836 1506 891 lrenarus.
1534 834 1636 901 Qui
1669 834 1795 888 dum
1834 831 2001 886 Marci

423 946 646 987 errores
673 946 737 986 ac
767 931 899 985 vitia
928 931 1181 985 confutat
1206 944 1270 984 ac
1292 928 1490 998 prodit,
1519 940 1821 997 supponere
1847 926 1990 981 vide-

424 1032 512 1077 tur
540 1022 720 1077 adhuc
746 1021 801 1076 in
826 1022 965 1076 vivis
1023 1021 1367 1091 superstitem
1432 1033 1680 1074 manere.
1716 1017 2001 1072 Scribebat

420 1130 589 1185 porro
642 1114 703 1169 S.
739 1115 927 1169 doctor
976 1112 1079 1167 sub
1125 1112 1423 1167 Eleutherii
1460 1109 1999 1182 pontificatu,'annis

420 1208 544 1277 plus
597 1208 780 1261 minus
830 1214 954 1274 post
983 1204 1259 1259 Christum
1314 1215 1513 1257 natum
1555 1202 1680 1257 180.
1710 1201 1843 1257 Cum
1871 1216 1999 1257 vero

414 1302 529 1368 jam
580 1301 738 1370 longe
774 1300 992 1369 lateque
1052 1307 1354 1369 propagata
1411 1309 1557 1353 esset
1610 1293 1997 1350 Marcosiorum

420 1404 593 1459 secta,
626 1395 679 1449 in
719 1395 1010 1463 ipsumque
1069 1392 1240 1449 etiam
1287 1390 1640 1447 Occidentem
1684 1389 1996 1452 invasisset,

418 1504 521 1544 nec
548 1487 601 1542 id
630 1487 734 1541 nisi
766 1485 1005 1556 plurium
1042 1498 1312 1539 annorum
1345 1483 1523 1553 spatio
1548 1482 1660 1537 fieri
1695 1482 1994 1552 potuisset,

417 1596 524 1636 non
561 1578 701 1634 male
732 1577 1033 1648 eonjecerit
1059 1575 1309 1646 quisquis
1345 1574 1503 1642 hujus
1525 1573 1676 1628 initia
1706 1573 1770 1627 ad
1793 1587 1995 1628 annum

417 1672 640 1728 circiter
668 1670 796 1736 160,
830 1669 939 1725 imo
970 1666 1131 1737 paulo
1158 1666 1324 1723 citius
1350 1666 1416 1720 ad
1453 1677 1693 1720 extrema
1726 1663 1995 1719 Valentini

417 1766 543 1819 vitae
597 1772 840 1832 tempora
886 1759 1156 1816 retulerit.
1199 1758 1528 1829 Magicarum
1581 1757 1988 1827 praestigiarum

412 1853 782 1926 peritissimus
809 1867 931 1906 cum
956 1860 1103 1906 esset
1133 1850 1371 1915 Marcus,
1404 1864 1502 1919 pro
1526 1863 1675 1903 more
1706 1845 1991 1903 Gnostico-

414 1960 537 1999 rum
570 1942 835 2004 omnium,
895 1940 987 2009 qui
1024 1948 1222 1995 tetrum
1275 1938 1403 1992 illud
1458 1937 1703 1992 scientia:
1761 1950 1989 2003 genusa

413 2033 712 2089 Platonicis
759 2031 1037 2099 magistris
1092 2031 1207 2085 suis
1257 2038 1607 2098 acceperant,
1653 2028 1848 2098 quibus
1890 2029 1992 2083 sub

413 2122 665 2192 specioso
742 2118 1012 2190 tlteurgite
1065 2120 1284 2173 nomine
1316 2119 1557 2172 maxime
1616 2116 1882 2172 familiare
1927 2131 1990 2172 ac

415 2230 631 2271 summo
660 2214 713 2269 in
750 2215 960 2269 honore
988 2211 1116 2276 fuit,
1149 2220 1209 2264 ut
1234 2208 1379 2280 apud
1428 2209 1813 2282 Porphyrium,
1841 2209 1989 2265 Jam-

413 2305 655 2361 blichum
705 2312 761 2358 et
808 2301 944 2357 alios
977 2301 1166 2355 videre
1196 2308 1309 2364 est;
1365 2299 1560 2353 mirum
1605 2311 1734 2368 quat
1763 2303 1910 2356 viros
1936 2312 1993 2356 et

414 2394 672 2450 mulieres
701 2395 754 2447 in
789 2390 1041 2446 fraudem
1072 2389 1374 2453 induxerit,
1407 2398 1462 2443 et
1520 2390 1587 2443 ad
1616 2405 1676 2446 se
1712 2402 1990 2446 converte-

414 2488 506 2552 rit,
526 2485 676 2542 velut
702 2486 767 2539 ad
792 2482 1070 2538 hominem
1101 2479 1362 2550 singulari
1398 2479 1631 2550 quadam
1672 2482 1900 2536 scientia
1923 2498 1989 2538 ac

413 2584 686 2648 potestate
715 2574 1019 2645 prmditum.
1050 2570 1248 2625 Parum
1284 2580 1429 2626 esset
1460 2570 1504 2625 si
1529 2570 1815 2625 mulierum
1842 2586 1991 2625 men-

414 2674 561 2728 tibus
585 2672 877 2733 duntaxat,
913 2680 1019 2721 non
1048 2665 1217 2719 etiam
1243 2665 1568 2734 corporibus
1601 2664 1825 2720 insidias
1849 2674 1991 2719 stru-

415 2764 583 2819 sisset
608 2760 696 2816 ille
724 2757 988 2831 perditus.
1045 2756 1355 2809 Dtemonem
1392 2755 1685 2824 quemdam
1732 2754 1990 2809 habuisse

412 2855 709 2927 paredrum
740 2866 836 2907 seu
864 2863 1203 2905 assessorem
1239 2847 1553 2917 suspicatur
1596 2849 1858 2911 lrenaeus,
1895 2864 1990 2903 cu-

408 2950 500 3019 jus
526 2960 695 3017 opera
722 2953 837 2998 tum
869 2943 989 3012 ipse
1015 2939 1273 2995 vaticinia
1300 2939 1545 3008 quaedam
1566 2939 1747 2994 edere
1775 2938 1988 2994 videre-

416 3053 531 3107 tur,
566 3052 681 3095 tum
713 3039 878 3093 etiam
927 3033 1191 3099 efﬁceret,
1222 3042 1279 3087 ut
1307 3033 1505 3087 misere
1536 3032 1772 3088 seducta:
1799 3034 1989 3088 mulie-

2107 557 2318 611 ratione
2367 566 2689 611 convertere
2746 570 2804 609 se
2840 569 2946 608 non
3000 570 3158 624 posse
3211 557 3379 626 probe
3407 558 3680 624 sciebant,

2103 649 2397 721 praestigiis
2423 658 2726 711 uterentur,
2764 657 2820 702 ut
2852 648 2903 702 id
2929 649 3142 718 operari
3174 662 3234 702 se
3264 651 3679 719 persuaderent.

2102 743 2237 813 Age,
2279 755 2484 810 quaeso,
2519 741 2601 795 fac
2626 740 2863 794 Marcum
2898 750 2953 794 et
2976 740 3091 808 ejus
3115 741 3351 796 asseclas
3387 743 3440 797 in
3471 743 3683 799 Eucha.

2104 835 2255 889 ristia
2295 834 2429 889 nihil
2481 833 2626 888 aliud
2662 832 2949 903 agnovisse
3004 849 3165 901 quam
3220 850 3427 889 meram
3471 836 3681 892 Christi

2099 926 2414 994 corporiset
2433 922 2712 991 sanguinis
2735 922 2982 991 figuram,
3011 925 3201 977 eadem
3236 939 3454 991 semper
3486 940 3682 995 perse-

2101 1025 2328 1071 verante
2341 1017 2640 1071 substantia
2664 1014 2776 1088 [LI]
2810 1014 2966 1083 panis
2981 1014 3159 1069 etvini
3180 1025 3295 1086 post
3313 1018 3684 1073 consecratio-

2099 1122 2255 1173 nem;
2319 1106 2512 1177 utquid
2548 1116 2657 1161 tam
2689 1121 2917 1176 operose
2937 1106 3240 1162 studuisset
3270 1108 3456 1162 vinum
3494 1109 3683 1164 album

2101 1201 2156 1254 in
2184 1199 2406 1255 rubrum
2440 1200 2683 1256 colorem
2717 1209 3087 1265 commutare,
3118 1201 3549 1272 sanguinemque
3579 1204 3681 1257 de-

2099 1305 2265 1360 super
2293 1290 2590 1345 stillantem
2642 1290 2904 1347 exhibere
2931 1300 2985 1345 et
3014 1291 3337 1359 przedicare,
3370 1292 3473 1346 nisi
3510 1292 3676 1347 Chri-

2098 1382 2398 1437 stianorum
2435 1382 2680 1436 omnium
2702 1396 2766 1436 ea
2795 1392 2921 1437 tunc
2946 1381 3139 1437 fuisset
3166 1384 3456 1450 sententia,
3482 1385 3675 1439 vinum

2098 1473 2519 1530 consecratione
2552 1472 2693 1526 facta
2725 1486 2830 1528 non
2855 1487 3098 1540 manere,
3123 1475 3217 1529 sed
3252 1475 3302 1528 in
3335 1491 3525 1530 verum
3546 1492 3675 1531 san-

2098 1568 2315 1637 guinem
2364 1564 2644 1620 converti?
2670 1564 2909 1621 Facinus
2935 1566 3199 1623 hactenus
3242 1567 3295 1623 in
3320 1568 3553 1623 coetibus
3577 1583 3676 1624 ec-

2097 1660 2424 1714 clesiasticis
2476 1659 2779 1714 inauditum
2821 1660 3241 1714 exhorruissent
3304 1660 3539 1731 quique,
3570 1676 3675 1717 nec

2097 1750 2288 1806 fuisset
2318 1751 2410 1821 qui
2473 1765 2538 1806 eo
2590 1751 2821 1819 liquore,
2878 1750 2969 1819 qui
3004 1751 3323 1821 sanguinem
3371 1750 3671 1815 retulisset,

2093 1858 2359 1913 quemque
2385 1858 2569 1896 verum
2601 1857 2720 1897 esse
2746 1842 3063 1911 sanguinein
3084 1844 3346 1913 jactasset
3372 1843 3668 1912 impostor,

2093 1938 2230 1993 labia
2253 1947 2537 1991 cruentare
2566 1952 2673 1990 non
2702 1935 3027 2005 refugisset;
3061 1950 3186 1989 cum
3238 1944 3417 1990 tamen
3459 1952 3527 1990 ex
3557 1939 3675 1991 Ire-

2092 2045 2208 2085 naeo
2234 2039 2468 2094 constet,
2515 2030 2720 2084 nullum
2772 2029 2960 2094 fuisse,
2986 2030 3079 2099 qui
3103 2044 3169 2083 ex
3200 2044 3265 2085 eo
3309 2037 3531 2099 gustare
3558 2045 3671 2085 non

2091 2123 2335 2194 gestiret.
2361 2121 2513 2176 Adeo
2565 2121 2731 2176 inﬁxa
2779 2131 2902 2175 erat
2942 2122 3183 2176 omnium
3229 2121 3667 2177 Christianorum

2091 2217 2289 2272 animis
2320 2230 2382 2270 ea
2430 2215 2719 2281 sententia,
2779 2212 3179 2269 Eucharistiam
3211 2229 3395 2268 verum
3457 2214 3669 2270 Christi

2093 2321 2289 2376 corpus
2315 2314 2372 2360 et
2392 2306 2709 2374 sanguinem
2731 2318 2868 2359 esse.
2894 2303 3013 2357 Alio
3041 2304 3435 2373 praestigiarum
3467 2317 3670 2372 genere

2094 2400 2275 2455 fucum
2308 2399 2424 2452 suis
2448 2396 2689 2452 faciebat
2720 2410 2930 2465 magus.
2958 2394 3089 2450 Nam
3120 2404 3245 2465 post
3285 2394 3605 2464 sacrilegam
3633 2408 3667 2448 a

2092 2491 2412 2546 mulieribus
2447 2499 2765 2544 attentatam
2808 2486 3303 2551 consecrationem,
3354 2485 3471 2554 ipse
3512 2484 3665 2538 aliud

2092 2582 2343 2652 poculum
2383 2581 2543 2652 longe
2569 2569 2744 2651 majus
2778 2594 2865 2644 eo,
2901 2578 3047 2647 quod
3089 2593 3117 2631 a
3149 2576 3465 2632 muliercula
3498 2576 3667 2631 scdu-

2090 2684 2178 2731 cta
2210 2684 2588 2730 consecratum
2612 2672 2811 2737 fuerat,
2837 2672 3139 2741 proferens,
3167 2678 3335 2740 atque
3362 2683 3428 2724 ex
3456 2669 3669 2722 minore

2090 2765 2253 2832 illo,a
2283 2765 2514 2820 muliere
2548 2774 2897 2829 consecrato,
2945 2763 2997 2817 in
3034 2763 3087 2815 id
3116 2762 3259 2831 quod
3291 2777 3317 2815 a
3345 2776 3404 2816 se
3441 2759 3668 2815 allatum

2091 2868 2212 2913 erat
2264 2857 2673 2923 transfundens,
2706 2857 3003 2927 praemissis
3042 2855 3288 2911 ridiculis
3336 2856 3666 2926 quibusdam

2093 2950 2299 3013 verbis,
2354 2950 2646 3012 eiliciebat,
2697 2956 2755 3002 ut
2806 2962 3058 3017 magnum
3091 2947 3347 3017 poculum
3403 2961 3469 3002 ex
3495 2960 3670 3017 parvo

2090 3056 2264 3111 usque
2290 3041 2425 3097 adeo
2453 3041 2788 3109 impleretur,
2830 3047 2889 3092 ut
2918 3039 3082 3092 etiam
3118 3036 3497 3111 superflueret.

412 3148 507 3188 res
532 3131 983 3185 vaticinarentur.
1013 3125 1365 3182 Potissimum
1386 3125 1531 3178 enim
1559 3124 1704 3179 circa
1737 3124 1989 3181 mulieres
2017 3150 2059 3207 ο
2164 3134 2252 3188 87,
2298 3132 2396 3187 His
2428 3149 2491 3187 ac
2525 3132 2798 3190 similibus
2827 3131 2965 3186 dolis
3001 3130 3213 3187 Marcus
3245 3132 3467 3201 ejusque
3493 3131 3669 3187 disci-

412 3223 652 3279 studium
683 3230 980 3289 etoperam
1003 3219 1373 3286 impendebat,
1403 3233 1497 3273 eas
1530 3220 1833 3286 praesertim
1868 3231 1991 3285 qua:

412 3316 698 3386 eleganter
736 3311 915 3375 cultae,
974 3311 1171 3379 opibus
1205 3308 1578 3364 abundabant.
1618 3306 1867 3361 Nefarias
1892 3308 1991 3361 ho-

413 3408 581 3463 minis
632 3413 803 3468 artes,
858 3401 1185 3471 praestigias,
1243 3400 1652 3468 horrendasque
1699 3399 1990 3454 verborum

412 3497 694 3561 formulas,
731 3492 930 3563 quibus
963 3492 1328 3561 simpliciores
1376 3492 1443 3545 ad
1502 3490 1794 3555 insaniam,
1847 3504 1991 3544 eam-

411 3591 648 3658 demque
674 3598 860 3641 secum
889 3583 1285 3652 blasphemiam
1325 3582 1601 3651 adigebat,
1627 3581 1743 3636 fuse
1781 3581 1989 3635 descri-

411 3683 492 3739 bit
522 3681 758 3736 lrenaeus
780 3693 902 3748 cap.
939 3678 1006 3731 12
1038 3685 1095 3731 et
1115 3691 1270 3746 seqq.
1304 3676 1413 3731 Sed
1441 3675 1570 3729 illud
1602 3689 1710 3729 non
1733 3674 1991 3729 omitten-

412 3775 538 3829 dum
605 3771 833 3826 sceleris
897 3782 1086 3839 genus,
1132 3769 1274 3837 quod
1337 3768 1535 3822 nedum
1594 3766 1983 3832 sacerdotium,

412 3865 561 3919 nulla
616 3870 839 3932 accepta
893 3861 1195 3915 secundum
1236 3858 1495 3913 Ecclesiae
1549 3858 1696 3928 leges
1726 3871 1986 3911 manuum

412 3954 786 4025 impositione,
834 3951 933 4009 sibi
981 3960 1287 4020 arrogaret,
1350 3952 1444 4007 sed
1477 3961 1533 4005 et
1562 3950 1888 4007 mulieribus
1932 3951 1985 4005 in

410 4046 719 4116 prostitutae
770 4044 1044 4113 pudicitiae
1097 4044 1329 4113 pretium
1383 4058 1480 4112 per
1517 4058 1787 4099 summum
1830 4044 1986 4099 nefas

411 4135 803 4190 committeret.
833 4133 1037 4204 Nempe
1064 4148 1188 4188 cum
1238 4134 1414 4205 probe
1442 4136 1855 4190 consciiesseut
1882 4135 1985 4205 ipsi

411 4229 578 4283 etiam
634 4226 985 4296 perditissimi
1018 4228 1223 4297 quique
1248 4242 1435 4282 eorum
1466 4238 1768 4297 temporum
1816 4227 1985 4281 haere-

412 4321 527 4386 tici,
570 4320 772 4374 nullam
807 4319 922 4372 sine
951 4334 1078 4374 vero
1106 4319 1377 4374 sacriﬁcio
1405 4320 1773 4375 Christianam
1812 4320 1986 4377 socie-

409 4424 578 4468 tatem
617 4426 739 4467 esse
773 4427 955 4483 posse,
985 4411 1037 4464 id
1060 4419 1336 4481 utcunque
1387 4412 1714 4466 adumbrare
1735 4412 1984 4467 studebat

408 4504 645 4561 Marcus.
680 4482 815 4558 Nam
835 4503 1025 4575 pocula
1056 4503 1184 4558 vino
1215 4502 1359 4573 (albo
1394 4503 1580 4572 procul
1610 4504 1793 4571 dubio)
1820 4505 1979 4558 mista
2013 4482 2055 4537 Ῑ)

408 4613 735 4655 consecrare
764 4612 823 4653 se
859 4597 1092 4668 fingens,
1128 4594 1357 4665 prolatis
1401 4597 1736 4653 solemnibus
1766 4598 1982 4652 invoca-

413 4691 577 4745 tionis
606 4693 806 4757 verbis,
839 4690 1108 4746 efﬁciebat
1168 4700 1228 4744 ut
1269 4689 1565 4745 rubicunda
1612 4700 1668 4743 et
1711 4704 1979 4759 purpurea

409 4790 739 4852 apparerent
778 4802 790 4836 :
825 4792 885 4837 ut
930 4784 1009 4837 sic
1058 4774 1468 4838 existimaretur
1509 4796 1742 4851 superna
1793 4780 1980 4837 Gratia

409 4875 731 4944 sanguinem
764 4888 920 4928 suum
953 4890 1050 4941 per
1090 4875 1265 4945 ipsius
1298 4874 1694 4928 invocationem
1738 4874 1789 4927 in
1817 4889 1982 4943 pocu-

408 4966 521 5020 lum
566 4965 698 5019 illud
738 4964 964 5021 stillare.
1020 4966 1175 5034 Quod
1210 4974 1266 5022 et
1320 4982 1350 5019 a
1386 4964 1708 5021 mulieribus
1736 4964 1978 5021 factitari

408 5056 753 5127 postmodum
783 5056 1028 5125 jubebat.
1051 5058 1152 5113 Ubi
1187 5056 1345 5112 facile
1387 5057 1684 5111 adverterit
1730 5059 1977 5128 quisquis

410 5147 679 5217 tantisper
712 5148 1023 5216 anticipatis
1069 5148 1511 5203 Calviniauorum
1542 5158 1596 5204 ct
1637 5149 1978 5205 Lutherano-

410 5255 529 5294 rum
555 5238 908 5309 opinionibus
937 5239 1175 5292 animum
1201 5254 1403 5296 exuere
1430 5240 1689 5306 voluerit,
1720 5250 1825 5294 tam
1871 5242 1979 5297 alte

413 5342 543 5384 tunc
604 5330 865 5398 temporis
924 5344 1113 5383 eorum
1169 5330 1696 5398 qui.Christianum
1757 5347 1979 5399 nomen,

406 5424 573 5477 ctiam
598 5422 782 5493 specie
813 5430 991 5486 tenus,
1019 5421 1435 5489 profitebantur,
1455 5425 1650 5479 animis
1671 5423 1795 5478 illud
1828 5427 1975 5480 inse-

408 5517 574 5580 disse,
635 5526 791 5570 sacra
834 5516 975 5570 dona
1028 5518 1445 5572 consecratione
1495 5516 1638 5571 facta
1683 5518 1734 5572 in
1786 5533 1975 5571 verum

405 5607 612 5663 Christi
646 5623 846 5677 corpus
873 5617 929 5663 ct
978 5611 1299 5680 sanguinem
1345 5613 1609 5678 converti,
1640 5626 1705 5666 eo
1751 5624 1976 5665 conver-

404 5702 582 5758 sionis
608 5717 827 5772 genere,
858 5719 975 5774 qua:
998 5719 1141 5759 nunc
1173 5706 1696 5762 transsubstantatio
1750 5705 1973 5771 dicitur,

406 5802 466 5847 ut
493 5794 527 5847 ii
546 5796 637 5864 qui
664 5794 900 5866 legitima
916 5798 1236 5853 auctoritate
1259 5811 1323 5853 ac
1338 5806 1605 5869 potestate
1627 5798 1867 5853 destituti
1890 5811 1973 5849 vi-

2092 3225 2237 3293 puli,
2292 3224 2485 3279 iisdem
2534 3223 2885 3281 veteratoriis
2932 3224 3142 3278 artibus
3194 3224 3422 3291 eruditi,
3471 3221 3668 3277 orbem

2096 3317 2537 3381 circumeuntes,
2584 3315 2727 3370 fmda
2764 3315 3017 3369 vitiorum
3051 3324 3107 3369 et
3144 3329 3393 3369 errorum
3430 3314 3668 3369 colluvie

2094 3408 2235 3461 hunc
2267 3407 2596 3464 iniecerunt.
2628 3407 2709 3461 Ab
2741 3407 2867 3461 Asia
2895 3408 3096 3461 malum
3131 3408 3365 3475 cmpisse
3394 3406 3613 3460 videtur
3644 3424 3663 3462 :

2092 3499 2362 3554 diaconus
2392 3499 2538 3553 enim
2571 3498 2693 3565 ille,
2724 3500 2883 3569 cujus
2914 3511 3134 3553 uxorem
3155 3536 3171 3563 ,
3201 3496 3524 3566 hospitalem
3558 3497 3667 3550 ho-

2090 3594 2253 3649 minis
2287 3594 2703 3650 beneficentiam
2732 3600 3178 3647 remuneraturus
3204 3589 3415 3643 Marcus
3442 3597 3669 3643 constu-

2091 3684 2301 3753 pravit,
2336 3685 2573 3739 Asianus
2603 3692 2742 3738 erat.
2784 3681 2916 3735 Inde
2955 3681 3008 3735 in
3039 3678 3295 3735 occiduas
3335 3684 3514 3745 partes
3551 3674 3666 3729 dif-

2088 3775 2303 3843 fusum,
2368 3774 2762 3830 Rhodanenses
2825 3773 3073 3843 regiones
3140 3778 3333 3825 sumit.
3390 3770 3433 3822 A
3490 3765 3664 3822 Marci

2089 3869 2401 3938 discipulis,
2437 3868 2616 3937 potius
2648 3882 2807 3934 quam
2844 3866 2910 3919 ab
2950 3863 3069 3932 ipso
3098 3860 3363 3930 magistro
3397 3858 3501 3913 huc
3534 3858 3661 3912 illa-

2096 3971 2208 4016 tum
2235 3962 2432 4027 fuisse,
2460 3974 2525 4015 ex
2550 3959 2737 4014 [tenaci
2763 3957 2947 4013 verbis
2963 3955 3210 4010 concludi
3242 3968 3399 4023 posse
3420 3952 3659 4008 videtur.

2088 4054 2279 4109 Mirum
2353 4054 2518 4123 igitur
2579 4053 2997 4121 Hieronymum,
3058 4056 3171 4101 tum
3245 4047 3300 4100 in
3356 4060 3478 4114 cap.
3527 4060 3659 4098 inv

2086 4144 2270 4213 lsaiai,
2326 4153 2440 4199 tum
2492 4142 2717 4212 epistola
2760 4141 2872 4212 jam
2919 4142 3085 4195 citata
3132 4137 3469 4192 confidenter
3512 4137 3657 4192 scri-

2086 4239 2293 4307 psisse,
2336 4237 2491 4307 quasi
2524 4250 2590 4291 ex
2626 4235 2831 4290 irenaeo
2865 4250 2879 4287 :
2914 4231 3052 4301 quod
3088 4228 3302 4283 Marcus
3333 4228 3549 4294 quidam
3587 4229 3659 4284 de

2085 4328 2339 4383 Basilidis
2362 4327 2597 4384 Gnostici
2617 4327 2778 4395 stirpe
2809 4323 3156 4386 descendens,
3178 4322 3406 4389 primum
3433 4322 3499 4373 ad
3524 4319 3660 4373 Gal-

2087 4420 2188 4477 lias
2237 4421 2428 4475 venerit
2470 4434 2489 4472 :
2538 4430 2586 4474 ct
2632 4435 2720 4474 eas
2766 4426 2942 4481 partes
2980 4431 3072 4484 per
3116 4430 3245 4483 quas
3289 4410 3573 4465 Rhodanus
3601 4421 3658 4465 et

2086 4512 2353 4568 Garumna
2395 4515 2591 4582 ﬂuunt,
2632 4528 2729 4566 sua
2760 4509 3003 4565 doctrina
3050 4506 3437 4561 maculaverit:
3480 4506 3656 4559 maxi-

2084 4623 2263 4676 meque
2297 4606 2495 4659 nobiles
2522 4604 2777 4674 feminas,
2806 4602 3051 4671 quaedam
3081 4602 3135 4654 in
3164 4603 3366 4653 occulto
3399 4598 3654 4668 mysteria

2090 4697 2488 4766 repromittens,
2526 4695 2623 4749 hoc
2655 4708 2833 4748 errore
2862 4693 3161 4757 seduxerit,
3201 4690 3413 4759 magicis
3444 4688 3653 4744 artibus

2086 4800 2132 4842 et
2158 4796 2359 4842 secreta
2382 4803 2662 4856 corporum
2683 4786 2947 4856 voluptate
2970 4800 3202 4840 amorem
3226 4787 3309 4838 sui
3336 4782 3649 4837 concilians.

2092 4880 2224 4933 Inde
2270 4878 2582 4947 Pyrenazum
2627 4878 2883 4930 transiens
2924 4874 3214 4945 Hispanias
3260 4873 3555 4941 occuparit,
3596 4882 3650 4924 et

2084 4974 2181 5025 hoc
2217 4971 2393 5025 studio
2434 4970 2707 5034 habuerit,
2740 4980 2794 5022 ut
2836 4970 3049 5023 divitum
3086 4969 3303 5031 domus,
3335 4974 3385 5020 et
3423 4965 3479 5019 in
3516 4965 3651 5032 ipsis

2083 5066 2308 5132 feminas
2342 5063 2572 5115 maxime
2602 5073 2891 5130 appeteret,
2920 5077 3036 5132 qua?
3067 5062 3335 5113 ducuntur
3364 5059 3521 5112 variis
3555 5058 3653 5110 de-

2081 5155 2321 5217 sideriis,
2354 5168 2553 5221 semper
2582 5152 2868 5218 discentes,
2901 5163 2948 5206 et
2978 5166 3244 5220 nunquam
3275 5149 3342 5202 ad
3378 5149 3651 5202 scientiam

2081 5245 2320 5299 ueritatis
2364 5243 2738 5314 pervenientes.
2784 5241 2901 5296 Hoc
2951 5241 3039 5296 ille
3087 5239 3383 5311 (lrenmus)
3432 5239 3648 5307 scripsit

2079 5347 2200 5389 ante
2229 5351 2396 5390 annos
2420 5336 2623 5389 circiter
2656 5345 2942 5399 trecemos;
2969 5345 3015 5388 et
3045 5335 3247 5402 scripsit
3275 5335 3327 5387 in
3358 5333 3439 5387 his
3463 5334 3649 5398 libris,

2078 5443 2208 5497 quos
2241 5429 2492 5481 adversus
2523 5444 2697 5483 omnes
2734 5430 2955 5484 hwreses
2985 5427 3285 5491 doctissimo
3321 5435 3366 5479 et
3395 5426 3647 5493 eloquen—

2080 5520 2282 5573 tissimo
2324 5536 2560 5574 sermone
2601 5524 2913 5591 composuit.
2957 5520 3246 5587 Quamvis,
3295 5529 3353 5573 ut
3389 5518 3539 5581 dixi,
3589 5517 3647 5572 id

2079 5609 2322 5666 lrenmus
2360 5611 2525 5667 Marci
2560 5613 2838 5683 discipulis
2872 5615 3140 5679 ascribat,
3175 5613 3312 5677 quod
3346 5612 3398 5663 in
3434 5606 3645 5664 Gallias

2078 5702 2342 5766 venerint,
2388 5713 2435 5757 et
2478 5722 2564 5759 eas
2605 5716 2779 5773 partes
2820 5721 2911 5773 per
2949 5720 3079 5774 quas
3123 5703 3409 5757 Rhodanus
3443 5710 3492 5755 et
3534 5699 3647 5755 Ga-

2079 5811 2263 5850 rumna
2296 5798 2497 5865 ﬂuunt,
2530 5814 2625 5852 sua
2655 5798 2894 5853 doctrina
2922 5796 3330 5861 maculaverint;
3358 5793 3523 5849 nolim
3554 5800 3644 5847 ta-
