3954 6352
265 406 353 460 ll3
968 398 1426 457 DlSSEHTATlO
1462 398 1501 467 Ι,
1544 396 1703 451 ART.
1746 396 1810 462 ll,
1850 397 1934 450 UE
1971 394 2771 469 VALENTINLDISCIPULIS.

3392 393 3496 447 1H

258 542 366 581 men
394 538 511 579 cum
544 523 903 595 llieronymo,
940 524 1032 592 qui
1067 521 1196 575 illud
1234 522 1332 589 ipsi
1373 519 1555 575 Marco
1590 519 1810 582 tribuit,
1842 529 1891 584 Α
1915 518 2325 573 conferentibus
2354 528 2409 574 et
2440 528 2674 589 quatuor
2712 517 2820 571 illis
2861 517 3135 585 supremis
3164 513 3493 581 Virtutibus,

256 629 495 687 proterve
524 617 886 680 contendere,
929 626 1079 670 ratus
1125 615 1380 669 videlicet
1419 612 1648 667 alterum
1687 626 1810 665 cum

256 711 414 763 altero
438 709 589 764 facile
612 709 897 763 conciliari
930 724 1113 777 posse.
1144 710 1212 762 At
1238 707 1377 776 quod
1409 704 1621 759 Marcus
1647 703 1813 775 Pyre-

257 820 414 858 naeum
447 806 718 857 transiens
751 802 1043 871 Hispanias
1073 800 1383 868 occuparit,
1421 807 1627 851 tantum
1659 797 1816 850 abest

256 896 505 963 scripsisse
536 894 799 948 Irenaeum
833 896 887 948 in
924 894 1005 947 his
1030 892 1179 946 libris
1207 908 1336 961 quos
1360 891 1611 944 adversus
1638 906 1812 943 omnes

253 987 457 1040 hereses
488 986 812 1052 composuit,
839 995 902 1039 ut
933 998 1005 1039 ne
1030 984 1249 1053 quidem
1276 983 1521 1050 cogitare
1553 980 1809 1050 potuerit.

254 1080 424 1133 Fuisse
448 1078 664 1146 quidem
693 1077 935 1130 Marcum
963 1075 1281 1143 quemdam,
1316 1074 1407 1143 qui
1429 1071 1812 1127 Gnosticorutn

253 1185 451 1224 errores
495 1170 549 1221 in
600 1167 881 1235 Hispaniis
924 1166 1399 1229 disseminaverit,
1444 1165 1645 1219 diserte
1678 1162 1813 1217 scri-

254 1262 369 1315 bunt
401 1260 666 1328 Snlpitius
699 1257 934 1313 Severus
966 1257 1059 1312 lib.
1108 1272 1144 1311 ll
1182 1256 1325 1310 Hist.
1348 1272 1514 1316 mon,
1546 1270 1595 1311 c.
1629 1253 1729 1319 60,
1760 1262 1814 1308 et

254 1351 473 1407 Isidorus
500 1351 847 1422 Bispalensis
879 1350 971 1405 lib.
1004 1350 1083 1405 De
1114 1352 1297 1417 script.
1331 1349 1514 1403 coclea.
1551 1346 1659 1402 Sed
1689 1362 1813 1401 eum

256 1461 283 1498 e
302 1444 515 1515 Memphi
544 1447 601 1501 in
629 1444 866 1516 Egypto
892 1444 1216 1506 oriundum,
1250 1452 1396 1496 secta
1424 1440 1777 1495 Manichaequ
1798 1479 1812 1504 ,

262 1553 313 1591 ac
340 1537 544 1592 saeculis
578 1538 791 1593 duobus
817 1537 1000 1591 Marco
1026 1534 1177 1602 Mago
1212 1533 1571 1588 recentiorem
1607 1530 1809 1594 fuisse,

256 1647 308 1684 cx
346 1632 527 1685 iisdem
578 1642 747 1701 patet.
782 1631 1001 1686 Addunt
1041 1631 1221 1691 enim,
1270 1626 1510 1682 Marcum
1552 1623 1818 1692 Memphi-

256 1733 450 1785 tauum,
495 1738 628 1777 cum
680 1724 733 1776 in
790 1722 1080 1791 Hispanias
1128 1720 1471 1783 advenisset,
1516 1715 1818 1784 discipulos

253 1814 488 1868 habuisse
524 1816 816 1869 mulierem
860 1814 1183 1883 quamdam,
1219 1813 1434 1884 Agapen
1472 1810 1723 1875 nomine,
1765 1817 1818 1864 et

253 1905 498 1974 lilpidium
522 1906 850 1969 Rbetorem,
874 1921 907 1960 a
930 1905 1125 1974 quibus
1149 1904 1430 1957 institutus
1463 1901 1565 1954 fuit
1600 1900 1818 1954 Priscil-

251 1997 426 2062 liauus,
484 1998 586 2067 qui
632 2014 665 2052 a
703 1998 940 2051 concilio
978 1996 1464 2063 Cmsaraugnstano
1513 2006 1657 2046 anno
1711 1991 1817 2047 580

250 2096 355 2142 cum
386 2090 602 2159 Elpidio
651 2091 912 2161 magistro
950 2091 1236 2143 damnatus
1277 2088 1398 2153 fuit,
1431 2099 1485 2141 et
1529 2102 1673 2141 anno
1710 2084 1815 2141 585

250 2181 473 2235 Treviris
518 2182 682 2250 jussu
733 2182 954 2235 Maximi
1022 2180 1239 2252 tyranni
1287 2181 1464 2248 capite
1511 2186 1813 2232 truncatus.

248 2271 330 2327 Vel
360 2289 487 2343 ergo
533 2275 804 2328 memoria
841 2274 1022 2341 lapsus
1068 2273 1447 2343 Hieronymus,
1489 2271 1571 2323 vel
1615 2273 1811 2325 homo-

251 2368 405 2437 nymia
446 2368 718 2436 deceptus
755 2365 994 2420 Marcum
1028 2364 1455 2436 Memphitanunt
1499 2378 1625 2420 cum
1660 2362 1815 2432 Mago

248 2460 487 2515 confudit.

304 2552 383 2608 88.
434 2552 691 2622 Longum
743 2561 911 2615 esset,
967 2551 1075 2605 imo
1115 2564 1577 2620 supervacaneum
1631 2550 1817 2620 singu-

248 2644 314 2698 las
358 2646 788 2715 praestigiatoris
836 2645 996 2711 hujus
1037 2644 1268 2711 ineptias
1310 2657 1615 2697 recensere.
1666 2641 1814 2697 Nihil

247 2736 443 2806 quippe,
483 2746 588 2789 aut
619 2751 813 2805 parum
852 2750 881 2788 a
912 2736 1121 2789 caeteris
1155 2732 1549 2789 Valentinianis
1581 2733 1816 2788 disside-

247 2826 344 2892 bat,
377 2830 479 2881 nisi
517 2830 675 2897 quod
720 2838 779 2882 ut
819 2828 972 2896 nugis
1013 2830 1246 2898 pretium
1283 2827 1505 2881 adderet
1554 2825 1815 2894 impervia

247 2924 475 2989 quaadam
518 2922 862 2985 obscuritas,
900 2937 1021 2991 qua:
1056 2921 1144 2974 alii
1184 2920 1395 2991 planius
1422 2930 1479 2975 et
1514 2919 1816 2989 simplicius

249 3015 537 3079 tradebant,
589 3015 683 3069 hic
726 3013 1085 3083 Pythagorica
1131 3012 1386 3067 methodo
1424 3028 1576 3079 usus,
1614 3012 1818 3081 allego-

247 3102 345 3157 rica
384 3104 812 3169 elementorum,
859 3106 1179 3165 litterarum.
1222 3104 1582 3177 syllabarum,
1624 3114 1678 3159 et
1716 3118 1814 3158 nn-

247 3211 502 3251 tnerornm
548 3199 855 3268 farragine,
908 3199 1116 3253 lictitiis
1164 3198 1490 3254 Pleromatis
1534 3200 1813 3271 mysteriis

247 3290 517 3361 caliginem
558 3289 849 3345 oﬂ‘undere
881 3292 1191 3360 satagebat.
1233 3290 1439 3360 Nempe
1483 3300 1657 3346 totum
1694 3291 1817 3347 Ple-

248 3394 381 3434 roma
429 3382 613 3435 instar
658 3380 899 3434 nominis
941 3380 1256 3451 cujusdam;
1307 3381 1565 3446 tetradas,
1611 3383 1814 3437 decatla

246 3478 292 3525 et
342 3472 616 3541 ogdoada,
676 3470 851 3524 instar
906 3472 1128 3525 totidem
1194 3470 1555 3541 syllabarum;
1614 3470 1819 3527 Eones

250 3577 359 3616 vero
386 3563 645 3634 singulos
678 3563 850 3615 instar
872 3562 1214 3632 singularum
1245 3563 1576 3629 litterarum,
1602 3577 1668 3617 ex
1699 3563 1818 3633 qui-

250 3654 335 3708 bus
362 3658 657 3726 inySticum
687 3653 1013 3712 Pleromatis
1039 3669 1235 3708 nomen
1267 3655 1624 3721 coalesceret,
1664 3654 1819 3709 exhi-

251 3748 410 3800 hebat.
462 3747 716 3801 Litteras
768 3761 898 3800 vero
951 3746 1141 3815 viginti
1196 3758 1432 3815 quatuor
1479 3744 1817 3811 Crtecorum,

251 3837 375 3891 velut
405 3837 743 3909 ἁπορῤοίας,
775 3837 975 3907 (munia
999 3835 1245 3904 quaedam
1273 3851 1396 3891 esse
1430 3837 1817 3899 contendebat,

253 3938 347 3983 tres
397 3946 489 3985 eas
547 3928 819 3994 Virtutes,
885 3931 1083 3997 quibus
1152 3930 1438 3985 universus
1499 3943 1817 3999 superorum

253 4018 634 4075 elementorum
694 4034 957 4073 numerus
1017 4020 1346 4085 continetur,
1413 4021 1815 4076 adumbrantia.

255 4109 333 4165 Sic
364 4122 543 4168 mutas
584 4126 780 4166 novem
827 4110 1058 4178 litteras,
1092 4112 1273 4168 Patris
1299 4124 1354 4167 et
1384 4114 1648 4169 Veritatis
1683 4116 1822 4169 ima-

251 4203 385 4273 gines
413 4220 537 4260 esse
582 4205 803 4259 dicebat
840 4220 855 4257 :
904 4204 1048 4273 quod
1081 4202 1331 4258 videlicet
1370 4206 1501 4259 muti
1548 4206 1649 4274 ipsi
1687 4206 1816 4273 sint,

254 4294 341 4348 hoc
359 4304 457 4362 est,
483 4296 787 4366 ejusmodi,
812 4296 905 4366 qui
932 4295 1093 4350 nullis
1116 4296 1295 4351 verbis
1320 4297 1551 4364 exprimi
1575 4300 1816 4367 possint;

253 4388 596 4444 semivocales
633 4398 838 4454 autem,
871 4404 992 4459 qua:
1024 4398 1150 4444 octo
1195 4400 1342 4453 sunt,
1377 4388 1538 4445 Verbi
1573 4401 1627 4444 et
1655 4390 1818 4458 Vitae;

255 4481 380 4546 quod
413 4482 561 4535 inter
601 4481 819 4535 vocales
847 4489 901 4534 et
936 4493 1301 4536 consonantes
1328 4483 1479 4537 velut
1514 4484 1703 4537 media:
1733 4485 1819 4537 in-

1916 622 2020 659 non
2056 606 2272 674 intidem
2317 607 2628 662 immediate
2659 614 2712 660 et
2742 620 2839 674 per
2873 607 3108 675 seipsas,
3142 605 3235 661 sed
3267 620 3364 675 per
3400 620 3497 659 an-

1914 699 2093 767 gelum
2139 698 2477 763 Cabrielem,
2528 700 2617 769 qui
2667 700 2862 765 Verbi;
2913 699 3175 769 Spiritum
3222 705 3496 757 sanctum.

1914 791 2007 860 qui
2040 789 2205 857 Viue;
2247 792 2514 846 Altissimi
2556 792 2836 855 virtutem,
2886 806 3007 858 qua:
3052 789 3332 855 Hominis;
3374 787 3499 843 Vir-

1915 882 2097 951 ginem
2126 883 2382 952 denique,
2416 899 2535 953 qua:
2564 883 2821 938 Ecclesia:
2856 883 3034 937 locum
3067 880 3365 950 suppleret.
3406 878 3499 935 Sic

1915 982 2093 1026 autem
2132 990 2159 1026 a
2192 973 2356 1027 Maria
2392 976 2444 1029 in
2480 975 2659 1030 lucem
2693 976 2899 1029 editum
2936 974 3127 1039 fuisse,
3170 984 3229 1029 ut
3256 989 3351 1044 per
3381 984 3504 1029 nte-

1917 1079 2035 1117 rum
2071 1065 2211 1134 ejus,
2252 1081 2349 1121 ceu
2388 1083 2527 1137 aqua
2562 1083 2659 1138 per
2700 1067 2886 1123 tubum
2931 1068 3225 1135 transiens,
3257 1067 3394 1121 nihil
3430 1082 3497 1121 ex

1915 1159 2323 1227 easnmpserit.
2349 1158 2403 1213 ln
2432 1176 2559 1215 eum
2587 1176 2737 1226 vero,
2767 1176 2889 1215 cuni
2921 1162 2986 1214 ad
3012 1175 3204 1229 aquam
3236 1160 3499 1223 venisset,

1917 1248 2183 1304 columba:
2214 1252 2389 1305 instar
2418 1252 2769 1307 descendisse
2799 1268 3097 1324 supernum
3132 1252 3499 1317 Salvatorem,

1917 1340 2009 1410 qui
2050 1356 2173 1396 cum
2218 1341 2453 1397 IEonum
2500 1346 2741 1399 omnium
2791 1345 2934 1400 fetus
2962 1355 3127 1409 esset,
3157 1345 3403 1400 omnium
3448 1345 3500 1399 in

1918 1448 1976 1486 se
2012 1433 2263 1488 virtutem
2298 1437 2774 1504 complectebatur
2803 1454 2817 1491 :
2850 1438 3103 1508 huncque
3132 1452 3253 1492 esse
3283 1437 3374 1507 qui
3406 1453 3505 1507 per

1917 1539 1980 1579 os
2010 1522 2135 1580 Jesu
2178 1527 2345 1581 verba
2390 1527 2606 1595 fecerit,
2651 1544 2819 1599 seque
2860 1530 3057 1584 Filium
3095 1528 3336 1584 hominis
3368 1544 3504 1584 con-

1920 1617 2094 1673 fessus
2125 1619 2306 1683 fuerit,
2336 1622 2479 1691 quod
2514 1638 2813 1692 supernum
2845 1620 3130 1675 Hominem
3165 1630 3378 1689 patrem
3404 1623 3504 1675 ba-

1920 1712 2090 1767 heret.

1993 1852 2079 1907 90.
2120 1852 2270 1906 Mitto
2309 1867 2441 1923 quas
2475 1854 2541 1906 de
2580 1854 2763 1907 mundi
2807 1851 2966 1920 hujus
2992 1854 3343 1921 aspectabilis
3378 1864 3503 1909 ortu

1923 1960 2091 2013 nugas
2124 1946 2501 2000 venditabant.
2532 1944 2687 1997 Hunc
2722 1946 2789 1998 ad
2820 1945 3111 2015 imaginem
3137 1961 3503 2015 supernorum

1918 2036 1997 2090 sic
2027 2037 2305 2090 conditum
2341 2037 2621 2097 volebant,
2657 2046 2715 2088 ut
2756 2037 2807 2089 in
2843 2036 3074 2105 singulis
3105 2037 3223 2092 fere
3257 2038 3505 2105 partibus

1919 2128 2166 2183 Pleroma
2218 2127 2471 2182 referret.
2523 2129 2861 2184 Platonicum
2907 2132 2958 2185 id
3013 2130 3207 2202 dogma
3259 2131 3428 2186 fuisse
3473 2146 3505 2185 a

1918 2222 2270 2290 nugatoribus
2335 2223 2456 2276 istis
2508 2235 2789 2277 recoctum
2844 2226 3095 2293 superius
3143 2225 3504 2282 ostendimus.

1920 2312 1989 2369 Ut
2039 2324 2218 2368 autem
2278 2314 2699 2379 confirmandis,
2744 2316 2789 2370 si
2852 2318 3071 2386 superis
3116 2315 3249 2387 [ιλιι
3300 2316 3505 2386 placet,

1920 2415 1998 2459 tot
2028 2416 2079 2459 et
2115 2407 2282 2460 tantis
2330 2414 2526 2460 emota:
2562 2407 2762 2461 mentis
2801 2408 3175 2463 deliramentis
3216 2422 3503 2464 sacrarum

1920 2497 2328 2568 Seripturarum
2379 2500 2680 2554 auctoritas
2730 2514 2844 2554 non
2891 2500 3127 2567 deesset,
3173 2500 3508 2570 stupendum

1917 2599 2149 2660 quantas
2185 2591 2546 2645 admoverent
2588 2590 2900 2655 machinas,
2946 2601 3005 2646 ut
3049 2607 3144 2647 eas
3182 2601 3291 2647 tam
3339 2592 3507 2661 impie

1918 2698 2084 2752 quam
2124 2682 2348 2737 ridicule
2380 2682 2779 2752 discerperent,
2822 2693 3179 2747 consuereut,
3210 2696 3266 2738 et
3288 2684 3508 2739 obtorto

1917 2775 2057 2831 collo
2086 2774 2139 2828 in
2164 2773 2374 2829 alienos
2404 2776 2726 2844 iueptosque
2750 2790 2947 2829 sensus
2976 2778 3279 2831 traherent.
3306 2776 3506 2830 Parum

1918 2868 2135 2933 fuisset,
2160 2867 2261 2921 nisi
2290 2868 2613 2922 innumeras
2635 2868 3028 2937 propemodum
3057 2868 3346 2925 [iunxissent
3372 2885 3507 2937 apo-

1917 2962 2152 3029 cryphas
2180 2960 2506 3029 spuriasque
2534 2961 2872 3029 Scripturas.
2903 2961 3105 3029 quibus
3135 2958 3319 3013 fucum
3352 2960 3503 3016 face-

1916 3063 2037 3108 rent
2080 3053 2367 3122 imperitis.
2415 3053 2562 3119 Quos
2604 3054 2775 3109 libros
2826 3055 3261 3123 supposuissent,
3302 3054 3507 3109 Irenaeo

1918 3156 2109 3201 nostro
2137 3145 2418 3215 sigillatim
2448 3132 2758 3201 ed'isserere
2793 3162 2898 3199 non
2935 3146 3159 3214 placuit.
3197 3146 3251 3201 ld
3288 3155 3501 3201 tantum

1846 3249 1891 3310 ο
1922 3247 2165 3298 constat.
2206 3238 2489 3292 ridiculam
2535 3236 2703 3303 illam,
2749 3254 2911 3307 quant
2960 3239 3025 3292 de
3062 3239 3285 3293 Christo
3335 3253 3505 3307 puero

1920 3329 2171 3386 fabellam
2227 3342 2489 3400 enarrant
2533 3348 2656 3401 cap.
2710 3332 2781 3386 20
2826 3346 3122 3388 occurrere
3168 3334 3222 3388 in
3271 3335 3507 3403 pseudo-

1918 3422 2214 3492 Evangelio
2254 3422 2499 3477 infantiae
2529 3423 2769 3490 Christi,
2796 3424 2940 3493 quod
2967 3424 3199 3479 Arabice
3236 3439 3363 3477 cum
3392 3422 3505 3479 La-

1920 3518 2028 3572 tina
2075 3517 2525 3585 interpretatione
2568 3516 2740 3571 edidit
2788 3514 3059 3571 Henricus
3101 3514 3307 3581 Siltius,
3348 3525 3405 3572 et
3448 3518 3501 3569 in

1920 3607 2043 3661 aliis
2081 3610 2404 3676 quibusdam
2446 3608 2689 3677 ejusdem
2727 3605 2958 3662 furfuris
2988 3610 3231 3679 scriptis,
3274 3623 3505 3679 quorum

1922 3702 2273 3757 meminimus
2308 3703 2360 3755 in
2401 3685 2552 3757 notis.
2575 3701 2644 3755 ad
2675 3701 2820 3755 hunc
2849 3700 3055 3756 locum.

1994 3838 2083 3893 9t.
2134 3837 2340 3905 Quibus
2377 3837 2687 3907 sacrilegiis
2726 3838 3100 3892 venerandum
3142 3834 3505 3891 Eucharistiae

1925 3931 2270 4001 mysterium,
2302 3940 2357 3983 et
2388 3929 2766 3985 Ordinationis
2796 3939 3202 3985 sacramentum
3239 3930 3507 3984 contami-

1925 4030 2168 4085 nassent,
2208 4036 2269 4075 ac
2306 4020 2551 4075 funditus
2580 4024 2929 4087 evertissent,
2959 4024 3071 4090 jam
3113 4022 3367 4075 vidimus.
3408 4018 3502 4074 Mi-

1924 4128 2042 4166 rum
2107 4113 2153 4167 si
2213 4112 2334 4167 aliis
2404 4116 2763 4169 sacramentis
2825 4115 3160 4186 pepercisset
3228 4113 3503 4180 impietas.

1921 4202 2202 4272 Baptismo
2240 4203 2528 4271 profanum
2570 4206 2841 4272 quoddam
2884 4216 2938 4259 et
2983 4221 3015 4259 a
3060 4204 3264 4259 Satana
3306 4218 3502 4273 sugge-

1924 4304 2065 4349 stum
2100 4294 2428 4348 initiationis
2463 4310 2657 4362 genus,
2694 4296 2761 4350 ad
2796 4296 2941 4353 sacri
2973 4296 3116 4351 illius
3150 4296 3377 4361 lavacri,
3408 4310 3503 4363 per

1922 4386 2063 4454 quod
2092 4385 2158 4438 ad
2193 4385 2359 4438 Deum
2390 4399 2795 4455 regeneramnr,
2824 4387 3189 4451 eversionem,
3229 4385 3503 4454 totiusque

1924 4477 2058 4531 adeo
2094 4476 2214 4531 lldei
2258 4477 2648 4545 abjectioncm,
2698 4476 3111 4531 substituerant.
3159 4476 3503 4545 Redemptio.

256 4573 476 4639 terjectre
506 4574 644 4635 sint,
681 4582 851 4641 atque
886 4581 1001 4625 uta
1034 4574 1406 4642 superioribus
1436 4573 1705 4640 deﬂuant,
1746 4577 1815 4629 ita
1854 4596 1897 4651 ι)
1926 4583 2047 4621 nem
2108 4568 2377 4622 vocabam
2434 4567 2532 4633 illi,
2587 4568 2837 4639 hancque
2895 4570 2986 4634 iis,
3044 4569 3134 4639 (ιιιί
3198 4569 3498 4638 perlectam

258 4664 477 4719 vicissim
554 4665 821 4719 inferiora
895 4665 963 4719 ad
1020 4679 1114 4719 eas
1167 4667 1476 4721 referantur
1534 4681 1550 4719 :
1605 4667 1820 4721 vocales

259 4770 417 4823 porro,
452 4773 583 4827 qua:
618 4758 750 4825 ipsa:
787 4772 1006 4824 quoque
1043 4770 1251 4825 septem
1294 4768 1441 4824 sunt,
1486 4758 1733 4813 Hominis
1768 4770 1821 4813 et

260 4848 525 4913 Ecclesiar;
568 4848 793 4919 quando
827 4848 1045 4916 quidem
1086 4863 1190 4903 vox
1234 4864 1332 4918 per
1371 4850 1654 4904 Hominem
1695 4868 1821 4922 pro-

262 4956 442 5009 gressa,
491 4942 681 4996 omnia
728 4939 1066 4994 informavit.
1100 4939 1223 4995 Fuit
1267 4941 1451 5011 itaque
1494 4944 1608 4998 hrec
1653 4942 1820 4997 Marci

263 5034 530 5099 sententia,
571 5032 820 5101 singulos
849 5032 1052 5087 .Eones
1086 5033 1137 5087 in
1179 5032 1487 5089 Pleromate
1516 5036 1823 5104 peculiares

262 5136 374 5179 suos
423 5126 689 5180 habuisse
742 5124 1093 5179 characteres
1142 5134 1196 5178 et
1241 5141 1423 5189 sonos,
1475 5129 1539 5181 ad
1589 5143 1821 5198 quorum

264 5217 535 5287 imaginem
576 5220 772 5273 littera:
802 5219 1113 5273 Graecorum
1137 5234 1415 5288 expressa:
1451 5221 1585 5275 sint.

319 5310 403 5367 89.
440 5312 515 5366 De
556 5310 688 5365 Jesu
721 5312 942 5366 Christo
978 5312 1167 5366 eadem
1206 5326 1369 5380 pene,
1410 5327 1474 5367 ac
1505 5313 1688 5367 caeteri
1720 5314 1822 5368 Va-

266 5401 551 5468 lentiniani,
578 5404 903 5460 eﬂ’utiebat:
932 5421 1053 5459 eum
1080 5405 1286 5461 scilicet
1311 5422 1338 5459 a
1370 5421 1550 5461 rerum
1581 5410 1820 5462 omnium

267 5508 494 5564 parente,
524 5497 688 5552 Verbi
724 5513 891 5566 opera
924 5498 1178 5563 electum,
1209 5506 1268 5551 ut
1301 5499 1474 5567 ipsum
1512 5500 1825 5555 hominibus

269 5599 433 5644 notum
478 5590 715 5653 faceret,
759 5590 827 5644 ad
869 5605 1115 5659 superna:
1156 5588 1385 5645 Virtutis
1418 5590 1826 5659 imaginemdis-

268 5692 533 5745 pensatum
607 5685 771 5738 fuisse
822 5704 835 5739 :
882 5685 1238 5753 quamobrem
1282 5684 1352 5737 ah
1390 5684 1456 5738 iis
1500 5682 1823 5749 Virtutibus,

271 5788 374 5839 qua:
405 5790 433 5827 a
468 5773 648 5830 Verbo
675 5786 731 5829 et
766 5773 911 5838 Vita,
942 5774 1173 5829 Homine
1202 5785 1257 5831 et
1287 5775 1528 5841 Ecclesia
1558 5774 1826 5845 proﬂuxe-

274 5873 398 5929 tant,
430 5866 755 5935 productum
794 5866 981 5935 fuisse,
1019 5864 1164 5922 adid
1198 5878 1375 5921 tamen
1416 5881 1636 5935 operam
1673 5884 1825 5923 suam

1922 4663 2122 4728 γνῶσιν
2164 4662 2449 4716 consecuti
2487 4662 2723 4726 fuerant,
2766 4663 3132 4716 necessariam
3183 4678 3302 4715 esse
3349 4662 3502 4715 dice-

1922 4753 2076 4818 bant,
2121 4763 2181 4808 ut
2234 4754 2288 4806 in
2336 4752 2630 4819 Virtutem,
2674 4770 2796 4823 qum
2838 4768 3001 4822 super
3049 4754 3229 4807 omnia
3273 4755 3501 4817 eminet,

1924 4856 2399 4917 regenerarentur.
2456 4848 2638 4902 Aliter
2686 4848 2831 4901 enim
2888 4847 3002 4901 fieri
3057 4862 3161 4900 non
3214 4861 3396 4915 posse,
3445 4857 3505 4900 ut

1922 4942 2175 5009 cuiquam
2221 4943 2399 4996 aditus
2439 4943 2507 4995 ad
2548 4940 2807 4996 Pleroma
2841 4951 3052 5010 pateret
3088 4960 3100 4997 :
3138 4943 3336 5012 quippe
3378 4960 3499 4996 cum

1924 5048 1984 5087 ea
2016 5042 2188 5098 esset,
2226 5050 2345 5101 quze.
2387 5048 2556 5101 usque
2596 5034 2661 5087 ad
2703 5034 2951 5089 intimum
2996 5036 3157 5106 Bythi
3199 5036 3376 5091 sinmn
3408 5052 3501 5090 eos

1922 5125 2203 5179 eveheret.
2262 5126 2393 5179 Eam
2464 5140 2628 5194 porro
2692 5127 3147 5194 redemptionem,
3218 5126 3498 5195 vulgarem

1922 5217 2366 5273 Christianorum
2404 5220 2733 5290 baptismum
2773 5222 2990 5276 iuliuito
3032 5236 3297 5293 superare
3330 5223 3503 5275 inter-

1924 5311 2067 5364 vallo
2091 5326 2197 5365 non
2223 5312 2460 5381 pudebat
2490 5328 2762 5369 asserere.
2796 5314 2895 5369 Hic
2925 5316 3193 5384 siquidem
3226 5315 3502 5377 animalis,

1925 5404 2016 5458 illa
2052 5404 2348 5473 spiritalis;
2383 5406 2474 5459 hic
2514 5422 2544 5459 a
2577 5407 2873 5477 conspicuo
2905 5408 3029 5462 Jesu
3071 5409 3378 5470 institutus,
3411 5406 3500 5459 illa

1925 5495 1994 5548 ab
2019 5509 2084 5549 eo
2106 5497 2197 5564 qui
2225 5496 2276 5548 in
2299 5510 2424 5551 eum
2453 5497 2756 5565 descendit,
2784 5501 3094 5562 Saluatore;
3122 5501 3209 5553 hic
3236 5501 3301 5552 ad
3331 5501 3503 5567 paeni-

1928 5594 2154 5647 tentiam
2212 5593 2595 5658 annuutiatus,
2654 5611 2752 5649 nec
2818 5611 2906 5658 eo,
2965 5611 3126 5663 quem
3184 5594 3504 5650 conferebat

1927 5681 2188 5748 Joannes,
2235 5687 2440 5740 virtute
2474 5688 2756 5754 superior;
2802 5687 2889 5740 illa
2934 5687 3333 5754 consequendze
3373 5699 3502 5754 per-

1929 5773 2181 5828 fectionis
2205 5791 2369 5830 causa
2397 5777 2635 5845 desuper
2658 5778 2844 5831 allata.
2880 5776 3007 5832 Haec
3033 5777 3178 5830 inter
3203 5776 3501 5831 Marcosios

1931 5867 2345 5923 conveniebant.
2390 5872 2458 5921 At
2489 5884 2618 5923 vero
2652 5870 2715 5922 dc
2756 5868 3162 5938 Hedcmptionis
3196 5868 3353 5923 modo
3386 5870 3499 5922 dis-
