3954 6352
411 317 514 371 H5

1226 326 1825 422 DIS§ERTATIONES
1857 331 2161 388 PR/EVIAE
2197 334 2263 389 ΙΝ
2301 335 2553 391 ῘΒΕΝΛΕΙ
2582 336 2848 394 LIBROS.

3570 345 3663 399 HG

366 434 367 437 “
412 438 724 492 sentiebant
749 458 761 493 :
790 440 1083 508 Quoniam,
1106 447 1608 514 inquitlrenmus”,
1638 453 1995 522 unusquisque
2026 460 2069 515 Α
2102 456 2338 510 rioribns
2371 457 2637 512 inferatur
2672 458 3066 515 Heracleonem
3105 460 3370 515 Valentini
3415 464 3664 533 dogmata

411 531 654 597 illorum,
704 538 1151 601 quemadmodum
1191 542 1293 609 ipsi
1345 542 1549 611 volunt,
1592 550 1808 599 tradunt
1854 564 1988 598 eunt.

412 619 616 683 Quanti
650 624 789 676 enim
827 638 949 679 sunt
981 627 1290 698 hujusmodi
1331 636 1600 688 sententia:
1645 637 1853 704 mystici
1891 655 1989 689 αηρ

409 715 628 779 tistites,
660 726 734 769 tot
763 730 885 770 sunt
915 730 960 771 et
991 723 1395 791 redemptiones.

482 805 573 859 92.
610 806 715 860 Alii
750 819 1012 876 apparato
1040 813 1265 879 nuptiali
1292 815 1567 879 cubiculo,
1601 820 1847 888 mysticis
1869 822 1989 889 qui-

410 896 647 951 busdam
710 899 928 961 ritibus,
996 902 1345 971 profanisque
1402 907 1690 960 verborum
1745 908 1993 964 formulis

410 988 714 1044 initiandos
758 1006 889 1045 suos
931 996 1355 1052 consecrabant.
1401 997 1494 1053 Ha:
1531 1000 1803 1067 spiritales
1846 1002 1991 1072 ipso-

408 1095 531 1134 rum
566 1085 789 1152 nuptiae,
826 1088 891 1139 ad
922 1103 1285 1157 supernorum
1320 1090 1697 1163 coniugiorum
1730 1095 1990 1149 similitu-

411 1173 620 1230 dinem.
672 1177 779 1230 Alii
837 1178 1089 1248 baptismi
1146 1185 1507 1238 caeremonias
1572 1186 1990 1244 adumbrabant.

411 1263 549 1318 Nam
601 1267 668 1320 ad
714 1284 913 1337 aquam
955 1273 1217 1329 ducentes
1256 1288 1374 1341 eos,
1420 1277 1565 1332 inter
1610 1280 1990 1347 baptizandum

410 1358 530 1411 haec
559 1360 724 1413 verba
753 1362 1112 1430 proferebant
1146 1384 1160 1419 :
1206 1364 1273 1419 In
1306 1384 1493 1422 nomen
1532 1369 1782 1440 incogniti
1813 1368 1992 1427 Patris

411 1452 684 1517 omnium;
717 1456 772 1506 in
811 1455 1094 1510 Veritatem
1129 1469 1354 1513 matrem
1388 1463 1619 1516 omnium
1647 1478 1666 1516 .'
1695 1466 1750 1517 in
1778 1466 1993 1519 descen-

409 1545 617 1599 dentem
652 1549 707 1600 in
742 1548 948 1615 Jesum,
981 1556 1051 1603 ad
1085 1554 1379 1606 unitionem
1414 1565 1461 1608 et
1498 1556 1906 1625 redempt'onem
1942 1567 1991 1612 et

408 1636 836 1691 communionem
885 1642 1163 1694 virtutum.
1204 1642 1309 1697 Alii
1361 1653 1420 1698 ut
1465 1654 1732 1700 terrorem
1778 1649 1993 1702 miseris

410 1729 752 1795 incuterent,
802 1732 1067 1787 insulsam
1103 1747 1158 1790 et
1187 1752 1349 1792 sensu
1383 1752 1607 1791 vacuam
1644 1741 1989 1808 grandiorum

410 1818 807 1874 Hebraicarum
861 1839 1053 1879 vocum
1105 1838 1426 1895 congestum
1475 1830 1793 1886 efferebant.
1852 1830 1988 1885 Tum
2025 1802 2065 1858 Β

409 1915 821 1970 Catholicorum
849 1919 1137 1976 unctiones
1159 1920 1423 1989 annulati,
1448 1925 1690 1979 initiatos
1717 1941 1841 1979 suos
1862 1940 1993 1994 Opo-

409 2007 663 2062 balsamo
703 2011 999 2080 ungebant.
1032 2014 1262 2080 Quidam
1299 2026 1481 2083 spreto
1512 2032 1667 2084 aqua:
1699 2018 1988 2085 baptismo,

408 2099 597 2153 oleum
638 2112 692 2155 et
722 2118 919 2173 aquam
965 2120 1067 2158 una
1103 2107 1533 2174 permiseebant,
1578 2122 1642 2162 ac
1681 2110 1732 2161 in
1779 2124 1989 2171 eorum,

410 2204 551 2259 quos
594 2191 910 2255 initiabunt,
955 2205 1119 2263 caput
1160 2196 1495 2263 injiciebant,
1542 2200 1705 2251 verba
1744 2200 1990 2266 quaedam

411 2283 480 2335 ab
521 2283 586 2337 iis
633 2299 753 2350 qum
805 2285 1048 2339 diximus
1097 2287 1244 2341 haud
1294 2288 1585 2342 dissimilia
1632 2290 1989 2357 proferentes.

410 2376 592 2445 Atque
624 2378 728 2447 ipsi
758 2393 979 2448 quoque
1008 2379 1313 2433 balsamum
1348 2381 1700 2440 adhibebant.
1738 2384 1840 2436 Alii
1877 2385 1990 2439 hzec

409 2469 593 2523 omnia
621 2470 995 2540 improbantes
1020 2482 1071 2525 et
1098 2473 1471 2539 repudiantes,
1496 2474 1677 2528 divina
1709 2477 1987 2546 mysteria,

411 2576 532 2627 qua:
563 2576 663 2615 nec
704 2562 981 2628 sensibus,
1020 2576 1121 2616 nec
1156 2573 1339 2619 mente
1374 2566 1577 2635 percipi
1614 2576 1861 2634 possunt,
1896 2583 1990 2636 per

412 2668 503 2709 res
533 2657 766 2709 sensiles
796 2666 850 2710 et
880 2670 1173 2725 corporeas
1206 2664 1512 2731 peragenda
1543 2678 1663 2718 esse
1701 2665 1986 2733 negabant.

410 2747 826 2817 Perfectamque
872 2750 1304 2820 redemptionem
1349 2754 1647 2822 spiritalem
1692 2772 1832 2824 esse,
1883 2776 1989 2815 non

412 2841 783 2909 corporalem,
834 2850 888 2897 et
944 2842 995 2895 in
1051 2842 1346 2899 ineli‘abilis
1396 2848 1788 2915 magnitudinis
1834 2853 1989 2921 agni-

414 2936 563 2990 tione
618 2938 853 3006 positam
899 2953 1020 2992 esse
1066 2938 1385 2992 censebant.
1438 2938 1514 2992 Ex
1567 2941 1649 2994 his
1692 2942 1988 3009 specialem

410 3027 705 3095 quamdam
733 3030 1115 3083 hmreticorum
1144 3040 1350 3085 sectam
1377 3031 1503 3084 fecit
1527 3031 1988 3100 'I‘heodoretus",

2094 546 2400 617 amplexum
2448 548 2638 612 fuisse,
2696 551 2797 621 ipsi
2859 560 3037 607 tamen
3088 552 3369 608 Valentino
3425 571 3665 611 coazvum

2092 638 2368 692 exstitisse
2418 640 2665 694 concludi
2711 655 2871 710 posse
2915 657 3018 696 non
3067 654 3214 713 puto.
3263 643 3440 710 Quare
3481 646 3666 699 malim

2096 728 2237 783 illius
2262 741 2479 785 tetatem
2512 732 2565 786 in
2591 732 2798 788 incerto
2828 734 3152 803 relinquere,
3182 752 3344 806 quam
3369 739 3668 807 quidquam

2095 831 2299 876 temere
2331 823 2577 877 delinire.
2622 822 2935 894 Scripserat
2970 826 3268 883 Heracleon
3309 828 3670 884 Commenta-

2097 912 2233 974 rios,
2262 912 2452 967 saltem
2487 916 2539 970 in
2577 913 2806 970 Joannis
2832 917 3208 988 Evangelium.
3240 921 3372 976 Nam
3406 920 3671 991 Origenes

2094 1005 2147 1058 in
2187 1006 2324 1069 suis,
2359 1006 2539 1074 plures
2584 1008 2725 1063 illius
2768 1009 3113 1065 diversorum
3160 1013 3395 1068 locorum
3448 1016 3675 1082 exposi-

2097 1098 2272 1151 tiones
2309 1099 2470 1153 refert
2502 1111 2557 1155 et
2588 1104 2855 1157 confutat.
2891 1104 3032 1172 Quin
3066 1106 3228 1158 etiam
3262 1107 3452 1159 merito
3486 1108 3674 1158 redar-

2094 1187 2233 1257 guit,
2261 1190 2402 1255 quod
2446 1190 2530 1244 liis
2566 1192 2790 1246 Joannis
2822 1195 3028 1260 verbis,
3056 1195 3226 1266 χωρὶς
3257 1194 3422 1248 αὑτοῦ
3455 1196 3675 1265 ἐγένετο

2095 1280 2213 1332 οὐδὲ
2247 1282 2326 1344 ἓν,
2374 1282 2487 1335 sine
2518 1283 2632 1350 ipso
2664 1288 2861 1352 factum
2891 1296 2966 1340 est
2996 1287 3149 1353 nihil,
3191 1288 3535 1355 impudenter
3575 1288 3675 1342 ad-

2094 1375 2222 1427 dere
2250 1388 2415 1428 ausus
2442 1373 2655 1439 fuisset,
2686 1377 2794 1429 τῶν
2821 1380 2877 1430 ἐν
2906 1378 2982 1449 τῷ
3013 1380 3221 1451 κόσμῳ,
3253 1380 3346 1433 καὶ
3375 1384 3439 1452 τῇ
3468 1382 3671 1447 κτίσει,

2092 1480 2274 1517 eorum
2312 1482 2429 1533 qua:
2475 1467 2530 1519 in
2571 1470 2764 1521 mundo
2804 1480 2949 1535 sunt,
2988 1480 3035 1525 et
3074 1474 3366 1538 creatione;
3401 1485 3458 1528 ut
3508 1475 3678 1528 nitui-

2095 1572 2214 1610 rum
2269 1559 2394 1613 hinc
2446 1574 2564 1614 cum
2628 1562 2841 1617 caneris
2900 1560 3292 1619 Valentiniauis
3349 1566 3666 1633 conficeret,

2094 1665 2202 1704 non
2240 1653 2417 1705 omnia
2466 1668 2567 1721 per
2610 1655 2847 1710 Verbum
2897 1658 3115 1711 condita
3163 1656 3329 1713 fuisse
3376 1676 3390 1711 :
3429 1657 3667 1713 Eonum

2094 1743 2309 1810 quidem
2360 1743 2703 1812 inferiorum,
2746 1762 2811 1801 ac
2859 1748 3045 1801 mundi
3094 1748 3285 1816 ipsius,
3338 1749 3668 1816 interpositu

2096 1832 2399 1903 Deminrgi,
2440 1847 2722 1892 auctorem
2756 1852 2909 1905 esse;
2943 1850 2999 1894 at
3031 1854 3136 1893 non
3169 1843 3506 1909 superiorum
3535 1856 3674 1908 qna-

2097 1935 2219 1979 tuor
2248 1925 2509 1983 Eanum.
2539 1927 2663 1985 Illos
2698 1929 3047 1986 lleracleonis
3078 1932 3129 1986 in
3160 1930 3385 1986 Joannis
3419 1933 3672 2001 Evange-

2095 2016 2223 2070 lium
2258 2017 2699 2086 Commentarios,
2736 2023 2779 2077 si
2827 2038 2933 2076 non
2982 2038 3092 2093 pra:
3140 2024 3336 2089 oculis,
3381 2022 3570 2078 saltent
3615 2022 3672 2077 in

2096 2124 2275 2167 mente
2315 2114 2569 2168 habuisse
2610 2116 2820 2171 videtur
2863 2115 3109 2181 Photius,
3135 2125 3192 2170 ut
3230 2117 3365 2170 scite
3398 2124 3555 2170 notat
3593 2116 3669 2169 cl.

2091 2204 2326 2260 Grabius
2354 2207 2405 2260 in
2426 2205 2672 2276 Spicileg.
2690 2207 2734 2272 ⁸,
2759 2207 2972 2276 quando
2993 2209 3153 2275 epist.
3185 2207 3286 2263 lM
3314 2209 3379 2261 ad
3404 2206 3671 2262 Joannem

2092 2294 2596 2366 ProtOSpatharium
2668 2298 2844 2366 (apud
2904 2298 3167 2354 Grahium
3241 2300 3380 2352 male
3446 2300 3674 2353 omnino

2093 2392 2507 2459 Aspatltarium;
2548 2408 2743 2462 nempe
2789 2393 2967 2447 littera
3011 2411 3045 2446 α
3102 2394 3189 2447 hic
3231 2393 3523 2448 numeralis
3563 2397 3673 2454 cst)

2094 2488 2346 2557 scripsit:
2369 2487 2501 2540 Οὐδὲ
2519 2487 2627 2559 γὰρ
2648 2489 2733 2557 ἐφ’
2756 2487 2909 2560 ὕϐρει
2933 2488 3028 2542 καὶ
3048 2488 3263 2561 διαϐολῇ
3287 2492 3379 2545 τοῦ
3403 2493 3564 2562 νόμου
3586 2495 3671 2559 τὸ,

2100 2598 2118 2631 ι
2141 2580 2204 2631 Ἠ
2229 2580 2384 2650 χάρις
2408 2579 2465 2632 δὲ
2489 2580 2583 2633 καὶ
2604 2580 2829 2651 ἀλήθεια
2851 2581 2917 2633 δι’
2947 2582 3118 2652 Ἰησοῦ
3142 2582 3374 2652 Χριστοῦ
3396 2585 3631 2648 ὲγένετο’
3647 2606 3667 2637 s

2091 2670 2204 2730 τοῖς
2244 2668 2616 2735 εὐαγγελικοῖς
2658 2668 2877 2739 Θεσμοῖς
2918 2671 3306 2740 περιήρμοσεν.
3358 2666 3674 2738 Ἡρακλέων

2093 2756 2201 2827 γὰρ
2230 2758 2294 2811 ἂν
2324 2757 2494 2821 οὕτως
2520 2760 2685 2823 εἴποι,
2709 2760 2803 2811 καὶ
2826 2762 2877 2812 οἱ
2903 2760 3089 2822 παῖδες
3124 2758 3513 2830 Ἡρακλέωνος.
3544 2757 3593 2811 Ν
3601 2774 3677 2810 an

2092 2852 2227 2905 enim
2256 2851 2310 2902 in
2344 2851 2712 2904 contumeliam
2741 2859 2791 2904 et
2824 2852 3246 2905 criminationem
3276 2850 3425 2919 Legi:
3466 2850 3677 2903 dictum

2094 2943 2229 2997 illud
2254 2960 2271 2995 :
2297 2960 2313 2992 ι
2349 2941 2537 2996 Gratia
2557 2955 2728 2994 autem
2763 2953 2808 2995 et
2833 2945 3023 2994 veritas
3051 2958 3143 3010 per
3180 2942 3362 2995 Iesum
3399 2941 3677 2993 Christum

2094 3036 2235 3104 facta
2251 3045 2344 3097 est,
2359 3055 2376 3085 ι
2411 3034 2720 3103 euangelicis
2734 3036 2951 3089 sancitis
2969 3036 3345 3103 adaptabatur.
3369 3033 3675 3087 llcrucleon

410 3134 575 3188 quam
604 3121 1059 3186 Aseodrutarum,
1094 3137 1189 3176 seu
1223 3123 1708 3193 Ascodrnpitarum
1736 3135 1924 3191 vocat;
1962 3139 1990 3177 a
2019 3143 2060 3201 ρ
2096 3123 2171 3174 ita
2206 3121 2422 3187 diceret,
2454 3132 2501 3175 et
2531 3119 2873 3175 Ileracleonis
2899 3121 3020 3190 ﬁlii.
3052 3124 3261 3187 Quibus
3290 3124 3469 3176 innuit
3497 3122 3679 3177 Hera-

411 3212 612 3278 qnibus
650 3222 705 3267 et
748 3214 890 3282 apud
924 3230 1063 3282 quos
1095 3216 1301 3270 nullum
1345 3215 1608 3270 celebrari
1644 3216 1988 3286 baptismatis

413 3304 737 3374 mysterium
769 3308 989 3361 asserit.
1026 3310 1109 3361 An
1140 3308 1305 3361 iidem
1341 3308 1455 3361 sint
1484 3323 1608 3361 cum
1635 3308 1989 3373 Ascodrobis,

413 3395 615 3463 quibus
668 3398 942 3467 Ancyram
988 3398 1215 3453 Galatiae
1268 3414 1367 3453 suo
1422 3407 1665 3467 tempore
1720 3398 1987 3464 infestari,

412 3486 549 3539 alibi
574 3502 707 3543 vero
741 3498 1014 3544 terrarum
1049 3491 1289 3561 ignorari
1325 3478 1602 3547 scribebat
1633 3491 1992 3562 Hieronymus

409 3576 464 3629 in
501 3573 675 3646 Epist.
704 3580 775 3634 ad
798 3571 1300 3653 Gatat.,'alIirmare
1332 3598 1436 3638 non
1465 3584 1659 3638 ausim.

486 3674 575 3730 95.
617 3674 722 3729 Alii
755 3676 991 3746 denique
1022 3678 1452 3747 redemptionem
1483 3679 1535 3733 in
1564 3680 1691 3734 vitas
1722 3679 1880 3733 linem
1908 3695 1992 3733 re-

407 3766 697 3833 jiciebant.
743 3766 877 3824 Cum
909 3768 1034 3837 quis
1066 3768 1235 3839 igitur
1273 3785 1338 3823 ex
1379 3771 1481 3825 hac
1516 3772 1624 3824 vita
1664 3785 1991 3826 excessurus

414 3872 553 3923 erat,
586 3859 746 3930 hujus
777 3860 945 3929 capiti
977 3859 1156 3914 oleum
1185 3870 1237 3914 et
1267 3876 1463 3930 aquam
1498 3862 1833 3931 injicientes,
1863 3862 1993 3915 ridi-

415 3944 555 3999 culis
600 3956 925 4000 caeterorum
971 3947 1361 4002 Mareosiorum
1404 3949 1662 4005 adhibitis
1696 3951 1992 4006 invocatio-

416 4033 600 4099 nibus,
637 4035 859 4104 insuper
880 4036 1172 4105 iubebant,
1203 4048 1261 4091 ut
1286 4053 1408 4093 cum
1435 4040 1500 4093 ad
1529 4040 1896 4109 Principatus,
1930 4059 1994 4099 ac

416 4125 747 4187 Potestates.
791 4137 845 4182 et
870 4129 1219 4199 Demiurgum
1259 4133 1521 4196 venisset,
1562 4135 1728 4187 certis
1766 4135 1992 4202 quibus-

416 4219 542 4271 dam
588 4219 792 4281 verbis,
837 4235 965 4288 quin
996 4222 1165 4275 relert
1204 4222 1460 4288 Irenaeus,
1504 4239 1597 4279 eos
1622 4226 1991 4294 compellaret.

416 4312 617 4378 quibus
648 4326 842 4367 manus
876 4328 1062 4367 eorum
1095 4312 1378 4384 effugeret.
1411 4314 1522 4370 Nec
1556 4317 1767 4372 illorum
1798 4336 1992 4373 nomen

414 4404 688 4472 expressit
737 4403 991 4458 lrenmus.
1044 4403 1151 4459 Sed
1202 4421 1268 4459 ex
1322 4407 1626 4475 Epiphanio
1659 4410 1675 4439 ¹
1714 4411 1989 4473 discimus,

416 4495 836 4551 lleracleonitas
896 4498 1087 4561 fuisse,
1151 4499 1220 4553 ab
1277 4499 1612 4557 lleracleone
1664 4505 1741 4557 sic
1800 4504 1989 4559 dictus.
2029 4482 2071 4535 ί)

357 4617 364 4627 ι
419 4587 575 4641 Hune
629 4588 928 4646 Colorbaso
982 4591 1317 4647 successisse
1375 4603 1557 4661 putat;
1622 4593 1994 4652 Tertullianus

417 4695 550 4733 vero
590 4679 944 4737 Colorbasutn
991 4685 1130 4738 inter
1175 4693 1230 4738 et
1278 4682 1669 4739 Ileracleonem
1721 4688 1998 4744 interserit

418 4772 795 4829 Ptolemaeum.
833 4777 908 4830 Ex
940 4777 1145 4833 [remeo
1177 4776 1359 4847 colligi
1390 4792 1547 4846 posse
1585 4780 1799 4834 videtur
1830 4781 1997 4835 Marci

418 4864 745 4932 discipulum
797 4867 966 4923 fuisse
1004 4886 1017 4922 :
1068 4885 1191 4923 cum
1229 4869 1377 4923 illius
1419 4869 1619 4939 placita
1664 4870 1806 4924 inter
1847 4872 1996 4926 varia

420 4956 814 5011 Marcosiorum
839 4959 1094 5029 dogmata
1124 4962 1349 5016 referat.
1377 4963 1729 5031 Augustinus,
1755 4964 1839 5017 cui
1866 4979 1998 5019 con-

423 5048 631 5102 sentire
673 5050 893 5104 videtur
937 5060 992 5104 et
1040 5053 1428 5118 Damascenus,
1478 5053 1784 5121 utriusque,
1826 5054 1994 5111 Marci

423 5138 678 5193 videlicet
710 5150 765 5194 et
792 5139 1100 5206 Colorbasi,
1131 5143 1453 5213 discipulum
1497 5144 1662 5199 fuisse
1703 5155 1876 5213 putat.
1918 5149 1995 5207 Ex

421 5228 713 5297 Origene”,
752 5231 1019 5287 Valentini
1062 5235 1363 5304 discipulus
1404 5237 1580 5291 dictus
1614 5247 1730 5304 est;
1776 5253 1845 5292 ex
1876 5239 1997 5295 Cle-

422 5332 606 5377 mente
653 5325 1025 5381 Alexandrino
1047 5329 1088 5393 ³,
1138 5333 1376 5385 maxima
1431 5330 1573 5385 illius
1628 5334 1679 5386 in
1726 5333 1995 5389 Valentini

423 5414 613 5467 schola
640 5415 741 5470 fuit
775 5418 1129 5474 existimatio.
1162 5424 1267 5477 Sed
1297 5425 1411 5479 haec
1445 5428 1627 5481 omnia
1653 5426 1856 5481 nullam
1880 5441 1999 5483 cer-

429 5516 537 5557 tam
572 5517 877 5577 temporum
914 5522 1099 5565 notam
1142 5515 1428 5583 designant
1479 5539 1489 5571 :
1532 5528 1582 5572 et
1628 5528 1684 5572 ut
1718 5534 1781 5573 cx
1821 5527 1998 5587 poste-

535 5690 582 5758 ?“
616 5687 734 5741 Lib.
766 5704 803 5751 I,
832 5707 949 5758 cap.
984 5692 1072 5757 2i,
1113 5709 1166 5747 ιι.
1210 5693 1257 5744 I.

429 5756 453 5788 ⁸
486 5756 657 5810 Clem.
688 5760 871 5826 Δίρκη
902 5756 994 5817 lib.
1030 5756 1079 5816 tv
1113 5763 1340 5830 Summ,
1378 5780 1429 5833 p.
1464 5763 1585 5821 502.

1371 5694 1414 5724 π
1446 5693 1561 5765 Lib.
1594 5700 1644 5765 ι’,
1692 5712 1739 5750 c.
1775 5697 1806 5750 9
1855 5706 1907 5749 ct
1961 5696 2046 5749 t0.

2094 3212 2331 3267 cleonem
2370 3213 2423 3265 iu
2460 3214 2573 3267 suis
2601 3213 3016 3268 Commentariis
3042 3215 3154 3268 bare
3185 3214 3462 3281 Evangelii
3500 3215 3677 3269 verba

2093 3305 2148 3359 in
2182 3304 2561 3359 contumeliam
2595 3304 2731 3373 legis
2756 3305 3076 3360 detorsisse.
3107 3305 3262 3358 Aliud
3293 3307 3459 3359 etiam
3498 3306 3679 3359 llera-

2094 3398 2297 3452 cleonis
2347 3396 2729 3466 Fragmentum
2782 3397 2849 3451 de
2903 3400 3162 3469 martyrio
3210 3396 3379 3452 refert
3417 3398 3680 3455 Clemens

2092 3489 2357 3543 Alexand.
2399 3489 2522 3543 loco
2566 3504 2692 3543 mox
2735 3488 2976 3551 laudato,
3017 3491 3159 3557 quod
3199 3504 3261 3542 ex
3303 3488 3576 3557 aliquibus
3612 3488 3676 3543 in

2091 3579 2291 3635 Lucam
2324 3581 2743 3635 Commentariis
2767 3581 3097 3649 exscriptum
3136 3581 3365 3635 videtur.
3398 3580 3494 3635 Ubi
3519 3581 3675 3633 enim

2092 3673 2358 3743 praemisit
2388 3673 2641 3727 Clemens
2663 3674 2806 3727 hunc
2837 3673 3115 3743 Evangelii
3144 3674 3301 3727 Luca:
3333 3689 3434 3737 xu,
3471 3674 3555 3736 il,
3588 3673 3675 3727 lo-

2094 3782 2214 3820 cum
2252 3784 2264 3819 :
2294 3765 2425 3820 Cum
2455 3778 2627 3820 autem
2653 3767 2957 3820 induxerint
2982 3783 3072 3820 vos
3098 3768 3151 3819 in
3185 3782 3504 3835 synagogas,
3531 3774 3671 3830 etc.,

2094 3858 2369 3928 subjungit
2418 3876 2433 3915 :
2482 3855 2682 3910 Τοῦτον
2747 3856 3108 3929 ἐξηγούμενος
3160 3857 3248 3909 τὸν
3294 3857 3454 3909 τόπον
3503 3856 3675 3927 Ἦρα-

2095 3949 2356 4003 κλέων....
2386 3952 2525 4003 κατὰ
2556 3948 2697 4015 λέξιν
2739 3949 2923 4019 φησιν,
2953 3959 3057 4005 etc.
3105 3947 3259 4001 Hunc
3292 3946 3465 4001 locum
3508 3963 3674 4016 expo-

2096 4060 2221 4096 nens
2244 4041 2402 4114 [LIII]
2426 4041 2790 4096 Heracleou...
2818 4044 2897 4094 Itis
2922 4041 3090 4094 verbis
3116 4041 3267 4105 dicit,
3291 4049 3395 4095 etc.
3422 4039 3477 4092 In
3508 4037 3673 4091 Eclo-

2095 4136 2176 4204 gis
2244 4135 2558 4204 prapheticis
2632 4136 2701 4188 ad
2772 4134 2976 4188 calcem
3047 4131 3285 4200 ejusdem
3348 4130 3669 4194 Clementis,

2096 4227 2385 4281 occasione
2415 4224 2609 4279 horum
2639 4224 2865 4279 Joannis
2896 4224 3155 4293 Baptistae
3184 4222 3496 4285 Verborum,
3523 4221 3668 4275 Luc.

2096 4330 2176 4377 lli,
2233 4314 2299 4367 16
2343 4332 2357 4367 :
2404 4313 2525 4382 Ipse
2571 4330 2658 4367 vos
2706 4314 2992 4382 baptisabit
3036 4314 3090 4366 in
3135 4312 3337 4380 Spiritu
3383 4324 3565 4366 sancto
3615 4323 3672 4366 et

2099 4407 2232 4475 igni,
2274 4405 2475 4459 citatur
2505 4406 2674 4459 altera
2713 4403 3063 4459 lieracleonis
3105 4405 3371 4459 sententia
3409 4404 3670 4467 dicentis,

2100 4499 2361 4570 quosdam
2383 4497 2506 4565 igne
2533 4497 2777 4567 signasse
2804 4512 2963 4551 aures
2977 4512 3188 4560 eorum,
3207 4496 3298 4564 qui
3324 4496 3672 4564 baptismatis

2098 4592 2333 4663 sigillum
2376 4601 2727 4661 acceperant,
2761 4593 2834 4644 ita
2879 4591 3241 4661 intelligentes
3279 4591 3407 4645 illud
3445 4602 3671 4658 aposw-

2098 4684 2284 4739 licum.
2320 4684 2454 4738 Tum
2486 4686 2731 4752 proxime
2759 4685 3097 4739 subnectitur
3129 4683 3184 4752 Ῡ.
3220 4684 3285 4738 l7
3316 4707 3326 4738 ;
3356 4684 3520 4752 Cujus
3544 4700 3673 4737 ven-

2099 4775 2346 4828 tilabrum
2378 4776 2430 4829 in
2463 4792 2651 4829 manus
2674 4775 2808 4843 ejus,
2836 4784 2945 4831 etc.
2971 4776 3177 4841 Quibus
3209 4775 3412 4828 firmari
3454 4775 3673 4828 videtur

2100 4881 2287 4921 eorum
2311 4869 2646 4937 conjecmra,
2671 4869 2762 4936 qui
2784 4868 3098 4922 existimant
3121 4867 3190 4921 ab
3210 4866 3538 4921 Ileracleouc
3554 4865 3671 4919 elu-

2104 4962 2359 5017 cubratos
2394 4964 2559 5015 etiam
2588 4962 2639 5015 in
2672 4960 2872 5015 Lucam
2915 4958 3365 5015 Commentarios.
3395 4957 3669 5012 Cancrum

2104 5071 2221 5107 cum
2268 5053 2542 5108 Valentino
2572 5055 2725 5122 paria
2765 5053 3008 5116 sensisse,
3047 5053 3136 5106 sed.
3179 5052 3404 5105 novitate
3435 5055 3670 5119 quadam

2100 5148 2553 5216 pronuntiationis
2599 5144 2823 5198 voluisse
2867 5144 3035 5197 videri
3083 5143 3193 5197 alia
3237 5144 3449 5206 sentire,
3502 5143 3671 5196 tradit

2102 5240 2489 5303 Tertullianus,
2555 5238 2639 5293 vel
2672 5237 2832 5292 ‘alius
2887 5237 3066 5307 quivis
3115 5252 3237 5306 cap.
3290 5237 3359 5291 49
3439 5238 3533 5290 lib.
3590 5239 3668 5290 De

2100 5332 2419 5401 pra’script.,
2440 5330 2523 5384 cui
2548 5329 3241 5399 consentiuntEpiphanius
3260 5340 3315 5384 et
3338 5329 3427 5382 alii
3450 5343 3666 5383 omnes.

2102 5425 2217 5480 Hoc
2240 5425 2505 5477 duntaxat
2532 5441 2572 5477 ιι·
2595 5424 2936 5480 Ptolemaicis
2969 5424 3275 5488 ditl‘erebat,
3302 5424 3442 5493 quod
3474 5440 3639 5492 supre
3662 5454 3667 5455 ί

2102 5531 2247 5571 ιιιιιιιι
2279 5516 2518 5569 omnium
2565 5530 2863 5585 parentem,
2898 5533 3055 5585 quem
3092 5518 3133 5572 i'i
3158 5518 3384 5588 Bythum
3417 5518 3670 5573 nomina-

2180 5695 2195 5725 ⁸
2233 5695 2372 5772 Hier.
2411 5712 2592 5751 xxxvi.
2699 5700 2718 5728 ²
2748 5696 3028 5772 anoan.,
3086 5720 3136 5772 p.
3180 5700 3267 5764 60,
3312 5700 3440 5756 edit.
3501 5700 3663 5759 liuet.

1682 5767 1703 5797 δ
1740 5767 1995 5836 Spicilcg.
2029 5767 2176 5823 Patr.
2209 5776 2260 5822 ct
2294 5766 2432 5821 Ilaer.
2470 5784 2505 5822 ιι
2535 5783 2683 5838 saec.,
2718 5785 2767 5838 p.
2818 5769 2935 5823 117.
