3954 6352
288 344 381 401 H7

270 464 407 525 bant,
446 457 532 513 ille
563 454 845 510 Hominem
882 450 1200 521 appellaret,
1242 456 1300 501 ut
1335 453 1523 499 auctor
1562 448 1646 495 est
1685 438 1809 506 Epi—

266 555 507 625 phanius.
547 548 729 603 Eidem
767 548 987 613 insuper
1034 542 1257 598 ascribit
1298 540 1562 610 Origenes
1584 536 1627 597 ³,
1670 530 1813 603 quod

265 644 486 699 animam
520 649 704 695 natura
738 634 1097 690 inmortalem
1137 646 1257 687 esse
1298 644 1405 683 non
1448 627 1811 687 existimaret,

262 736 343 789 sed
376 729 801 800 corruptibilem.
841 726 911 779 At
956 740 1017 779 ea
1071 731 1186 778 erat
1225 719 1531 777 communis
1575 713 1813 769 Valenti-

263 825 535 877 nianorum
584 820 829 875 omnium
887 817 954 870 de
1006 816 1183 869 anima
1236 809 1457 865 animali
1517 804 1809 867 sententia,

262 930 407 984 quam
444 912 532 967 vel
572 912 755 980 perire
794 910 878 963 vel
921 905 1127 962 servari
1174 904 1458 973 putabant,
1502 908 1666 971 prout
1699 913 1812 953 mc-

264 1006 379 1060 liora
408 1004 489 1057 rel
525 1003 796 1057 deteriora
830 1000 1103 1070 elegisset.

322 1096 404 1151 9-1.
434 1094 541 1148 Sed
578 1104 638 1147 ut
677 1096 744 1147 ad
782 1094 832 1146 id
857 1101 1232 1152 .rcvertamur,
1264 1087 1406 1142 unde
1450 1086 1682 1156 digressi
1719 1102 1811 1140 su-

266 1203 385 1249 mus,
429 1186 684 1256 quilibet,
730 1185 894 1238 etiam
947 1181 1252 1237 tacentibus
1292 1181 1470 1241 nobis.
1525 1179 1810 1249 perspicit,

263 1276 492 1345 superius
528 1275 812 1343 expositas
840 1272 1227 1327 haereticorum
1254 1271 1658 1341 redemptiones
1692 1284 1806 1323 ma-

265 1388 402 1426 nasse
421 1370 486 1423 ab
512 1368 745 1437 impuris
762 1366 1108 1421 ethnicorum
1133 1364 1515 1426 initiamentis,
1536 1378 1658 1432 quae
1677 1361 1811 1417 tanti

268 1463 422 1517 fecere
467 1459 770 1523 Platonici,
802 1458 961 1511 tetris
1006 1470 1285 1526 magorum
1318 1454 1531 1509 artibus
1576 1467 1686 1522 prae
1709 1465 1814 1505 (ξτες

270 1554 376 1607 teris
404 1551 726 1618 mancipati.
762 1548 833 1605 Ut
884 1548 1028 1602 enim
1055 1546 1222 1602 certis
1246 1545 1567 1616 quibusdam
1619 1543 1814 1598 ritibus

263 1662 317 1700 ac
346 1645 691 1699 caeremoniis
734 1643 1018 1713 gentilium
1046 1650 1237 1711 mysta:
1279 1637 1636 1695 secretiorum
1674 1650 1812 1705 quo-

261 1753 465 1807 rumque
486 1750 776 1792 sacrorum
793 1736 1088 1805 participes
1104 1732 1301 1793 effecti.
1329 1728 1680 1801 perfectionis
1698 1728 1813 1797 api-

258 1846 360 1885 rem
396 1831 653 1899 attigisse
687 1829 1087 1884 censebantur:
1119 1826 1202 1881 sic
1238 1833 1295 1879 et
1331 1822 1474 1892 apud
1517 1820 1814 1875 Marcosios

256 1926 335 1994 qui
352 1924 746 1994 redemptionis
763 1921 955 1976 ritibus
978 1918 1140 1975 semel
1166 1918 1462 1972 defunctus
1485 1930 1812 1971 arcanorum

258 2026 401 2070 sectae
416 2016 685 2071 conscius
709 2015 887 2069 factus
915 2014 1114 2076 fuerat,
1139 2011 1204 2066 ad
1226 2010 1577 2075 perfectionis
1600 2010 1814 2065 culmen

256 2120 460 2164 evectus
485 2109 933 2164 existimabatur.
954 2108 1090 2162 Hinc
1112 2107 1445 2162 initiationes
1467 2102 1701 2158 ethnicis
1735 2101 1817 2153 di—

254 2213 343 2254 cta:
359 2200 593 2267 τελεταὶ,
633 2201 757 2270 quia
786 2199 1177 2268 perfectionem
1204 2198 1399 2253 alferre
1425 2195 1812 2257 credebantur;

256 2293 513 2347 Marcosiis
559 2306 700 2347 vero
748 2289 1171 2360 ἀπολυτρώσεις,
1226 2292 1368 2359 quod
1424 2288 1699 2341 hominem
1747 2286 1815 2338 ah

254 2387 381 2438 omni
423 2384 789 2438 mortalitatis
824 2381 980 2445 faece,
1013 2392 1067 2436 et
1104 2380 1579 2448 imperfeclionum
1626 2377 1813 2430 radice

252 2476 574 2545 ignorantia,
614 2474 934 2529 liberarent.
971 2474 1196 2527 Easdem
1223 2471 1334 2525 suis
1371 2469 1695 2538 frequenter
1728 2467 1813 2521 in—

254 2568 527 2622 culeabant
547 2566 852 2632 Platonici,
886 2582 986 2622 ceu
1020 2566 1084 2620 ad
1108 2566 1304 2617 animae
1325 2562 1701 2632 purgationem
1728 2574 1817 2628 ap-

250 2661 405 2730 prime
453 2660 832 2716 necessarias:
868 2670 1135 2728 quatenus
1168 2655 1438 2727 religiosis
1484 2654 1702 2718 ritibus,
1759 2662 1816 2705 ut

251 2754 522 2817 meabant,
554 2761 863 2820 expurgatu
891 2751 1097 2810 anima.
1127 2759 1249 2818 apta
1298 2748 1560 2802 evaderet
1598 2748 1661 2799 ad
1685 2744 1814 2797 deos

250 2844 617 2913 suscipiendos
645 2843 992 2911 fatidicaeque
1017 2856 1202 2897 eorum
1228 2838 1513 2909 potestatis
1545 2837 1817 2906 particeps

252 2939 407 2992 ﬁeret.
428 2939 679 3008 Legatur
708 2936 1071 2996 Jamblichus,
1094 2945 1226 2989 sect.
1254 2949 1339 2997 ιιι,
1358 2949 1389 2985 v
1415 2942 1469 2985 et
1493 2948 1546 2987 χ.
1569 2929 1673 2984 Sed
1704 2932 1813 2984 sic-

251 3027 314 3081 uti
357 3043 419 3083 ex
467 3027 749 3081 haereticis
806 3027 977 3095 aliqui
1013 3026 1196 3080 divina
1250 3023 1509 3094 mysteria
1561 3035 1659 3089 per
1728 3037 1813 3077 res

972 318 1428 381 DISSERTATIO
1462 320 1503 383 l,
1540 314 1700 371 Αιιτ.
1738 308 1826 371 lll,
1865 306 1952 360 DE
1988 301 2353 360 VALENTle
2394 297 2785 355 MAGISTRIS.

1837 437 1884 493 Α
1911 430 2168 500 quidquid
2190 427 2431 498 egissent
2464 425 2515 478 in
2540 424 2641 476 hac
2662 422 2794 485 vita,
2820 433 2848 472 a
2870 417 3055 490 judice
3079 430 3179 472 nec
3203 416 3488 484 prehendi,

3389 290 3491 346 “8

1914 537 2015 576 nec
2047 519 2289 589 conspici
2322 526 2566 585 possent.
2604 512 2911 581 Eapropter
2945 510 3127 564 omnia
3181 508 3283 562 sibi
3325 506 3492 563 licere

1914 614 2187 675 arbitrati,
2214 610 2512 664 facinorum
2539 605 2779 658 omnium
2811 618 2876 656 ac
2902 601 3191 656 libidinum
3209 613 3368 654 caeno
3394 616 3493 654 vo-

1913 701 2071 757 lutari
2090 718 2197 757 non
2214 693 2789 764 erubescebantallzec
2811 702 2968 749 erant
2984 690 3201 746 exitiosi
3220 690 3493 759 dogmatis

1911 795 2218 852 necessaria
2255 789 2592 848 consectaria
2621 829 2635 852 ,
2668 798 2726 842 ut
2776 785 2885 855 jam
2918 785 3292 855 exposuimus.
3336 782 3493 851 Quod

1912 902 2042 943 vero
2068 888 2318 942 barbaris
2349 887 2675 955 quibusdam
2707 882 2951 945 vocibus,
2986 877 3407 949 peregrinisque
3430 892 3495 931 ac

1913 980 2148 1036 insolitis
2177 980 2470 1034 verborum
2496 978 2745 1033 formulis
2779 974 3024 1030 hatretici
3059 986 3186 1027 suos
3215 971 3495 1024 initiantes

1913 1082 2224 1137 uterentur,
2254 1069 2679 1144 Pythagoricum
2712 1070 2879 1124 etiam
2912 1062 3491 1121 etPlatonicumerat.

1913 1167 2053 1234 Quid
2102 1174 2155 1220 et
2184 1175 2446 1233 quantum
2476 1160 2745 1233 ejusmodi
2784 1157 3071 1213 vocabulis
3120 1157 3172 1211 in
3205 1155 3493 1225 gentilium

1912 1257 2089 1313 sacris
2136 1255 2398 1311 adhibitis
2446 1254 2749 1308 tribuerent
2780 1251 3109 1322 Pythagorae
3160 1258 3215 1301 et
3249 1244 3494 1300 Platonis

1915 1345 2197 1416 discipuli,
2230 1353 2417 1399 notum
2452 1352 2535 1397 est
2563 1357 2631 1397 ex
2659 1341 2948 1412 Porphyrii
2974 1336 3201 1408 cpistola
3238 1337 3307 1390 ad
3348 1335 3496 1389 Ane-

1913 1442 2133 1503 bouem,
2160 1448 2214 1491 et
2241 1434 2564 1494 Jamblicho,
2586 1444 2726 1489 sect.
2766 1447 2864 1497 vit,
2891 1446 3010 1501 cap.
3033 1430 3068 1484 4
3112 1438 3165 1483 et
3198 1429 3251 1494 5,
3278 1437 3336 1481 ut
3356 1426 3497 1481 alios

1912 1538 2144 1584 taceam.
2172 1528 2244 1581 Ea
2279 1522 2963 1591 licetmortalibusignota,
2992 1534 3156 1573 sensu
3173 1517 3497 1586 plerumque

1914 1638 2107 1686 vacua,
2140 1630 2195 1675 et
2229 1617 2628 1687 significatione
2669 1629 2852 1677 cassa,
2902 1627 3013 1682 prae
3056 1610 3267 1664 caeteris
3311 1617 3494 1662 tamen

1915 1715 2203 1770 convenire
2221 1710 2420 1765 divinis
2446 1706 2873 1764 existimabant:
2905 1715 3017 1757 tum
3035 1701 3180 1771 quod
3200 1703 3251 1754 in
3272 1700 3509 1769 Assyria.

1918 1820 1970 1865 et
2012 1808 2245 1879 Egypto
2277 1806 2487 1873 pridem
2538 1810 2821 1869 usurpata,
2854 1801 2942 1853 ubi
2980 1800 3215 1869 primum
3263 1797 3505 1851 deorum

1918 1903 2097 1957 cultus
2127 1882 2380 1964 efﬂoruit,
2415 1901 2608 1969 hisque
2659 1898 2837 1965 majus
2886 1909 2950 1948 ac
3001 1890 3343 1961 frequentius
3368 1904 3495 1941 cum

1921 1995 2243 2051 mortalibus
2302 1994 2620 2047 intercessit
2670 1989 3117 2052 commercium,
3149 2001 3214 2040 ea
3280 1984 3517 2039 ueteris.

1917 2089 2169 2145 omnibus
2192 2087 2527 2153 antiquiora,
2555 2086 2769 2152 diisque
2804 2083 3017 2137 notiora
3045 2095 3108 2134 ac
3138 2076 3507 2133 familiariora»

1920 2195 2040 2234 esse
2072 2178 2410 2232 viderentur.
2441 2177 2649 2242 Quibus
2691 2174 2884 2228 iisdem
2927 2171 3231 2227 rationibus
3260 2168 3517 2240 permoti.

1918 2270 2198 2330 Marcosii.
2231 2265 2526 2328 llehraica,
2556 2263 2851 2319 Chaldaica
2884 2271 2940 2317 et
2972 2264 3205 2333 Syriaca
3230 2260 3505 2317 vocabula,

1918 2363 2042 2415 aliis
2068 2361 2323 2415 omnibus
2371 2357 2799 2426 anteponebant;
2841 2355 2984 2424 quod
3021 2356 3086 2409 iis
3112 2355 3353 2408 omnium
3385 2352 3499 2421 pri-

1920 2453 2020 2507 mis
2053 2462 2106 2507 et
2155 2448 2580 2519 antiquissimis,
2630 2446 2855 2503 oracula
2895 2461 2992 2498 sua
3052 2443 3281 2499 fudisset
3330 2443 3495 2509 Deus,

1919 2561 2092 2615 caque
2123 2543 2242 2599 δοιιί
2278 2541 2572 2597 insolentia
2609 2538 2933 2594 incutiendo
2975 2537 3355 2608 imperitorum
3399 2550 3495 2606 pe-

1918 2638 2159 2693 ctoribus
2196 2636 2391 2689 terrori
2428 2634 2641 2702 aptiora
2688 2640 2897 2686 essent.

1986 2729 2076 2784 95.
2114 2727 2390 2781 Hactenus
2421 2725 2712 2780 recensitis
2743 2739 2907 2794 quam
2940 2732 3209 2778 accurate
3249 2722 3366 2776 fieri
3398 2736 3497 2789 po-

1920 2824 2042 2889 tuit,
2077 2821 2142 2876 iis
2160 2836 2299 2891 quos
2327 2819 2563 2873 lrenazus
2596 2815 2891 2872 Valentino
2924 2816 3116 2871 tribuit
3171 2812 3453 2884 discipulis
3475 2853 3498 2878 ν

1919 2917 1985 2971 ad
2017 2926 2374 2982 utrorumque
2405 2911 2697 2981 magistros
2729 2924 2912 2964 sermo
2932 2922 3054 2963 cum
3083 2907 3274 2962 eodem
3304 2906 3499 2961 confe-

1920 3009 2144 3062 rendus.
2194 3005 2340 3060 Nihil
2378 3006 2578 3075 quippe
2609 3001 2906 3068 efﬁcacius,
2939 3010 2993 3057 et
3020 3001 3220 3055 merito
3246 3000 3498 3071 quidem,

250 3120 456 3175 sensile;
492 3130 549 3174 et
586 3131 892 3187 corporeas
922 3119 1229 3186 pet-agenda
1264 3132 1384 3172 esse
1407 3117 1704 3185 negabam;
1737 3116 1814 3170 sic
1843 3122 1888 3183 ς
1920 3103 2020 3173 ipsi
2050 3102 2224 3155 visum
2249 3109 2334 3155 est
2362 3099 2430 3153 ad
2458 3096 2968 3152 Valentinianorum
2999 3094 3273 3149 insaniam
3308 3103 3495 3149 retun-

251 3212 397 3265 etiam
428 3226 494 3267 ex
534 3211 843 3265 Platonicis
876 3209 1121 3280 quidam,
1153 3218 1211 3263 ut
1238 3207 1595 3279 Porphyrius,
1625 3208 1815 3262 existi-

251 3303 457 3357 mabant
492 3318 661 3357 usum
693 3316 879 3356 rerum
918 3300 1305 3363 materialium,
1358 3302 1409 3354 iu
1440 3301 1635 3363 sacris,
1669 3299 1813 3353 haud

248 3407 532 3463 congruum
569 3409 702 3448 esse
747 3393 873 3458 diis,
910 3392 1004 3461 qui
1036 3407 1063 3445 a
1098 3392 1326 3446 materia
1351 3393 1573 3445 omnino
1612 3394 1813 3447 secreti

249 3486 521 3540 exsistunt.
540 3486 607 3538 Id
627 3501 755 3539 vero
769 3486 868 3539 sibi
893 3484 960 3539 de
978 3497 1072 3536 sua
1095 3485 1464 3551 redemptione
1478 3487 1748 3554 spoudeha
1760 3494 1818 3540 nt

252 3578 503 3640 Marcosii,
540 3588 612 3632 ut
644 3593 768 3632 eum
805 3562 1158 3646 perfectionis
1190 3580 1441 3645 gradum.
1476 3578 1814 3646 perfectissi-

250 3685 375 3723 mam
403 3671 664 3725 videlicet
695 3680 751 3724 et
777 3671 1023 3724 numeris
1053 3669 1308 3723 omnibus
1338 3670 1669 3735 absolutam,
1707 3685 1813 3739 qua

251 3764 345 3815 sola
371 3772 477 3817 stat
502 3764 690 3826 salus,
714 3763 1079 3831 cognitionem
1114 3761 1406 3817 ineliahilis
1431 3762 1677 3824 Virtutis.
1705 3779 1813 3833 quo

251 3868 307 3906 ne
323 3850 537 3920 quidem
553 3853 730 3908 Petro
749 3862 805 3908 et
832 3852 1020 3919 Paulo,
1066 3863 1160 3908 aut
1198 3854 1288 3908 alii
1321 3855 1497 3909 cuivis
1534 3856 1811 3923 apostolo-

252 3957 353 3996 rum
373 3947 471 4013 [sic
496 3945 993 4014 blasphemabant)
1015 3947 1297 4015 pervenire
1313 3944 1395 4000 fas
1417 3947 1536 4013 fuit,
1557 3947 1810 4011 assecuti;

250 4048 334 4088 nec
363 4036 506 4101 hinc,
564 4035 814 4105 quandiu
863 4035 1128 4096 viverent.
1180 4037 1457 4101 excidere,
1489 4051 1591 4091 nec
1618 4036 1813 4104 quavis

251 4129 504 4181 mundana
537 4135 817 4197 potestate
848 4135 971 4195 post
1008 4139 1238 4182 mortem
1267 4128 1532 4181 retardari
1571 4137 1810 4197 possent,

250 4219 361 4285 quin
393 4220 705 4273 destinatas
736 4217 838 4272 sibi
872 4219 924 4271 in
954 4217 1263 4274 Pleromate
1312 4221 1471 4273 sedes
1515 4221 1698 4273 statim
1725 4234 1816 4274 ca-

248 4320 529 4374 pesserent.
580 4310 997 4380 Bcdemplionis
1035 4312 1177 4365 enim
1223 4312 1489 4367 beneﬁcio
1539 4313 1699 4379 ellici,
1735 4324 1811 4379 ut,

1838 4436 1904 4451 ᾔ

1921 3196 2175 3258 dentiam,
2206 3209 2369 3263 quam
2399 3200 2456 3246 ut
2488 3192 2746 3246 infamem
2777 3204 2964 3244 eorum
2997 3188 3264 3257 originem
3297 3187 3494 3256 prode-

1922 3295 2026 3352 ret,
2058 3301 2173 3353 seu,
2204 3293 2263 3339 ut
2292 3285 2472 3339 verbis
2502 3283 2646 3338 illius
2671 3292 2817 3346 utar,
2845 3280 3494 3351 referretSpurcissimum

1925 3380 2120 3447 {autent
2150 3386 2201 3429 et
2229 3376 2455 3429 radicem
2479 3391 2682 3439 eorum,
2715 3375 2793 3426 uti
2816 3373 3195 3442 intelligeretur
3217 3371 3400 3435 arbor,
3430 3370 3497 3426 de

1922 3491 2027 3543 qua
2053 3474 2385 3541 deﬂuxerunt
2410 3471 2541 3524 tales
2573 3470 2778 3539 fructus
2801 3467 2843 3522 ⁸.
2878 3467 3053 3523 Veros
3076 3468 3344 3535 siquidem
3370 3466 3497 3519 stir-

1924 3568 2006 3635 pis
2038 3581 2148 3620 sua:
2177 3575 2453 3626 auctores,
2485 3561 2761 3616 Simonem
2786 3570 2843 3614 et
2872 3559 3254 3623 Menandrum,
3297 3556 3494 3612 erube-

1924 3658 2148 3714 scebant
2212 3655 2597 3720 Valentiniani,
2629 3663 2684 3707 et
2712 3664 2822 3707 tam
2875 3655 3168 3723 probrosos
3200 3651 3495 3720 magistros

1919 3753 2093 3817 omni,
2119 3764 2225 3821 quo
2249 3760 2519 3820 poterant,
2544 3758 2743 3803 conatu
2773 3746 3151 3817 repudiabant.
3177 3742 3284 3798 Hos
3312 3751 3494 3796 tamen

1914 3861 2207 3918 germanos
2226 3858 2413 3898 eorum
2433 3858 2497 3911 pa
2507 3852 2686 3898 rentes
2704 3841 2998 3904 exstitisse,
3016 3837 3238 3903 vellent,
3269 3836 3498 3903 nollent,

1911 3939 2117 3993 invicte
2166 3937 2588 3992 demonstrabat
2629 3945 2743 3988 tum
2801 3931 3113 4001 dogmatum
3157 3926 3447 3984 consensio
3476 3969 3492 3991 .

1914 4040 2027 4086 tum
2054 4030 2314 4085 continua
2346 4042 2445 4084 nec
2479 4028 2787 4094 interrupta
2832 4037 2863 4076 a
2895 4020 3122 4076 Simone
3153 4017 3221 4073 ad
3256 4016 3499 4072 Valenti-

1912 4137 2039 4179 num
2092 4120 2403 4178 scholarum
2464 4116 2847 4174 lmreticarum
2897 4112 3196 4177 successio,
3234 4124 3265 4165 a
3296 4109 3498 4180 quibus

1909 4227 1965 4274 et
2008 4219 2063 4273 in
2093 4217 2292 4286 quibus
2324 4216 2411 4271 hic
2445 4213 2709 4284 quidquid
2759 4210 3103 4285 postmodum
3160 4202 3451 4262 hlatcravit
3475 4239 3507 4265 ,,

1930 4319 2206 4367 mutuatus
2235 4322 2335 4366 est.

1392 4546 2076 4639 ARTICULUS
2155 4546 2341 4632 Ill.

1316 4730 1419 4791 DE
1475 4731 1911 4794 VALENTINI
1963 4725 2413 4792 MAGISTRIS.

730 4986 769 5040 Ι.
800 4985 874 5039 De
915 4986 1132 5042 Simone
1166 4988 1344 5058 Mago.

308 5080 389 5135 36.
424 5080 648 5145 Simon,
670 5088 824 5145 pater
843 5080 1070 5132 omnium
1090 5080 1482 5145 Iurreticorum,
1505 5101 1532 5136 ιι
1554 5099 1658 5153 quo
1675 5083 1815 5140 Gno-

250 5172 352 5226 slici
378 5190 559 5227 omnes
591 5171 755 5224 initia
790 5181 1075 5235 sumentes,
1113 5172 1275 5241 impia
1320 5183 1367 5226 et
1395 5175 1693 5244 irreligiosa
1722 5178 1817 5229 do-

249 5276 405 5329 gmata
423 5268 765 5319 induxerunt
787 5265 841 5317 in
858 5264 993 5318 hanc
1017 5265 1200 5331 vitam,
1226 5266 1433 5323 Gitthis
1448 5268 1575 5325 olim
1596 5272 1814 5341 oppido,

252 5355 517 5424 Epiphanii
549 5367 722 5413 aetate
767 5356 887 5412 vico
906 5355 1460 5419 Samaritemriundus
1484 5360 1647 5416 fuit'.
1680 5362 1817 5415 Tan-

1852 5004 1896 5058 ι)
1926 5006 2048 5045 eum
2072 5005 2172 5060 pro
2199 4985 2500 5057 magnaDei
2526 4982 2761 5044 Virtute,
2785 4979 2838 5034 id
2859 4987 3231 5045 estsupremo
3245 4973 3491 5031 omnium

1920 5080 2108 5143 Patre,
2142 5081 2426 5133 haberent.
2470 5075 2521 5125 Α
2549 5086 2686 5126 vero
2709 5069 2873 5125 simili
2911 5085 3027 5126 non
3054 5069 3335 5132 abhorret,
3366 5079 3490 5121 cum

1922 5174 1975 5227 in
2032 5170 2344 5226 liberalibus
2401 5165 2741 5235 disciplinis,
2765 5179 2828 5218 ac
2871 5161 3153 5217 Platonica
3184 5157 3491 5228 praesertim

1918 5262 2285 5335 philosophia,
2318 5274 2438 5331 quae
2469 5269 2579 5311 tum
2616 5256 2759 5327 apud
2780 5253 2999 5309 Iudaeos
3043 5251 3491 5322 inoleverat,non

1917 5354 2285 5425 pmnitendam
2329 5364 2549 5419 operam
2583 5347 2851 5417 posuisse.
2886 5345 2942 5398 ιιι
2982 5343 3213 5399 suadent
3246 5350 3357 5395 tum
3391 5353 3495 5391 au.-

253 5454 347 5499 ιιιιιι
371 5450 517 5518 apud
550 5448 855 5518 populares
878 5462 1007 5502 suos
1027 5449 1252 5516 magicis
1277 5451 1511 5518 artibus,
1538 5454 1589 5506 in
1622 5454 1820 5522 quibus
1917 5448 2145 5503 ctoritas
2176 5461 2241 5499 ac
2270 5442 2500 5498 dicendi.
2522 5441 2743 5505 ﬁducia,
2792 5438 2992 5509 quibus
3018 5434 3335 5490 ementitam
3392 5446 3492 5499 po-

252 5542 492 5606 rqualein
529 5541 748 5594 nullum
780 5540 1035 5605 habebat,
1086 5541 1280 5605 valuit,
1325 5555 1383 5597 ut
1414 5546 1795 5600 dcmentantes

1921 5549 2173 5594 testatem
2199 5536 2489 5590 venditans
2510 5534 2684 5605 plebis
2719 5531 2936 5585 animos
2966 5528 3045 5583 ad.
3066 5541 3125 5582 se
3162 5524 3492 5595 pelleserat,

483 5728 737 5805 in",le
764 5723 969 5805 .Joanl
990 5741 1046 5805 ιι.
1069 5724 1223 5805 _255:_
1273 5725 1293 5754 '
1324 5723 1443 5777 Lih.
1486 5739 1605 5805 l,m(.:.
1637 5722 1729 5805 ἓξ.
1761 5740 1815 5805 n.
1846 5722 1955 5805 2..”
1998 5720 2017 5750 "
2061 5718 2202 5805 Vide.
2228 5718 2393 5785 lren.,
2427 5719 2522 5774 lib.
2555 5734 2641 5785 ιιι,
2672 5714 2843 5787 Praef;
2890 5717 2987 5783 ld.,
3039 5716 3134 5772 lib.
3180 5730 3238 5775 ιι.
3288 5710 3487 5777 Prat;

252 5790 429 5851 lustin.
481 5796 585 5863 51.,
641 5796 800 5867 Apol.
837 5812 889 5862 t;
930 5790 1147 5865 Epiph.,
1183 5794 1323 5851 llmr.
1358 5810 1481 5859 ut;
1514 5794 1869 5857 Theodoret.,
1902 5791 1993 5846 lib.
2026 5799 2144 5855 t,‘c.
2183 5791 2251 5844 ι.-
