  <div class='ocr_page' id='page_1' title='image "/cluster/home/n/w/nwhite01/storage/ocr_20150623/7/hvd.32044019206614/067.png"; bbox 0 0 3954 6352; ppageno 0'>
   <div class='ocr_carea' id='block_1_1' title="bbox 509 344 2055 419">
    <p class='ocr_par' dir='ltr' id='par_1_1' title="bbox 509 347 2055 419">
     <span class='ocr_line' id='line_1_1' title="bbox 509 347 2055 419; baseline -0.003 -13"><span class='ocrx_word' id='word_1_1' title='bbox 509 351 613 408; x_wconf 76' lang='lat'><strong>“9</strong></span> <span class='ocrx_word' id='word_1_2' title='bbox 1319 347 1913 419; x_wconf 81' lang='lat' dir='ltr'><strong>DISSERTATIONES</strong></span> <span class='ocrx_word' id='word_1_3' title='bbox 1949 348 2055 402; x_wconf 64' lang='lat' dir='ltr'><strong>PR.</strong></span> 
     </span>
    </p>
   </div>
   <div class='ocr_carea' id='block_1_2' title="bbox 2162 344 3717 419">
    <p class='ocr_par' dir='ltr' id='par_1_2' title="bbox 2164 344 3717 406">
     <span class='ocr_line' id='line_1_2' title="bbox 2164 344 3717 406; baseline 0.003 -5"><span class='ocrx_word' id='word_1_4' title='bbox 2164 346 2253 401; x_wconf 76' lang='lat' dir='ltr'><strong>UE</strong></span> <span class='ocrx_word' id='word_1_5' title='bbox 2292 346 2358 402; x_wconf 85' lang='lat' dir='ltr'><strong>IN</strong></span> <span class='ocrx_word' id='word_1_6' title='bbox 2393 345 2647 401; x_wconf 65' lang='lat' dir='ltr'><strong>[BENE]</strong></span> <span class='ocrx_word' id='word_1_7' title='bbox 2683 344 2947 402; x_wconf 80' lang='lat' dir='ltr'><strong>LIBROS.</strong></span> <span class='ocrx_word' id='word_1_8' title='bbox 3630 350 3717 406; x_wconf 68' lang='lat'><strong>120</strong></span> 
     </span>
    </p>
   </div>
   <div class='ocr_carea' id='block_1_3' title="bbox 507 462 3715 535">
    <p class='ocr_par' dir='ltr' id='par_1_3' title="bbox 507 462 3715 535">
     <span class='ocr_line' id='line_1_3' title="bbox 507 462 3715 535; baseline -0 -12"><span class='ocrx_word' id='word_1_9' title='bbox 507 479 622 523; x_wconf 92' lang='lat' dir='ltr'><strong>tum</strong></span> <span class='ocrx_word' id='word_1_10' title='bbox 646 481 708 521; x_wconf 88' lang='lat' dir='ltr'><strong>ea</strong></span> <span class='ocrx_word' id='word_1_11' title='bbox 740 480 860 534; x_wconf 73' lang='lat' dir='ltr'><strong>qua:</strong></span> <span class='ocrx_word' id='word_1_12' title='bbox 891 464 1135 535; x_wconf 98' lang='lat' dir='ltr'><strong>vulgavit</strong></span> <span class='ocrx_word' id='word_1_13' title='bbox 1162 466 1439 535; x_wconf 75' lang='lat' dir='ltr'><strong>dogmata,</strong></span> <span class='ocrx_word' id='word_1_14' title='bbox 1477 464 1776 520; x_wconf 87' lang='lat' dir='ltr'><strong>Piatonicis</strong></span> <span class='ocrx_word' id='word_1_15' title='bbox 1807 465 1947 519; x_wconf 89' lang='lat' dir='ltr'><strong>haud</strong></span> <span class='ocrx_word' id='word_1_16' title='bbox 1971 463 2084 520; x_wconf 86' lang='lat' dir='ltr'><strong>dis-</strong></span> <span class='ocrx_word' id='word_1_17' title='bbox 2111 469 2159 527; x_wconf 78' lang='grc' dir='ltr'>Α</span> <span class='ocrx_word' id='word_1_18' title='bbox 2186 479 2387 535; x_wconf 86' lang='lat' dir='ltr'><strong>sangus</strong></span> <span class='ocrx_word' id='word_1_19' title='bbox 2404 465 2715 533; x_wconf 88' lang='lat' dir='ltr'><strong>promiscue</strong></span> <span class='ocrx_word' id='word_1_20' title='bbox 2732 465 3027 519; x_wconf 77' lang='lat' dir='ltr'><strong>diceretur.</strong></span> <span class='ocrx_word' id='word_1_21' title='bbox 3048 462 3286 530; x_wconf 84' lang='lat' dir='ltr'><strong>Quorum</strong></span> <span class='ocrx_word' id='word_1_22' title='bbox 3302 462 3715 523; x_wconf 82' lang='lat' dir='ltr'><strong>doctissimorum</strong></span> 
     </span>
    </p>
   </div>
   <div class='ocr_carea' id='block_1_4' title="bbox 505 556 3719 627">
    <p class='ocr_par' dir='ltr' id='par_1_4' title="bbox 505 556 3719 627">
     <span class='ocr_line' id='line_1_4' title="bbox 505 556 3719 627; baseline -0.001 -12"><span class='ocrx_word' id='word_1_23' title='bbox 505 557 735 621; x_wconf 85' lang='lat' dir='ltr'><strong>similia,</strong></span> <span class='ocrx_word' id='word_1_24' title='bbox 779 565 892 611; x_wconf 93' lang='lat' dir='ltr'><strong>tum</strong></span> <span class='ocrx_word' id='word_1_25' title='bbox 921 557 1157 626; x_wconf 90' lang='lat' dir='ltr'><strong>denique</strong></span> <span class='ocrx_word' id='word_1_26' title='bbox 1204 558 1381 626; x_wconf 89' lang='lat' dir='ltr'><strong>magia</strong></span> <span class='ocrx_word' id='word_1_27' title='bbox 1421 556 1535 625; x_wconf 88' lang='lat' dir='ltr'><strong>ipsa</strong></span> <span class='ocrx_word' id='word_1_28' title='bbox 1569 571 1730 625; x_wconf 89' lang='lat' dir='ltr'><strong>quam</strong></span> <span class='ocrx_word' id='word_1_29' title='bbox 1768 556 2076 623; x_wconf 84' lang='lat' dir='ltr'><strong>exercebat,</strong></span> <span class='ocrx_word' id='word_1_30' title='bbox 2184 559 2429 612; x_wconf 87' lang='lat' dir='ltr'><strong>virorum</strong></span> <span class='ocrx_word' id='word_1_31' title='bbox 2464 559 2704 613; x_wconf 86' lang='lat' dir='ltr'><strong>rationes</strong></span> <span class='ocrx_word' id='word_1_32' title='bbox 2727 556 3347 627; x_wconf 88' lang='lat' dir='ltr'><strong>expenditclarissimus</strong></span> <span class='ocrx_word' id='word_1_33' title='bbox 3368 556 3719 617; x_wconf 84' lang='lat' dir='ltr'><strong>Tillemontius</strong></span> 
     </span>
    </p>
   </div>
   <div class='ocr_carea' id='block_1_5' title="bbox 506 645 3718 722">
    <p class='ocr_par' dir='ltr' id='par_1_5' title="bbox 506 645 3718 722">
     <span class='ocr_line' id='line_1_5' title="bbox 506 645 3718 722; baseline 0.001 -18"><span class='ocrx_word' id='word_1_34' title='bbox 506 647 810 704; x_wconf 88' lang='lat' dir='ltr'><strong>Platonicis</strong></span> <span class='ocrx_word' id='word_1_35' title='bbox 836 662 902 702; x_wconf 88' lang='lat' dir='ltr'><strong>eo</strong></span> <span class='ocrx_word' id='word_1_36' title='bbox 934 657 1181 718; x_wconf 91' lang='lat' dir='ltr'><strong>tempore</strong></span> <span class='ocrx_word' id='word_1_37' title='bbox 1198 646 1503 711; x_wconf 81' lang='lat' dir='ltr'><strong>familiaris,</strong></span> <span class='ocrx_word' id='word_1_38' title='bbox 1537 658 1589 701; x_wconf 92' lang='lat' dir='ltr'><strong>et</strong></span> <span class='ocrx_word' id='word_1_39' title='bbox 1618 646 1669 700; x_wconf 92' lang='lat' dir='ltr'><strong>in</strong></span> <span class='ocrx_word' id='word_1_40' title='bbox 1695 645 1855 699; x_wconf 87' lang='lat' dir='ltr'><strong>laude</strong></span> <span class='ocrx_word' id='word_1_41' title='bbox 1884 646 2077 714; x_wconf 86' lang='lat' dir='ltr'><strong>posita:</strong></span> <span class='ocrx_word' id='word_1_42' title='bbox 2185 648 2214 700; x_wconf 82' lang='grc' dir='ltr'><strong>ὁ</strong></span> <span class='ocrx_word' id='word_1_43' title='bbox 2240 648 2570 722; x_wconf 81' lang='grc' dir='ltr'><strong>μακαρίτης,</strong></span> <span class='ocrx_word' id='word_1_44' title='bbox 2611 665 2674 704; x_wconf 90' lang='lat' dir='ltr'><strong>ac</strong></span> <span class='ocrx_word' id='word_1_45' title='bbox 2703 664 2800 718; x_wconf 92' lang='lat' dir='ltr'><strong>pro</strong></span> <span class='ocrx_word' id='word_1_46' title='bbox 2825 662 2887 703; x_wconf 90' lang='lat' dir='ltr'><strong>ea</strong></span> <span class='ocrx_word' id='word_1_47' title='bbox 2912 663 3017 717; x_wconf 89' lang='lat' dir='ltr'><strong>qua</strong></span> <span class='ocrx_word' id='word_1_48' title='bbox 3048 647 3190 703; x_wconf 88' lang='lat' dir='ltr'><strong>valet</strong></span> <span class='ocrx_word' id='word_1_49' title='bbox 3211 648 3406 702; x_wconf 88' lang='lat' dir='ltr'><strong>eximia</strong></span> <span class='ocrx_word' id='word_1_50' title='bbox 3440 650 3718 706; x_wconf 83' lang='lat' dir='ltr'><strong>eruditione</strong></span> 
     </span>
    </p>
   </div>
   <div class='ocr_carea' id='block_1_6' title="bbox 504 736 3708 812">
    <p class='ocr_par' dir='ltr' id='par_1_6' title="bbox 504 736 3708 812">
     <span class='ocr_line' id='line_1_6' title="bbox 504 736 3708 812; baseline -0.002 -13"><span class='ocrx_word' id='word_1_51' title='bbox 504 747 697 812; x_wconf 82' lang='lat' dir='ltr'><strong>itaque</strong></span> <span class='ocrx_word' id='word_1_52' title='bbox 720 741 1114 797; x_wconf 90' lang='lat' dir='ltr'><strong>Platonismum</strong></span> <span class='ocrx_word' id='word_1_53' title='bbox 1140 757 1262 796; x_wconf 92' lang='lat' dir='ltr'><strong>cum</strong></span> <span class='ocrx_word' id='word_1_54' title='bbox 1298 741 1770 795; x_wconf 83' lang='lat' dir='ltr'><strong>Samaritanorum</strong></span> <span class='ocrx_word' id='word_1_55' title='bbox 1792 754 1855 793; x_wconf 90' lang='lat' dir='ltr'><strong>ac</strong></span> <span class='ocrx_word' id='word_1_56' title='bbox 1875 738 2083 795; x_wconf 68' lang='lat' dir='ltr'><strong>Judzeo-</strong></span> <span class='ocrx_word' id='word_1_57' title='bbox 2182 751 2236 795; x_wconf 91' lang='lat' dir='ltr'><strong>et</strong></span> <span class='ocrx_word' id='word_1_58' title='bbox 2269 739 2603 808; x_wconf 87' lang='lat' dir='ltr'><strong>acrijudicio</strong></span> <span class='ocrx_word' id='word_1_59' title='bbox 2634 738 2900 802; x_wconf 90' lang='lat' dir='ltr'><strong>confutat,</strong></span> <span class='ocrx_word' id='word_1_60' title='bbox 2921 740 2971 791; x_wconf 88' lang='lat' dir='ltr'><strong>in</strong></span> <span class='ocrx_word' id='word_1_61' title='bbox 3006 739 3121 793; x_wconf 83' lang='lat' dir='ltr'><strong>suis</strong></span> <span class='ocrx_word' id='word_1_62' title='bbox 3160 738 3214 793; x_wconf 90' lang='lat' dir='ltr'><strong>in</strong></span> <span class='ocrx_word' id='word_1_63' title='bbox 3247 737 3436 793; x_wconf 86' lang='lat' dir='ltr'><strong>tom.ll</strong></span> <span class='ocrx_word' id='word_1_64' title='bbox 3461 736 3708 794; x_wconf 73' lang='lat' dir='ltr'><strong>Continen-</strong></span> 
     </span>
    </p>
   </div>
   <div class='ocr_carea' id='block_1_7' title="bbox 506 828 3714 911">
    <p class='ocr_par' dir='ltr' id='par_1_7' title="bbox 506 828 3714 911">
     <span class='ocr_line' id='line_1_7' title="bbox 506 828 3714 911; baseline -0.001 -22"><span class='ocrx_word' id='word_1_65' title='bbox 506 855 628 894; x_wconf 83' lang='lat' dir='ltr'><strong>rum</strong></span> <span class='ocrx_word' id='word_1_66' title='bbox 682 837 840 911; x_wconf 75' lang='lat' dir='ltr'><strong>[LIV]</strong></span> <span class='ocrx_word' id='word_1_67' title='bbox 888 839 1148 908; x_wconf 80' lang='lat' dir='ltr'><strong>religione</strong></span> <span class='ocrx_word' id='word_1_68' title='bbox 1191 839 1476 892; x_wconf 84' lang='lat' dir='ltr'><strong>miscuisse</strong></span> <span class='ocrx_word' id='word_1_69' title='bbox 1506 838 1737 891; x_wconf 80' lang='lat' dir='ltr'><strong>videtur.</strong></span> <span class='ocrx_word' id='word_1_70' title='bbox 1770 836 1905 891; x_wconf 80' lang='lat' dir='ltr'><strong>Cum</strong></span> <span class='ocrx_word' id='word_1_71' title='bbox 1952 852 2080 892; x_wconf 83' lang='lat' dir='ltr'><strong>vero</strong></span> <span class='ocrx_word' id='word_1_72' title='bbox 2181 833 2442 884; x_wconf 83' lang='lat' dir='ltr'><strong>tariorunt</strong></span> <span class='ocrx_word' id='word_1_73' title='bbox 2462 833 2518 884; x_wconf 79' lang='lat' dir='ltr'><strong>in</strong></span> <span class='ocrx_word' id='word_1_74' title='bbox 2540 829 2685 884; x_wconf 74' lang='lat' dir='ltr'><strong>Hist.</strong></span> <span class='ocrx_word' id='word_1_75' title='bbox 2708 829 2892 884; x_wconf 72' lang='lat' dir='ltr'><strong>coclea.</strong></span> <span class='ocrx_word' id='word_1_76' title='bbox 2933 828 3416 892; x_wconf 86' lang='lat' dir='ltr'><strong>observationibus,</strong></span> <span class='ocrx_word' id='word_1_77' title='bbox 3450 840 3568 884; x_wconf 90' lang='lat' dir='ltr'><strong>nota</strong></span> <span class='ocrx_word' id='word_1_78' title='bbox 3588 830 3643 888; x_wconf 63' lang='grc' dir='ltr'><strong>ἓ.</strong></span> <span class='ocrx_word' id='word_1_79' title='bbox 3668 833 3714 886; x_wconf 88' lang='lat' dir='ltr'><strong>in</strong></span> 
     </span>
    </p>
   </div>
   <div class='ocr_carea' id='block_1_8' title="bbox 503 920 2055 998">
    <p class='ocr_par' dir='ltr' id='par_1_8' title="bbox 503 928 2055 998">
     <span class='ocr_line' id='line_1_8' title="bbox 503 928 2055 998; baseline -0.003 -13"><span class='ocrx_word' id='word_1_80' title='bbox 503 947 649 986; x_wconf 87' lang='lat' dir='ltr'><strong>anno</strong></span> <span class='ocrx_word' id='word_1_81' title='bbox 665 931 865 986; x_wconf 82' lang='lat' dir='ltr'><strong>Christi</strong></span> <span class='ocrx_word' id='word_1_82' title='bbox 891 930 979 994; x_wconf 71' lang='grc'><strong>54,</strong></span> <span class='ocrx_word' id='word_1_83' title='bbox 1002 930 1095 984; x_wconf 83' lang='lat' dir='ltr'><strong>lux</strong></span> <span class='ocrx_word' id='word_1_84' title='bbox 1128 929 1401 998; x_wconf 82' lang='lat' dir='ltr'><strong>Evangelii</strong></span> <span class='ocrx_word' id='word_1_85' title='bbox 1433 930 1485 983; x_wconf 90' lang='lat' dir='ltr'><strong>in</strong></span> <span class='ocrx_word' id='word_1_86' title='bbox 1514 928 1762 984; x_wconf 87' lang='lat' dir='ltr'><strong>Samaria</strong></span> <span class='ocrx_word' id='word_1_87' title='bbox 1788 943 2055 984; x_wconf 62' lang='lat' dir='ltr'><strong>coruscare</strong></span> 
     </span>
    </p>
   </div>
   <div class='ocr_carea' id='block_1_9' title="bbox 2162 920 3715 998">
    <p class='ocr_par' dir='ltr' id='par_1_9' title="bbox 2183 920 3715 992">
     <span class='ocr_line' id='line_1_9' title="bbox 2183 920 3715 992; baseline 0 -16"><span class='ocrx_word' id='word_1_88' title='bbox 2183 921 2460 977; x_wconf 86' lang='lat' dir='ltr'><strong>Simonem</strong></span> <span class='ocrx_word' id='word_1_89' title='bbox 2492 920 2856 992; x_wconf 66' lang='lat' dir='ltr'><strong>Magnanpag.</strong></span> <span class='ocrx_word' id='word_1_90' title='bbox 2892 920 3021 985; x_wconf 68' lang='lat'><strong>482,</strong></span> <span class='ocrx_word' id='word_1_91' title='bbox 3054 921 3143 974; x_wconf 90' lang='lat' dir='ltr'><strong>ubi</strong></span> <span class='ocrx_word' id='word_1_92' title='bbox 3166 921 3357 988; x_wconf 90' lang='lat' dir='ltr'><strong>probat</strong></span> <span class='ocrx_word' id='word_1_93' title='bbox 3379 921 3462 974; x_wconf 92' lang='lat' dir='ltr'><strong>vix</strong></span> <span class='ocrx_word' id='word_1_94' title='bbox 3482 936 3543 976; x_wconf 89' lang='lat' dir='ltr'><strong>ac</strong></span> <span class='ocrx_word' id='word_1_95' title='bbox 3562 936 3624 975; x_wconf 89' lang='lat' dir='ltr'><strong>ne</strong></span> <span class='ocrx_word' id='word_1_96' title='bbox 3638 923 3715 976; x_wconf 89' lang='lat' dir='ltr'><strong>vix</strong></span> 
     </span>
    </p>
   </div>
   <div class='ocr_carea' id='block_1_10' title="bbox 504 1009 2055 1094">
    <p class='ocr_par' dir='ltr' id='par_1_10' title="bbox 504 1022 2055 1094">
     <span class='ocr_line' id='line_1_10' title="bbox 504 1022 2055 1094; baseline -0.002 -16"><span class='ocrx_word' id='word_1_97' title='bbox 504 1025 792 1093; x_wconf 72' lang='lat' dir='ltr'><strong>coepisset,</strong></span> <span class='ocrx_word' id='word_1_98' title='bbox 811 1038 1051 1093; x_wconf 89' lang='lat' dir='ltr'><strong>veraque</strong></span> <span class='ocrx_word' id='word_1_99' title='bbox 1070 1022 1305 1094; x_wconf 86' lang='lat' dir='ltr'><strong>Philippi</strong></span> <span class='ocrx_word' id='word_1_100' title='bbox 1329 1024 1545 1080; x_wconf 90' lang='lat' dir='ltr'><strong>diaconi</strong></span> <span class='ocrx_word' id='word_1_101' title='bbox 1565 1023 1824 1079; x_wconf 91' lang='lat' dir='ltr'><strong>miracula</strong></span> <span class='ocrx_word' id='word_1_102' title='bbox 1841 1024 2055 1080; x_wconf 66' lang='lat' dir='ltr'><strong>Simoni;</strong></span> 
     </span>
    </p>
   </div>
   <div class='ocr_carea' id='block_1_11' title="bbox 2162 1009 3717 1094">
    <p class='ocr_par' dir='ltr' id='par_1_11' title="bbox 2181 1009 3717 1083">
     <span class='ocr_line' id='line_1_11' title="bbox 2181 1009 3717 1083; baseline 0 -18"><span class='ocrx_word' id='word_1_103' title='bbox 2181 1012 2399 1083; x_wconf 91' lang='lat' dir='ltr'><strong>quidem</strong></span> <span class='ocrx_word' id='word_1_104' title='bbox 2436 1012 2555 1067; x_wconf 83' lang='lat' dir='ltr'><strong>fieri</strong></span> <span class='ocrx_word' id='word_1_105' title='bbox 2588 1012 2852 1081; x_wconf 87' lang='lat' dir='ltr'><strong>potuisse,</strong></span> <span class='ocrx_word' id='word_1_106' title='bbox 2887 1018 2945 1063; x_wconf 89' lang='lat' dir='ltr'><strong>ut</strong></span> <span class='ocrx_word' id='word_1_107' title='bbox 2970 1019 3045 1064; x_wconf 92' lang='lat' dir='ltr'><strong>tot</strong></span> <span class='ocrx_word' id='word_1_108' title='bbox 3071 1010 3280 1079; x_wconf 90' lang='lat' dir='ltr'><strong>antiqui</strong></span> <span class='ocrx_word' id='word_1_109' title='bbox 3307 1009 3490 1065; x_wconf 84' lang='lat' dir='ltr'><strong>Patres</strong></span> <span class='ocrx_word' id='word_1_110' title='bbox 3506 1023 3565 1063; x_wconf 90' lang='lat' dir='ltr'><strong>ea</strong></span> <span class='ocrx_word' id='word_1_111' title='bbox 3593 1011 3639 1064; x_wconf 88' lang='lat' dir='ltr'><strong>in</strong></span> <span class='ocrx_word' id='word_1_112' title='bbox 3666 1026 3717 1065; x_wconf 90' lang='lat' dir='ltr'><strong>re</strong></span> 
     </span>
    </p>
   </div>
   <div class='ocr_carea' id='block_1_12' title="bbox 504 1103 3718 1182">
    <p class='ocr_par' dir='ltr' id='par_1_12' title="bbox 504 1103 3718 1182">
     <span class='ocr_line' id='line_1_12' title="bbox 504 1103 3718 1182; baseline -0.002 -17"><span class='ocrx_word' id='word_1_113' title='bbox 504 1114 817 1182; x_wconf 76' lang='lat' dir='ltr'><strong>przestigias</strong></span> <span class='ocrx_word' id='word_1_114' title='bbox 870 1114 1184 1177; x_wconf 86' lang='lat' dir='ltr'><strong>discutere;</strong></span> <span class='ocrx_word' id='word_1_115' title='bbox 1239 1127 1432 1166; x_wconf 88' lang='lat' dir='ltr'><strong>errore</strong></span> <span class='ocrx_word' id='word_1_116' title='bbox 1485 1114 1736 1182; x_wconf 81' lang='lat' dir='ltr'><strong>deposito</strong></span> <span class='ocrx_word' id='word_1_117' title='bbox 1788 1112 2079 1167; x_wconf 65' lang='lat' dir='ltr'><strong>Samaritae</strong></span> <span class='ocrx_word' id='word_1_118' title='bbox 2182 1106 2313 1175; x_wconf 88' lang='lat' dir='ltr'><strong>lapsi</strong></span> <span class='ocrx_word' id='word_1_119' title='bbox 2346 1104 2569 1169; x_wconf 77' lang='lat' dir='ltr'><strong>fuerint,</strong></span> <span class='ocrx_word' id='word_1_120' title='bbox 2600 1118 2719 1173; x_wconf 70' lang='lat' dir='ltr'><strong>quae</strong></span> <span class='ocrx_word' id='word_1_121' title='bbox 2741 1104 2912 1160; x_wconf 90' lang='lat' dir='ltr'><strong>oculis</strong></span> <span class='ocrx_word' id='word_1_122' title='bbox 2940 1103 3182 1158; x_wconf 89' lang='lat' dir='ltr'><strong>omnium</strong></span> <span class='ocrx_word' id='word_1_123' title='bbox 3222 1112 3445 1173; x_wconf 85' lang='lat' dir='ltr'><strong>pateret,</strong></span> <span class='ocrx_word' id='word_1_124' title='bbox 3470 1116 3718 1174; x_wconf 79' lang='lat' dir='ltr'><strong>quamque</strong></span> 
     </span>
    </p>
   </div>
   <div class='ocr_carea' id='block_1_13' title="bbox 501 1196 3719 1275">
    <p class='ocr_par' dir='ltr' id='par_1_13' title="bbox 501 1196 3719 1275">
     <span class='ocr_line' id='line_1_13' title="bbox 501 1196 3719 1275; baseline -0.002 -14"><span class='ocrx_word' id='word_1_125' title='bbox 501 1203 726 1261; x_wconf 87' lang='lat' dir='ltr'><strong>Christo</strong></span> <span class='ocrx_word' id='word_1_126' title='bbox 759 1220 957 1260; x_wconf 88' lang='lat' dir='ltr'><strong>nomen</strong></span> <span class='ocrx_word' id='word_1_127' title='bbox 984 1204 1198 1260; x_wconf 86' lang='lat' dir='ltr'><strong>dedere.</strong></span> <span class='ocrx_word' id='word_1_128' title='bbox 1233 1204 1254 1237; x_wconf 83' lang='lat'>&#39;</span> <span class='ocrx_word' id='word_1_129' title='bbox 1281 1204 1517 1274; x_wconf 88' lang='lat' dir='ltr'><strong>Stupens</strong></span> <span class='ocrx_word' id='word_1_130' title='bbox 1540 1215 1596 1259; x_wconf 93' lang='lat' dir='ltr'><strong>et</strong></span> <span class='ocrx_word' id='word_1_131' title='bbox 1626 1206 1740 1275; x_wconf 88' lang='lat' dir='ltr'><strong>ipse</strong></span> <span class='ocrx_word' id='word_1_132' title='bbox 1767 1203 1955 1259; x_wconf 90' lang='lat' dir='ltr'><strong>Simon</strong></span> <span class='ocrx_word' id='word_1_133' title='bbox 1983 1203 2081 1258; x_wconf 90' lang='lat' dir='ltr'><strong>de-</strong></span> <span class='ocrx_word' id='word_1_134' title='bbox 2178 1198 2445 1264; x_wconf 83' lang='lat' dir='ltr'><strong>Justinus,</strong></span> <span class='ocrx_word' id='word_1_135' title='bbox 2475 1200 2599 1252; x_wconf 90' lang='lat' dir='ltr'><strong>dum</strong></span> <span class='ocrx_word' id='word_1_136' title='bbox 2630 1196 3064 1269; x_wconf 71' lang='lat' dir='ltr'><strong>Romze‘ageret,</strong></span> <span class='ocrx_word' id='word_1_137' title='bbox 3089 1208 3144 1253; x_wconf 91' lang='lat' dir='ltr'><strong>et</strong></span> <span class='ocrx_word' id='word_1_138' title='bbox 3171 1200 3474 1272; x_wconf 75' lang='lat' dir='ltr'><strong>Apologiam</strong></span> <span class='ocrx_word' id='word_1_139' title='bbox 3505 1200 3719 1254; x_wconf 74' lang='lat' dir='ltr'><strong>conscrb</strong></span> 
     </span>
    </p>
   </div>
   <div class='ocr_carea' id='block_1_14' title="bbox 502 1290 3719 1368">
    <p class='ocr_par' dir='ltr' id='par_1_14' title="bbox 502 1290 3719 1368">
     <span class='ocr_line' id='line_1_14' title="bbox 502 1290 3719 1368; baseline 0.001 -16"><span class='ocrx_word' id='word_1_140' title='bbox 502 1298 602 1364; x_wconf 88' lang='lat' dir='ltr'><strong>dit,</strong></span> <span class='ocrx_word' id='word_1_141' title='bbox 638 1300 733 1354; x_wconf 90' lang='lat' dir='ltr'><strong>sed</strong></span> <span class='ocrx_word' id='word_1_142' title='bbox 762 1314 870 1353; x_wconf 94' lang='lat' dir='ltr'><strong>non</strong></span> <span class='ocrx_word' id='word_1_143' title='bbox 900 1313 966 1353; x_wconf 83' lang='lat' dir='ltr'><strong>ex</strong></span> <span class='ocrx_word' id='word_1_144' title='bbox 996 1299 1203 1353; x_wconf 91' lang='lat' dir='ltr'><strong>animo.</strong></span> <span class='ocrx_word' id='word_1_145' title='bbox 1223 1298 1394 1365; x_wconf 86' lang='lat' dir='ltr'><strong>Quam</strong></span> <span class='ocrx_word' id='word_1_146' title='bbox 1419 1299 1564 1352; x_wconf 89' lang='lat' dir='ltr'><strong>enim</strong></span> <span class='ocrx_word' id='word_1_147' title='bbox 1603 1299 1655 1351; x_wconf 90' lang='lat' dir='ltr'><strong>in</strong></span> <span class='ocrx_word' id='word_1_148' title='bbox 1685 1298 1945 1368; x_wconf 87' lang='lat' dir='ltr'><strong>apostolis</strong></span> <span class='ocrx_word' id='word_1_149' title='bbox 1966 1314 2080 1355; x_wconf 82' lang='lat' dir='ltr'><strong>sus-</strong></span> <span class='ocrx_word' id='word_1_150' title='bbox 2179 1292 2353 1356; x_wconf 71' lang='lat' dir='ltr'><strong>hercl.</strong></span> <span class='ocrx_word' id='word_1_151' title='bbox 2392 1306 2497 1345; x_wconf 81' lang='grc' dir='ltr'><strong>ηοη</strong></span> <span class='ocrx_word' id='word_1_152' title='bbox 2522 1290 2691 1345; x_wconf 76' lang='lat' dir='ltr'><strong>semel</strong></span> <span class='ocrx_word' id='word_1_153' title='bbox 2715 1300 2801 1345; x_wconf 70' lang='lat' dir='ltr'><strong>at“</strong></span> <span class='ocrx_word' id='word_1_154' title='bbox 2832 1290 2936 1354; x_wconf 71' lang='lat' dir='ltr'><strong>bis.</strong></span> <span class='ocrx_word' id='word_1_155' title='bbox 2966 1290 3061 1344; x_wconf 70' lang='lat' dir='ltr'><strong>86d</strong></span> <span class='ocrx_word' id='word_1_156' title='bbox 3108 1291 3532 1358; x_wconf 73' lang='lat' dir='ltr'><strong>quotiescunque</strong></span> <span class='ocrx_word' id='word_1_157' title='bbox 3575 1290 3719 1345; x_wconf 74' lang='lat' dir='ltr'><strong>Tibe-</strong></span> 
     </span>
    </p>
   </div>
   <div class='ocr_carea' id='block_1_15' title="bbox 500 1381 3719 1461">
    <p class='ocr_par' dir='ltr' id='par_1_15' title="bbox 500 1381 3719 1461">
     <span class='ocr_line' id='line_1_15' title="bbox 500 1381 3719 1461; baseline 0.001 -20"><span class='ocrx_word' id='word_1_158' title='bbox 500 1388 739 1459; x_wconf 81' lang='lat' dir='ltr'><strong>piciebat</strong></span> <span class='ocrx_word' id='word_1_159' title='bbox 774 1390 1032 1443; x_wconf 79' lang='lat' dir='ltr'><strong>eximiam</strong></span> <span class='ocrx_word' id='word_1_160' title='bbox 1071 1389 1317 1460; x_wconf 87' lang='lat' dir='ltr'><strong>patrandi</strong></span> <span class='ocrx_word' id='word_1_161' title='bbox 1354 1388 1619 1443; x_wconf 90' lang='lat' dir='ltr'><strong>miracula</strong></span> <span class='ocrx_word' id='word_1_162' title='bbox 1645 1391 2081 1461; x_wconf 67' lang='lat' dir='ltr'><strong>virtutem,prae-</strong></span> <span class='ocrx_word' id='word_1_163' title='bbox 2181 1382 2329 1437; x_wconf 69' lang='lat' dir='ltr'><strong>filios</strong></span> <span class='ocrx_word' id='word_1_164' title='bbox 2355 1391 2552 1452; x_wconf 71' lang='grc' dir='ltr'><strong>Ροηιθϐ</strong></span> <span class='ocrx_word' id='word_1_165' title='bbox 2597 1381 2909 1450; x_wconf 65' lang='grc' dir='ltr'><strong>ιΐεὶθεθΐθιν</strong></span> <span class='ocrx_word' id='word_1_166' title='bbox 2962 1382 3199 1451; x_wconf 68' lang='lat' dir='ltr'><strong>Propriis</strong></span> <span class='ocrx_word' id='word_1_167' title='bbox 3240 1381 3413 1436; x_wconf 76' lang='lat' dir='ltr'><strong>oculis</strong></span> <span class='ocrx_word' id='word_1_168' title='bbox 3455 1382 3719 1452; x_wconf 60' lang='lat' dir='ltr'><strong>explorare</strong></span> 
     </span>
    </p>
   </div>
   <div class='ocr_carea' id='block_1_16' title="bbox 499 1474 3715 1550">
    <p class='ocr_par' dir='ltr' id='par_1_16' title="bbox 499 1474 3715 1550">
     <span class='ocr_line' id='line_1_16' title="bbox 499 1474 3715 1550; baseline -0.001 -15"><span class='ocrx_word' id='word_1_169' title='bbox 499 1481 643 1535; x_wconf 88' lang='lat' dir='ltr'><strong>senti</strong></span> <span class='ocrx_word' id='word_1_170' title='bbox 675 1481 907 1550; x_wconf 90' lang='lat' dir='ltr'><strong>pecunia</strong></span> <span class='ocrx_word' id='word_1_171' title='bbox 941 1481 1175 1535; x_wconf 91' lang='lat' dir='ltr'><strong>mercari</strong></span> <span class='ocrx_word' id='word_1_172' title='bbox 1204 1481 1391 1535; x_wconf 91' lang='lat' dir='ltr'><strong>volens</strong></span> <span class='ocrx_word' id='word_1_173' title='bbox 1416 1496 1446 1534; x_wconf 90' lang='lat' dir='ltr'><strong>a</strong></span> <span class='ocrx_word' id='word_1_174' title='bbox 1474 1481 1637 1537; x_wconf 89' lang='lat' dir='ltr'><strong>Petro</strong></span> <span class='ocrx_word' id='word_1_175' title='bbox 1653 1497 1755 1550; x_wconf 87' lang='lat' dir='ltr'><strong>pro</strong></span> <span class='ocrx_word' id='word_1_176' title='bbox 1778 1484 1974 1539; x_wconf 88' lang='lat' dir='ltr'><strong>merito</strong></span> <span class='ocrx_word' id='word_1_177' title='bbox 1997 1486 2079 1539; x_wconf 88' lang='lat' dir='ltr'><strong>in—</strong></span> <span class='ocrx_word' id='word_1_178' title='bbox 2179 1485 2451 1547; x_wconf 90' lang='lat' dir='ltr'><strong>potuerat.</strong></span> <span class='ocrx_word' id='word_1_179' title='bbox 2472 1475 2673 1546; x_wconf 86' lang='lat' dir='ltr'><strong>Ecquis</strong></span> <span class='ocrx_word' id='word_1_180' title='bbox 2694 1475 2839 1531; x_wconf 90' lang='lat' dir='ltr'><strong>enim</strong></span> <span class='ocrx_word' id='word_1_181' title='bbox 2866 1475 3083 1531; x_wconf 90' lang='lat' dir='ltr'><strong>sobrius</strong></span> <span class='ocrx_word' id='word_1_182' title='bbox 3104 1474 3209 1530; x_wconf 86' lang='lat' dir='ltr'><strong>sibi</strong></span> <span class='ocrx_word' id='word_1_183' title='bbox 3235 1476 3572 1544; x_wconf 87' lang='lat' dir='ltr'><strong>persuadeat,</strong></span> <span class='ocrx_word' id='word_1_184' title='bbox 3601 1493 3715 1532; x_wconf 87' lang='lat' dir='ltr'><strong>san-</strong></span> 
     </span>
    </p>
   </div>
   <div class='ocr_carea' id='block_1_17' title="bbox 498 1568 3719 1645">
    <p class='ocr_par' dir='ltr' id='par_1_17' title="bbox 498 1568 3719 1645">
     <span class='ocr_line' id='line_1_17' title="bbox 498 1568 3719 1645; baseline 0.001 -18"><span class='ocrx_word' id='word_1_185' title='bbox 498 1583 777 1643; x_wconf 88' lang='lat' dir='ltr'><strong>crepatus,</strong></span> <span class='ocrx_word' id='word_1_186' title='bbox 804 1574 871 1627; x_wconf 87' lang='lat' dir='ltr'><strong>ad</strong></span> <span class='ocrx_word' id='word_1_187' title='bbox 899 1574 1164 1628; x_wconf 86' lang='lat' dir='ltr'><strong>vomitum</strong></span> <span class='ocrx_word' id='word_1_188' title='bbox 1197 1574 1359 1629; x_wconf 91' lang='lat' dir='ltr'><strong>rediit</strong></span> <span class='ocrx_word' id='word_1_189' title='bbox 1381 1575 1858 1645; x_wconf 76' lang='lat' dir='ltr'><strong>canisimpurus’,</strong></span> <span class='ocrx_word' id='word_1_190' title='bbox 1880 1587 2079 1631; x_wconf 86' lang='lat' dir='ltr'><strong>artem-</strong></span> <span class='ocrx_word' id='word_1_191' title='bbox 2180 1570 2479 1625; x_wconf 77' lang='lat' dir='ltr'><strong>clissimum</strong></span> <span class='ocrx_word' id='word_1_192' title='bbox 2514 1578 2808 1639; x_wconf 78' lang='lat' dir='ltr'><strong>martyrem</strong></span> <span class='ocrx_word' id='word_1_193' title='bbox 2860 1576 2965 1622; x_wconf 77' lang='lat' dir='ltr'><strong>lam</strong></span> <span class='ocrx_word' id='word_1_194' title='bbox 3013 1568 3401 1637; x_wconf 70' lang='lat' dir='ltr'><strong>ineogiwnlem</strong></span> <span class='ocrx_word' id='word_1_195' title='bbox 3456 1570 3719 1639; x_wconf 81' lang='lat' dir='ltr'><strong>atqueim-</strong></span> 
     </span>
    </p>
   </div>
   <div class='ocr_carea' id='block_1_18' title="bbox 499 1663 3719 1740">
    <p class='ocr_par' dir='ltr' id='par_1_18' title="bbox 499 1663 3719 1740">
     <span class='ocr_line' id='line_1_18' title="bbox 499 1663 3719 1740; baseline 0.002 -25"><span class='ocrx_word' id='word_1_196' title='bbox 499 1677 609 1732; x_wconf 91' lang='lat' dir='ltr'><strong>que</strong></span> <span class='ocrx_word' id='word_1_197' title='bbox 634 1663 910 1733; x_wconf 89' lang='lat' dir='ltr'><strong>magicam</strong></span> <span class='ocrx_word' id='word_1_198' title='bbox 948 1665 1249 1719; x_wconf 87' lang='lat' dir='ltr'><strong>studiosius</strong></span> <span class='ocrx_word' id='word_1_199' title='bbox 1279 1681 1447 1735; x_wconf 89' lang='lat' dir='ltr'><strong>quam</strong></span> <span class='ocrx_word' id='word_1_200' title='bbox 1479 1675 1640 1723; x_wconf 90' lang='lat' dir='ltr'><strong>antea</strong></span> <span class='ocrx_word' id='word_1_201' title='bbox 1670 1667 1853 1723; x_wconf 90' lang='lat' dir='ltr'><strong>colere</strong></span> <span class='ocrx_word' id='word_1_202' title='bbox 1883 1670 2074 1740; x_wconf 70' lang='lat' dir='ltr'><strong>cmpit.</strong></span> <span class='ocrx_word' id='word_1_203' title='bbox 2179 1669 2502 1736; x_wconf 90' lang='lat' dir='ltr'><strong>prudentem</strong></span> <span class='ocrx_word' id='word_1_204' title='bbox 2556 1666 2747 1730; x_wconf 89' lang='lat' dir='ltr'><strong>fuisse,</strong></span> <span class='ocrx_word' id='word_1_205' title='bbox 2798 1673 2857 1719; x_wconf 92' lang='lat' dir='ltr'><strong>ut</strong></span> <span class='ocrx_word' id='word_1_206' title='bbox 2888 1666 2939 1718; x_wconf 87' lang='lat' dir='ltr'><strong>in</strong></span> <span class='ocrx_word' id='word_1_207' title='bbox 2977 1665 3091 1734; x_wconf 91' lang='lat' dir='ltr'><strong>ipsa</strong></span> <span class='ocrx_word' id='word_1_208' title='bbox 3118 1666 3254 1720; x_wconf 88' lang='lat' dir='ltr'><strong>urbe</strong></span> <span class='ocrx_word' id='word_1_209' title='bbox 3302 1664 3470 1721; x_wconf 81' lang='lat' dir='ltr'><strong>Roma</strong></span> <span class='ocrx_word' id='word_1_210' title='bbox 3493 1667 3719 1721; x_wconf 86' lang='lat' dir='ltr'><strong>scribens</strong></span> 
     </span>
    </p>
   </div>
   <div class='ocr_carea' id='block_1_19' title="bbox 501 1753 3719 1828">
    <p class='ocr_par' dir='ltr' id='par_1_19' title="bbox 501 1753 3719 1828">
     <span class='ocr_line' id='line_1_19' title="bbox 501 1753 3719 1828; baseline 0.001 -19"><span class='ocrx_word' id='word_1_211' title='bbox 501 1753 598 1809; x_wconf 92' lang='lat' dir='ltr'><strong>Sic</strong></span> <span class='ocrx_word' id='word_1_212' title='bbox 645 1765 826 1810; x_wconf 90' lang='lat' dir='ltr'><strong>autem</strong></span> <span class='ocrx_word' id='word_1_213' title='bbox 875 1755 1245 1810; x_wconf 88' lang='lat' dir='ltr'><strong>Christianam</strong></span> <span class='ocrx_word' id='word_1_214' title='bbox 1294 1757 1455 1811; x_wconf 85' lang='lat' dir='ltr'><strong>tidem</strong></span> <span class='ocrx_word' id='word_1_215' title='bbox 1491 1757 1711 1828; x_wconf 89' lang='lat' dir='ltr'><strong>abjecit,</strong></span> <span class='ocrx_word' id='word_1_216' title='bbox 1762 1768 1823 1812; x_wconf 91' lang='lat' dir='ltr'><strong>ut</strong></span> <span class='ocrx_word' id='word_1_217' title='bbox 1864 1768 2073 1815; x_wconf 90' lang='lat' dir='ltr'><strong>retenta</strong></span> <span class='ocrx_word' id='word_1_218' title='bbox 2111 1809 2150 1828; x_wconf 45' lang='grc' dir='ltr'>,ι</span> <span class='ocrx_word' id='word_1_219' title='bbox 2180 1759 2246 1812; x_wconf 86' lang='lat' dir='ltr'><strong>ad</strong></span> <span class='ocrx_word' id='word_1_220' title='bbox 2276 1760 2657 1827; x_wconf 82' lang='lat' dir='ltr'><strong>imperatores,</strong></span> <span class='ocrx_word' id='word_1_221' title='bbox 2693 1773 2756 1813; x_wconf 91' lang='lat' dir='ltr'><strong>ea</strong></span> <span class='ocrx_word' id='word_1_222' title='bbox 2806 1757 3164 1824; x_wconf 74' lang='lat' dir='ltr'><strong>confidenter,</strong></span> <span class='ocrx_word' id='word_1_223' title='bbox 3214 1759 3445 1812; x_wconf 89' lang='lat' dir='ltr'><strong>nondum</strong></span> <span class='ocrx_word' id='word_1_224' title='bbox 3473 1760 3600 1814; x_wconf 89' lang='lat' dir='ltr'><strong>satis</strong></span> <span class='ocrx_word' id='word_1_225' title='bbox 3635 1774 3719 1813; x_wconf 84' lang='lat' dir='ltr'><strong>ex-</strong></span> 
     </span>
    </p>
   </div>
   <div class='ocr_carea' id='block_1_20' title="bbox 498 1845 3719 1922">
    <p class='ocr_par' dir='ltr' id='par_1_20' title="bbox 498 1845 3719 1922">
     <span class='ocr_line' id='line_1_20' title="bbox 498 1845 3719 1922; baseline 0.002 -23"><span class='ocrx_word' id='word_1_226' title='bbox 498 1845 759 1900; x_wconf 89' lang='lat' dir='ltr'><strong>nonnulla</strong></span> <span class='ocrx_word' id='word_1_227' title='bbox 792 1845 1034 1914; x_wconf 85' lang='lat' dir='ltr'><strong>ejusdem</strong></span> <span class='ocrx_word' id='word_1_228' title='bbox 1068 1849 1286 1914; x_wconf 88' lang='lat' dir='ltr'><strong>umbra,</strong></span> <span class='ocrx_word' id='word_1_229' title='bbox 1313 1850 1417 1905; x_wconf 90' lang='lat' dir='ltr'><strong>hac</strong></span> <span class='ocrx_word' id='word_1_230' title='bbox 1441 1852 1698 1904; x_wconf 91' lang='lat' dir='ltr'><strong>utendum</strong></span> <span class='ocrx_word' id='word_1_231' title='bbox 1731 1850 1835 1906; x_wconf 88' lang='lat' dir='ltr'><strong>sibi</strong></span> <span class='ocrx_word' id='word_1_232' title='bbox 1859 1853 2074 1918; x_wconf 75' lang='lat' dir='ltr'><strong>Statuit,</strong></span> <span class='ocrx_word' id='word_1_233' title='bbox 2108 1845 2151 1863; x_wconf 82' lang='lat'><strong>&quot;&#39;</strong></span> <span class='ocrx_word' id='word_1_234' title='bbox 2178 1850 2389 1919; x_wconf 86' lang='lat' dir='ltr'><strong>plorata</strong></span> <span class='ocrx_word' id='word_1_235' title='bbox 2421 1851 2668 1915; x_wconf 86' lang='lat' dir='ltr'><strong>veritate,</strong></span> <span class='ocrx_word' id='word_1_236' title='bbox 2701 1849 2787 1904; x_wconf 90' lang='lat' dir='ltr'><strong>bis</strong></span> <span class='ocrx_word' id='word_1_237' title='bbox 2815 1849 2867 1903; x_wconf 89' lang='lat' dir='ltr'><strong>in</strong></span> <span class='ocrx_word' id='word_1_238' title='bbox 2890 1850 3077 1904; x_wconf 88' lang='lat' dir='ltr'><strong>eadem</strong></span> <span class='ocrx_word' id='word_1_239' title='bbox 3122 1849 3379 1922; x_wconf 76' lang='lat' dir='ltr'><strong>Apologia</strong></span> <span class='ocrx_word' id='word_1_240' title='bbox 3426 1864 3719 1904; x_wconf 86' lang='lat' dir='ltr'><strong>asseverare</strong></span> 
     </span>
    </p>
   </div>
   <div class='ocr_carea' id='block_1_21' title="bbox 498 1940 3720 2012">
    <p class='ocr_par' dir='ltr' id='par_1_21' title="bbox 498 1940 3720 2012">
     <span class='ocr_line' id='line_1_21' title="bbox 498 1940 3720 2012; baseline 0.001 -20"><span class='ocrx_word' id='word_1_241' title='bbox 498 1948 559 1993; x_wconf 92' lang='lat' dir='ltr'><strong>ut</strong></span> <span class='ocrx_word' id='word_1_242' title='bbox 584 1954 683 2008; x_wconf 92' lang='lat' dir='ltr'><strong>pro</strong></span> <span class='ocrx_word' id='word_1_243' title='bbox 710 1954 775 1994; x_wconf 94' lang='lat' dir='ltr'><strong>eo</strong></span> <span class='ocrx_word' id='word_1_244' title='bbox 819 1956 927 2009; x_wconf 90' lang='lat' dir='ltr'><strong>quo</strong></span> <span class='ocrx_word' id='word_1_245' title='bbox 959 1944 1297 1997; x_wconf 64' lang='lat' dir='ltr'><strong>cxmstuabat</strong></span> <span class='ocrx_word' id='word_1_246' title='bbox 1330 1945 1389 1996; x_wconf 85' lang='lat' dir='ltr'><strong>in</strong></span> <span class='ocrx_word' id='word_1_247' title='bbox 1431 1943 1707 2012; x_wconf 85' lang='lat' dir='ltr'><strong>apostolos</strong></span> <span class='ocrx_word' id='word_1_248' title='bbox 1739 1944 1866 1999; x_wconf 89' lang='lat' dir='ltr'><strong>odio</strong></span> <span class='ocrx_word' id='word_1_249' title='bbox 1912 1960 1977 1999; x_wconf 91' lang='lat' dir='ltr'><strong>ac</strong></span> <span class='ocrx_word' id='word_1_250' title='bbox 2013 1944 2078 1998; x_wconf 86' lang='lat' dir='ltr'><strong>li-</strong></span> <span class='ocrx_word' id='word_1_251' title='bbox 2177 1956 2341 1996; x_wconf 91' lang='lat' dir='ltr'><strong>ausus</strong></span> <span class='ocrx_word' id='word_1_252' title='bbox 2372 1941 2557 2005; x_wconf 88' lang='lat' dir='ltr'><strong>fuerit,</strong></span> <span class='ocrx_word' id='word_1_253' title='bbox 2596 1954 2826 2010; x_wconf 90' lang='lat' dir='ltr'><strong>quorum</strong></span> <span class='ocrx_word' id='word_1_254' title='bbox 2847 1940 3136 1996; x_wconf 83' lang='lat' dir='ltr'><strong>falsitatem</strong></span> <span class='ocrx_word' id='word_1_255' title='bbox 3163 1942 3245 1995; x_wconf 92' lang='lat' dir='ltr'><strong>vel</strong></span> <span class='ocrx_word' id='word_1_256' title='bbox 3277 1942 3376 2010; x_wconf 90' lang='lat' dir='ltr'><strong>ipsi</strong></span> <span class='ocrx_word' id='word_1_257' title='bbox 3404 1942 3572 2010; x_wconf 90' lang='lat' dir='ltr'><strong>pueri,</strong></span> <span class='ocrx_word' id='word_1_258' title='bbox 3597 1942 3720 1996; x_wconf 89' lang='lat' dir='ltr'><strong>scri-</strong></span> 
     </span>
    </p>
   </div>
   <div class='ocr_carea' id='block_1_22' title="bbox 498 2034 3718 2105">
    <p class='ocr_par' dir='ltr' id='par_1_22' title="bbox 498 2034 3718 2105">
     <span class='ocr_line' id='line_1_22' title="bbox 498 2034 3718 2105; baseline 0 -18"><span class='ocrx_word' id='word_1_259' title='bbox 498 2050 653 2100; x_wconf 89' lang='lat' dir='ltr'><strong>vore,</strong></span> <span class='ocrx_word' id='word_1_260' title='bbox 688 2035 757 2090; x_wconf 90' lang='lat' dir='ltr'><strong>iis</strong></span> <span class='ocrx_word' id='word_1_261' title='bbox 780 2036 1003 2090; x_wconf 89' lang='lat' dir='ltr'><strong>verbum</strong></span> <span class='ocrx_word' id='word_1_262' title='bbox 1038 2037 1129 2092; x_wconf 89' lang='lat' dir='ltr'><strong>Dei</strong></span> <span class='ocrx_word' id='word_1_263' title='bbox 1160 2036 1645 2091; x_wconf 87' lang='lat' dir='ltr'><strong>disseminantibus</strong></span> <span class='ocrx_word' id='word_1_264' title='bbox 1673 2035 1881 2099; x_wconf 88' lang='lat' dir='ltr'><strong>obices,</strong></span> <span class='ocrx_word' id='word_1_265' title='bbox 1916 2051 2077 2105; x_wconf 82' lang='lat' dir='ltr'><strong>quos-</strong></span> <span class='ocrx_word' id='word_1_266' title='bbox 2174 2043 2383 2102; x_wconf 87' lang='lat' dir='ltr'><strong>plorem</strong></span> <span class='ocrx_word' id='word_1_267' title='bbox 2403 2036 2749 2088; x_wconf 89' lang='lat' dir='ltr'><strong>temerarium</strong></span> <span class='ocrx_word' id='word_1_268' title='bbox 2768 2043 3081 2104; x_wconf 86' lang='lat' dir='ltr'><strong>arguentes,</strong></span> <span class='ocrx_word' id='word_1_269' title='bbox 3113 2034 3518 2103; x_wconf 84' lang='lat' dir='ltr'><strong>deprehendere</strong></span> <span class='ocrx_word' id='word_1_270' title='bbox 3533 2034 3718 2103; x_wconf 84' lang='lat' dir='ltr'><strong>potuis-</strong></span> 
     </span>
    </p>
   </div>
   <div class='ocr_carea' id='block_1_23' title="bbox 496 2125 3720 2199">
    <p class='ocr_par' dir='ltr' id='par_1_23' title="bbox 496 2125 3720 2199">
     <span class='ocr_line' id='line_1_23' title="bbox 496 2125 3720 2199; baseline -0.001 -16"><span class='ocrx_word' id='word_1_271' title='bbox 496 2144 713 2197; x_wconf 89' lang='lat' dir='ltr'><strong>cunque</strong></span> <span class='ocrx_word' id='word_1_272' title='bbox 742 2137 948 2199; x_wconf 86' lang='lat' dir='ltr'><strong>posset,</strong></span> <span class='ocrx_word' id='word_1_273' title='bbox 978 2128 1272 2197; x_wconf 90' lang='lat' dir='ltr'><strong>objiceret.</strong></span> <span class='ocrx_word' id='word_1_274' title='bbox 2174 2127 2321 2180; x_wconf 80' lang='lat' dir='ltr'><strong>sent?</strong></span> <span class='ocrx_word' id='word_1_275' title='bbox 2346 2126 2479 2180; x_wconf 88' lang='lat' dir='ltr'><strong>Tam</strong></span> <span class='ocrx_word' id='word_1_276' title='bbox 2502 2127 2793 2181; x_wconf 89' lang='lat' dir='ltr'><strong>immanem</strong></span> <span class='ocrx_word' id='word_1_277' title='bbox 2821 2126 3294 2181; x_wconf 88' lang='lat' dir='ltr'><strong>hallucinationem</strong></span> <span class='ocrx_word' id='word_1_278' title='bbox 3314 2127 3401 2181; x_wconf 89' lang='lat' dir='ltr'><strong>vix</strong></span> <span class='ocrx_word' id='word_1_279' title='bbox 3428 2128 3564 2181; x_wconf 86' lang='lat' dir='ltr'><strong>ferat</strong></span> <span class='ocrx_word' id='word_1_280' title='bbox 3587 2125 3720 2195; x_wconf 84' lang='lat' dir='ltr'><strong>quis-</strong></span> 
     </span>
    </p>
   </div>
   <div class='ocr_carea' id='block_1_24' title="bbox 563 2218 3719 2291">
    <p class='ocr_par' dir='ltr' id='par_1_24' title="bbox 563 2218 3719 2291">
     <span class='ocr_line' id='line_1_24' title="bbox 563 2218 3719 2291; baseline -0.001 -16"><span class='ocrx_word' id='word_1_281' title='bbox 563 2222 655 2276; x_wconf 89' lang='lat'><strong>97.</strong></span> <span class='ocrx_word' id='word_1_282' title='bbox 675 2223 864 2275; x_wconf 86' lang='lat' dir='ltr'><strong>Ascita</strong></span> <span class='ocrx_word' id='word_1_283' title='bbox 884 2220 1050 2290; x_wconf 90' lang='lat' dir='ltr'><strong>igitur</strong></span> <span class='ocrx_word' id='word_1_284' title='bbox 1069 2220 1121 2272; x_wconf 91' lang='lat' dir='ltr'><strong>in</strong></span> <span class='ocrx_word' id='word_1_285' title='bbox 1142 2220 1467 2273; x_wconf 83' lang='lat' dir='ltr'><strong>societatem</strong></span> <span class='ocrx_word' id='word_1_286' title='bbox 1486 2219 1731 2288; x_wconf 81' lang='lat' dir='ltr'><strong>pristina:</strong></span> <span class='ocrx_word' id='word_1_287' title='bbox 1750 2221 2072 2291; x_wconf 59' lang='lat' dir='ltr'><strong>Platonica,</strong></span> <span class='ocrx_word' id='word_1_288' title='bbox 2173 2235 2279 2289; x_wconf 91' lang='lat' dir='ltr'><strong>que</strong></span> <span class='ocrx_word' id='word_1_289' title='bbox 2329 2220 2381 2274; x_wconf 83' lang='lat' dir='ltr'><strong>in</strong></span> <span class='ocrx_word' id='word_1_290' title='bbox 2424 2222 2694 2289; x_wconf 86' lang='lat' dir='ltr'><strong>scriptore</strong></span> <span class='ocrx_word' id='word_1_291' title='bbox 2720 2220 2878 2290; x_wconf 90' lang='lat' dir='ltr'><strong>longa</strong></span> <span class='ocrx_word' id='word_1_292' title='bbox 2911 2230 3183 2276; x_wconf 87' lang='lat' dir='ltr'><strong>terrarum</strong></span> <span class='ocrx_word' id='word_1_293' title='bbox 3230 2221 3637 2291; x_wconf 89' lang='lat' dir='ltr'><strong>intercapedine</strong></span> <span class='ocrx_word' id='word_1_294' title='bbox 3657 2218 3719 2273; x_wconf 86' lang='lat' dir='ltr'><strong>ab</strong></span> 
     </span>
    </p>
   </div>
   <div class='ocr_carea' id='block_1_25' title="bbox 492 2310 3717 2383">
    <p class='ocr_par' dir='ltr' id='par_1_25' title="bbox 492 2310 3717 2383">
     <span class='ocr_line' id='line_1_25' title="bbox 492 2310 3717 2383; baseline -0 -16"><span class='ocrx_word' id='word_1_295' title='bbox 492 2310 844 2381; x_wconf 62' lang='lat' dir='ltr'><strong>Judaicmque</strong></span> <span class='ocrx_word' id='word_1_296' title='bbox 887 2313 1131 2365; x_wconf 85' lang='lat' dir='ltr'><strong>misturae</strong></span> <span class='ocrx_word' id='word_1_297' title='bbox 1166 2312 1269 2364; x_wconf 88' lang='lat' dir='ltr'><strong>hac</strong></span> <span class='ocrx_word' id='word_1_298' title='bbox 1294 2310 1733 2368; x_wconf 78' lang='lat' dir='ltr'><strong>Christianitatis</strong></span> <span class='ocrx_word' id='word_1_299' title='bbox 1774 2314 1947 2383; x_wconf 90' lang='lat' dir='ltr'><strong>larva,</strong></span> <span class='ocrx_word' id='word_1_300' title='bbox 1985 2332 2071 2371; x_wconf 83' lang='lat' dir='ltr'><strong>re-</strong></span> <span class='ocrx_word' id='word_1_301' title='bbox 2177 2313 2290 2381; x_wconf 89' lang='lat' dir='ltr'><strong>ipsa</strong></span> <span class='ocrx_word' id='word_1_302' title='bbox 2314 2322 2494 2366; x_wconf 90' lang='lat' dir='ltr'><strong>statua</strong></span> <span class='ocrx_word' id='word_1_303' title='bbox 2520 2314 2743 2365; x_wconf 82' lang='lat' dir='ltr'><strong>dissita:</strong></span> <span class='ocrx_word' id='word_1_304' title='bbox 2781 2323 2988 2380; x_wconf 91' lang='lat' dir='ltr'><strong>quanto</strong></span> <span class='ocrx_word' id='word_1_305' title='bbox 3012 2315 3191 2381; x_wconf 75' lang='lat' dir='ltr'><strong>minus</strong></span> <span class='ocrx_word' id='word_1_306' title='bbox 3216 2315 3269 2369; x_wconf 92' lang='lat' dir='ltr'><strong>in</strong></span> <span class='ocrx_word' id='word_1_307' title='bbox 3311 2328 3378 2368; x_wconf 92' lang='lat' dir='ltr'><strong>eo</strong></span> <span class='ocrx_word' id='word_1_308' title='bbox 3408 2314 3499 2383; x_wconf 90' lang='lat' dir='ltr'><strong>qui</strong></span> <span class='ocrx_word' id='word_1_309' title='bbox 3532 2315 3581 2367; x_wconf 90' lang='lat' dir='ltr'><strong>in</strong></span> <span class='ocrx_word' id='word_1_310' title='bbox 3614 2314 3717 2382; x_wconf 87' lang='lat' dir='ltr'><strong>ipsa</strong></span> 
     </span>
    </p>
   </div>
   <div class='ocr_carea' id='block_1_26' title="bbox 494 2403 3719 2477">
    <p class='ocr_par' dir='ltr' id='par_1_26' title="bbox 494 2403 3719 2477">
     <span class='ocr_line' id='line_1_26' title="bbox 494 2403 3719 2477; baseline 0 -18"><span class='ocrx_word' id='word_1_311' title='bbox 494 2407 625 2460; x_wconf 91' lang='lat' dir='ltr'><strong>licta</strong></span> <span class='ocrx_word' id='word_1_312' title='bbox 671 2404 919 2460; x_wconf 91' lang='lat' dir='ltr'><strong>Samaria</strong></span> <span class='ocrx_word' id='word_1_313' title='bbox 969 2403 1071 2457; x_wconf 89' lang='lat' dir='ltr'><strong>hac</strong></span> <span class='ocrx_word' id='word_1_314' title='bbox 1115 2403 1239 2456; x_wconf 85' lang='lat' dir='ltr'><strong>illac</strong></span> <span class='ocrx_word' id='word_1_315' title='bbox 1290 2403 1724 2460; x_wconf 89' lang='lat' dir='ltr'><strong>circumcursare</strong></span> <span class='ocrx_word' id='word_1_316' title='bbox 1754 2408 1919 2475; x_wconf 75' lang='lat' dir='ltr'><strong>cmpit</strong></span> <span class='ocrx_word' id='word_1_317' title='bbox 1947 2427 1961 2462; x_wconf 87' lang='lat'><strong>:</strong></span> <span class='ocrx_word' id='word_1_318' title='bbox 2014 2417 2072 2463; x_wconf 90' lang='lat' dir='ltr'><strong>ut</strong></span> <span class='ocrx_word' id='word_1_319' title='bbox 2171 2407 2307 2460; x_wconf 87' lang='lat' dir='ltr'><strong>urbe</strong></span> <span class='ocrx_word' id='word_1_320' title='bbox 2330 2406 2519 2470; x_wconf 81' lang='lat' dir='ltr'><strong>Roma,</strong></span> <span class='ocrx_word' id='word_1_321' title='bbox 2546 2416 2619 2471; x_wconf 86' lang='lat' dir='ltr'><strong>et,</strong></span> <span class='ocrx_word' id='word_1_322' title='bbox 2646 2417 2704 2462; x_wconf 92' lang='lat' dir='ltr'><strong>ut</strong></span> <span class='ocrx_word' id='word_1_323' title='bbox 2730 2408 2803 2461; x_wconf 92' lang='lat' dir='ltr'><strong>ita</strong></span> <span class='ocrx_word' id='word_1_324' title='bbox 2842 2408 3039 2474; x_wconf 88' lang='lat' dir='ltr'><strong>dicam,</strong></span> <span class='ocrx_word' id='word_1_325' title='bbox 3067 2409 3135 2462; x_wconf 82' lang='lat' dir='ltr'><strong>ad</strong></span> <span class='ocrx_word' id='word_1_326' title='bbox 3163 2408 3334 2477; x_wconf 87' lang='lat' dir='ltr'><strong>ipsius</strong></span> <span class='ocrx_word' id='word_1_327' title='bbox 3354 2418 3545 2462; x_wconf 72' lang='lat' dir='ltr'><strong>statua:</strong></span> <span class='ocrx_word' id='word_1_328' title='bbox 3570 2408 3719 2476; x_wconf 85' lang='lat' dir='ltr'><strong>pedes</strong></span> 
     </span>
    </p>
   </div>
   <div class='ocr_carea' id='block_1_27' title="bbox 492 2497 3717 2570">
    <p class='ocr_par' dir='ltr' id='par_1_27' title="bbox 492 2497 3717 2570">
     <span class='ocr_line' id='line_1_27' title="bbox 492 2497 3717 2570; baseline -0.001 -17"><span class='ocrx_word' id='word_1_329' title='bbox 492 2509 685 2568; x_wconf 86' lang='lat' dir='ltr'><strong>gentes</strong></span> <span class='ocrx_word' id='word_1_330' title='bbox 709 2506 764 2553; x_wconf 91' lang='lat' dir='ltr'><strong>et</strong></span> <span class='ocrx_word' id='word_1_331' title='bbox 800 2498 1132 2568; x_wconf 84' lang='lat' dir='ltr'><strong>provincias,</strong></span> <span class='ocrx_word' id='word_1_332' title='bbox 1163 2498 1231 2549; x_wconf 90' lang='lat' dir='ltr'><strong>ad</strong></span> <span class='ocrx_word' id='word_1_333' title='bbox 1265 2510 1403 2565; x_wconf 88' lang='lat' dir='ltr'><strong>quas</strong></span> <span class='ocrx_word' id='word_1_334' title='bbox 1452 2497 1687 2551; x_wconf 89' lang='lat' dir='ltr'><strong>nondum</strong></span> <span class='ocrx_word' id='word_1_335' title='bbox 1730 2500 2073 2568; x_wconf 85' lang='lat' dir='ltr'><strong>pervenisset</strong></span> <span class='ocrx_word' id='word_1_336' title='bbox 2172 2499 2471 2568; x_wconf 85' lang='lat' dir='ltr'><strong>scripserit.</strong></span> <span class='ocrx_word' id='word_1_337' title='bbox 2501 2498 2606 2554; x_wconf 84' lang='lat' dir='ltr'><strong>Sed</strong></span> <span class='ocrx_word' id='word_1_338' title='bbox 2645 2509 2909 2554; x_wconf 90' lang='lat' dir='ltr'><strong>neactum</strong></span> <span class='ocrx_word' id='word_1_339' title='bbox 2956 2514 3206 2570; x_wconf 88' lang='lat' dir='ltr'><strong>agamus,</strong></span> <span class='ocrx_word' id='word_1_340' title='bbox 3256 2499 3485 2555; x_wconf 77' lang='lat' dir='ltr'><strong>consule</strong></span> <span class='ocrx_word' id='word_1_341' title='bbox 3511 2499 3717 2553; x_wconf 90' lang='lat' dir='ltr'><strong>citatum</strong></span> 
     </span>
    </p>
   </div>
   <div class='ocr_carea' id='block_1_28' title="bbox 492 2588 3719 2660">
    <p class='ocr_par' dir='ltr' id='par_1_28' title="bbox 492 2588 3719 2660">
     <span class='ocr_line' id='line_1_28' title="bbox 492 2588 3719 2660; baseline -0.001 -15"><span class='ocrx_word' id='word_1_342' title='bbox 492 2589 870 2660; x_wconf 79' lang='lat' dir='ltr'><strong>Evangelium,</strong></span> <span class='ocrx_word' id='word_1_343' title='bbox 901 2596 1337 2660; x_wconf 69' lang='lat' dir='ltr'><strong>prazoccoparet,</strong></span> <span class='ocrx_word' id='word_1_344' title='bbox 1381 2588 1773 2658; x_wconf 88' lang='lat' dir='ltr'><strong>erroribusque</strong></span> <span class='ocrx_word' id='word_1_345' title='bbox 1803 2592 1917 2646; x_wconf 89' lang='lat' dir='ltr'><strong>suis</strong></span> <span class='ocrx_word' id='word_1_346' title='bbox 1946 2594 2068 2645; x_wconf 87' lang='lat' dir='ltr'><strong>inli-</strong></span> <span class='ocrx_word' id='word_1_347' title='bbox 2171 2589 2530 2643; x_wconf 84' lang='lat' dir='ltr'><strong>eruditissimi</strong></span> <span class='ocrx_word' id='word_1_348' title='bbox 2582 2588 2911 2645; x_wconf 84' lang='lat' dir='ltr'><strong>Tiilemontii</strong></span> <span class='ocrx_word' id='word_1_349' title='bbox 2941 2590 3140 2644; x_wconf 93' lang='lat' dir='ltr'><strong>locum.</strong></span> <span class='ocrx_word' id='word_1_350' title='bbox 3190 2589 3301 2645; x_wconf 83' lang='lat' dir='ltr'><strong>Nec</strong></span> <span class='ocrx_word' id='word_1_351' title='bbox 3347 2592 3414 2646; x_wconf 89' lang='lat' dir='ltr'><strong>iis</strong></span> <span class='ocrx_word' id='word_1_352' title='bbox 3447 2598 3719 2645; x_wconf 83' lang='lat' dir='ltr'><strong>contentus</strong></span> 
     </span>
    </p>
   </div>
   <div class='ocr_carea' id='block_1_29' title="bbox 493 2678 3720 2751">
    <p class='ocr_par' dir='ltr' id='par_1_29' title="bbox 493 2678 3720 2751">
     <span class='ocr_line' id='line_1_29' title="bbox 493 2678 3720 2751; baseline -0.002 -13"><span class='ocrx_word' id='word_1_353' title='bbox 493 2692 664 2738; x_wconf 88' lang='lat' dir='ltr'><strong>ceret.</strong></span> <span class='ocrx_word' id='word_1_354' title='bbox 706 2680 912 2751; x_wconf 82' lang='lat' dir='ltr'><strong>Tyrum</strong></span> <span class='ocrx_word' id='word_1_355' title='bbox 964 2678 1268 2733; x_wconf 70' lang='lat' dir='ltr'><strong>thnicia:</strong></span> <span class='ocrx_word' id='word_1_356' title='bbox 1323 2693 1446 2733; x_wconf 90' lang='lat' dir='ltr'><strong>cum</strong></span> <span class='ocrx_word' id='word_1_357' title='bbox 1488 2679 1823 2746; x_wconf 87' lang='lat' dir='ltr'><strong>devenisset,</strong></span> <span class='ocrx_word' id='word_1_358' title='bbox 1855 2683 1929 2737; x_wconf 91' lang='lat' dir='ltr'><strong>ibi</strong></span> <span class='ocrx_word' id='word_1_359' title='bbox 1963 2685 2069 2740; x_wconf 86' lang='lat' dir='ltr'><strong>vile</strong></span> <span class='ocrx_word' id='word_1_360' title='bbox 2171 2679 2416 2747; x_wconf 89' lang='lat' dir='ltr'><strong>impurus</strong></span> <span class='ocrx_word' id='word_1_361' title='bbox 2452 2680 2633 2747; x_wconf 91' lang='lat' dir='ltr'><strong>homo,</strong></span> <span class='ocrx_word' id='word_1_362' title='bbox 2680 2682 2916 2750; x_wconf 87' lang='lat' dir='ltr'><strong>seipsum</strong></span> <span class='ocrx_word' id='word_1_363' title='bbox 2954 2683 3055 2736; x_wconf 90' lang='lat' dir='ltr'><strong>sub</strong></span> <span class='ocrx_word' id='word_1_364' title='bbox 3096 2680 3264 2747; x_wconf 72' lang='lat' dir='ltr'><strong>lovis,</strong></span> <span class='ocrx_word' id='word_1_365' title='bbox 3316 2681 3566 2737; x_wconf 85' lang='lat' dir='ltr'><strong>Helenam</strong></span> <span class='ocrx_word' id='word_1_366' title='bbox 3605 2695 3720 2733; x_wconf 87' lang='lat' dir='ltr'><strong>vero</strong></span> 
     </span>
    </p>
   </div>
   <div class='ocr_carea' id='block_1_30' title="bbox 491 2771 3719 2844">
    <p class='ocr_par' dir='ltr' id='par_1_30' title="bbox 491 2771 3719 2844">
     <span class='ocr_line' id='line_1_30' title="bbox 491 2771 3719 2844; baseline -0.002 -13"><span class='ocrx_word' id='word_1_367' title='bbox 491 2784 759 2837; x_wconf 86' lang='lat' dir='ltr'><strong>scortum,</strong></span> <span class='ocrx_word' id='word_1_368' title='bbox 796 2772 1083 2826; x_wconf 90' lang='lat' dir='ltr'><strong>mulierem</strong></span> <span class='ocrx_word' id='word_1_369' title='bbox 1108 2771 1519 2839; x_wconf 66' lang='lat' dir='ltr'><strong>qumstuariam,</strong></span> <span class='ocrx_word' id='word_1_370' title='bbox 1556 2776 1779 2828; x_wconf 87' lang='lat' dir='ltr'><strong>nomine</strong></span> <span class='ocrx_word' id='word_1_371' title='bbox 1809 2773 2067 2830; x_wconf 81' lang='lat' dir='ltr'><strong>Helenam</strong></span> <span class='ocrx_word' id='word_1_372' title='bbox 2171 2789 2321 2827; x_wconf 90' lang='lat' dir='ltr'><strong>suam</strong></span> <span class='ocrx_word' id='word_1_373' title='bbox 2353 2776 2453 2828; x_wconf 76' lang='lat' dir='ltr'><strong>sub</strong></span> <span class='ocrx_word' id='word_1_374' title='bbox 2484 2773 2740 2829; x_wconf 73' lang='lat' dir='ltr'><strong>Minerva:</strong></span> <span class='ocrx_word' id='word_1_375' title='bbox 2773 2775 2956 2829; x_wconf 88' lang='lat' dir='ltr'><strong>habitu</strong></span> <span class='ocrx_word' id='word_1_376' title='bbox 2978 2776 3157 2844; x_wconf 82' lang='lat' dir='ltr'><strong>ellingi</strong></span> <span class='ocrx_word' id='word_1_377' title='bbox 3190 2776 3425 2840; x_wconf 90' lang='lat' dir='ltr'><strong>curavit;</strong></span> <span class='ocrx_word' id='word_1_378' title='bbox 3457 2786 3509 2828; x_wconf 90' lang='lat' dir='ltr'><strong>et</strong></span> <span class='ocrx_word' id='word_1_379' title='bbox 3533 2788 3719 2828; x_wconf 82' lang='lat' dir='ltr'><strong>utram-</strong></span> 
     </span>
    </p>
   </div>
   <div class='ocr_carea' id='block_1_31' title="bbox 490 2866 3480 2941">
    <p class='ocr_par' dir='ltr' id='par_1_31' title="bbox 490 2866 3480 2941">
     <span class='ocr_line' id='line_1_31' title="bbox 490 2866 3480 2941; baseline 0.001 -21"><span class='ocrx_word' id='word_1_380' title='bbox 490 2872 651 2935; x_wconf 86' lang='lat' dir='ltr'><strong>emit,</strong></span> <span class='ocrx_word' id='word_1_381' title='bbox 699 2869 916 2939; x_wconf 88' lang='lat' dir='ltr'><strong>sibique</strong></span> <span class='ocrx_word' id='word_1_382' title='bbox 949 2881 1071 2922; x_wconf 90' lang='lat' dir='ltr'><strong>eam</strong></span> <span class='ocrx_word' id='word_1_383' title='bbox 1103 2866 1378 2935; x_wconf 89' lang='lat' dir='ltr'><strong>adjunxit,</strong></span> <span class='ocrx_word' id='word_1_384' title='bbox 1413 2866 1669 2923; x_wconf 87' lang='lat' dir='ltr'><strong>itinerum</strong></span> <span class='ocrx_word' id='word_1_385' title='bbox 1708 2871 1967 2941; x_wconf 82' lang='lat' dir='ltr'><strong>deinceps</strong></span> <span class='ocrx_word' id='word_1_386' title='bbox 2003 2887 2068 2928; x_wconf 80' lang='lat' dir='ltr'><strong>ac</strong></span> <span class='ocrx_word' id='word_1_387' title='bbox 2171 2868 2584 2936; x_wconf 87' lang='lat' dir='ltr'><strong>queimagiuem</strong></span> <span class='ocrx_word' id='word_1_388' title='bbox 2617 2868 2898 2936; x_wconf 88' lang='lat' dir='ltr'><strong>discipulis</strong></span> <span class='ocrx_word' id='word_1_389' title='bbox 2922 2868 3209 2921; x_wconf 81' lang='lat' dir='ltr'><strong>colendam</strong></span> <span class='ocrx_word' id='word_1_390' title='bbox 3231 2868 3480 2922; x_wconf 86' lang='lat' dir='ltr'><strong>tradidit.</strong></span> 
     </span>
    </p>
   </div>
   <div class='ocr_carea' id='block_1_32' title="bbox 492 2955 3720 3035">
    <p class='ocr_par' dir='ltr' id='par_1_32' title="bbox 492 2955 3720 3035">
     <span class='ocr_line' id='line_1_32' title="bbox 492 2955 3720 3035; baseline -0.002 -17"><span class='ocrx_word' id='word_1_391' title='bbox 492 2964 761 3020; x_wconf 83' lang='lat' dir='ltr'><strong>scelerum</strong></span> <span class='ocrx_word' id='word_1_392' title='bbox 790 2966 1033 3031; x_wconf 88' lang='lat' dir='ltr'><strong>sociam;</strong></span> <span class='ocrx_word' id='word_1_393' title='bbox 1065 2964 1291 3019; x_wconf 88' lang='lat' dir='ltr'><strong>ridicula</strong></span> <span class='ocrx_word' id='word_1_394' title='bbox 1321 2966 1477 3034; x_wconf 89' lang='lat' dir='ltr'><strong>plura</strong></span> <span class='ocrx_word' id='word_1_395' title='bbox 1513 2966 1691 3035; x_wconf 87' lang='lat' dir='ltr'><strong>palam</strong></span> <span class='ocrx_word' id='word_1_396' title='bbox 1720 2967 1785 3022; x_wconf 89' lang='lat' dir='ltr'><strong>de</strong></span> <span class='ocrx_word' id='word_1_397' title='bbox 1819 2983 1880 3022; x_wconf 89' lang='lat' dir='ltr'><strong>ea</strong></span> <span class='ocrx_word' id='word_1_398' title='bbox 1908 2966 2065 3023; x_wconf 86' lang='lat' dir='ltr'><strong>fabu—</strong></span> <span class='ocrx_word' id='word_1_399' title='bbox 2237 2960 2327 3015; x_wconf 79' lang='lat'><strong>98-</strong></span> <span class='ocrx_word' id='word_1_400' title='bbox 2361 2960 2590 3029; x_wconf 70' lang='lat' dir='ltr'><strong>Vulgata</strong></span> <span class='ocrx_word' id='word_1_401' title='bbox 2618 2960 2757 3026; x_wconf 81' lang='lat' dir='ltr'><strong>apud</strong></span> <span class='ocrx_word' id='word_1_402' title='bbox 2790 2970 3005 3014; x_wconf 82' lang='lat' dir='ltr'><strong>veteres</strong></span> <span class='ocrx_word' id='word_1_403' title='bbox 3046 2960 3235 3028; x_wconf 89' lang='lat' dir='ltr'><strong>opinio</strong></span> <span class='ocrx_word' id='word_1_404' title='bbox 3283 2967 3406 3024; x_wconf 89' lang='lat' dir='ltr'><strong>est,</strong></span> <span class='ocrx_word' id='word_1_405' title='bbox 3465 2955 3720 3028; x_wconf 77' lang='lat' dir='ltr'><strong>aposmlo-</strong></span> 
     </span>
    </p>
   </div>
   <div class='ocr_carea' id='block_1_33' title="bbox 490 3047 3719 3128">
    <p class='ocr_par' dir='ltr' id='par_1_33' title="bbox 490 3047 3719 3128">
     <span class='ocr_line' id='line_1_33' title="bbox 490 3047 3719 3128; baseline -0.003 -17"><span class='ocrx_word' id='word_1_406' title='bbox 490 3057 656 3120; x_wconf 88' lang='lat' dir='ltr'><strong>latus,</strong></span> <span class='ocrx_word' id='word_1_407' title='bbox 692 3057 939 3125; x_wconf 89' lang='lat' dir='ltr'><strong>turpiora</strong></span> <span class='ocrx_word' id='word_1_408' title='bbox 963 3072 1087 3111; x_wconf 91' lang='lat' dir='ltr'><strong>cum</strong></span> <span class='ocrx_word' id='word_1_409' title='bbox 1119 3070 1182 3110; x_wconf 88' lang='lat' dir='ltr'><strong>ea</strong></span> <span class='ocrx_word' id='word_1_410' title='bbox 1216 3056 1356 3110; x_wconf 92' lang='lat' dir='ltr'><strong>clam</strong></span> <span class='ocrx_word' id='word_1_411' title='bbox 1385 3066 1721 3126; x_wconf 88' lang='lat' dir='ltr'><strong>patraturus.</strong></span> <span class='ocrx_word' id='word_1_412' title='bbox 1752 3057 2063 3128; x_wconf 89' lang='lat' dir='ltr'><strong>Peragratis</strong></span> <span class='ocrx_word' id='word_1_413' title='bbox 2166 3066 2286 3106; x_wconf 84' lang='lat' dir='ltr'><strong>rum</strong></span> <span class='ocrx_word' id='word_1_414' title='bbox 2323 3051 2621 3120; x_wconf 86' lang='lat' dir='ltr'><strong>Principem</strong></span> <span class='ocrx_word' id='word_1_415' title='bbox 2646 3049 2873 3107; x_wconf 82' lang='lat' dir='ltr'><strong>Romam</strong></span> <span class='ocrx_word' id='word_1_416' title='bbox 2900 3051 3114 3105; x_wconf 84' lang='lat' dir='ltr'><strong>venisse</strong></span> <span class='ocrx_word' id='word_1_417' title='bbox 3138 3064 3281 3105; x_wconf 84' lang='lat' dir='ltr'><strong>anno</strong></span> <span class='ocrx_word' id='word_1_418' title='bbox 3312 3049 3513 3104; x_wconf 80' lang='lat' dir='ltr'><strong>ChriSti</strong></span> <span class='ocrx_word' id='word_1_419' title='bbox 3551 3047 3637 3113; x_wconf 68' lang='grc'><strong>42,</strong></span> <span class='ocrx_word' id='word_1_420' title='bbox 3666 3057 3719 3102; x_wconf 85' lang='grc' dir='ltr'><strong>ιιι</strong></span> 
     </span>
    </p>
   </div>
   <div class='ocr_carea' id='block_1_34' title="bbox 490 3142 3718 3216">
    <p class='ocr_par' dir='ltr' id='par_1_34' title="bbox 490 3142 3718 3216">
     <span class='ocr_line' id='line_1_34' title="bbox 490 3142 3718 3216; baseline -0 -14"><span class='ocrx_word' id='word_1_421' title='bbox 490 3147 732 3202; x_wconf 84' lang='lat' dir='ltr'><strong>Orientis</strong></span> <span class='ocrx_word' id='word_1_422' title='bbox 769 3146 1071 3216; x_wconf 81' lang='lat' dir='ltr'><strong>provinciis</strong></span> <span class='ocrx_word' id='word_1_423' title='bbox 1122 3147 1351 3202; x_wconf 81' lang='lat' dir='ltr'><strong>Romam</strong></span> <span class='ocrx_word' id='word_1_424' title='bbox 1385 3149 1535 3202; x_wconf 85' lang='lat' dir='ltr'><strong>venit</strong></span> <span class='ocrx_word' id='word_1_425' title='bbox 1563 3151 1666 3204; x_wconf 89' lang='lat' dir='ltr'><strong>sub</strong></span> <span class='ocrx_word' id='word_1_426' title='bbox 1697 3147 1922 3204; x_wconf 89' lang='lat' dir='ltr'><strong>Claudio</strong></span> <span class='ocrx_word' id='word_1_427' title='bbox 1948 3150 2061 3205; x_wconf 69' lang='grc' dir='ltr'><strong>(Σω-</strong></span> <span class='ocrx_word' id='word_1_428' title='bbox 2089 3146 2135 3207; x_wconf 89' lang='lat' dir='ltr'><strong>C</strong></span> <span class='ocrx_word' id='word_1_429' title='bbox 2168 3145 2305 3215; x_wconf 77' lang='lat' dir='ltr'><strong>Magi</strong></span> <span class='ocrx_word' id='word_1_430' title='bbox 2342 3143 2569 3198; x_wconf 79' lang='lat' dir='ltr'><strong>fraudes</strong></span> <span class='ocrx_word' id='word_1_431' title='bbox 2622 3158 2688 3199; x_wconf 80' lang='lat' dir='ltr'><strong>ac</strong></span> <span class='ocrx_word' id='word_1_432' title='bbox 2737 3142 2909 3197; x_wconf 74' lang='lat' dir='ltr'><strong>malas</strong></span> <span class='ocrx_word' id='word_1_433' title='bbox 2948 3152 3095 3198; x_wconf 80' lang='lat' dir='ltr'><strong>artes</strong></span> <span class='ocrx_word' id='word_1_434' title='bbox 3130 3143 3466 3198; x_wconf 82' lang='lat' dir='ltr'><strong>discuteret:</strong></span> <span class='ocrx_word' id='word_1_435' title='bbox 3500 3153 3718 3209; x_wconf 79' lang='lat' dir='ltr'><strong>cumque</strong></span> 
     </span>
    </p>
   </div>
   <div class='ocr_carea' id='block_1_35' title="bbox 2167 3233 3716 3305">
    <p class='ocr_par' dir='ltr' id='par_1_35' title="bbox 2167 3233 3716 3305">
     <span class='ocr_line' id='line_1_35' title="bbox 2167 3233 3716 3305; baseline -0.005 -15"><span class='ocrx_word' id='word_1_436' title='bbox 2167 3238 2314 3291; x_wconf 91' lang='lat' dir='ltr'><strong>hunc</strong></span> <span class='ocrx_word' id='word_1_437' title='bbox 2337 3235 2477 3289; x_wconf 88' lang='lat' dir='ltr'><strong>fama</strong></span> <span class='ocrx_word' id='word_1_438' title='bbox 2517 3236 2629 3305; x_wconf 87' lang='lat' dir='ltr'><strong>jam</strong></span> <span class='ocrx_word' id='word_1_439' title='bbox 2664 3236 2965 3300; x_wconf 86' lang='lat' dir='ltr'><strong>desereret,</strong></span> <span class='ocrx_word' id='word_1_440' title='bbox 2987 3234 3228 3289; x_wconf 89' lang='lat' dir='ltr'><strong>collectis</strong></span> <span class='ocrx_word' id='word_1_441' title='bbox 3264 3234 3475 3291; x_wconf 73' lang='lat' dir='ltr'><strong>viribus</strong></span> <span class='ocrx_word' id='word_1_442' title='bbox 3509 3233 3716 3288; x_wconf 84' lang='lat' dir='ltr'><strong>enixum</strong></span> 
     </span>
    </p>
   </div>
   <div class='ocr_carea' id='block_1_36' title="bbox 2165 3326 3713 3389">
    <p class='ocr_par' dir='ltr' id='par_1_36' title="bbox 2165 3326 3713 3389">
     <span class='ocr_line' id='line_1_36' title="bbox 2165 3326 3713 3389; baseline -0.003 -6"><span class='ocrx_word' id='word_1_443' title='bbox 2165 3344 2287 3383; x_wconf 91' lang='lat' dir='ltr'><strong>esse</strong></span> <span class='ocrx_word' id='word_1_444' title='bbox 2312 3328 2613 3384; x_wconf 91' lang='lat' dir='ltr'><strong>mirabilem</strong></span> <span class='ocrx_word' id='word_1_445' title='bbox 2637 3329 2837 3384; x_wconf 88' lang='lat' dir='ltr'><strong>Christi</strong></span> <span class='ocrx_word' id='word_1_446' title='bbox 2864 3344 3152 3384; x_wconf 87' lang='lat' dir='ltr'><strong>ascensum</strong></span> <span class='ocrx_word' id='word_1_447' title='bbox 3177 3330 3232 3381; x_wconf 86' lang='lat' dir='ltr'><strong>in</strong></span> <span class='ocrx_word' id='word_1_448' title='bbox 3260 3329 3435 3384; x_wconf 67' lang='lat' dir='ltr'><strong>caelos</strong></span> <span class='ocrx_word' id='word_1_449' title='bbox 3454 3326 3713 3389; x_wconf 72' lang='lat' dir='ltr'><strong>aetnulari;</strong></span> 
     </span>
    </p>
   </div>
   <div class='ocr_carea' id='block_1_37' title="bbox 2165 3418 3720 3484">
    <p class='ocr_par' dir='ltr' id='par_1_37' title="bbox 2165 3418 3720 3484">
     <span class='ocr_line' id='line_1_37' title="bbox 2165 3418 3720 3484; baseline -0.002 -11"><span class='ocrx_word' id='word_1_450' title='bbox 2165 3421 2258 3474; x_wconf 89' lang='lat' dir='ltr'><strong>sed</strong></span> <span class='ocrx_word' id='word_1_451' title='bbox 2287 3421 2335 3474; x_wconf 90' lang='lat' dir='ltr'><strong>ei</strong></span> <span class='ocrx_word' id='word_1_452' title='bbox 2364 3430 2471 3474; x_wconf 89' lang='lat' dir='ltr'><strong>tam</strong></span> <span class='ocrx_word' id='word_1_453' title='bbox 2508 3422 2650 3475; x_wconf 87' lang='lat' dir='ltr'><strong>male</strong></span> <span class='ocrx_word' id='word_1_454' title='bbox 2679 3421 2911 3475; x_wconf 84' lang='lat' dir='ltr'><strong>cessisse</strong></span> <span class='ocrx_word' id='word_1_455' title='bbox 2933 3420 3198 3484; x_wconf 88' lang='lat' dir='ltr'><strong>volatum,</strong></span> <span class='ocrx_word' id='word_1_456' title='bbox 3230 3428 3286 3471; x_wconf 91' lang='lat' dir='ltr'><strong>ut</strong></span> <span class='ocrx_word' id='word_1_457' title='bbox 3319 3419 3507 3473; x_wconf 88' lang='lat' dir='ltr'><strong>divina</strong></span> <span class='ocrx_word' id='word_1_458' title='bbox 3532 3418 3720 3471; x_wconf 86' lang='lat' dir='ltr'><strong>virtute</strong></span> 
     </span>
    </p>
   </div>
   <div class='ocr_carea' id='block_1_38' title="bbox 490 3238 2067 3306">
    <p class='ocr_par' dir='ltr' id='par_1_38' title="bbox 490 3238 2067 3306">
     <span class='ocr_line' id='line_1_38' title="bbox 490 3238 2067 3306; baseline 0.002 -11"><span class='ocrx_word' id='word_1_459' title='bbox 490 3255 635 3306; x_wconf 83' lang='lat' dir='ltr'><strong>sare,</strong></span> <span class='ocrx_word' id='word_1_460' title='bbox 670 3240 895 3295; x_wconf 89' lang='lat' dir='ltr'><strong>circiter</strong></span> <span class='ocrx_word' id='word_1_461' title='bbox 924 3255 1128 3296; x_wconf 89' lang='lat' dir='ltr'><strong>annum</strong></span> <span class='ocrx_word' id='word_1_462' title='bbox 1162 3239 1482 3296; x_wconf 70' lang='lat' dir='ltr'><strong>Christi“.</strong></span> <span class='ocrx_word' id='word_1_463' title='bbox 1520 3238 1596 3296; x_wconf 92' lang='lat' dir='ltr'><strong>lbi</strong></span> <span class='ocrx_word' id='word_1_464' title='bbox 1628 3251 1838 3295; x_wconf 90' lang='lat' dir='ltr'><strong>tantum</strong></span> <span class='ocrx_word' id='word_1_465' title='bbox 1868 3258 2067 3298; x_wconf 90' lang='lat' dir='ltr'><strong>nomen</strong></span> 
     </span>
    </p>
   </div>
   <div class='ocr_carea' id='block_1_39' title="bbox 489 3330 2064 3399">
    <p class='ocr_par' dir='ltr' id='par_1_39' title="bbox 489 3330 2064 3399">
     <span class='ocr_line' id='line_1_39' title="bbox 489 3330 2064 3399; baseline 0.002 -14"><span class='ocrx_word' id='word_1_466' title='bbox 489 3330 592 3385; x_wconf 85' lang='lat' dir='ltr'><strong>sibi</strong></span> <span class='ocrx_word' id='word_1_467' title='bbox 627 3330 915 3399; x_wconf 71' lang='lat' dir='ltr'><strong>praastigiis</strong></span> <span class='ocrx_word' id='word_1_468' title='bbox 945 3345 1008 3384; x_wconf 90' lang='lat' dir='ltr'><strong>ac</strong></span> <span class='ocrx_word' id='word_1_469' title='bbox 1030 3331 1350 3397; x_wconf 87' lang='lat' dir='ltr'><strong>imposturis</strong></span> <span class='ocrx_word' id='word_1_470' title='bbox 1383 3331 1534 3395; x_wconf 87' lang='lat' dir='ltr'><strong>fecit,</strong></span> <span class='ocrx_word' id='word_1_471' title='bbox 1561 3340 1621 3385; x_wconf 92' lang='lat' dir='ltr'><strong>ut</strong></span> <span class='ocrx_word' id='word_1_472' title='bbox 1646 3340 1908 3397; x_wconf 88' lang='lat' dir='ltr'><strong>statuam,</strong></span> <span class='ocrx_word' id='word_1_473' title='bbox 1966 3347 2064 3388; x_wconf 93' lang='lat' dir='ltr'><strong>ceu</strong></span> 
     </span>
    </p>
   </div>
   <div class='ocr_carea' id='block_1_40' title="bbox 488 3422 2065 3494">
    <p class='ocr_par' dir='ltr' id='par_1_40' title="bbox 488 3422 2065 3494">
     <span class='ocr_line' id='line_1_40' title="bbox 488 3422 2065 3494; baseline 0.003 -18"><span class='ocrx_word' id='word_1_474' title='bbox 488 3422 698 3477; x_wconf 86' lang='lat' dir='ltr'><strong>numini</strong></span> <span class='ocrx_word' id='word_1_475' title='bbox 745 3424 961 3476; x_wconf 90' lang='lat' dir='ltr'><strong>cuidam</strong></span> <span class='ocrx_word' id='word_1_476' title='bbox 990 3466 1005 3487; x_wconf 93' lang='lat'><strong>,</strong></span> <span class='ocrx_word' id='word_1_477' title='bbox 1049 3424 1097 3478; x_wconf 86' lang='lat' dir='ltr'><strong>ei</strong></span> <span class='ocrx_word' id='word_1_478' title='bbox 1154 3425 1385 3494; x_wconf 87' lang='lat' dir='ltr'><strong>positam</strong></span> <span class='ocrx_word' id='word_1_479' title='bbox 1441 3424 1494 3477; x_wconf 86' lang='lat' dir='ltr'><strong>in</strong></span> <span class='ocrx_word' id='word_1_480' title='bbox 1535 3424 1712 3479; x_wconf 89' lang='lat' dir='ltr'><strong>insula</strong></span> <span class='ocrx_word' id='word_1_481' title='bbox 1758 3424 2017 3481; x_wconf 86' lang='lat' dir='ltr'><strong>Tiberina</strong></span> <span class='ocrx_word' id='word_1_482' title='bbox 2048 3467 2065 3493; x_wconf 88' lang='lat'><strong>,</strong></span> 
     </span>
    </p>
   </div>
   <div class='ocr_carea' id='block_1_41' title="bbox 487 3514 2061 3585">
    <p class='ocr_par' dir='ltr' id='par_1_41' title="bbox 487 3514 2061 3585">
     <span class='ocr_line' id='line_1_41' title="bbox 487 3514 2061 3585; baseline 0.003 -16"><span class='ocrx_word' id='word_1_483' title='bbox 487 3515 636 3569; x_wconf 90' lang='lat' dir='ltr'><strong>inter</strong></span> <span class='ocrx_word' id='word_1_484' title='bbox 663 3516 805 3570; x_wconf 91' lang='lat' dir='ltr'><strong>duos</strong></span> <span class='ocrx_word' id='word_1_485' title='bbox 837 3523 1050 3585; x_wconf 87' lang='lat' dir='ltr'><strong>pontes,</strong></span> <span class='ocrx_word' id='word_1_486' title='bbox 1084 3514 1285 3580; x_wconf 86' lang='lat' dir='ltr'><strong>ferant,</strong></span> <span class='ocrx_word' id='word_1_487' title='bbox 1319 3529 1439 3569; x_wconf 88' lang='lat' dir='ltr'><strong>cum</strong></span> <span class='ocrx_word' id='word_1_488' title='bbox 1471 3514 1663 3570; x_wconf 88' lang='lat' dir='ltr'><strong>Latina</strong></span> <span class='ocrx_word' id='word_1_489' title='bbox 1684 3517 2061 3585; x_wconf 88' lang='lat' dir='ltr'><strong>inscriptione:</strong></span> 
     </span>
    </p>
   </div>
   <div class='ocr_carea' id='block_1_42' title="bbox 488 3604 2066 3664">
    <p class='ocr_par' dir='ltr' id='par_1_42' title="bbox 488 3604 2066 3664">
     <span class='ocr_line' id='line_1_42' title="bbox 488 3604 2066 3664; baseline 0.003 -4"><span class='ocrx_word' id='word_1_490' title='bbox 488 3605 697 3660; x_wconf 80' lang='lat' dir='ltr'><strong>Simoni</strong></span> <span class='ocrx_word' id='word_1_491' title='bbox 731 3604 840 3659; x_wconf 78' lang='lat' dir='ltr'><strong>Deo</strong></span> <span class='ocrx_word' id='word_1_492' title='bbox 872 3616 1076 3661; x_wconf 79' lang='lat' dir='ltr'><strong>sancto.</strong></span> <span class='ocrx_word' id='word_1_493' title='bbox 1113 3605 1330 3662; x_wconf 84' lang='lat' dir='ltr'><strong>Primus</strong></span> <span class='ocrx_word' id='word_1_494' title='bbox 1353 3608 1496 3662; x_wconf 91' lang='lat' dir='ltr'><strong>enim</strong></span> <span class='ocrx_word' id='word_1_495' title='bbox 1546 3609 1789 3663; x_wconf 90' lang='lat' dir='ltr'><strong>omnium</strong></span> <span class='ocrx_word' id='word_1_496' title='bbox 1818 3605 2066 3664; x_wconf 71' lang='lat' dir='ltr'><strong>Juszinus</strong></span> 
     </span>
    </p>
   </div>
   <div class='ocr_carea' id='block_1_43' title="bbox 485 3698 2061 3769">
    <p class='ocr_par' dir='ltr' id='par_1_43' title="bbox 485 3698 2061 3769">
     <span class='ocr_line' id='line_1_43' title="bbox 485 3698 2061 3769; baseline 0.003 -17"><span class='ocrx_word' id='word_1_497' title='bbox 485 3698 697 3768; x_wconf 79' lang='lat' dir='ltr'><strong>Martyr</strong></span> <span class='ocrx_word' id='word_1_498' title='bbox 730 3699 782 3751; x_wconf 90' lang='lat' dir='ltr'><strong>in</strong></span> <span class='ocrx_word' id='word_1_499' title='bbox 811 3712 871 3752; x_wconf 89' lang='lat' dir='ltr'><strong>ea</strong></span> <span class='ocrx_word' id='word_1_500' title='bbox 905 3713 1026 3768; x_wconf 75' lang='lat' dir='ltr'><strong>quae</strong></span> <span class='ocrx_word' id='word_1_501' title='bbox 1059 3714 1187 3755; x_wconf 86' lang='lat' dir='ltr'><strong>vere</strong></span> <span class='ocrx_word' id='word_1_502' title='bbox 1218 3702 1368 3769; x_wconf 90' lang='lat' dir='ltr'><strong>prior</strong></span> <span class='ocrx_word' id='word_1_503' title='bbox 1405 3709 1511 3765; x_wconf 91' lang='lat' dir='ltr'><strong>est,</strong></span> <span class='ocrx_word' id='word_1_504' title='bbox 1541 3702 1841 3757; x_wconf 86' lang='lat' dir='ltr'><strong>secundum</strong></span> <span class='ocrx_word' id='word_1_505' title='bbox 1881 3712 2061 3757; x_wconf 91' lang='lat' dir='ltr'><strong>tamen</strong></span> 
     </span>
    </p>
   </div>
   <div class='ocr_carea' id='block_1_44' title="bbox 487 3788 2059 3865">
    <p class='ocr_par' dir='ltr' id='par_1_44' title="bbox 487 3788 2059 3865">
     <span class='ocr_line' id='line_1_44' title="bbox 487 3788 2059 3865; baseline 0.004 -22"><span class='ocrx_word' id='word_1_506' title='bbox 487 3790 543 3843; x_wconf 89' lang='lat' dir='ltr'><strong>in</strong></span> <span class='ocrx_word' id='word_1_507' title='bbox 570 3788 925 3845; x_wconf 90' lang='lat' dir='ltr'><strong>editislocum</strong></span> <span class='ocrx_word' id='word_1_508' title='bbox 952 3797 1123 3856; x_wconf 90' lang='lat' dir='ltr'><strong>tenet,</strong></span> <span class='ocrx_word' id='word_1_509' title='bbox 1150 3792 1407 3865; x_wconf 79' lang='lat' dir='ltr'><strong>Apologia</strong></span> <span class='ocrx_word' id='word_1_510' title='bbox 1437 3792 1504 3847; x_wconf 92' lang='lat' dir='ltr'><strong>ad</strong></span> <span class='ocrx_word' id='word_1_511' title='bbox 1520 3794 1853 3848; x_wconf 86' lang='lat' dir='ltr'><strong>Antoninum</strong></span> <span class='ocrx_word' id='word_1_512' title='bbox 1883 3793 2059 3859; x_wconf 85' lang='lat' dir='ltr'><strong>Pium,</strong></span> 
     </span>
    </p>
   </div>
   <div class='ocr_carea' id='block_1_45' title="bbox 486 3880 2059 3954">
    <p class='ocr_par' dir='ltr' id='par_1_45' title="bbox 486 3880 2059 3954">
     <span class='ocr_line' id='line_1_45' title="bbox 486 3880 2059 3954; baseline 0.003 -19"><span class='ocrx_word' id='word_1_513' title='bbox 486 3882 545 3935; x_wconf 88' lang='lat' dir='ltr'><strong>id</strong></span> <span class='ocrx_word' id='word_1_514' title='bbox 574 3882 919 3938; x_wconf 89' lang='lat' dir='ltr'><strong>memoravit.</strong></span> <span class='ocrx_word' id='word_1_515' title='bbox 943 3880 999 3935; x_wconf 88' lang='lat' dir='ltr'><strong>ln</strong></span> <span class='ocrx_word' id='word_1_516' title='bbox 1028 3880 1185 3949; x_wconf 89' lang='lat' dir='ltr'><strong>cujus</strong></span> <span class='ocrx_word' id='word_1_517' title='bbox 1217 3882 1320 3937; x_wconf 81' lang='lat' dir='ltr'><strong>title</strong></span> <span class='ocrx_word' id='word_1_518' title='bbox 1350 3882 1513 3949; x_wconf 91' lang='lat' dir='ltr'><strong>idem,</strong></span> <span class='ocrx_word' id='word_1_519' title='bbox 1538 3884 1633 3937; x_wconf 88' lang='lat' dir='ltr'><strong>sed</strong></span> <span class='ocrx_word' id='word_1_520' title='bbox 1658 3885 2059 3954; x_wconf 86' lang='lat' dir='ltr'><strong>aliquantulum</strong></span> 
     </span>
    </p>
   </div>
   <div class='ocr_carea' id='block_1_46' title="bbox 486 3971 2058 4037">
    <p class='ocr_par' dir='ltr' id='par_1_46' title="bbox 486 3971 2058 4037">
     <span class='ocr_line' id='line_1_46' title="bbox 486 3971 2058 4037; baseline 0.006 -11"><span class='ocrx_word' id='word_1_521' title='bbox 486 3971 713 4037; x_wconf 88' lang='lat' dir='ltr'><strong>dubius,</strong></span> <span class='ocrx_word' id='word_1_522' title='bbox 759 3972 1065 4027; x_wconf 90' lang='lat' dir='ltr'><strong>asseruisse</strong></span> <span class='ocrx_word' id='word_1_523' title='bbox 1098 3974 1312 4027; x_wconf 89' lang='lat' dir='ltr'><strong>videtur</strong></span> <span class='ocrx_word' id='word_1_524' title='bbox 1343 3972 1613 4030; x_wconf 63' lang='lat' dir='ltr'><strong>lreuaaus:</strong></span> <span class='ocrx_word' id='word_1_525' title='bbox 1666 3976 1860 4032; x_wconf 84' lang='lat' dir='ltr'><strong>Statua</strong></span> <span class='ocrx_word' id='word_1_526' title='bbox 1889 3980 2058 4035; x_wconf 70' lang='lat' dir='ltr'><strong>Itono-</strong></span> 
     </span>
    </p>
   </div>
   <div class='ocr_carea' id='block_1_47' title="bbox 485 4065 2048 4137">
    <p class='ocr_par' dir='ltr' id='par_1_47' title="bbox 485 4065 2048 4137">
     <span class='ocr_line' id='line_1_47' title="bbox 485 4065 2048 4137; baseline 0.004 -20"><span class='ocrx_word' id='word_1_527' title='bbox 485 4074 633 4118; x_wconf 80' lang='lat' dir='ltr'><strong>ratus</strong></span> <span class='ocrx_word' id='word_1_528' title='bbox 670 4065 836 4135; x_wconf 69' lang='lat' dir='ltr'><strong>fuisse</strong></span> <span class='ocrx_word' id='word_1_529' title='bbox 862 4065 1060 4117; x_wconf 83' lang='lat' dir='ltr'><strong>dicitur</strong></span> <span class='ocrx_word' id='word_1_530' title='bbox 1084 4076 1295 4133; x_wconf 86' lang='lat' dir='ltr'><strong>propter</strong></span> <span class='ocrx_word' id='word_1_531' title='bbox 1326 4068 1610 4137; x_wconf 85' lang='lat' dir='ltr'><strong>magicam,</strong></span> <span class='ocrx_word' id='word_1_532' title='bbox 1645 4070 1838 4137; x_wconf 85' lang='lat' dir='ltr'><strong>inquit.</strong></span> <span class='ocrx_word' id='word_1_533' title='bbox 1886 4070 1957 4122; x_wconf 86' lang='lat' dir='ltr'><strong>At</strong></span> <span class='ocrx_word' id='word_1_534' title='bbox 1992 4070 2048 4124; x_wconf 82' lang='lat' dir='ltr'><strong>fi-</strong></span> 
     </span>
    </p>
   </div>
   <div class='ocr_carea' id='block_1_48' title="bbox 488 4154 2058 4229">
    <p class='ocr_par' dir='ltr' id='par_1_48' title="bbox 488 4154 2058 4229">
     <span class='ocr_line' id='line_1_48' title="bbox 488 4154 2058 4229; baseline 0.004 -20"><span class='ocrx_word' id='word_1_535' title='bbox 488 4156 680 4210; x_wconf 90' lang='lat' dir='ltr'><strong>denter</strong></span> <span class='ocrx_word' id='word_1_536' title='bbox 709 4165 1095 4209; x_wconf 82' lang='lat' dir='ltr'><strong>asseverarunt</strong></span> <span class='ocrx_word' id='word_1_537' title='bbox 1122 4154 1516 4220; x_wconf 88' lang='lat' dir='ltr'><strong>Tertullianus,</strong></span> <span class='ocrx_word' id='word_1_538' title='bbox 1545 4159 1766 4229; x_wconf 77' lang='lat' dir='ltr'><strong>Apolog.</strong></span> <span class='ocrx_word' id='word_1_539' title='bbox 1805 4176 1924 4229; x_wconf 89' lang='lat' dir='ltr'><strong>cap.</strong></span> <span class='ocrx_word' id='word_1_540' title='bbox 1950 4162 2014 4216; x_wconf 77' lang='lat' dir='ltr'><strong>l5</strong></span> <span class='ocrx_word' id='word_1_541' title='bbox 2041 4177 2058 4227; x_wconf 89' lang='lat'><strong>;</strong></span> 
     </span>
    </p>
   </div>
   <div class='ocr_carea' id='block_1_49' title="bbox 486 4246 2057 4318">
    <p class='ocr_par' dir='ltr' id='par_1_49' title="bbox 486 4246 2057 4318">
     <span class='ocr_line' id='line_1_49' title="bbox 486 4246 2057 4318; baseline 0.003 -17"><span class='ocrx_word' id='word_1_542' title='bbox 486 4247 713 4312; x_wconf 78' lang='lat' dir='ltr'><strong>Euseb.,</strong></span> <span class='ocrx_word' id='word_1_543' title='bbox 744 4247 838 4300; x_wconf 92' lang='lat' dir='ltr'><strong>lib.</strong></span> <span class='ocrx_word' id='word_1_544' title='bbox 875 4262 913 4301; x_wconf 88' lang='grc' dir='ltr'><strong>ιι</strong></span> <span class='ocrx_word' id='word_1_545' title='bbox 954 4246 1128 4310; x_wconf 77' lang='lat' dir='ltr'><strong>Ilist.,</strong></span> <span class='ocrx_word' id='word_1_546' title='bbox 1158 4261 1279 4317; x_wconf 86' lang='lat' dir='ltr'><strong>cap.</strong></span> <span class='ocrx_word' id='word_1_547' title='bbox 1316 4247 1593 4318; x_wconf 64' lang='lat' dir='ltr'><strong>ii;Cyril.</strong></span> <span class='ocrx_word' id='word_1_548' title='bbox 1626 4249 1919 4317; x_wconf 76' lang='lat' dir='ltr'><strong>Hierosol.,</strong></span> <span class='ocrx_word' id='word_1_549' title='bbox 1949 4253 2057 4306; x_wconf 80' lang='lat' dir='ltr'><strong>Ca-</strong></span> 
     </span>
    </p>
   </div>
   <div class='ocr_carea' id='block_1_50' title="bbox 483 4338 2055 4410">
    <p class='ocr_par' dir='ltr' id='par_1_50' title="bbox 483 4338 2055 4410">
     <span class='ocr_line' id='line_1_50' title="bbox 483 4338 2055 4410; baseline 0.006 -19"><span class='ocrx_word' id='word_1_550' title='bbox 483 4341 621 4393; x_wconf 72' lang='lat' dir='ltr'><strong>tecli.</strong></span> <span class='ocrx_word' id='word_1_551' title='bbox 664 4340 718 4407; x_wconf 88' lang='lat'><strong>6,</strong></span> <span class='ocrx_word' id='word_1_552' title='bbox 753 4338 1152 4404; x_wconf 85' lang='lat' dir='ltr'><strong>Theodoretus,</strong></span> <span class='ocrx_word' id='word_1_553' title='bbox 1183 4341 1545 4410; x_wconf 82' lang='lat' dir='ltr'><strong>Augustinus,</strong></span> <span class='ocrx_word' id='word_1_554' title='bbox 1569 4342 1770 4396; x_wconf 89' lang='lat' dir='ltr'><strong>etalii.</strong></span> <span class='ocrx_word' id='word_1_555' title='bbox 1797 4341 1913 4398; x_wconf 88' lang='lat' dir='ltr'><strong>Non</strong></span> <span class='ocrx_word' id='word_1_556' title='bbox 1958 4345 2055 4399; x_wconf 90' lang='lat' dir='ltr'><strong>de-</strong></span> 
     </span>
    </p>
   </div>
   <div class='ocr_carea' id='block_1_51' title="bbox 483 4430 2053 4501">
    <p class='ocr_par' dir='ltr' id='par_1_51' title="bbox 483 4430 2053 4501">
     <span class='ocr_line' id='line_1_51' title="bbox 483 4430 2053 4501; baseline 0.003 -16"><span class='ocrx_word' id='word_1_557' title='bbox 483 4430 653 4501; x_wconf 44' lang='lat' dir='ltr'><strong>fuere,</strong></span> <span class='ocrx_word' id='word_1_558' title='bbox 687 4441 866 4486; x_wconf 89' lang='lat' dir='ltr'><strong>tamen</strong></span> <span class='ocrx_word' id='word_1_559' title='bbox 897 4431 1297 4501; x_wconf 89' lang='lat' dir='ltr'><strong>posterioribus</strong></span> <span class='ocrx_word' id='word_1_560' title='bbox 1322 4432 1473 4488; x_wconf 92' lang='lat' dir='ltr'><strong>hisce</strong></span> <span class='ocrx_word' id='word_1_561' title='bbox 1504 4435 1721 4489; x_wconf 64' lang='lat' dir='ltr'><strong>smeulis</strong></span> <span class='ocrx_word' id='word_1_562' title='bbox 1748 4436 2053 4491; x_wconf 86' lang='lat' dir='ltr'><strong>doctissimi</strong></span> 
     </span>
    </p>
   </div>
   <div class='ocr_carea' id='block_1_52' title="bbox 483 4521 2056 4597">
    <p class='ocr_par' dir='ltr' id='par_1_52' title="bbox 483 4521 2056 4597">
     <span class='ocr_line' id='line_1_52' title="bbox 483 4521 2056 4597; baseline 0.004 -20"><span class='ocrx_word' id='word_1_563' title='bbox 483 4525 612 4592; x_wconf 89' lang='lat' dir='ltr'><strong>viri,</strong></span> <span class='ocrx_word' id='word_1_564' title='bbox 640 4526 731 4595; x_wconf 91' lang='lat' dir='ltr'><strong>qui</strong></span> <span class='ocrx_word' id='word_1_565' title='bbox 755 4523 1033 4579; x_wconf 81' lang='lat' dir='ltr'><strong>JuStinum</strong></span> <span class='ocrx_word' id='word_1_566' title='bbox 1049 4537 1144 4577; x_wconf 89' lang='lat' dir='ltr'><strong>seu</strong></span> <span class='ocrx_word' id='word_1_567' title='bbox 1176 4521 1385 4578; x_wconf 59' lang='lat' dir='ltr'><strong>Latinae.</strong></span> <span class='ocrx_word' id='word_1_568' title='bbox 1408 4524 1605 4595; x_wconf 80' lang='lat' dir='ltr'><strong>lingua:</strong></span> <span class='ocrx_word' id='word_1_569' title='bbox 1632 4527 1927 4597; x_wconf 89' lang='lat' dir='ltr'><strong>imperitia,</strong></span> <span class='ocrx_word' id='word_1_570' title='bbox 1959 4543 2056 4583; x_wconf 87' lang='lat' dir='ltr'><strong>seu</strong></span> 
     </span>
    </p>
   </div>
   <div class='ocr_carea' id='block_1_53' title="bbox 484 4615 2054 4690">
    <p class='ocr_par' dir='ltr' id='par_1_53' title="bbox 484 4615 2054 4690">
     <span class='ocr_line' id='line_1_53' title="bbox 484 4615 2054 4690; baseline 0.003 -20"><span class='ocrx_word' id='word_1_571' title='bbox 484 4616 722 4671; x_wconf 90' lang='lat' dir='ltr'><strong>nominis</strong></span> <span class='ocrx_word' id='word_1_572' title='bbox 756 4615 1116 4672; x_wconf 84' lang='lat' dir='ltr'><strong>similitudine</strong></span> <span class='ocrx_word' id='word_1_573' title='bbox 1144 4616 1429 4688; x_wconf 89' lang='lat' dir='ltr'><strong>deceptum</strong></span> <span class='ocrx_word' id='word_1_574' title='bbox 1458 4620 1723 4688; x_wconf 85' lang='lat' dir='ltr'><strong>putarint;</strong></span> <span class='ocrx_word' id='word_1_575' title='bbox 1750 4629 1937 4689; x_wconf 89' lang='lat' dir='ltr'><strong>utpote</strong></span> <span class='ocrx_word' id='word_1_576' title='bbox 1964 4622 2054 4690; x_wconf 89' lang='lat' dir='ltr'><strong>qui</strong></span> 
     </span>
    </p>
   </div>
   <div class='ocr_carea' id='block_1_54' title="bbox 2089 4488 2136 4547">
    <p class='ocr_par' dir='ltr' id='par_1_54' title="bbox 2089 4488 2136 4547">
     <span class='ocr_line' id='line_1_54' title="bbox 2089 4488 2136 4547; baseline 0 0"><span class='ocrx_word' id='word_1_577' title='bbox 2089 4488 2136 4547; x_wconf 72' lang='grc' dir='ltr'>ι)</span> 
     </span>
    </p>
   </div>
   <div class='ocr_carea' id='block_1_55' title="bbox 2166 3512 3716 3583">
    <p class='ocr_par' dir='ltr' id='par_1_55' title="bbox 2166 3512 3716 3583">
     <span class='ocr_line' id='line_1_55' title="bbox 2166 3512 3716 3583; baseline -0.002 -18"><span class='ocrx_word' id='word_1_578' title='bbox 2166 3512 2534 3582; x_wconf 88' lang='lat' dir='ltr'><strong>apostolorum</strong></span> <span class='ocrx_word' id='word_1_579' title='bbox 2583 3515 2835 3583; x_wconf 88' lang='lat' dir='ltr'><strong>precibus</strong></span> <span class='ocrx_word' id='word_1_580' title='bbox 2894 3513 3181 3567; x_wconf 86' lang='lat' dir='ltr'><strong>sollicitata</strong></span> <span class='ocrx_word' id='word_1_581' title='bbox 3256 3526 3497 3580; x_wconf 66' lang='lat' dir='ltr'><strong>praeceps</strong></span> <span class='ocrx_word' id='word_1_582' title='bbox 3544 3520 3716 3573; x_wconf 90' lang='lat' dir='ltr'><strong>actus,</strong></span> 
     </span>
    </p>
   </div>
   <div class='ocr_carea' id='block_1_56' title="bbox 2162 3605 3717 3675">
    <p class='ocr_par' dir='ltr' id='par_1_56' title="bbox 2162 3605 3717 3675">
     <span class='ocr_line' id='line_1_56' title="bbox 2162 3605 3717 3675; baseline -0.003 -17"><span class='ocrx_word' id='word_1_583' title='bbox 2162 3605 2351 3659; x_wconf 81' lang='lat' dir='ltr'><strong>fractis</strong></span> <span class='ocrx_word' id='word_1_584' title='bbox 2390 3607 2642 3662; x_wconf 87' lang='lat' dir='ltr'><strong>cruribus</strong></span> <span class='ocrx_word' id='word_1_585' title='bbox 2678 3607 2873 3660; x_wconf 89' lang='lat' dir='ltr'><strong>misere</strong></span> <span class='ocrx_word' id='word_1_586' title='bbox 2923 3616 3109 3675; x_wconf 90' lang='lat' dir='ltr'><strong>postea</strong></span> <span class='ocrx_word' id='word_1_587' title='bbox 3142 3607 3442 3671; x_wconf 76' lang='lat' dir='ltr'><strong>interierit,</strong></span> <span class='ocrx_word' id='word_1_588' title='bbox 3474 3620 3538 3659; x_wconf 91' lang='lat' dir='ltr'><strong>eo</strong></span> <span class='ocrx_word' id='word_1_589' title='bbox 3584 3614 3717 3655; x_wconf 87' lang='lat' dir='ltr'><strong>anno</strong></span> 
     </span>
    </p>
   </div>
   <div class='ocr_carea' id='block_1_57' title="bbox 2162 3694 3715 3767">
    <p class='ocr_par' dir='ltr' id='par_1_57' title="bbox 2162 3694 3715 3767">
     <span class='ocr_line' id='line_1_57' title="bbox 2162 3694 3715 3767; baseline -0.003 -20"><span class='ocrx_word' id='word_1_590' title='bbox 2162 3696 2255 3765; x_wconf 87' lang='lat' dir='ltr'><strong>qtti</strong></span> <span class='ocrx_word' id='word_1_591' title='bbox 2280 3695 2424 3751; x_wconf 87' lang='lat' dir='ltr'><strong>Petri</strong></span> <span class='ocrx_word' id='word_1_592' title='bbox 2449 3707 2503 3751; x_wconf 93' lang='lat' dir='ltr'><strong>et</strong></span> <span class='ocrx_word' id='word_1_593' title='bbox 2525 3696 2673 3751; x_wconf 88' lang='lat' dir='ltr'><strong>Pauli</strong></span> <span class='ocrx_word' id='word_1_594' title='bbox 2706 3698 3028 3767; x_wconf 84' lang='lat' dir='ltr'><strong>martyrium</strong></span> <span class='ocrx_word' id='word_1_595' title='bbox 3063 3699 3309 3767; x_wconf 86' lang='lat' dir='ltr'><strong>proxime</strong></span> <span class='ocrx_word' id='word_1_596' title='bbox 3348 3694 3715 3754; x_wconf 79' lang='lat' dir='ltr'><strong>antecesserit,</strong></span> 
     </span>
    </p>
   </div>
   <div class='ocr_carea' id='block_1_58' title="bbox 2164 3788 3713 3859">
    <p class='ocr_par' dir='ltr' id='par_1_58' title="bbox 2164 3788 3713 3859">
     <span class='ocr_line' id='line_1_58' title="bbox 2164 3788 3713 3859; baseline -0.002 -18"><span class='ocrx_word' id='word_1_597' title='bbox 2164 3790 2215 3841; x_wconf 90' lang='lat' dir='ltr'><strong>id</strong></span> <span class='ocrx_word' id='word_1_598' title='bbox 2249 3800 2326 3843; x_wconf 90' lang='lat' dir='ltr'><strong>est</strong></span> <span class='ocrx_word' id='word_1_599' title='bbox 2354 3790 2556 3845; x_wconf 88' lang='lat' dir='ltr'><strong>Christi</strong></span> <span class='ocrx_word' id='word_1_600' title='bbox 2584 3790 2677 3845; x_wconf 23' lang='lat'><strong>65..</strong></span> <span class='ocrx_word' id='word_1_601' title='bbox 2698 3790 2819 3845; x_wconf 58' lang='lat' dir='ltr'><strong>llwc</strong></span> <span class='ocrx_word' id='word_1_602' title='bbox 2842 3792 3025 3844; x_wconf 91' lang='lat' dir='ltr'><strong>omnia</strong></span> <span class='ocrx_word' id='word_1_603' title='bbox 3056 3791 3287 3844; x_wconf 83' lang='lat' dir='ltr'><strong>strictim</strong></span> <span class='ocrx_word' id='word_1_604' title='bbox 3311 3792 3540 3859; x_wconf 82' lang='lat' dir='ltr'><strong>attingo,</strong></span> <span class='ocrx_word' id='word_1_605' title='bbox 3567 3788 3713 3843; x_wconf 84' lang='lat' dir='ltr'><strong>obvia</strong></span> 
     </span>
    </p>
   </div>
   <div class='ocr_carea' id='block_1_59' title="bbox 2162 3881 3716 3951">
    <p class='ocr_par' dir='ltr' id='par_1_59' title="bbox 2162 3881 3716 3951">
     <span class='ocr_line' id='line_1_59' title="bbox 2162 3881 3716 3951; baseline -0.002 -14"><span class='ocrx_word' id='word_1_606' title='bbox 2162 3884 2429 3951; x_wconf 85' lang='lat' dir='ltr'><strong>siquidem</strong></span> <span class='ocrx_word' id='word_1_607' title='bbox 2460 3894 2585 3938; x_wconf 90' lang='lat' dir='ltr'><strong>sunt</strong></span> <span class='ocrx_word' id='word_1_608' title='bbox 2608 3892 2662 3937; x_wconf 91' lang='lat' dir='ltr'><strong>et</strong></span> <span class='ocrx_word' id='word_1_609' title='bbox 2681 3884 2931 3937; x_wconf 88' lang='lat' dir='ltr'><strong>omnibus</strong></span> <span class='ocrx_word' id='word_1_610' title='bbox 2952 3894 3100 3937; x_wconf 91' lang='lat' dir='ltr'><strong>nota.</strong></span> <span class='ocrx_word' id='word_1_611' title='bbox 3142 3882 3331 3937; x_wconf 87' lang='lat' dir='ltr'><strong>Plures</strong></span> <span class='ocrx_word' id='word_1_612' title='bbox 3357 3884 3593 3938; x_wconf 83' lang='lat' dir='ltr'><strong>edidisse</strong></span> <span class='ocrx_word' id='word_1_613' title='bbox 3616 3881 3716 3935; x_wconf 88' lang='lat' dir='ltr'><strong>fer-</strong></span> 
     </span>
    </p>
   </div>
   <div class='ocr_carea' id='block_1_60' title="bbox 2164 3973 3717 4041">
    <p class='ocr_par' dir='ltr' id='par_1_60' title="bbox 2164 3973 3717 4041">
     <span class='ocr_line' id='line_1_60' title="bbox 2164 3973 3717 4041; baseline -0.002 -12"><span class='ocrx_word' id='word_1_614' title='bbox 2164 3986 2251 4029; x_wconf 88' lang='lat' dir='ltr'><strong>tur</strong></span> <span class='ocrx_word' id='word_1_615' title='bbox 2298 3990 2390 4029; x_wconf 91' lang='lat' dir='ltr'><strong>seu</strong></span> <span class='ocrx_word' id='word_1_616' title='bbox 2430 3974 2622 4041; x_wconf 87' lang='lat' dir='ltr'><strong>libros,</strong></span> <span class='ocrx_word' id='word_1_617' title='bbox 2662 3990 2755 4028; x_wconf 92' lang='lat' dir='ltr'><strong>seu</strong></span> <span class='ocrx_word' id='word_1_618' title='bbox 2787 3990 3085 4030; x_wconf 84' lang='lat' dir='ltr'><strong>sermones.</strong></span> <span class='ocrx_word' id='word_1_619' title='bbox 3117 3974 3391 4040; x_wconf 79' lang='lat' dir='ltr'><strong>Quasdam</strong></span> <span class='ocrx_word' id='word_1_620' title='bbox 3440 3989 3511 4028; x_wconf 87' lang='lat' dir='ltr'><strong>ex</strong></span> <span class='ocrx_word' id='word_1_621' title='bbox 3556 3973 3717 4027; x_wconf 87' lang='lat' dir='ltr'><strong>altero</strong></span> 
     </span>
    </p>
   </div>
   <div class='ocr_carea' id='block_1_61' title="bbox 2160 4065 3717 4136">
    <p class='ocr_par' dir='ltr' id='par_1_61' title="bbox 2160 4065 3717 4136">
     <span class='ocr_line' id='line_1_61' title="bbox 2160 4065 3717 4136; baseline -0.001 -17"><span class='ocrx_word' id='word_1_622' title='bbox 2160 4081 2348 4120; x_wconf 91' lang='lat' dir='ltr'><strong>eorum</strong></span> <span class='ocrx_word' id='word_1_623' title='bbox 2384 4065 2748 4136; x_wconf 88' lang='lat' dir='ltr'><strong>blasphemias</strong></span> <span class='ocrx_word' id='word_1_624' title='bbox 2780 4068 2975 4121; x_wconf 88' lang='lat' dir='ltr'><strong>recitat</strong></span> <span class='ocrx_word' id='word_1_625' title='bbox 3030 4066 3400 4136; x_wconf 79' lang='lat' dir='ltr'><strong>Hieronymus</strong></span> <span class='ocrx_word' id='word_1_626' title='bbox 3451 4071 3505 4124; x_wconf 86' lang='lat' dir='ltr'><strong>in</strong></span> <span class='ocrx_word' id='word_1_627' title='bbox 3541 4068 3717 4123; x_wconf 79' lang='lat' dir='ltr'><strong>Matth.</strong></span> 
     </span>
    </p>
   </div>
   <div class='ocr_carea' id='block_1_62' title="bbox 2159 4160 3716 4229">
    <p class='ocr_par' dir='ltr' id='par_1_62' title="bbox 2159 4160 3716 4229">
     <span class='ocr_line' id='line_1_62' title="bbox 2159 4160 3716 4229; baseline -0.002 -18"><span class='ocrx_word' id='word_1_628' title='bbox 2159 4174 2277 4229; x_wconf 91' lang='lat' dir='ltr'><strong>cap.</strong></span> <span class='ocrx_word' id='word_1_629' title='bbox 2303 4175 2451 4218; x_wconf 85' lang='lat' dir='ltr'><strong>xx1v.</strong></span> <span class='ocrx_word' id='word_1_630' title='bbox 2472 4162 2623 4216; x_wconf 81' lang='lat' dir='ltr'><strong>Alios</strong></span> <span class='ocrx_word' id='word_1_631' title='bbox 2645 4169 3114 4215; x_wconf 86' lang='lat' dir='ltr'><strong>memoratauctor</strong></span> <span class='ocrx_word' id='word_1_632' title='bbox 3130 4161 3252 4214; x_wconf 86' lang='lat' dir='ltr'><strong>libri</strong></span> <span class='ocrx_word' id='word_1_633' title='bbox 3279 4160 3353 4214; x_wconf 88' lang='lat' dir='ltr'><strong>De</strong></span> <span class='ocrx_word' id='word_1_634' title='bbox 3376 4160 3541 4213; x_wconf 83' lang='lat' dir='ltr'><strong>divin.</strong></span> <span class='ocrx_word' id='word_1_635' title='bbox 3564 4174 3716 4220; x_wconf 88' lang='lat' dir='ltr'><strong>nom.,</strong></span> 
     </span>
    </p>
   </div>
   <div class='ocr_carea' id='block_1_63' title="bbox 2158 4249 3710 4323">
    <p class='ocr_par' dir='ltr' id='par_1_63' title="bbox 2158 4249 3710 4323">
     <span class='ocr_line' id='line_1_63' title="bbox 2158 4249 3710 4323; baseline -0.003 -17"><span class='ocrx_word' id='word_1_636' title='bbox 2158 4267 2280 4323; x_wconf 79' lang='lat' dir='ltr'><strong>Cap.</strong></span> <span class='ocrx_word' id='word_1_637' title='bbox 2313 4254 2367 4317; x_wconf 88' lang='lat'><strong>6,</strong></span> <span class='ocrx_word' id='word_1_638' title='bbox 2421 4269 2649 4323; x_wconf 91' lang='lat' dir='ltr'><strong>quorum</strong></span> <span class='ocrx_word' id='word_1_639' title='bbox 2698 4255 2907 4318; x_wconf 91' lang='lat' dir='ltr'><strong>titulus,</strong></span> <span class='ocrx_word' id='word_1_640' title='bbox 2951 4254 3400 4321; x_wconf 66' lang='grc' dir='ltr'><strong>Ἀηιρῤητικοὶ,</strong></span> <span class='ocrx_word' id='word_1_641' title='bbox 3443 4249 3710 4307; x_wconf 86' lang='lat' dir='ltr'><strong>Contradi-</strong></span> 
     </span>
    </p>
   </div>
   <div class='ocr_carea' id='block_1_64' title="bbox 2158 4346 3715 4416">
    <p class='ocr_par' dir='ltr' id='par_1_64' title="bbox 2158 4346 3715 4416">
     <span class='ocr_line' id='line_1_64' title="bbox 2158 4346 3715 4416; baseline -0.003 -18"><span class='ocrx_word' id='word_1_642' title='bbox 2158 4347 2329 4402; x_wconf 81' lang='lat' dir='ltr'><strong>ctorii.</strong></span> <span class='ocrx_word' id='word_1_643' title='bbox 2361 4346 2416 4402; x_wconf 91' lang='lat' dir='ltr'><strong>Si</strong></span> <span class='ocrx_word' id='word_1_644' title='bbox 2444 4347 2917 4401; x_wconf 78' lang='lat' dir='ltr'><strong>Constitutionibus</strong></span> <span class='ocrx_word' id='word_1_645' title='bbox 2945 4348 3244 4416; x_wconf 71' lang='lat' dir='ltr'><strong>apostolicis</strong></span> <span class='ocrx_word' id='word_1_646' title='bbox 3274 4347 3427 4407; x_wconf 85' lang='lat' dir='ltr'><strong>fides,</strong></span> <span class='ocrx_word' id='word_1_647' title='bbox 3456 4347 3548 4401; x_wconf 89' lang='lat' dir='ltr'><strong>lib.</strong></span> <span class='ocrx_word' id='word_1_648' title='bbox 3573 4360 3644 4407; x_wconf 67' lang='grc' dir='ltr'><strong>γι,</strong></span> <span class='ocrx_word' id='word_1_649' title='bbox 3670 4356 3715 4395; x_wconf 91' lang='lat' dir='ltr'><strong>c.</strong></span> 
     </span>
    </p>
   </div>
   <div class='ocr_carea' id='block_1_65' title="bbox 2161 4436 3718 4507">
    <p class='ocr_par' dir='ltr' id='par_1_65' title="bbox 2161 4436 3718 4507">
     <span class='ocr_line' id='line_1_65' title="bbox 2161 4436 3718 4507; baseline -0.004 -14"><span class='ocrx_word' id='word_1_650' title='bbox 2161 4440 2215 4504; x_wconf 88' lang='lat'><strong>8,</strong></span> <span class='ocrx_word' id='word_1_651' title='bbox 2250 4438 2436 4493; x_wconf 88' lang='lat' dir='ltr'><strong>Simon</strong></span> <span class='ocrx_word' id='word_1_652' title='bbox 2486 4439 2710 4507; x_wconf 85' lang='lat' dir='ltr'><strong>ejusque</strong></span> <span class='ocrx_word' id='word_1_653' title='bbox 2753 4438 2931 4492; x_wconf 85' lang='lat' dir='ltr'><strong>socius</strong></span> <span class='ocrx_word' id='word_1_654' title='bbox 2985 4437 3239 4491; x_wconf 86' lang='lat' dir='ltr'><strong>Cleobius</strong></span> <span class='ocrx_word' id='word_1_655' title='bbox 3278 4438 3459 4506; x_wconf 89' lang='lat' dir='ltr'><strong>plures</strong></span> <span class='ocrx_word' id='word_1_656' title='bbox 3512 4436 3718 4492; x_wconf 85' lang='lat' dir='ltr'><strong>Christo</strong></span> 
     </span>
    </p>
   </div>
   <div class='ocr_carea' id='block_1_66' title="bbox 2161 4528 3714 4597">
    <p class='ocr_par' dir='ltr' id='par_1_66' title="bbox 2161 4528 3714 4597">
     <span class='ocr_line' id='line_1_66' title="bbox 2161 4528 3714 4597; baseline -0.003 -15"><span class='ocrx_word' id='word_1_657' title='bbox 2161 4528 2383 4597; x_wconf 88' lang='lat' dir='ltr'><strong>ejusque</strong></span> <span class='ocrx_word' id='word_1_658' title='bbox 2428 4529 2706 4597; x_wconf 89' lang='lat' dir='ltr'><strong>discipulis</strong></span> <span class='ocrx_word' id='word_1_659' title='bbox 2758 4530 2926 4585; x_wconf 86' lang='lat' dir='ltr'><strong>libros</strong></span> <span class='ocrx_word' id='word_1_660' title='bbox 2971 4544 3279 4597; x_wconf 83' lang='lat' dir='ltr'><strong>supponere</strong></span> <span class='ocrx_word' id='word_1_661' title='bbox 3318 4530 3434 4582; x_wconf 90' lang='lat' dir='ltr'><strong>ausi</strong></span> <span class='ocrx_word' id='word_1_662' title='bbox 3488 4528 3714 4582; x_wconf 88' lang='lat' dir='ltr'><strong>fuerant.</strong></span> 
     </span>
    </p>
   </div>
   <div class='ocr_carea' id='block_1_67' title="bbox 2162 4619 3714 4690">
    <p class='ocr_par' dir='ltr' id='par_1_67' title="bbox 2162 4619 3714 4690">
     <span class='ocr_line' id='line_1_67' title="bbox 2162 4619 3714 4690; baseline -0.002 -18"><span class='ocrx_word' id='word_1_663' title='bbox 2162 4619 2239 4672; x_wconf 77' lang='lat' dir='ltr'><strong>Ex</strong></span> <span class='ocrx_word' id='word_1_664' title='bbox 2296 4620 2690 4688; x_wconf 87' lang='lat' dir='ltr'><strong>discipulorum</strong></span> <span class='ocrx_word' id='word_1_665' title='bbox 2741 4620 2951 4675; x_wconf 82' lang='lat' dir='ltr'><strong>ollicina</strong></span> <span class='ocrx_word' id='word_1_666' title='bbox 3004 4621 3276 4690; x_wconf 91' lang='lat' dir='ltr'><strong>prodierat</strong></span> <span class='ocrx_word' id='word_1_667' title='bbox 3321 4619 3667 4689; x_wconf 87' lang='lat' dir='ltr'><strong>Evangelium</strong></span> <span class='ocrx_word' id='word_1_668' title='bbox 3699 4654 3714 4679; x_wconf 93' lang='lat'><strong>,</strong></span> 
     </span>
    </p>
   </div>
   <div class='ocr_carea' id='block_1_68' title="bbox 485 4709 3717 4783">
    <p class='ocr_par' dir='ltr' id='par_1_68' title="bbox 485 4709 3717 4783">
     <span class='ocr_line' id='line_1_68' title="bbox 485 4709 3717 4783; baseline -0 -22"><span class='ocrx_word' id='word_1_669' title='bbox 485 4715 723 4761; x_wconf 90' lang='lat' dir='ltr'><strong>statuam</strong></span> <span class='ocrx_word' id='word_1_670' title='bbox 760 4709 978 4763; x_wconf 83' lang='lat' dir='ltr'><strong>Semoni</strong></span> <span class='ocrx_word' id='word_1_671' title='bbox 1012 4727 1199 4774; x_wconf 90' lang='lat' dir='ltr'><strong>sanco,</strong></span> <span class='ocrx_word' id='word_1_672' title='bbox 1235 4714 1320 4766; x_wconf 90' lang='lat' dir='ltr'><strong>vel</strong></span> <span class='ocrx_word' id='word_1_673' title='bbox 1362 4721 1583 4775; x_wconf 82' lang='lat' dir='ltr'><strong>sancto,</strong></span> <span class='ocrx_word' id='word_1_674' title='bbox 1622 4712 1715 4781; x_wconf 90' lang='lat' dir='ltr'><strong>qui</strong></span> <span class='ocrx_word' id='word_1_675' title='bbox 1763 4715 1900 4769; x_wconf 89' lang='lat' dir='ltr'><strong>deus</strong></span> <span class='ocrx_word' id='word_1_676' title='bbox 1940 4721 2061 4768; x_wconf 90' lang='lat' dir='ltr'><strong>erat</strong></span> <span class='ocrx_word' id='word_1_677' title='bbox 2159 4711 2303 4780; x_wconf 89' lang='lat' dir='ltr'><strong>quod</strong></span> <span class='ocrx_word' id='word_1_678' title='bbox 2340 4712 2540 4766; x_wconf 87' lang='lat' dir='ltr'><strong>librum</strong></span> <span class='ocrx_word' id='word_1_679' title='bbox 2578 4712 2656 4766; x_wconf 79' lang='lat' dir='ltr'><strong>De</strong></span> <span class='ocrx_word' id='word_1_680' title='bbox 2678 4726 2904 4783; x_wconf 80' lang='lat' dir='ltr'><strong>quatuor</strong></span> <span class='ocrx_word' id='word_1_681' title='bbox 2949 4715 3128 4767; x_wconf 80' lang='lat' dir='ltr'><strong>mundi</strong></span> <span class='ocrx_word' id='word_1_682' title='bbox 3182 4712 3389 4782; x_wconf 78' lang='lat' dir='ltr'><strong>angulis</strong></span> <span class='ocrx_word' id='word_1_683' title='bbox 3432 4710 3717 4778; x_wconf 81' lang='lat' dir='ltr'><strong>inscripse-</strong></span> 
     </span>
    </p>
   </div>
   <div class='ocr_carea' id='block_1_69' title="bbox 486 4799 2053 4873">
    <p class='ocr_par' dir='ltr' id='par_1_69' title="bbox 486 4799 2053 4873">
     <span class='ocr_line' id='line_1_69' title="bbox 486 4799 2053 4873; baseline 0.004 -21"><span class='ocrx_word' id='word_1_684' title='bbox 486 4800 630 4868; x_wconf 83' lang='lat' dir='ltr'><strong>apud</strong></span> <span class='ocrx_word' id='word_1_685' title='bbox 676 4799 908 4857; x_wconf 86' lang='lat' dir='ltr'><strong>Sabinos</strong></span> <span class='ocrx_word' id='word_1_686' title='bbox 940 4847 953 4866; x_wconf 87' lang='lat'><strong>,</strong></span> <span class='ocrx_word' id='word_1_687' title='bbox 1001 4804 1259 4872; x_wconf 85' lang='lat' dir='ltr'><strong>positam,</strong></span> <span class='ocrx_word' id='word_1_688' title='bbox 1319 4804 1529 4858; x_wconf 91' lang='lat' dir='ltr'><strong>Simoni</strong></span> <span class='ocrx_word' id='word_1_689' title='bbox 1577 4804 1730 4873; x_wconf 87' lang='lat' dir='ltr'><strong>Mago</strong></span> <span class='ocrx_word' id='word_1_690' title='bbox 1782 4814 2053 4859; x_wconf 87' lang='lat' dir='ltr'><strong>sacratam</strong></span> 
     </span>
    </p>
   </div>
   <div class='ocr_carea' id='block_1_70' title="bbox 484 4887 2059 4950">
    <p class='ocr_par' dir='ltr' id='par_1_70' title="bbox 484 4887 2059 4950">
     <span class='ocr_line' id='line_1_70' title="bbox 484 4887 2059 4950; baseline 0.006 -10"><span class='ocrx_word' id='word_1_691' title='bbox 484 4887 653 4942; x_wconf 90' lang='lat' dir='ltr'><strong>fuisse</strong></span> <span class='ocrx_word' id='word_1_692' title='bbox 688 4891 1104 4947; x_wconf 80' lang='lat' dir='ltr'><strong>existimaverit.</strong></span> <span class='ocrx_word' id='word_1_693' title='bbox 1134 4894 1371 4949; x_wconf 85' lang='lat' dir='ltr'><strong>Centum</strong></span> <span class='ocrx_word' id='word_1_694' title='bbox 1399 4896 1625 4949; x_wconf 85' lang='lat' dir='ltr'><strong>circiter</strong></span> <span class='ocrx_word' id='word_1_695' title='bbox 1664 4896 1863 4950; x_wconf 87' lang='lat' dir='ltr'><strong>abhinc</strong></span> <span class='ocrx_word' id='word_1_696' title='bbox 1895 4897 2059 4950; x_wconf 88' lang='lat' dir='ltr'><strong>annis</strong></span> 
     </span>
    </p>
   </div>
   <div class='ocr_carea' id='block_1_71' title="bbox 481 4980 2051 5043">
    <p class='ocr_par' dir='ltr' id='par_1_71' title="bbox 481 4980 2051 5043">
     <span class='ocr_line' id='line_1_71' title="bbox 481 4980 2051 5043; baseline 0.005 -8"><span class='ocrx_word' id='word_1_697' title='bbox 481 4980 677 5035; x_wconf 72' lang='lat' dir='ltr'><strong>effossa</strong></span> <span class='ocrx_word' id='word_1_698' title='bbox 709 4992 793 5036; x_wconf 92' lang='lat' dir='ltr'><strong>est</strong></span> <span class='ocrx_word' id='word_1_699' title='bbox 820 4983 876 5035; x_wconf 90' lang='lat' dir='ltr'><strong>in</strong></span> <span class='ocrx_word' id='word_1_700' title='bbox 910 4984 1089 5039; x_wconf 87' lang='lat' dir='ltr'><strong>insula</strong></span> <span class='ocrx_word' id='word_1_701' title='bbox 1139 4984 1393 5042; x_wconf 85' lang='lat' dir='ltr'><strong>Tiberina</strong></span> <span class='ocrx_word' id='word_1_702' title='bbox 1447 4994 1626 5041; x_wconf 88' lang='lat' dir='ltr'><strong>statua</strong></span> <span class='ocrx_word' id='word_1_703' title='bbox 1673 5002 1793 5041; x_wconf 92' lang='lat' dir='ltr'><strong>cum</strong></span> <span class='ocrx_word' id='word_1_704' title='bbox 1828 4988 1930 5043; x_wconf 88' lang='lat' dir='ltr'><strong>hac</strong></span> <span class='ocrx_word' id='word_1_705' title='bbox 1965 4990 2051 5043; x_wconf 91' lang='lat' dir='ltr'><strong>in-</strong></span> 
     </span>
    </p>
   </div>
   <div class='ocr_carea' id='block_1_72' title="bbox 480 5076 2047 5152">
    <p class='ocr_par' dir='ltr' id='par_1_72' title="bbox 480 5076 2047 5152">
     <span class='ocr_line' id='line_1_72' title="bbox 480 5076 2047 5152; baseline 0.006 -21"><span class='ocrx_word' id='word_1_706' title='bbox 480 5076 803 5145; x_wconf 88' lang='lat' dir='ltr'><strong>scriptione,</strong></span> <span class='ocrx_word' id='word_1_707' title='bbox 830 5093 951 5147; x_wconf 62' lang='lat' dir='ltr'><strong>quae</strong></span> <span class='ocrx_word' id='word_1_708' title='bbox 984 5078 1051 5130; x_wconf 89' lang='lat' dir='ltr'><strong>ad</strong></span> <span class='ocrx_word' id='word_1_709' title='bbox 1084 5080 1226 5134; x_wconf 88' lang='lat' dir='ltr'><strong>illam</strong></span> <span class='ocrx_word' id='word_1_710' title='bbox 1273 5080 1473 5136; x_wconf 81' lang='lat' dir='ltr'><strong>Justini</strong></span> <span class='ocrx_word' id='word_1_711' title='bbox 1508 5082 1755 5152; x_wconf 86' lang='lat' dir='ltr'><strong>proxime</strong></span> <span class='ocrx_word' id='word_1_712' title='bbox 1799 5085 2047 5141; x_wconf 88' lang='lat' dir='ltr'><strong>accedit:</strong></span> 
     </span>
    </p>
   </div>
   <div class='ocr_carea' id='block_1_73' title="bbox 477 5164 2043 5240">
    <p class='ocr_par' dir='ltr' id='par_1_73' title="bbox 477 5164 2043 5240">
     <span class='ocr_line' id='line_1_73' title="bbox 477 5164 2043 5240; baseline 0.005 -21"><span class='ocrx_word' id='word_1_713' title='bbox 477 5164 697 5219; x_wconf 71' lang='lat' dir='ltr'><strong>Semoni</strong></span> <span class='ocrx_word' id='word_1_714' title='bbox 736 5169 832 5220; x_wconf 84' lang='lat' dir='ltr'><strong>deo</strong></span> <span class='ocrx_word' id='word_1_715' title='bbox 878 5185 1038 5221; x_wconf 74' lang='lat' dir='ltr'><strong>sanco</strong></span> <span class='ocrx_word' id='word_1_716' title='bbox 1073 5169 1181 5236; x_wconf 82' lang='lat' dir='ltr'><strong>(vel</strong></span> <span class='ocrx_word' id='word_1_717' title='bbox 1212 5178 1403 5240; x_wconf 75' lang='lat' dir='ltr'><strong>tango)</strong></span> <span class='ocrx_word' id='word_1_718' title='bbox 1455 5171 1565 5225; x_wconf 79' lang='lat' dir='ltr'><strong>Deo</strong></span> <span class='ocrx_word' id='word_1_719' title='bbox 1598 5169 1756 5227; x_wconf 80' lang='lat' dir='ltr'><strong>Fidio</strong></span> <span class='ocrx_word' id='word_1_720' title='bbox 1807 5191 2043 5239; x_wconf 75' lang='lat' dir='ltr'><strong>sacrant;</strong></span> 
     </span>
    </p>
   </div>
   <div class='ocr_carea' id='block_1_74' title="bbox 480 5258 2046 5334">
    <p class='ocr_par' dir='ltr' id='par_1_74' title="bbox 480 5258 2046 5334">
     <span class='ocr_line' id='line_1_74' title="bbox 480 5258 2046 5334; baseline 0.006 -22"><span class='ocrx_word' id='word_1_721' title='bbox 480 5258 621 5313; x_wconf 79' lang='lat' dir='ltr'><strong>adeo</strong></span> <span class='ocrx_word' id='word_1_722' title='bbox 644 5267 703 5312; x_wconf 85' lang='lat' dir='ltr'><strong>ut</strong></span> <span class='ocrx_word' id='word_1_723' title='bbox 726 5272 788 5313; x_wconf 90' lang='lat' dir='ltr'><strong>ea</strong></span> <span class='ocrx_word' id='word_1_724' title='bbox 814 5260 927 5329; x_wconf 91' lang='lat' dir='ltr'><strong>ipsa</strong></span> <span class='ocrx_word' id='word_1_725' title='bbox 968 5275 1089 5316; x_wconf 89' lang='lat' dir='ltr'><strong>esse</strong></span> <span class='ocrx_word' id='word_1_726' title='bbox 1121 5262 1393 5325; x_wconf 88' lang='lat' dir='ltr'><strong>videatur.</strong></span> <span class='ocrx_word' id='word_1_727' title='bbox 1424 5280 1587 5334; x_wconf 90' lang='lat' dir='ltr'><strong>quam</strong></span> <span class='ocrx_word' id='word_1_728' title='bbox 1618 5266 1747 5320; x_wconf 90' lang='lat' dir='ltr'><strong>olim</strong></span> <span class='ocrx_word' id='word_1_729' title='bbox 1776 5268 1827 5320; x_wconf 93' lang='lat' dir='ltr'><strong>in</strong></span> <span class='ocrx_word' id='word_1_730' title='bbox 1858 5268 2046 5322; x_wconf 88' lang='lat' dir='ltr'><strong>eadem</strong></span> 
     </span>
    </p>
   </div>
   <div class='ocr_carea' id='block_1_75' title="bbox 478 5351 2049 5430">
    <p class='ocr_par' dir='ltr' id='par_1_75' title="bbox 478 5351 2049 5430">
     <span class='ocr_line' id='line_1_75' title="bbox 478 5351 2049 5430; baseline 0.008 -26"><span class='ocrx_word' id='word_1_731' title='bbox 478 5351 657 5405; x_wconf 82' lang='lat' dir='ltr'><strong>insula</strong></span> <span class='ocrx_word' id='word_1_732' title='bbox 689 5353 901 5407; x_wconf 87' lang='lat' dir='ltr'><strong>viderat</strong></span> <span class='ocrx_word' id='word_1_733' title='bbox 922 5353 1208 5419; x_wconf 86' lang='lat' dir='ltr'><strong>Justinus;</strong></span> <span class='ocrx_word' id='word_1_734' title='bbox 1261 5356 1418 5426; x_wconf 90' lang='lat' dir='ltr'><strong>cujus</strong></span> <span class='ocrx_word' id='word_1_735' title='bbox 1440 5373 1506 5412; x_wconf 91' lang='lat' dir='ltr'><strong>eo</strong></span> <span class='ocrx_word' id='word_1_736' title='bbox 1540 5360 1835 5429; x_wconf 90' lang='lat' dir='ltr'><strong>proclivior</strong></span> <span class='ocrx_word' id='word_1_737' title='bbox 1867 5362 2049 5430; x_wconf 87' lang='lat' dir='ltr'><strong>lapsus</strong></span> 
     </span>
    </p>
   </div>
   <div class='ocr_carea' id='block_1_76' title="bbox 474 5447 2048 5516">
    <p class='ocr_par' dir='ltr' id='par_1_76' title="bbox 474 5447 2048 5516">
     <span class='ocr_line' id='line_1_76' title="bbox 474 5447 2048 5516; baseline 0.009 -20"><span class='ocrx_word' id='word_1_738' title='bbox 474 5457 600 5498; x_wconf 79' lang='lat' dir='ltr'><strong>esse</strong></span> <span class='ocrx_word' id='word_1_739' title='bbox 615 5447 809 5513; x_wconf 86' lang='lat' dir='ltr'><strong>potuit,</strong></span> <span class='ocrx_word' id='word_1_740' title='bbox 835 5461 943 5516; x_wconf 94' lang='lat' dir='ltr'><strong>quo</strong></span> <span class='ocrx_word' id='word_1_741' title='bbox 966 5450 1241 5504; x_wconf 83' lang='lat' dir='ltr'><strong>veteribus</strong></span> <span class='ocrx_word' id='word_1_742' title='bbox 1266 5449 1476 5506; x_wconf 83' lang='lat' dir='ltr'><strong>Latinis</strong></span> <span class='ocrx_word' id='word_1_743' title='bbox 1496 5457 1926 5510; x_wconf 86' lang='lat' dir='ltr'><strong>commutatione</strong></span> <span class='ocrx_word' id='word_1_744' title='bbox 1958 5456 2048 5510; x_wconf 92' lang='lat' dir='ltr'><strong>lit-</strong></span> 
     </span>
    </p>
   </div>
   <div class='ocr_carea' id='block_1_77' title="bbox 479 5536 2048 5608">
    <p class='ocr_par' dir='ltr' id='par_1_77' title="bbox 479 5536 2048 5608">
     <span class='ocr_line' id='line_1_77' title="bbox 479 5536 2048 5608; baseline 0.01 -25"><span class='ocrx_word' id='word_1_745' title='bbox 479 5541 717 5585; x_wconf 84' lang='lat' dir='ltr'><strong>terarum</strong></span> <span class='ocrx_word' id='word_1_746' title='bbox 757 5551 784 5586; x_wconf 87' lang='lat' dir='ltr'><strong>e</strong></span> <span class='ocrx_word' id='word_1_747' title='bbox 836 5537 935 5589; x_wconf 86' lang='lat' dir='ltr'><strong>eti</strong></span> <span class='ocrx_word' id='word_1_748' title='bbox 978 5536 1322 5605; x_wconf 86' lang='lat' dir='ltr'><strong>frequentius</strong></span> <span class='ocrx_word' id='word_1_749' title='bbox 1354 5541 1487 5594; x_wconf 89' lang='lat' dir='ltr'><strong>nihil</strong></span> <span class='ocrx_word' id='word_1_750' title='bbox 1520 5543 1756 5608; x_wconf 85' lang='lat' dir='ltr'><strong>exstitit,</strong></span> <span class='ocrx_word' id='word_1_751' title='bbox 1790 5557 1844 5598; x_wconf 92' lang='lat' dir='ltr'><strong>et</strong></span> <span class='ocrx_word' id='word_1_752' title='bbox 1886 5544 2048 5599; x_wconf 84' lang='lat' dir='ltr'><strong>Semo</strong></span> 
     </span>
    </p>
   </div>
   <div class='ocr_carea' id='block_1_78' title="bbox 477 5623 2049 5705">
    <p class='ocr_par' dir='ltr' id='par_1_78' title="bbox 477 5623 2049 5705">
     <span class='ocr_line' id='line_1_78' title="bbox 477 5623 2049 5705; baseline 0.01 -28"><span class='ocrx_word' id='word_1_753' title='bbox 477 5623 568 5677; x_wconf 86' lang='lat' dir='ltr'><strong>ille</strong></span> <span class='ocrx_word' id='word_1_754' title='bbox 608 5626 875 5681; x_wconf 90' lang='lat' dir='ltr'><strong>minorum</strong></span> <span class='ocrx_word' id='word_1_755' title='bbox 918 5630 1159 5697; x_wconf 89' lang='lat' dir='ltr'><strong>gentium</strong></span> <span class='ocrx_word' id='word_1_756' title='bbox 1212 5633 1369 5698; x_wconf 89' lang='lat' dir='ltr'><strong>deus,</strong></span> <span class='ocrx_word' id='word_1_757' title='bbox 1417 5645 1661 5701; x_wconf 86' lang='lat' dir='ltr'><strong>sanctus,</strong></span> <span class='ocrx_word' id='word_1_758' title='bbox 1695 5651 1917 5705; x_wconf 86' lang='lat' dir='ltr'><strong>saucus,</strong></span> <span class='ocrx_word' id='word_1_759' title='bbox 1960 5647 2049 5693; x_wconf 88' lang='lat' dir='ltr'><strong>aut</strong></span> 
     </span>
    </p>
   </div>
   <div class='ocr_carea' id='block_1_79' title="bbox 548 5784 1789 5861">
    <p class='ocr_par' dir='ltr' id='par_1_79' title="bbox 548 5784 1789 5861">
     <span class='ocr_line' id='line_1_79' title="bbox 548 5784 1789 5861; baseline 0.01 -24"><span class='ocrx_word' id='word_1_760' title='bbox 548 5784 569 5814; x_wconf 83' lang='lat'>&#39;</span> <span class='ocrx_word' id='word_1_761' title='bbox 594 5784 718 5841; x_wconf 76' lang='lat' dir='ltr'><strong>Act.</strong></span> <span class='ocrx_word' id='word_1_762' title='bbox 749 5799 867 5851; x_wconf 85' lang='lat' dir='ltr'><strong>vm,</strong></span> <span class='ocrx_word' id='word_1_763' title='bbox 898 5790 929 5843; x_wconf 79' lang='grc' dir='ltr'>υ</span> <span class='ocrx_word' id='word_1_764' title='bbox 963 5797 1010 5843; x_wconf 86' lang='lat' dir='ltr'><strong>et</strong></span> <span class='ocrx_word' id='word_1_765' title='bbox 1045 5804 1196 5859; x_wconf 83' lang='lat' dir='ltr'><strong>seqq.</strong></span> <span class='ocrx_word' id='word_1_766' title='bbox 1282 5791 1303 5820; x_wconf 82' lang='grc'><strong>⁹</strong></span> <span class='ocrx_word' id='word_1_767' title='bbox 1337 5789 1493 5847; x_wconf 78' lang='lat' dir='ltr'><strong>Prov.</strong></span> <span class='ocrx_word' id='word_1_768' title='bbox 1526 5809 1669 5861; x_wconf 75' lang='lat' dir='ltr'><strong>xxvi,</strong></span> <span class='ocrx_word' id='word_1_769' title='bbox 1706 5794 1789 5849; x_wconf 84' lang='lat' dir='ltr'><strong>ll.</strong></span> 
     </span>
    </p>
   </div>
   <div class='ocr_carea' id='block_1_80' title="bbox 2162 4806 3715 4879">
    <p class='ocr_par' dir='ltr' id='par_1_80' title="bbox 2162 4806 3715 4879">
     <span class='ocr_line' id='line_1_80' title="bbox 2162 4806 3715 4879; baseline 0.001 -23"><span class='ocrx_word' id='word_1_770' title='bbox 2162 4813 2282 4857; x_wconf 88' lang='lat' dir='ltr'><strong>rant</strong></span> <span class='ocrx_word' id='word_1_771' title='bbox 2313 4806 2464 4873; x_wconf 80' lang='lat' dir='ltr'><strong>(quia</strong></span> <span class='ocrx_word' id='word_1_772' title='bbox 2487 4808 2541 4861; x_wconf 92' lang='lat' dir='ltr'><strong>in</strong></span> <span class='ocrx_word' id='word_1_773' title='bbox 2570 4819 2806 4876; x_wconf 88' lang='lat' dir='ltr'><strong>quatuor</strong></span> <span class='ocrx_word' id='word_1_774' title='bbox 2830 4820 3013 4879; x_wconf 90' lang='lat' dir='ltr'><strong>partes</strong></span> <span class='ocrx_word' id='word_1_775' title='bbox 3047 4817 3227 4862; x_wconf 90' lang='lat' dir='ltr'><strong>sectus</strong></span> <span class='ocrx_word' id='word_1_776' title='bbox 3248 4807 3407 4872; x_wconf 88' lang='lat' dir='ltr'><strong>erat).</strong></span> <span class='ocrx_word' id='word_1_777' title='bbox 3433 4818 3490 4859; x_wconf 93' lang='lat' dir='ltr'><strong>ut</strong></span> <span class='ocrx_word' id='word_1_778' title='bbox 3512 4816 3566 4858; x_wconf 89' lang='lat' dir='ltr'><strong>et</strong></span> <span class='ocrx_word' id='word_1_779' title='bbox 3589 4818 3715 4873; x_wconf 86' lang='lat' dir='ltr'><strong>apo-</strong></span> 
     </span>
    </p>
   </div>
   <div class='ocr_carea' id='block_1_81' title="bbox 2159 4896 3509 4965">
    <p class='ocr_par' dir='ltr' id='par_1_81' title="bbox 2159 4896 3509 4965">
     <span class='ocr_line' id='line_1_81' title="bbox 2159 4896 3509 4965; baseline 0 -16"><span class='ocrx_word' id='word_1_780' title='bbox 2159 4898 2404 4964; x_wconf 81' lang='lat' dir='ltr'><strong>cryphus</strong></span> <span class='ocrx_word' id='word_1_781' title='bbox 2434 4896 2594 4963; x_wconf 87' lang='lat' dir='ltr'><strong>liber,</strong></span> <span class='ocrx_word' id='word_1_782' title='bbox 2636 4898 2713 4952; x_wconf 85' lang='lat' dir='ltr'><strong>De</strong></span> <span class='ocrx_word' id='word_1_783' title='bbox 2738 4900 3113 4965; x_wconf 67' lang='lat' dir='ltr'><strong>praedicatione</strong></span> <span class='ocrx_word' id='word_1_784' title='bbox 3131 4899 3301 4952; x_wconf 77' lang='lat' dir='ltr'><strong>sancti</strong></span> <span class='ocrx_word' id='word_1_785' title='bbox 3332 4898 3509 4952; x_wconf 83' lang='lat' dir='ltr'><strong>Pauli.</strong></span> 
     </span>
    </p>
   </div>
   <div class='ocr_carea' id='block_1_82' title="bbox 2232 4988 3716 5062">
    <p class='ocr_par' dir='ltr' id='par_1_82' title="bbox 2232 4988 3716 5062">
     <span class='ocr_line' id='line_1_82' title="bbox 2232 4988 3716 5062; baseline 0.001 -19"><span class='ocrx_word' id='word_1_786' title='bbox 2232 4988 2321 5043; x_wconf 89' lang='lat'><strong>99.</strong></span> <span class='ocrx_word' id='word_1_787' title='bbox 2356 4988 2509 5055; x_wconf 87' lang='lat' dir='ltr'><strong>Quod</strong></span> <span class='ocrx_word' id='word_1_788' title='bbox 2542 4990 2607 5044; x_wconf 91' lang='lat' dir='ltr'><strong>ad</strong></span> <span class='ocrx_word' id='word_1_789' title='bbox 2651 4990 2888 5045; x_wconf 84' lang='lat' dir='ltr'><strong>Simonis</strong></span> <span class='ocrx_word' id='word_1_790' title='bbox 2920 5005 3138 5046; x_wconf 77' lang='lat' dir='ltr'><strong>errares</strong></span> <span class='ocrx_word' id='word_1_791' title='bbox 3190 5000 3420 5060; x_wconf 91' lang='lat' dir='ltr'><strong>spectat,</strong></span> <span class='ocrx_word' id='word_1_792' title='bbox 3473 4991 3716 5062; x_wconf 85' lang='lat' dir='ltr'><strong>superius</strong></span> 
     </span>
    </p>
   </div>
   <div class='ocr_carea' id='block_1_83' title="bbox 2156 5080 3711 5155">
    <p class='ocr_par' dir='ltr' id='par_1_83' title="bbox 2156 5080 3711 5155">
     <span class='ocr_line' id='line_1_83' title="bbox 2156 5080 3711 5155; baseline -0.002 -18"><span class='ocrx_word' id='word_1_793' title='bbox 2156 5084 2224 5137; x_wconf 90' lang='lat' dir='ltr'><strong>de</strong></span> <span class='ocrx_word' id='word_1_794' title='bbox 2259 5080 2552 5140; x_wconf 84' lang='lat' dir='ltr'><strong>Valentino</strong></span> <span class='ocrx_word' id='word_1_795' title='bbox 2601 5093 2827 5155; x_wconf 88' lang='lat' dir='ltr'><strong>agentes</strong></span> <span class='ocrx_word' id='word_1_796' title='bbox 2860 5085 3194 5138; x_wconf 81' lang='lat' dir='ltr'><strong>ostendimus</strong></span> <span class='ocrx_word' id='word_1_797' title='bbox 3232 5100 3356 5138; x_wconf 89' lang='lat' dir='ltr'><strong>eum</strong></span> <span class='ocrx_word' id='word_1_798' title='bbox 3398 5084 3587 5153; x_wconf 71' lang='lat' dir='ltr'><strong>prima:</strong></span> <span class='ocrx_word' id='word_1_799' title='bbox 3613 5080 3711 5134; x_wconf 75' lang='lat' dir='ltr'><strong>Va-</strong></span> 
     </span>
    </p>
   </div>
   <div class='ocr_carea' id='block_1_84' title="bbox 2156 5170 3712 5242">
    <p class='ocr_par' dir='ltr' id='par_1_84' title="bbox 2156 5170 3712 5242">
     <span class='ocr_line' id='line_1_84' title="bbox 2156 5170 3712 5242; baseline -0.001 -18"><span class='ocrx_word' id='word_1_800' title='bbox 2156 5170 2580 5228; x_wconf 85' lang='lat' dir='ltr'><strong>lentinianorum</strong></span> <span class='ocrx_word' id='word_1_801' title='bbox 2632 5172 2894 5242; x_wconf 85' lang='lat' dir='ltr'><strong>ogdoadis</strong></span> <span class='ocrx_word' id='word_1_802' title='bbox 2948 5184 3224 5229; x_wconf 86' lang='lat' dir='ltr'><strong>auctorem</strong></span> <span class='ocrx_word' id='word_1_803' title='bbox 3275 5184 3333 5228; x_wconf 89' lang='lat' dir='ltr'><strong>et</strong></span> <span class='ocrx_word' id='word_1_804' title='bbox 3383 5174 3712 5227; x_wconf 84' lang='lat' dir='ltr'><strong>inventorem</strong></span> 
     </span>
    </p>
   </div>
   <div class='ocr_carea' id='block_1_85' title="bbox 2156 5265 3712 5337">
    <p class='ocr_par' dir='ltr' id='par_1_85' title="bbox 2156 5265 3712 5337">
     <span class='ocr_line' id='line_1_85' title="bbox 2156 5265 3712 5337; baseline -0.004 -17"><span class='ocrx_word' id='word_1_805' title='bbox 2156 5267 2340 5323; x_wconf 82' lang='lat' dir='ltr'><strong>fuisse.</strong></span> <span class='ocrx_word' id='word_1_806' title='bbox 2374 5267 2596 5337; x_wconf 75' lang='lat' dir='ltr'><strong>Nempe,</strong></span> <span class='ocrx_word' id='word_1_807' title='bbox 2636 5265 2979 5323; x_wconf 83' lang='lat' dir='ltr'><strong>Theodoreto</strong></span> <span class='ocrx_word' id='word_1_808' title='bbox 3036 5276 3194 5333; x_wconf 89' lang='lat' dir='ltr'><strong>teste,</strong></span> <span class='ocrx_word' id='word_1_809' title='bbox 3230 5266 3497 5322; x_wconf 80' lang='lat' dir='ltr'><strong>infinitam</strong></span> <span class='ocrx_word' id='word_1_810' title='bbox 3528 5279 3712 5335; x_wconf 82' lang='lat' dir='ltr'><strong>quam-</strong></span> 
     </span>
    </p>
   </div>
   <div class='ocr_carea' id='block_1_86' title="bbox 2157 5359 3710 5432">
    <p class='ocr_par' dir='ltr' id='par_1_86' title="bbox 2157 5359 3710 5432">
     <span class='ocr_line' id='line_1_86' title="bbox 2157 5359 3710 5432; baseline -0.005 -17"><span class='ocrx_word' id='word_1_811' title='bbox 2157 5362 2282 5415; x_wconf 89' lang='lat' dir='ltr'><strong>dam</strong></span> <span class='ocrx_word' id='word_1_812' title='bbox 2308 5362 2499 5415; x_wconf 87' lang='lat' dir='ltr'><strong>statuit</strong></span> <span class='ocrx_word' id='word_1_813' title='bbox 2548 5369 2893 5429; x_wconf 89' lang='lat' dir='ltr'><strong>potestatem,</strong></span> <span class='ocrx_word' id='word_1_814' title='bbox 2944 5377 3104 5432; x_wconf 90' lang='lat' dir='ltr'><strong>quam</strong></span> <span class='ocrx_word' id='word_1_815' title='bbox 3128 5371 3183 5415; x_wconf 90' lang='lat' dir='ltr'><strong>et</strong></span> <span class='ocrx_word' id='word_1_816' title='bbox 3221 5363 3461 5416; x_wconf 91' lang='lat' dir='ltr'><strong>radicem</strong></span> <span class='ocrx_word' id='word_1_817' title='bbox 3492 5359 3710 5412; x_wconf 90' lang='lat' dir='ltr'><strong>univer-</strong></span> 
     </span>
    </p>
   </div>
   <div class='ocr_carea' id='block_1_87' title="bbox 2151 5450 3713 5524">
    <p class='ocr_par' dir='ltr' id='par_1_87' title="bbox 2151 5450 3713 5524">
     <span class='ocr_line' id='line_1_87' title="bbox 2151 5450 3713 5524; baseline -0.004 -17"><span class='ocrx_word' id='word_1_818' title='bbox 2151 5466 2337 5508; x_wconf 85' lang='lat' dir='ltr'><strong>Sorum</strong></span> <span class='ocrx_word' id='word_1_819' title='bbox 2360 5453 2645 5523; x_wconf 87' lang='lat' dir='ltr'><strong>appellavit</strong></span> <span class='ocrx_word' id='word_1_820' title='bbox 2669 5470 2681 5520; x_wconf 88' lang='lat'><strong>;</strong></span> <span class='ocrx_word' id='word_1_821' title='bbox 2702 5453 2905 5524; x_wconf 87' lang='lat' dir='ltr'><strong>Bythus</strong></span> <span class='ocrx_word' id='word_1_822' title='bbox 2920 5464 3022 5519; x_wconf 89' lang='lat' dir='ltr'><strong>est,</strong></span> <span class='ocrx_word' id='word_1_823' title='bbox 3050 5455 3134 5508; x_wconf 93' lang='lat' dir='ltr'><strong>cui</strong></span> <span class='ocrx_word' id='word_1_824' title='bbox 3154 5462 3209 5508; x_wconf 91' lang='lat' dir='ltr'><strong>et</strong></span> <span class='ocrx_word' id='word_1_825' title='bbox 3235 5454 3480 5507; x_wconf 80' lang='grc' dir='ltr'><strong>Ἐννοιαν</strong></span> <span class='ocrx_word' id='word_1_826' title='bbox 3498 5450 3713 5519; x_wconf 80' lang='lat' dir='ltr'><strong>copula-</strong></span> 
     </span>
    </p>
   </div>
   <div class='ocr_carea' id='block_1_88' title="bbox 2151 5544 3709 5619">
    <p class='ocr_par' dir='ltr' id='par_1_88' title="bbox 2151 5544 3709 5619">
     <span class='ocr_line' id='line_1_88' title="bbox 2151 5544 3709 5619; baseline -0.001 -22"><span class='ocrx_word' id='word_1_827' title='bbox 2151 5544 2265 5597; x_wconf 86' lang='lat' dir='ltr'><strong>bat.</strong></span> <span class='ocrx_word' id='word_1_828' title='bbox 2320 5544 2484 5599; x_wconf 83' lang='lat' dir='ltr'><strong>istam</strong></span> <span class='ocrx_word' id='word_1_829' title='bbox 2537 5560 2666 5601; x_wconf 91' lang='lat' dir='ltr'><strong>vero</strong></span> <span class='ocrx_word' id='word_1_830' title='bbox 2697 5547 2968 5616; x_wconf 82' lang='lat' dir='ltr'><strong>duplicem</strong></span> <span class='ocrx_word' id='word_1_831' title='bbox 3014 5562 3134 5604; x_wconf 88' lang='lat' dir='ltr'><strong>esse</strong></span> <span class='ocrx_word' id='word_1_832' title='bbox 3172 5547 3442 5619; x_wconf 84' lang='lat' dir='ltr'><strong>ﬁngebat:</strong></span> <span class='ocrx_word' id='word_1_833' title='bbox 3487 5546 3709 5601; x_wconf 86' lang='lat' dir='ltr'><strong>alteram</strong></span> 
     </span>
    </p>
   </div>
   <div class='ocr_carea' id='block_1_89' title="bbox 2153 5637 3709 5714">
    <p class='ocr_par' dir='ltr' id='par_1_89' title="bbox 2153 5637 3709 5714">
     <span class='ocr_line' id='line_1_89' title="bbox 2153 5637 3709 5714; baseline 0.003 -25"><span class='ocrx_word' id='word_1_834' title='bbox 2153 5637 2405 5707; x_wconf 84' lang='lat' dir='ltr'><strong>primam,</strong></span> <span class='ocrx_word' id='word_1_835' title='bbox 2442 5653 2602 5711; x_wconf 89' lang='lat' dir='ltr'><strong>quam</strong></span> <span class='ocrx_word' id='word_1_836' title='bbox 2628 5638 2850 5698; x_wconf 80' lang='lat' dir='ltr'><strong>Matrem</strong></span> <span class='ocrx_word' id='word_1_837' title='bbox 2892 5645 3130 5699; x_wconf 89' lang='lat' dir='ltr'><strong>omnium</strong></span> <span class='ocrx_word' id='word_1_838' title='bbox 3168 5644 3495 5714; x_wconf 88' lang='lat' dir='ltr'><strong>appellabat,</strong></span> <span class='ocrx_word' id='word_1_839' title='bbox 3527 5655 3709 5711; x_wconf 71' lang='lat' dir='ltr'><strong>quani-</strong></span> 
     </span>
    </p>
   </div>
  </div>
