3954 6352
212 383 316 439 ω

922 382 1395 440 DlSSER'l'ATIO
1433 385 1475 450 l,
1512 385 1673 441 ΛΒΤ.
1714 383 1803 450 lll,
1835 384 1922 439 DE
1956 384 2325 441 VALENTINI
2362 383 2754 441 MAGISTRIS.

3362 386 3466 439 122

203 518 313 573 que
335 501 380 555 in
402 500 612 556 Helena
633 514 734 555 sua
762 502 1117 572 conspicuam
1144 518 1266 559 esse
1287 503 1528 569 dicebat;
1554 503 1780 559 alteram
1812 504 1861 562 Α
1888 504 2032 573 quod
2066 503 2359 560 Menander
2384 505 2623 559 Simonis
2652 504 2969 570 discipulus,
3004 501 3096 571 qui
3133 502 3333 564 verbis,
3358 519 3464 557 non

202 608 359 664 quam
390 607 521 647 cum
554 594 745 663 Φωνῇ,
778 591 938 655 Voce,
962 593 1464 663 conjugabat.Eatn
1493 603 1674 648 autem
1702 593 1784 647 in-

205 687 399 739 finitam
433 694 776 753 potestatem
806 685 983 756 ignem
1013 700 1135 739 esse
1164 685 1405 747 dicebat,
1449 685 1501 739 id
1547 693 1631 738 est
1663 681 1783 738 Vir-

200 788 359 830 tutem
399 777 655 830 maxime
688 785 991 838 actuosam,
1031 777 1191 845 cujus
1238 776 1435 846 duplex
1491 775 1631 831 foret
1653 791 1785 846 ope-

200 874 350 937 ratio,
379 871 563 926 altera
597 876 920 942 conspicua.
947 874 1117 926 altera
1144 873 1337 925 latens.
1358 872 1431 927 Ex
1454 872 1541 925 illa
1565 872 1783 940 quidem

196 966 433 1034 genitum
474 980 608 1019 esse
645 967 941 1028 mundum;
973 981 1039 1020 ex
1068 966 1170 1018 hac
1200 980 1328 1018 vero
1352 966 1642 1034 productas
1674 964 1784 1033 pri-

200 1070 338 1107 mum
390 1069 526 1107 esse
559 1064 679 1109 tres
734 1054 1169 1124 conjugationes,
1212 1068 1348 1122 quas
1378 1054 1539 1107 etiam
1575 1053 1784 1107 radices

198 1148 527 1211 naminavit;
554 1162 788 1214 quarum
810 1146 1037 1216 primam
1060 1146 1351 1216 appellavit
1367 1144 1505 1199 Νοῦν
1521 1146 1613 1200 καὶ
1645 1145 1787 1198 Ἐπβ

193 1257 344 1303 ιοιαν,
372 1239 618 1294 Mentem
641 1250 690 1294 et
716 1238 1021 1302 Notionem;
1042 1238 1333 1293 secundam
1351 1238 1522 1309 Φονὴν
1546 1237 1641 1291 καὶ
1660 1238 1786 1289 Ἔν-

196 1350 354 1395 vom,
396 1328 600 1384 Vocem
650 1342 700 1385 et
758 1328 1210 1400 Intelligentiam;
1256 1329 1471 1384 tertiam
1512 1329 1785 1399 Λογισμὸν

196 1426 283 1477 καὶ
325 1422 671 1493 Ἑνθύμησιν
702 1463 717 1488 ,
764 1422 1039 1474 Rationem
1071 1431 1118 1472 et
1157 1418 1562 1489 Cogitationem.
1593 1417 1648 1470 ιη
1684 1418 1787 1471 hac

194 1518 428 1587 ogdoade
466 1516 919 1570 Valentinianam
974 1515 1205 1585 quisque
1253 1512 1630 1581 deprehendit.
1680 1509 1785 1565 No-

196 1610 331 1662 mina
363 1607 599 1676 quidem
631 1605 776 1674 apud
809 1605 1233 1669 Theodoretum,
1272 1619 1432 1673 quem
1470 1603 1559 1658 hic
1581 1602 1786 1658 exscri-

193 1702 387 1765 bimus,
416 1697 839 1766 aliquantulum
868 1697 1179 1753 dissimilia:
1204 1706 1260 1750 at
1284 1698 1423 1765 apud
1453 1698 1623 1751 Eliam
1653 1695 1785 1752 Cre-

193 1802 391 1846 tensem
427 1801 489 1844 et
514 1789 771 1844 Nicetam
802 1804 965 1860 supra
999 1790 1271 1849 laudatos,
1305 1789 1492 1843 eadem
1524 1804 1783 1856 prorsus:

191 1888 319 1943 adeo
360 1894 421 1938 ut
457 1893 735 1939 constare
784 1882 1035 1934 videatur
1075 1878 1425 1950 πολυώνυμον
1478 1879 1646 1934 fuisse
1672 1920 1687 1944 ,
1722 1896 1787 1934 ac

191 1980 340 2032 modo
357 1978 477 2041 his,
502 1976 673 2031 modo
709 1975 821 2029 illis
860 1974 1170 2029 nominibus
1197 1990 1226 2027 a
1258 1972 1494 2027 Simonis
1510 1974 1787 2042 discipulis

188 2070 579 2141 significatam.
614 2070 723 2124 Sed
758 2084 873 2122 rem
902 2068 1147 2121 eamdem
1186 2068 1476 2136 utrobique
1506 2069 1793 2124 exstitisse

187 2166 536 2218 demonstrat
568 2172 821 2217 veterum
846 2175 1165 2223 consensus,
1192 2175 1256 2215 ac
1282 2161 1554 2230 itnpri‘mis
1574 2162 1785 2225 lrentei,

194 2266 246 2308 ut
276 2255 405 2310 alibi
438 2256 721 2308 diximus.
756 2254 831 2309 De
863 2256 949 2308 Itis
995 2270 1124 2324 ergo
1157 2255 1493 2309 Simouianis
1520 2252 1790 2309 Eonibus

188 2348 322 2400 idem
347 2347 743 2411 sentiendum,
774 2348 919 2415 quod
952 2348 1017 2399 de
1042 2344 1179 2418 [LV]
1214 2345 1489 2414 prioribus
1517 2354 1642 2400 octo
1681 2344 1787 2398 Va-

186 2440 527 2496 lentinianis.
565 2440 803 2509 Utrique
844 2455 874 2495 e
906 2440 1309 2494 Platonicorum
1355 2439 1786 2502 lacuniseducti,

184 2531 509 2587 Christiano
543 2533 754 2586 amictu
790 2545 1067 2603 utcunque
1107 2533 1280 2587 induti
1313 2534 1696 2588 haereticorum
1725 2532 1787 2586 il-

188 2626 355 2677 lorum
391 2634 522 2677 arte
546 2625 906 2692 prodierunt.

249 2716 369 2769 100.
401 2716 674 2783 Seipsum
701 2732 864 2785 porro
897 2716 1084 2772 Simon
1099 2735 1214 2773 esse
1230 2718 1666 2773 sublimissimam
1692 2717 1789 2772 Dei

184 2808 450 2871 uirtutem,
495 2808 603 2861 hoc
650 2818 751 2871 est,
782 2825 900 2862 eum
932 2813 1021 2873 qui
1040 2812 1104 2863 sit
1127 2828 1285 2880 super
1311 2812 1489 2864 omnia
1524 2809 1683 2864 Pater
1717 2812 1783 2877 ιο,

182 2902 640 2968 blasphetnabat.
700 2902 923 2954 Sutnma
978 2901 1065 2955 hic
1115 2901 1278 2956 fuerit
1309 2904 1634 2975 veteratoris
1685 2904 1785 2958 de-

186 2997 391 3047 mentia
432 3003 496 3046 et
556 2992 923 3060 impudentia,
968 3007 1035 3045 eo
1071 3002 1249 3046 tamen
1282 3008 1453 3061 usque
1493 2994 1786 3048 insaniisse

190 3100 290 3138 non
326 3096 547 3154 putem,
590 3093 649 3136 ut
669 3085 1022 3151 semetipsum
1084 3097 1161 3145 re,
1196 3082 1439 3136 essentia
1482 3098 1544 3136 ac
1590 3091 1785 3136 natura

1887 614 1948 654 re
1986 615 2015 653 a
2048 599 2311 668 magistro
2342 598 2669 659 dissidebat,
2706 597 2935 666 primam
2958 608 3017 648 se
3043 590 3313 646 Virtutem
3358 608 3466 647 non

1887 692 2238 754 nominaret;
2281 690 2523 756 ignotam
2580 688 2725 741 enim
2775 701 2895 742 eam
2941 684 3123 740 aiebat
3167 700 3329 748 esse;
3370 685 3466 737 sed

1888 785 1956 839 ab
2004 782 2091 837 illa
2138 796 2196 836 se
2231 783 2457 835 missum
2503 779 2792 848 jactitaus,
2829 777 3177 831 Servatorem
3227 775 3466 842 scipsum

1892 874 2217 943 appellaret.
2256 871 2530 941 Quidquid
2558 884 2693 938 ergo
2720 868 3056 922 discriminis
3080 868 3223 921 inter
3252 876 3469 919 utrum-

1893 983 2005 1036 que
2029 966 2156 1036 ﬁngi
2191 973 2391 1035 potest,
2444 979 2510 1017 eo
2534 963 2696 1026 redit,
2724 971 2782 1015 ut
2812 960 2951 1013 alter
2976 958 3141 1028 paulo
3170 958 3470 1011 modestior

1886 1062 2127 1131 seipsum
2160 1059 2509 1113 Servatorem
2546 1058 2777 1119 diceret,
2812 1055 2957 1124 quod
2988 1070 3015 1105 a
3049 1054 3221 1120 prima
3258 1052 3468 1105 Virtute

1888 1152 1956 1205 ad
1987 1150 2264 1205 hominum
2299 1150 2531 1203 salutem
2572 1148 2771 1200 missus
2792 1155 2969 1209 esset;
3020 1145 3156 1199 alter
3186 1144 3469 1211 impuden-

1891 1254 1973 1298 ter
2006 1244 2249 1312 seipsum
2282 1242 2512 1312 primum
2541 1256 2663 1295 esse
2693 1239 2963 1293 Virtutem
2988 1237 3308 1299 blateraret,
3333 1251 3469 1304 qua-

1889 1347 2049 1391 tenus
2098 1336 2200 1390 ista
2235 1350 2332 1405 per
2363 1350 2486 1388 eum
2520 1344 2866 1403 operaretur,
2898 1345 2962 1383 eo
2990 1328 3329 1398 operationis
3373 1342 3469 1394 ge-

1889 1444 2021 1483 nere
2064 1428 2211 1498 quod
2240 1436 2529 1481 externum
2559 1434 2613 1478 ει
2652 1422 3005 1490 conspicuum
3046 1427 3226 1481 οεδεις
3272 1432 3378 1469 11011
3403 1430 3469 1468 ρο

1889 1521 2033 1591 quod
2074 1521 2267 1581 latens,
2297 1528 2351 1573 et
2388 1532 2483 1587 per
2507 1517 2651 1586 quod
2690 1514 2898 1569 ιλΕοηεε
2930 1514 3285 1583 produxerat.
3332 1509 3470 1562 Hinc

1890 1612 2094 1668 Judaais
2146 1612 2393 1680 quidem,
2429 1610 2521 1675 qui
2558 1606 2811 1661 Messiatn
2851 1604 3243 1673 exspectabant
3284 1602 3469 1669 (quem

1892 1707 1987 1760 Dei
2036 1704 2235 1759 Filium
2286 1718 2407 1757 esse
2456 1703 2524 1755 ab
2569 1700 2834 1768 apestolis
2872 1699 3183 1763 didicerat),
3212 1705 3470 1763 tanquam

1892 1799 2091 1853 Filium
2143 1797 2457 1867 apparuisse
2508 1809 2567 1849 se
2602 1794 2925 1862 jactitabat;
2981 1792 3047 1844 ad
3097 1790 3475 1845 Samaritanus

1890 1907 2042 1955 vero,
2076 1906 2307 1960 quorum
2356 1888 2644 1943 obscurior
2678 1887 2743 1941 de
2782 1885 2976 1940 Messia
3012 1884 3144 1937 ﬁdes
3172 1891 3314 1943 erat,
3357 1891 3476 1933 tan-

1890 2000 2055 2053 quam
2076 1982 2294 2037 Patrem
2327 1982 2715 2044 descendisse;
2750 1980 2814 2032 ad
2850 1978 2983 2031 alias
3006 1976 3241 2043 denique
3265 1981 3473 2041 gentes,

1889 2088 2025 2143 quas
2056 2072 2293 2142 Spiritus
2345 2072 2518 2125 sancti
2551 2072 2753 2122 virtute
2794 2067 3127 2136 cooptandus
3182 2067 3232 2119 in
3287 2063 3479 2117 Eccle-

1892 2168 2029 2221 siam
2083 2172 2334 2227 noverat,
2386 2172 2647 2232 tanquam
2698 2160 2963 2227 Spiritum
3003 2167 3257 2212 sanctum
3304 2158 3475 2209 adve-

1889 2257 2079 2311 nisse:
2111 2269 2175 2309 ac
2201 2254 2453 2322 denique,
2488 2262 2546 2305 ut
2590 2252 2667 2305 ait
2709 2251 2968 2312 lrenecus,
3004 2250 3265 2302 sustinere
3302 2245 3479 2300 uocari

1890 2365 1944 2403 se
1979 2347 2325 2417 quodcunque
2374 2360 2488 2398 eum
2526 2350 2709 2397 vocant
2762 2343 3032 2395 homines:
3079 2342 3180 2394 hoc
3225 2350 3331 2400 est,
3380 2353 3479 2405 pro

1889 2439 2125 2495 diversis
2162 2452 2297 2506 quas
2331 2435 2502 2491 edidit
2546 2435 2735 2504 prima:
2769 2432 2998 2486 Virtutis
3043 2430 3477 2500 sperationibus,

1890 2532 2123 2586 diversis
2165 2530 2330 2583 etiam
2380 2528 2729 2581 diversarum
2761 2525 3003 2593 gentium
3048 2522 3359 2585 affectibus,
3392 2522 3478 2575 di-

1892 2638 2049 2677 versa
2083 2621 2183 2676 sibi
2216 2621 2433 2675 nomina
2459 2619 2621 2672 tribui
2648 2618 2867 2679 sivisse,
2900 2616 3104 2679 Patris,
3128 2614 3249 2667 Filii
3282 2624 3337 2669 et
3362 2613 3481 2682 Spl-

1891 2716 2031 2770 ritus
2070 2716 2271 2779 sancti,
2309 2715 2419 2767 imo
2456 2711 2629 2764 etiam
2674 2709 3004 2779 quandoque
3034 2707 3227 2773 Jovis;
3270 2721 3394 2759 nam
3425 2713 3483 2759 et

1890 2807 1993 2862 sub
2024 2806 2125 2860 hoc
2149 2797 2427 2859 schemate
2460 2810 2673 2857 statuas
2709 2811 2763 2855 et
2791 2800 3080 2868 imagines,
3112 2814 3251 2868 quas
3283 2800 3483 2852 adora-

1892 2907 2033 2963 rent,
2067 2897 2116 2950 ei
2161 2903 2456 2964 posuerant
2486 2891 2765 2958 discipuli.
2813 2890 2888 2942 Ex
2931 2888 3133 2957 quibus
3168 2886 3483 2942 certissime

1891 2989 2168 3058 coiligitur
2222 2988 2463 3048 Patrem,
2528 2984 2727 3039 Filium
2788 2994 2844 3037 et
2907 2982 3171 3051 Spiritum
3226 2992 3480 3034 sanctum

1895 3092 2029 3147 tres,
2059 3097 2126 3136 ex
2149 3079 2267 3148 ejus
2315 3080 2607 3143 sententia,
2657 3078 3026 3131 subsistentes
3071 3067 3479 3143 personas'non

186 3188 508 3245 supremum
540 3190 672 3229 esse
712 3173 933 3227 Patrem
967 3176 1216 3228 crederet
1257 3175 1586 3244 jactaretve.
1630 3172 1686 3228 Id
1718 3174 1785 3229 de
1813 3185 1855 3242 ε
1895 3176 2084 3240 fuisse,
2116 3174 2213 3229 sed
2244 3173 2347 3227 tria
2381 3173 2648 3228 duntaxat
2680 3170 2845 3224 unius
2876 3182 3124 3237 personae
3160 3165 3385 3220 nomina
3425 3173 3482 3218 et

182 3270 365 3339 seipso
397 3267 659 3321 sensisse
691 3266 931 3326 videtur,
963 3267 1103 3332 quod
1134 3266 1201 3319 de
1231 3265 1435 3320 llelena
1468 3281 1589 3330 sua,
1617 3279 1780 3334 quam

182 3363 415 3429 primam
464 3359 679 3413 mentis
725 3372 838 3411 sua:
884 3360 1275 3425 conceptionem
1307 3359 1656 3421 aiebatesse,
1690 3352 1783 3426 per

180 3468 342 3523 quam
374 3450 633 3519 Angelos
660 3460 714 3503 et
744 3449 1115 3520 Archangelos
1145 3449 1385 3504 fecisset.
1438 3452 1529 3517 At,
1560 3458 1784 3505 auctore

180 3544 564 3606 Theodoreto,
612 3543 757 3595 hunc
792 3541 1074 3605 mundum,
1130 3541 1285 3609 cujus
1322 3542 1496 3610 prima
1528 3551 1582 3597 et
1620 3543 1781 3597 nobi-

181 3638 278 3689 lior
313 3650 455 3704 pars
490 3633 675 3704 angeli
708 3643 887 3695 erant,
916 3633 1195 3687 conditura
1230 3634 1511 3688 asserebat
1543 3650 1637 3703 per
1662 3648 1782 3688 eam

178 3744 457 3798 suprema:
498 3725 741 3780 Virtutis
768 3725 1168 3794 operationem,
1208 3740 1328 3794 quae
1370 3727 1666 3794 conspicua
1694 3742 1783 3781 es-

184 3834 285 3885 set,
345 3821 459 3888 vel,
496 3832 554 3875 ut
604 3821 849 3890 loquitur
904 3819 1165 3886 Irenaeus,
1216 3838 1311 3891 per
1363 3822 1627 3877 Ennoiam
1663 3839 1784 3893 qua:

180 3914 475 3968 miliisset
540 3929 609 3968 ex
670 3926 889 3965 summo
930 3910 1110 3975 Patre,
1162 3925 1209 3966 et
1274 3915 1342 3966 ad
1386 3914 1645 3982 inferiora
1703 3916 1787 3968 di-

180 4022 364 4072 gressa
392 4005 608 4073 fuisset,
651 4005 704 4058 id
733 4014 836 4069 est,
874 4020 994 4073 (ιυεθ
1034 4005 1269 4073 seipsam
1320 4008 1562 4060 exterius
1606 4008 1786 4077 prodi-

183 4098 381 4149 disset.
448 4096 931 4160 Quemadmodum
990 4095 1158 4163 igitur
1222 4094 1479 4150 llelenam
1552 4100 1784 4165 primam

184 4188 389 4240 summi
440 4187 630 4241 Patris
690 4187 954 4241 Ennoiam
1003 4201 1125 4241 esse
1167 4189 1447 4256 censebat,
1488 4205 1592 4243 non
1628 4205 1686 4245 re
1729 4199 1786 4245 et

185 4291 411 4341 natura,
442 4279 542 4332 sed
575 4281 904 4349 operatione
940 4281 1251 4345 duntaxat;
1282 4280 1363 4334 sic
1406 4280 1646 4349 seipsum
1692 4297 1786 4336 suo

182 4384 435 4439 premam
472 4384 597 4425 esse
637 4370 854 4426 Patrem
890 4387 993 4425 non
1026 4371 1190 4425 aliter
1220 4373 1548 4428 existimare
1580 4376 1781 4443 potuit,

183 4480 349 4532 quam
380 4463 646 4535 ἐνεργείᾳ
678 4472 735 4517 et
767 4463 1059 4519 efﬁcientia
1094 4476 1273 4530 tenus,
1308 4482 1414 4521 non
1452 4468 1779 4533 substantia,

1886 3267 2083 3324 cilicia.
3321 3314 3325 3319 .

1960 3364 2086 3418 lOl.
2122 3361 2386 3417 Helenam
2438 3374 2595 3414 suam
2627 3358 2810 3427 (quam
2850 3354 3121 3409 interdum
3152 3353 3320 3407 etiam
3355 3350 3480 3418 Spi-

1888 3457 2052 3511 ritum
2106 3460 2356 3507 sanctutu
2406 3452 2741 3521 appellabat)
2791 3446 3082 3503 dicebat"
3113 3461 3223 3497 esse
3249 3444 3478 3513 primatu

1888 3548 2073 3603 mentis
2096 3564 2207 3601 tute
2234 3546 2646 3615 conceptionem,
2675 3543 2897 3596 Matrem
2924 3541 3179 3603 euntium,
3207 3556 3298 3607 per
3320 3554 3479 3604 quant

1886 3641 2038 3694 initio
2055 3648 2227 3693 mente
2253 3639 2544 3706 conceperit
2565 3634 2792 3706 Angelos
2811 3636 2986 3702 facere
3011 3644 3056 3688 et
3084 3632 3437 3703 Arcltangelos
3460 3645 3478 3683 :

1885 3734 2022 3785 hanc
2064 3746 2182 3784 vero
2214 3729 2500 3792 Ennoiam,
2534 3741 2626 3781 seu
2675 3727 3115 3795 conceptionem,
3149 3723 3477 3777 exsilientem

1885 3841 1950 3878 ex
1990 3840 2074 3888 eo,
2103 3832 2500 3891 cognoscentem
2551 3838 2673 3891 quae
2722 3820 2829 3873 vult
2878 3817 3041 3871 Pater
3083 3820 3219 3885 ejus,
3268 3815 3478 3886 digredi

1890 3920 1960 3971 ad
1993 3917 2275 3990 inferiora,
2300 3925 2344 3969 et
2376 3930 2630 3984 generare
2661 3913 2890 3981 Angelos
2922 3920 2969 3964 et
2998 3910 3317 3972 Potestates,
3357 3907 3481 3975 qui-

1887 4010 1989 4065 bus
2025 4020 2203 4063 tamen
2232 4007 2377 4060 nulla
2407 4004 2588 4059 Patris
2616 4004 2786 4057 indita
2813 4004 3033 4057 notitia.
3067 4002 3148 4054 Ab
3172 4002 3293 4054 istis
3318 4014 3478 4051 mun-

1888 4102 2013 4153 dum
2068 4100 2208 4152 hunc
2258 4097 2462 4167 factum
2517 4086 2671 4148 dixit.
2722 4093 2776 4147 ιιι
2838 4092 3048 4146 Ennoia
3079 4092 3192 4151 illa,
3231 4089 3478 4143 omnium

1890 4200 2088 4255 tnatre,
2131 4206 2226 4260 per
2271 4203 2432 4260 quam
2468 4186 2622 4242 initio
2651 4194 2836 4240 mente
2865 4184 3120 4253 concepti
3171 4180 3370 4250 Angeli
3423 4188 3479 4233 et

1888 4284 2249 4353 Archangeli,
2290 4281 2537 4337 Platonis
2574 4280 2811 4333 mundus
2844 4277 3036 4331 idcalis
3068 4276 3314 4344 scipsutn
3362 4287 3476 4325 ma-

1889 4378 2089 4433 nifeste
2124 4378 2339 4446 prodit;
2394 4374 2631 4429 mundus
2678 4373 2893 4426 scilicet
2939 4365 3473 4428 idearumormiium,

1893 4471 2199 4524 formarum
2240 4478 2296 4523 et
2322 4468 2747 4537 archetyporum
2778 4463 3065 4531 apotheca,
3123 4459 3189 4511 ad
3241 4471 3473 4525 quorum

185 4571 271 4612 aut
296 4558 518 4613 unione
546 4558 828 4627 personali
862 4557 935 4628 (id
966 4558 1112 4613 enim
1140 4558 1411 4613 unitionis
1444 4574 1616 4630 genus
1646 4575 1785 4615 nun-
1819 4532 1861 4587 Β
1892 4578 2137 4617 normam
2163 4572 2218 4615 et
2246 4560 2524 4630 exemplar
2555 4558 2761 4613 conditi
2803 4558 3037 4625 primum
3074 4550 3263 4617 Angcli
3295 4560 3349 4601 et
3374 4548 3475 4600 Ar-

184 4665 345 4717 quam
375 4651 633 4721 agnovit)
661 4666 673 4701 :
716 4661 988 4719 quatenus
1014 4668 1140 4705 eum
1173 4668 1284 4721 pra:
1322 4653 1541 4708 caeteris
1579 4664 1784 4707 morta-

186 4740 328 4795 libus
355 4742 633 4810 elegisset
670 4740 855 4806 Pater,
901 4742 956 4796 in
985 4758 1094 4811 quo
1142 4742 1501 4810 inliabitaret,
1536 4744 1591 4797 in
1622 4756 1782 4813 quem

186 4830 501 4884 divinitatis
519 4845 635 4884 sua:
661 4832 1020 4887 radiatiouem
1055 4835 1370 4901 quamdam,
1399 4849 1506 4888 non
1530 4836 1781 4901 solidam,

186 4934 273 4976 aut
300 4924 745 4991 substantivam,
775 4926 870 4980 sed
899 4935 1275 4980 transeuntem
1299 4926 1667 4993 derivaret,et
1689 4944 1787 4998 per

185 5029 349 5085 quem
390 5017 543 5071 velut
588 5032 687 5086 per
740 5020 1164 5073 instrumentum
1199 5017 1312 5070 sibi
1338 5017 1622 5073 moraliter
1653 5036 1783 5074 con-

182 5108 440 5173 junctum
477 5123 834 5179 operaretur.
868 5108 991 5166 Uno
1032 5115 1200 5167 verbo
1228 5112 1280 5168 id
1325 5115 1394 5169 de
1424 5127 1484 5168 se
1526 5112 1786 5179 opinatus

188 5210 283 5262 est,
316 5199 475 5268 quod
511 5200 767 5270 discipuli
814 5202 933 5270 ejus
964 5204 1028 5258 de
1063 5204 1303 5270 Christo,
1332 5221 1495 5277 quem
1526 5206 1695 5260 etiam
1724 5220 1784 5260 se

189 5307 301 5348 esse
333 5294 586 5350 dicebat.
619 5292 853 5350 Constat
892 5311 1022 5351 vero
1067 5312 1183 5361 eos,
1218 5298 1496 5354 Christum
1528 5314 1635 5354 non
1672 5299 1782 5353 alia

190 5388 406 5441 ratione
444 5384 621 5440 Deum
654 5402 779 5444 esse
806 5390 1113 5457 censuisse,
1138 5406 1327 5460 quam,
1378 5393 1539 5447 sicuti
1594 5403 1781 5463 postea

188 5479 496 5534 delirarunt
529 5481 762 5547 Noctes,
808 5481 1083 5539 Sabellius
1131 5497 1185 5540 et
1228 5485 1433 5542 Paulus
1467 5485 1782 5542 Samosate-

191 5584 312 5632 nus,
344 5571 643 5629 efﬁcientia
700 5576 976 5630 duntaxat
1026 5587 1078 5631 et
1111 5583 1455 5648 operatione,
1499 5593 1604 5634 non
1658 5579 1787 5633 sub-

191 5666 391 5717 stantia
423 5677 520 5720 aut
556 5667 805 5723 unitioue
828 5668 1189 5723 substantiva.
1224 5670 1264 5701 “
1296 5671 1524 5726 Accedit
1552 5672 1786 5741 denique

1888 4655 2135 4725 changeli
2188 4654 2449 4708 mundum
2485 4652 2630 4705 hunc
2667 4646 3084 4718 aspectabilem,
3112 4658 3176 4695 ex
3207 4654 3473 4710 superna-

1893 4762 2016 4799 rum
2059 4745 2303 4798 idearuni
2332 4742 2679 4811 pra-scripto,
2711 4742 2979 4792 fecerunt.
3019 4734 3234 4788 Primus
3268 4733 3415 4786 enim
3444 4749 3477 4787 e

1890 4835 2225 4891 Christianis
2294 4834 2489 4889 Simon
2544 4847 2815 4887 summum
2876 4828 3040 4882 Deum
3071 4826 3255 4880 mundi
3317 4826 3477 4895 hujus

1889 4929 2194 4992 creatione,
2229 4926 2498 4997 regimine
2526 4934 2582 4979 et
2608 4920 3088 4977 administratione
3113 4920 3475 4972 abdicandum

1892 5034 2068 5087 ratus,
2102 5030 2406 5077 creatorem
2433 5020 2500 5073 ab
2524 5033 2590 5072 eo
2623 5033 2746 5071 cum
2782 5014 3080 5070 l’latonicis
3104 5014 3378 5076 distinxit,
3410 5028 3477 5067 ne

1891 5114 2034 5171 mala
2068 5114 2266 5183 quibus
2314 5111 2678 5165 labefactatur
2709 5109 2862 5163 orbis
2924 5110 2975 5163 in
3038 5108 3269 5177 primum
3306 5107 3475 5159 Deum

1886 5222 2101 5263 smnme
2150 5207 2355 5261 bonum
2408 5202 2867 5267 refunderentur;
2931 5200 3025 5269 qui
3075 5214 3201 5253 cum
3254 5197 3478 5265 insuper

1888 5302 2108 5372 ignotus
2146 5311 2361 5367 semper
2413 5298 2699 5362 manserit,
2754 5312 2856 5351 nec
2908 5294 3018 5346 ullo
3070 5291 3269 5346 visibili
3320 5292 3479 5359 signo

1897 5394 2143 5461 scipsum
2188 5404 2414 5458 usquam
2462 5387 2924 5451 manifestaverit,
2963 5383 3141 5437 nullas
3185 5382 3241 5435 in
3288 5380 3476 5435 mundi

1893 5485 2258 5541 fabricatione
2285 5496 2341 5541 et
2384 5483 2860 5539 administratioac
2906 5490 3089 5549 partes
3136 5478 3338 5529 habere
3382 5487 3477 5541 pa-

1892 5582 2017 5634 tuit.
2054 5580 2265 5634 Canera
2299 5593 2417 5647 qua:
2451 5579 2717 5647 impostor
2759 5574 2995 5629 addebat
3036 5570 3102 5624 de
3138 5568 3346 5623 Ennoia
3380 5582 3477 5636 per

1897 5674 2164 5728 invidiam
2196 5675 2415 5729 detenta
2447 5674 2515 5728 ab
2541 5669 2787 5741 Angelis,
2828 5677 2883 5721 et
2932 5664 3117 5735 inique
3150 5661 3359 5727 habita,
3406 5674 3477 5715 ne

266 5847 497 5922 “irem,
538 5852 646 5906 loc.
686 5852 787 5908 cit.
870 5854 908 5883 “
953 5851 1056 5921 ια..
1099 5870 1155 5908 ιι.
1190 5854 1254 5920 5;
1287 5852 1516 5921 Tltcod.,
1564 5871 1609 5911 c.
1652 5853 1713 5923 2;
1756 5853 1784 5909 ΙΞ

1897 5854 1929 5909 h
1962 5894 1975 5922 ,
2026 5853 2166 5910 llwr.
2201 5869 2341 5924 uti,
2372 5852 2398 5925 ᾗ
2426 5852 2474 5907 1.
2566 5851 2629 5927 λ¹²
2666 5849 2807 5907 lrcn.
2841 5846 2874 5900 Ι.
2904 5844 2945 5901 l.
