3954 6352
559 323 664 378 125

1375 328 1970 387 DlSSERTATlONES
2006 332 2115 387 PB.

2220 332 2310 385 le
2345 331 2413 385 ΙΝ
2449 329 2713 386 ΙΒΕΝΑΞΙ
2737 329 3001 386 LIBROS.
3677 332 3763 389 ιει

556 448 871 492 recurreret
898 441 964 494 ad
1010 440 1254 507 Patrem,
1282 460 1345 498 ac
1375 445 1427 499 in
1454 449 1602 502 varia
1634 464 1863 519 corpora
1896 459 2009 504 tum
2043 452 2138 504 hu-
2165 457 2212 512 Α
2241 451 2389 504 nium
2418 465 2538 519 qua:
2567 449 2621 504 in
2664 448 2864 503 mundo
2888 454 3036 510 sunt,
3066 452 3325 499 auctores
3353 444 3559 517 Angeii,
3594 447 3635 501 si
3666 465 3763 502 ma-

558 546 719 583 tnana
756 540 865 585 tum
918 533 1155 588 belluina
1205 539 1474 606 revoluta,
1505 540 1678 596 donec
1712 542 1764 595 in
1800 541 2010 598 fornice
2038 559 2135 612 pu-

555 620 701 674 blice
726 626 1027 689 prostantis
1051 628 1313 685 misertus
1342 631 1553 696 Simon,
1590 647 1745 686 ovem
1773 635 1913 689 hanc
1951 636 2134 704 perdi-

555 719 665 764 tam
705 712 1037 772 liberaturus
1062 721 1325 788 venisset,
1358 724 1672 779 hominibus
1704 724 1866 778 simul
1900 726 2132 781 salutem

556 803 900 868 przestiturns
945 823 1040 876 per
1079 812 1415 877 agnitionem
1452 828 1605 866 suam
1655 815 2025 885 mundumque
2066 817 2134 871 ab

552 900 912 968 Angelorum,
930 907 996 958 de
1021 906 1328 975 principatu
1354 908 1639 964 ambitiose
1661 914 2130 981 contendentium,

463 976 467 980 ’
555 995 847 1061 tyrannide
874 997 1253 1053 vindicaturus
1304 1012 1360 1055 et
1407 1004 1829 1070 emendaturus;
1867 1005 2000 1072 inec,
2052 1007 2131 1061 in-

550 1100 739 1153 quam,
792 1091 999 1155 omnia,
1055 1090 1536 1149 Christianismum
1580 1095 1751 1160 olent,
1787 1099 1879 1152 sed
1926 1097 2127 1155 fabulis

555 1177 756 1232 misere
790 1180 1174 1237 deformatum.
1222 1185 1552 1255 Angelorum
1586 1196 1658 1261 et
1703 1186 1981 1242 hominum
2016 1190 2131 1261 lap-

548 1281 671 1321 sum
718 1272 818 1323 sub
873 1272 958 1325 his
1002 1274 1265 1342 symbolis
1317 1277 1645 1332 adumbrare
1680 1279 1872 1334 voluit.
1911 1280 2129 1339 Priores

549 1362 821 1428 Superbiae
857 1365 1019 1433 typho
1050 1369 1329 1433 excaecati,
1364 1368 1580 1438 Deoque
1610 1373 1819 1426 auctori
1860 1389 1960 1428 suo
1996 1376 2129 1431 sub-

544 1468 671 1505 esse
702 1468 1016 1520 renuentes,
1058 1461 1312 1527 quoniam
1369 1462 1567 1517 nollent
1594 1466 1869 1533 progenies
1906 1467 2127 1523 alterius

547 1542 831 1611 cujusdam
861 1548 1039 1613 putari
1069 1566 1180 1602 esse
1212 1550 1272 1610 ‘3,
1305 1551 1474 1620 ipsius
1511 1552 1797 1621 Enuoiam,
1846 1571 1912 1612 ne
1940 1573 2128 1613 recur-

548 1647 699 1688 reret
731 1639 796 1689 ad
834 1653 993 1692 suum
1028 1642 1355 1712 principium
1414 1643 1736 1712 detinuere;
1768 1646 1895 1700 dum
1940 1648 2127 1702 videli-

547 1737 636 1779 cet
672 1728 935 1797 quidquid
974 1732 1307 1799 splendoris,
1353 1739 1643 1804 potestatis
1683 1753 1746 1792 ac
1775 1739 2124 1809 perfectionis

2238 545 2388 599 terire
2429 553 2481 598 et
2536 543 2858 611 corporibus
2906 540 2974 594 ab
3003 540 3067 593 iis
3094 538 3327 593 conditis
3370 540 3658 609 turpissima
3692 543 3764 595 in-

2237 653 2424 708 spersa
2461 638 2633 701 labes,
2685 634 3030 690 manifestum
3056 643 3139 689 est
3174 648 3294 688 eum
3337 635 3425 704 qui
3458 650 3484 687 a
3519 636 3647 690 bono
3672 637 3764 693 Deo

2236 735 2437 786 missus
2470 740 2573 794 est,
2605 739 2663 783 ut
2690 729 2875 783 mundi
2903 727 3265 781 fabricatores
3305 728 3549 795 debellet,
3579 730 3764 785 orbem-

2234 838 2343 892 que
2390 823 2551 876 malis
2595 830 2805 892 purget,
2863 821 3197 876 mundanum
3249 838 3313 877 ac
3361 836 3541 876 verum
3588 836 3762 892 corpus

2235 914 2506 969 asciscere
2558 914 2662 968 sibi
2721 929 2827 969 non
2876 913 3118 983 potuisse
3159 930 3173 967 :
3223 924 3334 968 tum
3382 928 3451 969 ne
3493 914 3642 968 malis
3667 914 3764 982 ipse

2233 1007 2727 1073 contaminaretur,
2764 1017 2874 1060 tum
2906 1020 2975 1060 ne
3002 1006 3102 1061 sub
3133 1006 3468 1076 angelorum,
3498 1006 3586 1075 qui
3618 1016 3764 1062 mate-

2233 1098 2327 1152 ria:
2365 1098 2737 1164 dominantur,
2769 1098 3054 1168 imperium
3085 1098 3405 1164 concedens,
3440 1098 3507 1153 ab
3532 1098 3594 1153 iis
3612 1099 3766 1169 Oppri-

2233 1201 2494 1249 meretur.
2544 1189 2777 1245 Necesse
2813 1199 2933 1243 erat
2968 1188 3132 1259 igitur
3160 1189 3559 1257 phantasticum
3593 1190 3763 1244 dunta-

2230 1292 2325 1336 xat
2355 1290 2408 1335 et
2454 1280 2745 1335 umbratile
2779 1293 2979 1349 corpus
3015 1280 3289 1346 indueret,
3312 1295 3421 1351 quo
3463 1281 3763 1348 hominibus,

2228 1389 2461 1443 quorum
2493 1374 2598 1427 dux
2625 1380 2681 1427 et
2704 1372 2895 1427 doctor
2934 1369 3149 1425 futurus
3174 1380 3313 1437 erat,
3351 1371 3760 1441 conspiciendum

2228 1478 2288 1518 se
2313 1462 2598 1533 prteberet,
2628 1461 2958 1532 Angelisque
2987 1461 3162 1516 tutius
3185 1461 3386 1517 bellum
3418 1460 3655 1516 inferret.
3697 1461 3761 1515 Ex

2227 1570 2336 1623 quo
2365 1553 2587 1620 (luebat,
2618 1569 2717 1609 nec
2742 1569 2869 1609 vere
2901 1553 3054 1609 nasci
3104 1562 3199 1607 aut
3250 1553 3359 1622 pati
3409 1554 3656 1623 potuisse,
3698 1564 3759 1617 et,

2229 1658 2287 1701 ut
2312 1658 2458 1701 recte
2500 1646 2778 1701 concludit
2829 1654 3041 1715 martyr
3089 1644 3357 1714 lgnatius,
3395 1645 3761 1700 Eucharistiam

2231 1753 2424 1792 verum
2465 1737 2668 1792 Christi
2713 1751 2912 1807 corpus
2942 1752 3048 1791 non
3080 1751 3221 1803 esse,
3255 1752 3378 1792 cum
3410 1753 3589 1791 verum
3641 1754 3762 1791 nun-

547 1829 906 1885 acceperunt,
942 1821 1044 1875 sibi
1082 1821 1215 1891 ipsis
1267 1824 1453 1894 inique
1488 1837 1829 1897 arrogantes,
1883 1832 2122 1899 supremi
2157 1817 2198 1875 Β
2226 1843 2390 1898 quam
2425 1827 2697 1881 habuerit-

545 1916 822 1963 tantorum
874 1912 1262 1968 beneficiorum
1314 1920 1557 1973 auctoris
1608 1921 1809 1989 ideam,
1848 1939 1915 1977 ne
1949 1924 2119 1993 gloria

543 2000 611 2053 ad
638 2018 759 2054 eum
792 2003 1019 2069 rediret,
1049 2007 1102 2059 in
1134 2008 1329 2076 seipsis
1361 2011 1620 2078 primum,
1651 2021 1761 2065 tum
1800 2016 1851 2068 in
1890 2016 2124 2072 homini-

543 2092 643 2146 bus
676 2095 1025 2164 exstinguere
1052 2099 1232 2151 conati
1283 2110 1434 2156 sunt.
1480 2101 1577 2156 His
1627 2105 1825 2174 quippe
1867 2117 2122 2164 auctores

544 2181 789 2247 fuerunt,
833 2195 888 2236 ut
921 2185 1013 2239 Dei
1041 2187 1334 2253 imaginem
1383 2192 1657 2247 mentibus
1681 2209 1872 2249 eorum
1916 2198 2119 2252 inscul-

540 2286 710 2343 ptam,
746 2279 1001 2343 superbia
1028 2293 1123 2331 sua
1155 2278 1298 2334 ftede
1331 2281 1739 2352 deformarent;
1768 2304 1830 2343 ac
1861 2292 2119 2360 paulatim

539 2367 847 2421 oblitterata
868 2372 979 2422 veri
1011 2373 1253 2426 numinis
1282 2376 1525 2440 notione,
1560 2385 1866 2448 comparati
1911 2386 2123 2453 jumen-

542 2456 612 2506 tis
650 2457 1054 2526 insipientibus,
1100 2469 1154 2514 et
1195 2462 1433 2519 belluino
1469 2468 1682 2524 vivendi
1729 2488 1879 2527 more
1912 2475 2121 2534 similes

546 2549 650 2602 illis
679 2548 827 2615 facti,
877 2551 930 2603 in
980 2555 1428 2622 turpissimarum
1476 2576 1824 2633 quorumque
1860 2568 2118 2624 vitiorum

540 2640 863 2698 barathrum
910 2661 1034 2700 sese
1066 2648 1117 2700 in
1164 2649 1280 2703 dies
1334 2649 1655 2718 profundius
1709 2657 2118 2729 immergentes,

540 2738 884 2791 contumeliis
917 2754 1130 2808 semper
1179 2744 1334 2797 novis
1365 2743 1660 2802 allicerent.
1688 2747 1814 2803 Πεὲο
1846 2761 1971 2805 sunt
1999 2768 2121 2822 quae

538 2824 764 2881 Ennoize
793 2830 1131 2897 captivitate,
1158 2834 1587 2901 calamitatibus,
1613 2841 1942 2912 miserisque
1975 2845 2120 2898 casi-

540 2916 641 2970 bus
673 2933 772 2972 suo
815 2922 975 2973 modo
1018 2924 1369 2993 significabat
1431 2929 1641 2987 Simon.
1696 2929 1807 2987 Nec
1859 2935 2119 2991 dissimile

535 3023 669 3063 vero
696 3021 778 3064 est
806 3013 947 3079 quod
980 3015 1057 3067 ait
1085 3013 1462 3075 Tertullianus
1487 3021 1581 3075 lib.
1612 3023 1689 3077 De
1714 3027 1900 3093 anim.,
1936 3043 1983 3083 c.
2011 3028 2113 3084 55:

536 3098 960 3171 Pythagoricum
992 3112 1518 3181 metentpsycbosin,
1555 3115 1766 3171 Simoni
1790 3118 1926 3173 hanc
1961 3121 2114 3189 fabu-

533 3193 643 3245 lum
677 3196 745 3249 de
788 3197 987 3253 Helena
1021 3200 1074 3256 in
1111 3204 1215 3257 alia
1247 3213 1410 3275 atque
1440 3208 1543 3261 alia
1586 3226 1816 3281 corpora
1853 3214 2109 3282 volutata,

536 3301 605 3341 ex
634 3298 792 3356 parte
832 3292 1023 3345 saltem
1056 3296 1415 3360 instruxisse;
1471 3317 1591 3355 cum
1627 3288 1922 3375 utrumque
1950 3310 2112 3365 disci-

543 3380 690 3449 pulis
715 3381 833 3450 ejus
858 3386 1167 3440 constiterit
1194 3407 1209 3455 ;
1233 3400 1287 3444 et
1311 3393 1524 3447 animas
1551 3394 1745 3450 divinae
1771 3399 1966 3455 mentis
1994 3418 2115 3472 por-

540 3474 722 3527 tiones
760 3490 900 3542 esse,
938 3487 989 3531 et
1018 3494 1112 3534 eas
1141 3480 1192 3535 in
1226 3485 1375 3537 varia
1408 3489 1721 3545 successive
1741 3505 1971 3562 corpora
2013 3498 2111 3551 de-

538 3565 707 3617 trudi.
746 3565 998 3634 Ejusdem
1047 3575 1266 3640 generis
1297 3588 1426 3629 sunt
1466 3593 1587 3648 quae
1634 3582 1701 3636 de
1746 3598 1845 3637 suo
1878 3586 1928 3639 in
1965 3588 2110 3644 hunc

537 3657 800 3710 mundum
851 3660 1108 3727 adventu,
1166 3675 1220 3719 ut
1286 3669 1552 3736 perditam
1607 3688 1762 3728 ovem
1828 3677 2108 3747 liberaret,

535 3764 772 3817 eumque
825 3752 892 3804 ab
940 3754 1273 3824 Angelorum
1316 3763 1606 3830 tyrannide
1652 3767 1985 3824 vindicatum
2028 3773 2112 3827 in-

533 3850 836 3909 stauraret,
870 3843 1171 3903 effutiebat.
1207 3849 1261 3903 lu
1295 3850 1380 3905 his
1420 3854 1563 3907 inter
1596 3857 1740 3926 ipsas
1778 3874 2112 3919 commento-

535 3949 656 3986 rum
707 3936 937 3990 nebulas
975 3940 1182 3995 relucet
1233 3944 1546 4013 evangelica
1580 3948 1826 4005 doctrina
1877 3955 1943 4008 de
1993 3955 2106 4010 veri

535 4028 847 4086 Servatoris
879 4038 1150 4099 adventu;
1183 4052 1294 4107 quo
1319 4040 1465 4094 vitiis
1491 4042 1794 4096 oblitterata
1810 4045 1903 4101 Dei
1931 4047 2109 4120 imago

531 4122 817 4189 innovata,
853 4130 1087 4183 excitata
1119 4128 1279 4201 [LVI]
1319 4132 1600 4205 inanimis
1625 4138 1739 4191 veri
1766 4137 1857 4195 Dei
1891 4142 2104 4210 notitia,

531 4214 785 4272 homines
817 4234 1053 4276 excusso
1084 4225 1556 4281 tenebricosarum
1601 4228 1939 4288 Potestatum
1977 4236 2108 4307 jugo

531 4304 586 4360 in
622 4306 930 4364 libertatem
981 4316 1196 4379 asserti,
1248 4318 1429 4371 omnia
1487 4321 1723 4391 denique
1775 4304 2104 4397 instaurata,

529 4397 648 4453 sive
676 4416 796 4468 qua:
848 4402 898 4455 in
955 4404 1132 4471 cadis,
1165 4406 1281 4460 sive
1313 4423 1435 4476 quae
1484 4411 1535 4464 in
1575 4421 1719 4467 terra
1769 4427 1920 4471 sunt.
1971 4417 2106 4475 Nam

2299 1944 2419 1997 102.
2450 1942 2695 1998 Addebat
2746 1941 2957 2012 Magus,
3003 1941 3177 2010 legem
3227 1958 3333 1996 non
3380 1957 3408 1995 a
3440 1941 3545 1995 Deo
3572 1941 3762 2010 (invisi-

2225 2034 2349 2089 bilis
2391 2036 2591 2105 quippe
2630 2042 2683 2088 et
2728 2033 2947 2102 ignotus
2982 2050 3152 2103 usque
3192 2034 3259 2089 ad
3293 2033 3424 2089 Novi
3456 2032 3763 2088 Testamenti

2228 2138 2466 2196 tempora
2495 2125 2841 2196 permansit),
2876 2127 2969 2180 sed
2991 2142 3019 2179 a
3053 2127 3279 2181 sinistra
3316 2126 3548 2196 quadam
3590 2123 3763 2179 intelli-

2225 2222 2403 2291 gentia
2441 2220 2602 2273 latam
2636 2219 2823 2273 fuisse.
2883 2218 3187 2287 Prophetas
3218 2235 3245 2272 a
3282 2219 3468 2273 mundi
3497 2218 3761 2272 fabricato-

2225 2313 2395 2378 ribus,
2429 2312 2559 2365 istos
2583 2313 2650 2365 ab
2681 2312 2788 2376 his,
2816 2311 2938 2366 illos
2967 2312 3035 2365 ab
3061 2312 3171 2365 illis
3215 2312 3508 2378 inspiratos
3530 2312 3759 2367 vaticinia

2223 2402 2449 2457 fudisse.
2482 2402 2557 2455 Ea
2584 2403 2653 2455 ab
2682 2401 2788 2455 illis
2818 2399 3209 2455 contemnenda
3234 2416 3378 2465 esse,
3406 2402 3496 2470 qui
3524 2416 3643 2457 vero
3669 2402 3762 2454 Deo

2224 2495 2397 2548 semel
2439 2494 2646 2563 agnito,
2672 2491 2724 2545 in
2758 2492 3034 2546 Simonem
3065 2498 3118 2545 et
3154 2490 3414 2545 Helenam
3439 2490 3553 2560 ejus
3582 2491 3762 2562 legatos

2221 2592 2275 2638 et
2300 2584 2626 2653 interpretes
2667 2596 2816 2652 spem
2850 2582 3165 2637 collocant:
3204 2584 3272 2637 iis
3327 2584 3524 2653 quippe
3562 2583 3665 2653 jam
3709 2583 3763 2637 li-

2220 2677 2436 2731 bertate
2467 2674 2703 2738 donatis,
2731 2689 2851 2741 qua:
2897 2688 2990 2743 per
3016 2676 3257 2743 supremi
3305 2674 3484 2729 Patris
3526 2675 3763 2745 cognitio-

2220 2781 2343 2820 nem
2399 2765 2724 2832 acquiritur,
2780 2765 3013 2821 liberum
3068 2780 3189 2821 esse
3233 2768 3586 2838 quodcunque
3618 2768 3762 2847 velint

2221 2872 2483 2927 peragere
2530 2872 2544 2910 :
2603 2856 2833 2910 salutem
2888 2857 2976 2909 uni
3030 2856 3243 2926 gratiae,
3278 2857 3474 2926 γνώσει
3512 2858 3759 2920 videlicet,

2222 2964 2329 3001 non
2381 2950 2636 3017 Operibus
2682 2949 2846 3019 justis
2897 2958 3181 3016 acceptam
3222 2949 3561 3005 referendam
3592 2963 3701 3005 esse
3747 2966 3758 3001 :

2218 3047 2412 3093 natura
2447 3038 2713 3108 siquidem
2748 3038 2926 3093 nullas
2948 3038 3194 3094 actiones
3226 3042 3401 3096 bonas
3423 3056 3541 3097 esse
3564 3050 3649 3094 aut
3672 3056 3763 3093 ma-

2221 3133 2322 3197 las,
2351 3133 2444 3186 sed
2464 3148 2526 3186 ex
2563 3131 2830 3187 accidenti
2861 3148 2875 3194 ;
2921 3147 2986 3186 ex
3019 3132 3257 3185 arbitrio
3275 3132 3527 3187 nimirum
3556 3131 3764 3213 Angelo-

2222 3237 2366 3287 rum,
2395 3223 2483 3291 qui
2515 3224 2774 3275 mundum
2819 3221 3211 3285 condiderunt,
3245 3230 3301 3276 et
3349 3221 3607 3291 ejusmodi
3644 3236 3765 3293 prte-

2217 3323 2495 3382 ceptorum
2528 3314 2761 3368 vinculis
2797 3312 2850 3367 in
2883 3312 3204 3367 servitutem
3254 3314 3506 3371 homines
3550 3316 3763 3370 abduxe-

2218 3415 2362 3459 runt.
2426 3406 2598 3471 Quam
2658 3415 2990 3474 postremam
3035 3408 3372 3462 sententiam
3423 3409 3489 3462 ab
3520 3406 3763 3462 Archelao

2216 3499 2539 3570 philosopho
2561 3499 2842 3568 accepisse
2867 3500 3100 3566 videtur,
3126 3501 3278 3569 cujus
3300 3500 3403 3555 hoc
3419 3500 3518 3554 fuit
3544 3499 3761 3561 effatum,

2217 3594 2372 3647 Nihil
2419 3603 2609 3652 natura
2650 3594 2860 3663 justum
2914 3602 3006 3646 aut
3049 3592 3304 3663 injustam
3352 3596 3597 3659 esse,sed
3645 3595 3761 3661 lege.

2214 3686 2429 3741 Nefaria
2463 3696 2610 3741 certe
2640 3687 2914 3753 dogmata,
2947 3686 3334 3756 uberrimaque
3367 3688 3625 3743 scelerqu
3663 3699 3766 3739 om-

2215 3778 2365 3831 nium
2394 3778 2713 3843 seminaria,
2747 3792 2866 3847 quae
2911 3785 3094 3830 tamen
3121 3791 3186 3830 ex
3221 3780 3536 3834 constitutis
3568 3777 3753 3846 princi-

2213 3872 2317 3941 piis
2359 3871 2672 3925 necessario
2726 3869 2987 3924 fluebant.
3047 3869 3104 3925 Si
3154 3872 3300 3926 enim
3352 3887 3593 3927 summus
3632 3871 3758 3925 Deus

2214 3965 2432 4035 ignotus
2461 3965 2683 4027 mansit,
2712 3977 2812 4017 nec
2842 3962 2952 4017 ullo
2995 3962 3242 4018 sensibili
3289 3965 3447 4036 signo
3477 3965 3761 4034 deprehen-

2212 4058 2447 4111 dendum
2486 4069 2545 4111 se
2576 4057 2821 4124 praebere
2861 4057 3134 4126 dignatus,
3168 4058 3353 4110 mundi
3387 4073 3571 4111 curam
3600 4064 3651 4111 et
3677 4054 3764 4107 atl-

2213 4147 2673 4202 ministrationem
2728 4148 2949 4216 Angelis
2996 4148 3272 4202 comtnisit
3319 4162 3333 4201 :
3379 4163 3507 4219 ergo
3551 4148 3677 4218 legis
3716 4152 3765 4199 et

2212 4241 2645 4309 prophetiarum,
2676 4253 2796 4308 qua:
2826 4240 2892 4293 ad
2924 4240 3106 4293 mundi
3150 4234 3392 4309 regimen
3439 4242 3761 4311 spectabant,

2214 4331 2248 4384 ii
2315 4330 2413 4383 soli
2468 4340 2725 4384 auctores
2770 4330 3142 4395 exstiterunt;
3207 4345 3337 4400 ergo
3390 4333 3483 4401 qui
3532 4329 3764 4384 homines

2212 4421 2405 4490 adepta
2435 4422 2547 4474 veri
2581 4432 2635 4475 et
2684 4420 2884 4475 summi
2934 4421 3027 4474 Dei
3083 4421 3277 4475 notitia
3320 4437 3389 4475 ex
3420 4436 3603 4478 eorum
3627 4428 3766 4490 pote-

524 4492 645 4558 ejus
672 4492 1016 4561 professione
1073 4497 1484 4556 fundamentum
1530 4504 1861 4564 Christianae
1889 4514 2107 4584 religio-
2140 4504 2182 4558 Ι)
2213 4525 2355 4568 state
2385 4517 2531 4568 eruti
2558 4524 2705 4579 sunt,
2741 4524 2794 4569 et
2814 4515 2864 4567 in
2896 4514 3208 4569 libertatem
3234 4517 3458 4581 asserti,
3483 4516 3614 4585 legis
3639 4526 3763 4579 pra:-

529 4585 637 4649 nis,
672 4589 760 4640 cui
812 4593 1126 4646 consultum
1166 4595 1514 4664 aliquatenus
1540 4601 1781 4669 volebat,
1834 4606 1931 4660 niti
1986 4610 2106 4663 ani-

526 4677 822 4734 madvertit
872 4685 1256 4741 haeresiarcha.
1290 4689 1385 4744 Sic
1419 4699 1597 4746 tamen
1649 4694 1701 4748 in
1767 4696 1915 4754 hunc
1947 4716 2106 4755 mun-

526 4767 657 4820 dum
711 4772 1061 4831 descendisse
1111 4794 1170 4833 se
1206 4781 1472 4851 jactabat,
1504 4795 1561 4838 ut
1601 4785 1833 4843 alienam
1859 4795 2101 4861 speciem

527 4861 779 4927 inducas,
800 4882 897 4935 per
919 4886 1083 4938 quam
1112 4877 1376 4929 ementita
1405 4878 1765 4938 similitudine
1789 4884 2029 4957 Angelos
2048 4900 2107 4945 et

524 4953 843 5012 Petestates
870 4961 1170 5032 deciperet,
1201 4983 1269 5021 ne
1295 4969 1362 5023 ab
1391 4970 1473 5025 eis
1501 4980 1795 5043 teneretur,
1838 4978 1980 5033 inter
2007 4981 2105 5036 ho-

525 5047 701 5101 mines
768 5050 933 5104 bomo
986 5060 1324 5124 apparuerit,
1379 5076 1501 5115 cum
1558 5072 1739 5120 tamen
1804 5084 1908 5123 non
1961 5085 2106 5131 esset

523 5137 710 5204 homo,
768 5152 821 5193 et
850 5142 960 5210 pati
1018 5144 1071 5197 in
1114 5143 1295 5202 Judzea
1324 5153 1470 5206 visus
1504 5154 1686 5222 fuerit,
1711 5174 1833 5213 cum
1879 5176 1984 5215 non
2034 5164 2107 5218 sit

522 5245 739 5299 passus.
773 5233 897 5290 Haec
928 5238 1101 5306 prima
1138 5241 1466 5301 Docetarum
1493 5244 1679 5313 sectae,
1713 5252 1802 5305 cui
1846 5252 2104 5324 deinceps

522 5339 724 5379 munen
751 5326 951 5383 dedere
992 5341 1069 5384 tot.
1098 5334 1296 5404 impuri
1347 5340 1620 5406 homines,
1656 5344 1807 5397 initia
1846 5360 1859 5397 :
1892 5347 2105 5415 primus

522 5415 686 5483 hujus
712 5430 905 5477 auctor
930 5424 1211 5480 Ιιυιιιιιιιιιῐι
1237 5430 1480 5485 omnium
1526 5434 1953 5502 perditissimus.
1998 5437 2104 5493 Ne-

520 5511 759 5564 cessaria
794 5523 974 5570 tamen
1020 5520 1159 5573 male
1193 5533 1457 5592 suscepta:
1507 5527 1868 5596 bypotheseos
1910 5546 2104 5586 conse-

520 5604 691 5657 Ctaria
721 5619 899 5664 erant.
930 5609 984 5665 Si
1017 5612 1183 5679 enim,
1211 5624 1268 5668 ut
1302 5620 1656 5686 supponebat,
1689 5622 1953 5679 malorum
1985 5639 2100 5679 om-

593 5787 634 5817 ”
676 5784 817 5842 lren.
846 5785 879 5839 Ι.
916 5782 947 5835 l.

2209 4608 2383 4676 ceptis
2414 4623 2517 4660 non
2548 4615 2818 4661 tenentur.
2844 4606 2903 4661 Si
2930 4608 2997 4661 ab
3031 4623 3136 4661 una
3173 4608 3262 4663 Dei
3296 4611 3557 4664 hactenus
3588 4604 3759 4674 ignoti,

2213 4716 2355 4756 tumc
2393 4716 2523 4754 vero
2555 4716 2613 4754 se
2640 4702 2962 4767 revelantis,
2996 4703 3311 4770 cognitione
3337 4703 3537 4772 pendet
3585 4699 3757 4754 salus:

2210 4810 2344 4863 ergo
2372 4794 2437 4847 ad
2466 4794 2885 4863 comparandam
2914 4794 3146 4849 salutem
3170 4809 3335 4864 opera
3374 4802 3759 4864 supervacanea

2210 4896 2357 4943 sunt.
2396 4886 2453 4940 Si
2497 4901 2660 4956 opera
2691 4887 2812 4941 ideo
2851 4887 3117 4941 duntaxat
3155 4888 3297 4942 bona
3331 4898 3426 4942 aut
3454 4888 3591 4941 mala
3620 4891 3763 4944 sunt,

2208 4980 2332 5047 quia
2379 4996 2407 5031 a
2441 4979 2559 5049 lege
2611 4994 2773 5048 quam
2830 4979 3070 5035 tulerunt
3117 4981 3332 5049 Angeli,
3381 4990 3646 5050 praecepta
3687 4974 3762 5028 vel

2210 5074 2481 5143 prohibita
2510 5089 2523 5126 :
2562 5089 2692 5142 ergo
2738 5084 2929 5127 natura
2957 5071 3317 5128 indiﬂerentia
3348 5082 3509 5137 sunt;
3547 5080 3763 5125 excusso

2209 5168 2438 5236 proinde
2465 5167 2597 5237 legis
2623 5150 2777 5237 jugo,
2809 5183 2909 5221 nec
2954 5169 3116 5234 bona,
3152 5182 3250 5222 nec
3284 5169 3441 5221 mala.
3488 5164 3603 5219 Jam
3642 5158 3763 5231 quid

2209 5260 2408 5312 mirum
2451 5260 2497 5313 si
2542 5260 2794 5313 homines
2839 5260 2990 5314 hisce
3014 5260 3300 5329 principiis
3325 5258 3538 5321 imbuti,
3586 5250 3763 5308 fractis

2207 5352 2461 5405 omnibus
2497 5364 2610 5405 tum
2644 5361 2874 5416 naturze,
2913 5364 3022 5406 tum
3046 5353 3266 5421 pudoris
3295 5351 3584 5422 repagulis,
3619 5344 3763 5403 etfre-

2208 5455 2331 5493 uem
2388 5442 2904 5511 spurcissimamque
2947 5442 3471 5499 vivendirationem
3519 5433 3763 5496 inierint?

2207 5533 2284 5587 Eo
2316 5533 2606 5601 siquidem,
2628 5534 2773 5588 velut
2797 5536 3031 5591 naturali
3059 5537 3448 5592 consecutione
3477 5530 3762 5589 deducebat

2208 5626 2437 5680 exitiosa
2473 5626 2741 5683 doctrina.
2770 5627 2927 5683 Absit
2952 5636 3007 5682 ut
3039 5642 3100 5683 ea
3125 5640 3544 5685 commemorent
3576 5619 3767 5690 iniqni‘o
