3954 6352
193 355 299 410 1‘25

901 356 1363 414 DISSERTATIO
1395 360 1435 425 l,
1472 360 1635 416 ART.
1674 360 1760 425 Ill,
1795 360 1882 413 DE
1916 361 2283 417 VALENTINI
2318 364 2711 423 MAGISTRIS.

3341 376 3444 429 126

192 476 316 530 tatis
346 476 634 543 mysteria,
661 477 1085 533 Bacchanalium
1139 480 1310 532 instar
1345 480 1615 542 instituta.
1645 497 1767 549 qua:
1795 489 1841 544 Α
1871 482 2250 552 mysteriorum
2274 485 2407 539 fides
2432 501 2651 555 pessum
2688 488 2821 542 ibat.
2857 489 3153 559 Sialiquod
3187 492 3441 561 baptismi

189 567 245 622 in
271 568 513 622 scelestis
545 570 919 625 conventibus
960 573 1030 627 ab
1080 573 1149 628 iis
1190 585 1402 643 patrata
1448 575 1613 630 refert
1642 576 1767 645 Epi-

186 661 409 729 phanius
462 676 478 712 :
531 662 704 715 nolim
752 665 837 718 his
861 666 1135 720 scelerum
1182 668 1452 735 portentis
1499 668 1763 723 lectorum

185 752 363 807 oculos
408 752 712 810 defaadari.
775 755 831 809 ln
878 759 1153 813 cumulum
1207 775 1493 815 accessere
1540 761 1765 830 magicae

182 853 350 908 artes,
371 859 617 913 quarum
663 850 945 903 teterrima
992 866 1221 919 qumque
1255 866 1477 922 genera,
1522 853 1764 908 Simonis

182 946 235 989 et
290 934 717 993 Platonicorum
782 942 1055 1010 exemplo,
1115 957 1375 998 exercere
1430 945 1589 998 veriti
1656 960 1763 999 non

183 1037 323 1081 sunt.
358 1029 427 1081 Et
460 1030 597 1084 hinc
630 1032 878 1085 manavit
901 1033 1113 1101 vulgata
1142 1035 1436 1101 gentilibus
1466 1035 1761 1100 calumnia,

183 1138 285 1189 qua
339 1123 554 1175 dudum
604 1124 977 1179 Christianam
1047 1128 1363 1196 religionem
1405 1138 1761 1195 vexaverunt,

183 1214 533 1269 Christianos
584 1232 781 1272 omnes
841 1219 1070 1289 magicis
1119 1221 1331 1274 artibus
1373 1220 1585 1274 deditos
1620 1236 1763 1288 esse,

183 1320 477 1373 eorumque
532 1319 738 1372 coetus,
790 1310 938 1364 omni
992 1311 1216 1379 pudoris
1266 1312 1537 1367 exstincto
1572 1312 1766 1365 discri-

182 1399 343 1463 mine,
372 1399 684 1454 accedente
720 1402 896 1455 noctis
929 1401 1147 1456 licentia
1178 1402 1614 1471 corruptelarum
1643 1420 1763 1458 om-

182 1489 262 1541 uis
290 1490 515 1558 generis
545 1488 821 1544 obicinam
874 1506 1017 1546 esse.
1058 1493 1148 1545 Sic
1179 1493 1232 1545 in
1264 1493 1628 1548 Christianam
1682 1510 1763 1549 re-

183 1582 438 1649 ligionem
500 1582 853 1637 redundabat
910 1584 1587 1653 pseudo-Christianorum
1640 1587 1767 1641 isto-

187 1690 303 1727 rum
339 1672 643 1744 proﬂigata
688 1675 823 1728 vita.
859 1674 1338 1731 Resurrectionem
1372 1678 1559 1733 carnis
1600 1694 1765 1748 nega-

180 1768 307 1818 bant
346 1782 360 1815 :
401 1783 513 1820 non
570 1781 772 1836 negare
806 1768 898 1836 qui
954 1767 1303 1836 potuissent?
1340 1766 1398 1822 Si
1440 1771 1585 1825 enim
1632 1786 1762 1824 caro

176 1859 519 1925 Angelorum
548 1860 736 1912 mundi
766 1860 1111 1915 conditorum
1139 1875 1274 1928 opus
1303 1860 1440 1925 fuit;
1479 1877 1508 1914 a
1542 1861 1759 1917 Christo

179 1951 497 2013 Senatore,
542 1953 638 2021 qui
675 1954 917 2022 Angelos
954 1953 1322 2007 debellaturus
1357 1962 1607 2017 venerat,
1661 1970 1760 2009 nec

176 2044 409 2115 suscipi,
473 2059 578 2099 nec
626 2045 830 2099 salvari
887 2046 1090 2100 debuit.
1127 2046 1452 2100 Animarum
1499 2048 1762 2101 duntaxat

172 2151 305 2189 cura
336 2137 442 2205 ipsi
479 2138 603 2190 fuit.
637 2139 680 2167 ‘*
702 2137 998 2191 Gentilium
1030 2137 1209 2199 idolis,
1248 2139 1681 2207 quotiescunque
1705 2152 1763 2191 se

173 2231 328 2281 daret
352 2229 601 2291 occasio,
642 2229 765 2282 thus
787 2228 1007 2282 adolere
1032 2245 1137 2283 non
1162 2230 1506 2295 dubitabant,
1549 2246 1648 2285 nec
1678 2247 1763 2285 su-

174 2336 427 2388 premum
460 2321 701 2383 cultum,
736 2331 795 2374 ut
837 2335 1027 2389 poenas
1056 2321 1381 2391 negantibus
1408 2322 1589 2376 illatas
1608 2322 1763 2376 decli~

171 2419 393 2474 narent,
414 2411 485 2465 iis
506 2412 768 2465 adhibere
787 2412 1088 2465 renuebant
1109 2428 1121 2462 :
1149 2411 1261 2466 lucc
1280 2412 1425 2466 enim
1456 2412 1597 2466 inter
1614 2412 1764 2465 ἀδιά-

172 2518 314 2573 tropa.
346 2502 744 2556 numerabant.
781 2501 893 2556 lmo
919 2504 1149 2571 gentiles
1177 2504 1231 2557 in
1269 2514 1456 2572 partes
1488 2518 1615 2558 suas
1639 2519 1761 2558 ces-

170 2608 327 2647 suros
362 2603 575 2661 putans
605 2591 824 2655 Simon,
848 2594 892 2646 si
920 2593 1025 2647 illis
1056 2594 1403 2662 ingeneraret
1423 2596 1759 2663 opinionem,

168 2703 225 2740 se
260 2686 456 2741 Jovem
509 2700 655 2749 esse,
691 2701 854 2754 quem
892 2702 1164 2741 summmn
1200 2686 1409 2741 Numen
1444 2698 1765 2759 patremque

169 2782 401 2833 deorum
439 2780 886 2843 venerabantur;
940 2779 1201 2833 Helenam
1224 2795 1354 2835 vero
1380 2797 1533 2834 suam
1571 2781 1765 2837 Miner-

169 2887 315 2936 vam,
351 2888 524 2941 quam
554 2886 621 2924 ex
648 2870 882 2925 cerebro
912 2868 1060 2923 Jovis
1090 2880 1270 2925 natant
1304 2886 1425 2926 esse
1453 2871 1765 2928 fabulantur

172 2973 382 3030 poetae;
425 2963 673 3030 seipsum
724 2964 826 3015 sub
854 2960 1027 3026 lovis,
1074 2960 1337 3016 llclenam
1370 2965 1470 3018 sub
1507 2963 1765 3019 Minervae

172 3054 367 3107 habitu
402 3053 554 3121 pingi
592 3063 650 3106 et
692 3055 915 3107 adorari
961 3071 992 3108 a
1032 3056 1311 3126 discipulis
1344 3055 1593 3109 voluerat
1644 3072 1657 3108 :
1708 3064 1765 3109 ut

167 3145 246 3197 sic
284 3145 678 3214 gentilismum
712 3160 835 3198 cum
869 3146 1197 3201 Christiana:
1230 3147 1514 3217 religionis
1549 3148 1762 3217 profes-

168 3240 326 3290 sione
385 3236 758 3290 consociaret.
794 3232 900 3289 Sed
942 3238 1162 3303 mirum,
1214 3253 1337 3292 eum
1377 3240 1467 3309 qui
1514 3249 1626 3294 tota
1671 3240 1764 3295 do-

166 3332 371 3383 ctrina!
406 3330 554 3383 serie
579 3328 899 3384 inimicitias
927 3329 1150 3398 Angelis
1180 3331 1507 3387 denuntiare
1542 3333 1763 3388 videba-

169 3433 278 3485 tur,
343 3421 421 3474 iis
483 3431 667 3473 tamen
713 3420 929 3475 divinos
989 3421 1229 3476 honores
1279 3424 1443 3477 tribui
1496 3426 1757 3482 voluisse.

166 3512 429 3582 Piegabat
470 3513 618 3565 enim
674 3511 904 3587 Salutem
955 3516 1215 3583 consequi
1268 3515 1432 3569 ulltun
1486 3517 1760 3571 hominem

165 3606 337 3659 aliter
380 3619 561 3673 posse,
598 3620 760 3674 quam
808 3606 853 3660 si
898 3604 1284 3661 Universitatis
1319 3609 1528 3676 parenti
1556 3609 1763 3663 abomi-

166 3705 355 3751 nanda
416 3699 711 3762 sacrificia,
797 3715 919 3769 qua:
965 3700 1046 3753 vel
1092 3701 1378 3755 nominare
1424 3702 1605 3770 pudet,
1665 3716 1765 3768 per

164 3790 532 3858 Principatus
561 3799 625 3844 et
664 3789 969 3844 Potestates
994 3791 1253 3846 obtulerit
1285 3808 1432 3847 :non
1463 3793 1678 3862 quidem
1705 3801 1763 3846 ut

165 3885 502 3951 pnesidium
557 3883 793 3949 ferrent,
848 3884 945 3937 sed
1000 3893 1061 3936 ut
1108 3884 1304 3953 placati
1349 3883 1604 3937 damnum
1658 3898 1761 3939 non

166 3977 471 4038 inferrent,
505 3990 611 4030 neu
665 3975 986 4028 hominibus
1035 3976 1152 4028 sive
1210 3976 1264 4029 in
1296 3976 1427 4039 vita,
1477 3976 1591 4030 sive
1641 3985 1765 4046 post

167 4083 417 4125 uiortetn
457 4072 739 4125 obessent.
803 4070 936 4137 Quae
989 4071 1155 4123 etiam
1208 4069 1615 4125 Platonicorum
1670 4070 1766 4124 do-

166 4166 352 4218 ctrina
388 4163 489 4216 fuit
520 4163 773 4233 superius
796 4178 825 4215 a
858 4162 1014 4216 nobis
1038 4163 1309 4229 exposita.

239 4257 376 4312 105.
417 4255 697 4310 llactemts
749 4256 898 4308 dicta
932 4255 1215 4324 perspicue
1249 4253 1627 4307 demonstrant
1676 4253 1763 4307 Si-

171 4365 401 4404 monem
444 4348 674 4417 ejusque
726 4347 1028 4416 discipulos
1082 4347 1227 4399 inter
1275 4347 1509 4415 gentiles
1557 4346 1763 4416 potius,

172 4458 342 4511 quam
410 4442 553 4493 inter
607 4439 953 4495 Christianos
1011 4441 1374 4495 recensendos
1431 4452 1569 4493 esse.
1629 4437 1762 4491 Nam

173 4538 270 4587 ιθιεὶ
309 4534 693 4588 Christianum
733 4548 927 4587 nomen
973 4547 1069 4586 ore
1120 4533 1524 4601 profiterentur,
1560 4530 1645 4582 vix
1684 4538 1765 4581 ta-

175 4642 297 4679 men
339 4625 428 4677 vel
468 4629 628 4677 unius
660 4624 961 4678 Christiani
999 4624 1269 4692 dogmatis
1301 4622 1461 4676 fidem
1497 4621 1762 4688 integram

176 4725 559 4769 servaverant.
594 4715 782 4768 Trium
818 4714 1044 4781 quidem
1084 4712 1445 4768 sanctissimae
1476 4710 1764 4765 Trinitatis

174 4825 542 4880 personarum
562 4822 758 4862 nomen
787 4806 1164 4876 proferebant,
1200 4822 1314 4860 rem
1341 4822 1447 4859 non
1467 4806 1723 4859 tenebant
1746 4821 1760 4857 :

177 4918 276 4953 una
312 4911 373 4952 et
395 4902 586 4953 eadem
615 4914 879 4969 persona,
911 4913 1013 4967 pro
1058 4898 1291 4953 diversis
1319 4897 1529 4960 ofﬁciis,
1560 4897 1761 4962 Patris,

176 4993 295 5045 Filii
352 5003 405 5045 et
469 4992 715 5060 Spiritus
748 4992 927 5045 sancti
976 4992 1195 5045 nomine
1229 4990 1518 5061 gaudebat.
1557 4989 1760 5060 Myster

176 5090 317 5140 rium
351 5086 759 5143 lncarnationis
794 5087 861 5140 iis
905 5085 1120 5153 penitus
1174 5085 1418 5155 ignotum
1456 5104 1469 5139 ε
1506 5086 1761 5141 Christus

178 5195 273 5232 nec
302 5195 466 5233 verus
502 5180 666 5245 Deus,
693 5179 850 5249 cujus
876 5178 1027 5231 nulla
1058 5178 1602 5249 fuerit‘hypostatica
1636 5196 1760 5234 cum

179 5269 284 5323 Deo
319 5272 451 5324 unio
490 5286 503 5333 ;
532 5285 636 5324 nec
668 5284 831 5323 verus
869 5270 1052 5333 homo,
1081 5270 1235 5340 cujus
1270 5269 1434 5324 fuerit
1456 5272 1762 5326 umbratilis

180 5372 392 5416 tantum
434 5375 493 5415 et
543 5363 895 5430 phantastica
956 5362 1305 5429 humanitas;
1352 5364 1449 5418 sed
1484 5364 1757 5433 quoddam

182 5456 345 5509 velut;
390 5455 777 5518 simulacrum,
814 5454 959 5522 quod
996 5453 1121 5507 hinc
1158 5453 1459 5507 humanam
1510 5465 1763 5510 naturam

178 5547 355 5601 mulis
376 5546 687 5609 exhiberet,
725 5544 876 5599 illinc
905 5545 1214 5599 Divinitatis
1244 5547 1430 5600 radios
1462 5548 1760 5615 exciperet.

180 5640 389 5705 Quibus
426 5638 609 5693 omnis
640 5638 849 5693 Christi
909 5640 1235 5708 nativitatis,
1296 5640 1422 5694 vita:
1464 5650 1521 5694 et
1563 5642 1758 5695 mortis

280 5758 323 5787 "
354 5756 600 5825 Origen.,
654 5756 707 5810 in
762 5755 937 5817 Ccls.,
974 5755 1068 5813 lib.
1103 5773 1177 5814 vt.
1290 5758 1331 5790 "
1365 5758 1504 5816 lren.

184 5844 229 5883 ς.
263 5827 347 5891 16..
380 5838 430 5883 et
469 5828 533 5881 de
578 5830 715 5891 An.,
757 5842 807 5881 c.
852 5826 943 5880 50.

1556 5826 1567 5831 τ
1607 5759 1648 5790 ³⁸
1681 5758 1846 5827 lrcn.,
1886 5756 1980 5811 lib.
2021 5769 2056 5823 t,
2093 5770 2141 5811 c.
2173 5750 2263 5817 23,
2297 5768 2347 5807 n.

1869 588 2040 643 genus
2080 576 2430 643 retinuerint,
2489 578 2754 631 ludicrum
2808 589 2981 644 certe,
3025 579 3170 649 quod
3202 595 3231 634 a
3286 582 3444 637 Chri-

1866 666 2048 720 stiano
2106 666 2295 734 procul
2346 669 2647 723 recederet.
2689 668 2855 722 Vetus
2891 682 3084 723 auctor
3130 672 3220 740 qui
3249 684 3441 730 contra

1867 754 2194 824 Cyprianum
2211 758 2452 827 scripsit,
2478 757 2662 831 {LVII}
2690 761 2832 813 inter
2856 759 2952 814 SS.
2974 764 3231 832 martyris
3256 778 3442 833 opera,

1867 845 2035 900 refert
2062 850 2328 916 quosdam
2358 851 2641 905 haereticos
2665 865 2695 904 e
2725 850 2945 905 Simone
2968 862 3283 920 prognatos,
3313 859 3441 910 dum

1866 936 2196 1005 baptismum
2233 942 2568 1003 conferrent,
2596 941 2933 995 emicantem
2966 958 3039 995 ex
3064 944 3221 1011 aquis
3261 944 3441 1014 ignem

1866 1026 2192 1082 intuentium
2228 1032 2404 1085 oculis
2430 1032 2766 1097 exhibuisse,
2791 1048 2898 1102 quo
2928 1034 3179 1088 simulata
3208 1035 3444 1105 Spiritus

1867 1122 2041 1174 sancti
2096 1123 2388 1191 praesentia
2461 1124 2761 1179 initiandos
2824 1140 2953 1179 suos
3006 1125 3438 1183 ludificarentnr.

1867 1211 2105 1280 Ecquam
2156 1216 2221 1268 de
2277 1214 2621 1269 Eucharistia
2657 1216 2818 1271 fidem
2855 1217 3065 1272 habere
3114 1221 3441 1288 potuissent,

1866 1308 1957 1375 qui
1991 1322 2177 1361 verum
2207 1306 2429 1376 Christo
2456 1323 2653 1377 corpus
2677 1310 3055 1379 denegabant?
3086 1311 3193 1366 Sua
3221 1315 3441 1381 quidem

1865 1398 1934 1452 iis
1983 1409 2138 1452 erant
2188 1400 2469 1470 mysteria,
2511 1403 2606 1456 sed
2662 1402 2996 1455 exsecranda
3045 1419 3293 1473 prorsus,
3323 1418 3444 1474 qua:

1866 1491 1949 1546 vel
1985 1508 2417 1548 commemorare
2449 1495 2633 1563 pudet.
2661 1494 2865 1551 Caetera
2898 1507 3250 1551 sacramenta
3283 1496 3441 1552 flocci

1866 1586 2064 1639 fecisse
2100 1586 2349 1640 homines
2402 1586 2666 1656 impuros,
2703 1589 2910 1659 unique
2950 1588 3170 1659 γνώσει,
3223 1589 3442 1645 caeteris

1865 1677 2118 1733 omnibus
2144 1679 2366 1747 spretis,
2384 1680 2614 1734 salutem
2642 1682 2987 1747 ascribendo,
3020 1682 3289 1736 bonorum
3321 1696 3445 1753 ope-

1868 1785 1986 1822 rum
2022 1771 2431 1835 necessitatem,
2463 1780 2517 1825 et
2545 1773 2983 1843 evangelicarum
3010 1773 3191 1840 legum
3247 1773 3445 1827 obser-

1866 1861 2139 1915 vationem
2202 1860 2442 1915 funditus
2484 1864 2769 1926 evertisse,
2819 1864 3068 1934 quisquis
3116 1865 3439 1929 asseruerit,

1864 1952 2008 2006 haud
2040 1962 2249 2008 temere
2278 1954 2605 2021 conjecerit.
2706 1939 2719 1953 ’

1936 2046 2063 2100 104.
2095 2045 2292 2100 Plures
2329 2046 2555 2115 reliquit
2585 2046 2777 2101 Simon
2801 2060 3051 2101 errorum
3084 2055 3140 2099 et
3166 2046 3438 2101 scelerum

1864 2153 2233 2202 successores,
2275 2155 2307 2190 a
2340 2140 2573 2205 principe
2626 2139 2959 2207 impiissima:
2986 2141 3259 2194 sententiis
3285 2156 3442 2193 voca-

1865 2241 1943 2283 tos
2015 2228 2373 2283 Simonianos.
2428 2226 2511 2282 Ab
2565 2230 2651 2283 his
2694 2230 2821 2297 fulsi
2876 2232 3105 2284 nominis
3146 2233 3445 2298 scientiam,

1864 2322 2257 2377 Gnosticorum
2288 2319 2541 2375 videlicet
2574 2321 2847 2386 haeresim,
2880 2325 3140 2391 accepisse
3178 2324 3360 2388 initia,
3382 2341 3448 2379 ex

1866 2412 1993 2479 ipsis
2042 2410 2423 2465 assertionibus
2466 2426 2647 2462 eorum
2697 2416 2846 2463 adest
2906 2411 3190 2466 discere".
3238 2413 3448 2469 Revera

1866 2500 2010 2553 enim
2043 2501 2233 2553 eadem
2270 2514 2406 2568 pene
2435 2498 2719 2553 Gnosticis
2746 2502 3001 2555 omnibus
3033 2501 3185 2556 fuere
3211 2516 3335 2556 cum
3368 2502 3450 2557 Si-

1866 2606 2028 2646 mone
2053 2591 2328 2661 dogmata.
2363 2590 2422 2645 Si
2462 2591 2591 2658 quid
2635 2591 2975 2657 discriminis
3017 2591 3351 2657 interfuerit,
3390 2593 3459 2647 in’

1866 2699 1931 2739 eo
1955 2684 2188 2753 positum
2218 2684 2341 2747 fuit,
2369 2685 2514 2753 quod
2547 2683 2737 2738 eadem
2761 2685 3049 2755 principia,
3071 2696 3126 2740 et
3151 2685 3448 2742 Platonica:

1866 2775 2218 2844 philos0phiae
2247 2778 2427 2844 capita
2476 2778 2544 2830 ab
2581 2776 2665 2829 bis
2694 2775 2854 2845 paulo
2895 2778 3159 2844 pressius,
3220 2778 3290 2831 ab
3336 2778 3449 2832 illis

1866 2867 2195 2936 explicatius
2220 2882 2285 2921 ac
2323 2865 2498 2920 fusius
2525 2866 2749 2931 tradita,
2782 2874 2836 2920 et
2868 2868 2933 2920 ad
2983 2882 3070 2921 res
3109 2866 3233 2921 fidei
3262 2868 3449 2923 diver-

1867 2959 2078 3013 simode
2101 2973 2199 3028 pro
2224 2958 2488 3028 cujusque
2517 2968 2678 3028 captu
2707 2969 2763 3013 et
2792 2958 3006 3027 ingenio
3036 2960 3448 3014 acconnnodata

1867 3051 2091 3117 fuerint,
2125 3049 2219 3104 sed
2252 3050 2580 3104 inconcusso
2609 3058 2864 3103 manente
2897 3048 3278 3102 fundamento.
3310 3048 3442 3102 Tria

1791 3160 1833 3216 ε
1868 3141 2020 3195 fuere
2045 3142 2315 3209 praecipua
2347 3140 2625 3195 Gnosticze
2665 3142 2937 3195 hazreseos
2964 3140 3173 3207 capita,
3203 3140 3256 3193 1ο
3286 3137 3449 3193 Sum-

1865 3246 2012 3285 mum
2052 3230 2220 3284 Deum
2271 3230 2501 3283 alterum
2546 3244 2669 3283 esse
2719 3247 2748 3283 a
2794 3229 2981 3283 mundi
3028 3229 3342 3294 conditore;
3388 3227 3448 3283 2ο

1866 3322 2041 3393 Opera
2099 3322 2233 3375 nihil
2290 3324 2357 3377 ad
2392 3322 2628 3376 salutem
2671 3320 2886 3389 juvare,
2922 3320 3017 3375 sed
3067 3335 3187 3374 eam
3238 3320 3308 3374 ab
3342 3335 3449 3375 una

1864 3428 2223 3481 supernarum
2246 3428 2425 3467 rerum
2448 3413 2765 3481 cognitione
2791 3415 3066 3479 pendere;
3090 3411 3443 3466 EoCbristum

1866 3520 2053 3558 verum
2084 3504 2359 3558 hominem
2402 3522 2506 3560 non
2538 3504 2731 3570 fuisse,
2759 3508 2852 3558 sed
2883 3519 3021 3557 vana
3056 3505 3295 3560 hominis
3320 3521 3448 3575 spe-

1866 3600 1951 3651 cie
1984 3598 2170 3653 oculos
2204 3599 2493 3654 delusisse.
2530 3597 2655 3652 Haec
2684 3599 2752 3650 ab
2781 3597 3036 3651 Omnibus
3082 3608 3446 3666 pr0pugnata,

1865 3693 2065 3760 quippe
2090 3694 2178 3761 qui
2200 3694 2404 3747 scirent
2426 3693 2491 3746 iis
2516 3702 2682 3745 totam
2711 3690 2808 3744 niti
2841 3691 3215 3760 hypothesim;
3246 3701 3446 3744 caetera

1867 3795 1951 3849 vel
1977 3795 2043 3848 ad
2074 3790 2339 3860 majorem
2368 3785 2788 3855 explicationem
2821 3784 3025 3846 addita,
3056 3782 3140 3834 vel
3164 3791 3449 3835 consecta-

1870 3890 1949 3942 ria
1987 3886 2232 3956 qumdam
2264 3880 2439 3942 fuere,
2477 3893 2600 3945 qua
2631 3878 2883 3947 quisque,
2915 3885 3076 3944 prout
3109 3876 3329 3944 ingenio
3354 3890 3448 3927 va-

1869 3982 2036 4042 lebat,
2072 3991 2138 4030 ex
2166 3971 2447 4044 principiis
2470 3970 2726 4032 ducebat,
2762 3968 3267 4037 ampliticabatque.
3301 3966 3355 4019 ld
3383 3981 3449 4020 ea

1866 4067 2167 4126 conferenti
2209 4080 2331 4135 qum
2378 4065 2443 4118 de
2485 4060 2862 4115 Valentiniana
2906 4058 3099 4113 heresi
3146 4058 3261 4128 jam
3303 4058 3451 4113 dixi-

1868 4178 2007 4222 mus,
2036 4162 2329 4213 observare
2372 4153 2618 4224 proclive
2648 4152 2771 4214 fuit,
2811 4166 2911 4206 nec
2951 4149 3229 4205 difﬁcilius
3255 4150 3447 4204 obser-

1866 4256 2087 4310 vabitur
2118 4254 2170 4306 in
2206 4251 2293 4315 iis,
2321 4263 2444 4319 qua:
2482 4248 2549 4301 de
2590 4245 2872 4299 veteribus
2906 4243 3187 4300 Gnosticis
3217 4242 3450 4301 dicenda

1868 4351 2181 4416 supersunt.

2396 4432 2459 4487 ll.
2496 4430 2571 4486 De
2598 4428 2917 4483 Menandro.

1940 4530 2066 4584 105.
2099 4528 2142 4559 ¹⁶
2178 4527 2418 4582 Simonis
2447 4538 2735 4580 successor
2776 4528 2832 4575 et
2872 4518 3175 4588 discipulus
3208 4516 3310 4570 fuit
3333 4516 3445 4571 Me-

1869 4624 2099 4687 nander,
2124 4620 2442 4691 przeceptori
2470 4617 2720 4671 moribus
2744 4626 2802 4669 et
2815 4614 3063 4667 doetrina
3090 4612 3445 4681 respondens.

1867 4718 2080 4773 Cenere
2110 4716 2411 4770 Samarites
2454 4721 2507 4766 et
2543 4711 2656 4779 ipse
2684 4709 2809 4775 fuit,
2852 4724 2882 4760 e
2904 4707 3027 4760 vico
3060 4704 3440 4774 Capparetaja,

1868 4822 1928 4866 ut
1956 4822 2115 4867 vocat
2142 4808 2385 4864 Justinus
2413 4804 2648 4862 lil.",ve|
2678 4802 2944 4863 Chabrai,
2980 4809 3040 4853 ut
3074 4798 3447 4855 Theodoretus

1869 4903 2127 4973 appellat,
2160 4897 2449 4955 oriundus.
2477 4893 2579 4949 Ubi
2622 4893 2690 4946 ad
2735 4906 3010 4946 summum
3045 4889 3446 4960 praestigiarum

1866 4994 2143 5060 fastigium
2174 4987 2440 5061 pervenit,
2478 4995 2537 5039 ut
2579 4983 2738 5037 facile
2775 4997 2879 5036 non
2926 4990 3136 5034 tantum
3166 4995 3291 5035 cum
3334 4995 3449 5032 ma-

1865 5090 2035 5158 gistro
2057 5084 2430 5143 contenderet,
2464 5076 2557 5130 sed
2586 5077 2750 5129 etiam
2791 5074 2995 5142 primas
3047 5072 3152 5126 sibi
3196 5071 3449 5125 vindica-

1866 5190 1969 5245 ret,
2022 5176 2324 5243 majoribus
2367 5169 2636 5240 portentis
2683 5181 2877 5220 nomen
2925 5164 3027 5218 sibi
3074 5164 3221 5219 fecit.
3262 5163 3451 5217 Antio-

1865 5273 2072 5335 chiam,
2114 5265 2356 5323 Orientis
2396 5270 2581 5331 caput,
2609 5259 2796 5329 elegit,
2847 5273 2946 5313 ceu
2980 5257 3252 5327 publicum
3287 5257 3447 5310 thea-

1869 5373 2012 5417 trum
2038 5362 2089 5414 in
2118 5375 2225 5429 quo
2252 5354 2636 5411 circulatorem
2663 5358 2873 5421 ageret,
2900 5358 2959 5403 et
2985 5348 3127 5402 unde
3151 5356 3451 5401 venenatas

1869 5465 2083 5507 merces
2117 5449 2332 5502 facilius
2360 5459 2458 5514 per
2486 5443 2765 5497 Orientem
2791 5449 3096 5508 spargeret.
3131 5436 3209 5491 lbi
3245 5436 3446 5489 misere

1866 5546 2049 5616 plures
2089 5540 2397 5596 fascinavit.
2446 5535 2502 5590 Si
2548 5530 2957 5597 Tertulliano”,
2989 5532 3072 5584 vel
3106 5529 3317 5583 auctori
3345 5526 3447 5580 ad-

1863 5636 2146 5694 ditamenti
2171 5632 2402 5703 quod-ad
2427 5630 2630 5686 calcem
2660 5626 2785 5681 libri
2814 5624 2888 5679 De
2911 5624 3206 5694 prwscript.
3228 5622 3445 5692 legitur,

2564 5744 2605 5776 ³⁷
2650 5742 2807 5813 Apol.
2854 5741 2907 5791 1.
3037 5740 3079 5770 ⁸⁸
3114 5739 3185 5793 De
3218 5737 3416 5791 l’rzcsc.
