3954 6352
599 375 699 429 ίῖἹ

596 489 896 554 credimus,
926 491 1118 546 eadem
1165 490 1303 545 dixit
1346 507 1467 561 quae
1505 492 1694 547 Simon
1740 494 1874 561 ipse.
1902 489 2173 560 Quidquid

597 580 784 635 Simon
809 596 867 635 se
898 595 1021 635 esse
1054 583 1292 645 dixerat,
1325 583 1428 637 hoc
1461 600 1520 638 se
1549 583 1845 639 Menander
1874 598 1996 638 esse
2021 585 2173 638 dice-

592 670 707 727 bat.
748 671 901 738 Quod
928 682 1109 727 tamen
1142 674 1322 729 Subrie
1358 674 1786 738 intelligendum.
1818 674 1951 729 Nam
1985 674 2173 731 Simon

591 778 650 817 se
678 780 798 819 esse
826 781 1143 835 supremam
1172 768 1269 822 Dei
1301 768 1570 821 Virtutem
1601 768 1967 838 impudentius
1997 768 2175 839 jacta-

592 854 715 918 bat;
750 867 961 910 tantum
990 858 1092 911 sibi
1126 875 1232 912 non
1263 860 1533 914 tribuebat
1565 859 1881 927 Menander,
1917 862 2172 931 quoniam

592 948 817 1013 primani
857 946 1123 1001 Virtutem
1163 950 1484 1018 incognitam
1519 951 1761 1003 omnibus
1794 966 1913 1005 esse
1949 952 2169 1021 aiebat;

592 1052 647 1088 se
669 1045 842 1090 autem
865 1054 980 1092 eum
1006 1041 1243 1109 esse,qui
1268 1040 1455 1094 missus
1478 1042 1543 1094 sit
1580 1043 1643 1095 ab
1663 1042 2012 1099 inuisibilibus
2048 1044 2173 1113 (hoc

594 1139 699 1193 est,
734 1141 793 1183 ttt
835 1132 1070 1200 esplicat
1117 1132 1452 1195 Eusebius”,
1483 1133 1550 1186 ab
1573 1133 1942 1190 invisibilibus
1971 1134 2169 1191 Enni-

591 1219 738 1287 bus),
760 1217 1088 1275 Salvatorem
1111 1239 1207 1290 pro
1232 1221 1403 1275 salute
1429 1224 1723 1281 hominum.
1742 1216 1848 1280 Sed
1874 1227 2168 1283 discrimen

590 1309 643 1362 in
675 1312 853 1364 verbis
887 1312 1111 1379 licerere,
1144 1320 1198 1365 et
1238 1312 1288 1365 in
1314 1328 1379 1366 eo
1410 1315 1649 1380 positum
1692 1331 1815 1370 esse
1850 1322 1996 1385 quod
2033 1318 2171 1374 alter

588 1402 764 1455 altero
788 1405 1045 1458 vesanior
1093 1416 1261 1471 esset,
1303 1408 1559 1474 superius
1591 1410 1951 1464 ostendimus.
1981 1409 2177 1480 Neque

586 1494 731 1547 enim
763 1494 950 1548 Simon
988 1512 1299 1565 supremam
1335 1497 1427 1551 Dei
1467 1497 1732 1554 Virtutem
1779 1502 2087 1557 substantia
2113 1512 2170 1558 et

587 1596 783 1639 natura
814 1602 873 1641 se
902 1602 1025 1643 esse
1055 1590 1451 1653 contendebat,
1479 1592 1574 1645 sed
1604 1592 1862 1648 missione
1893 1594 2169 1649 duntaxat

584 1687 640 1731 et
673 1679 944 1750 ἐνεργείᾳ,
997 1681 1050 1733 itt
1096 1696 1205 1749 quo
1242 1697 1364 1735 cum
1415 1681 1714 1738 Menandro
1764 1686 2163 1740 consentiebat.

589 1766 697 1823 Nec
732 1772 878 1840 quod
921 1772 1059 1825 alter
1109 1787 1230 1826 eam
1288 1774 1558 1828 Virtutem
1613 1777 1865 1834 omnibus
1925 1780 2165 1848 ignotam

586 1877 708 1915 esse
740 1864 967 1930 diceret,
1010 1864 1151 1919 alter
1194 1875 1253 1920 ut
1284 1867 1403 1937 ejus
1433 1868 1651 1937 copiam
1699 1870 1925 1932 Iaceret,
1955 1872 2168 1928 venisse

585 1967 646 2007 se
673 1952 939 2020 jactaret,
975 1955 1080 2009 uila
1110 1958 1255 2011 inter
1277 1973 1371 2013 eos
1399 1976 1577 2029 pugna
1611 1960 1924 2017 intercedit.
1946 1962 2000 2017 Si
2025 1964 2168 2017 enim

584 2059 706 2099 cum
731 2047 1072 2102 Theodoreto
1100 2050 1370 2118 duplicem
1396 2067 1622 2106 summa:
1646 2054 1881 2107 Virtutis
1896 2058 2167 2124 operatio-

585 2151 707 2190 nem
759 2138 1206 2209 distinguamus,
1262 2142 1533 2196 occultam
1578 2154 1634 2197 et
1680 2145 2050 2210 manifestam,
2102 2149 2168 2203 lis

582 2229 743 2284 facile
783 2231 1076 2285 dirimitur.
1106 2232 1239 2285 Nam
1273 2232 1463 2287 Simon
1488 2237 1861 2305 operationem
1890 2241 2161 2296 occultam

581 2322 836 2388 respicit;
858 2321 1237 2377 Menanderde
1263 2324 1554 2379 manifesta
1582 2328 1849 2396 loquitur.
1871 2330 1969 2385 llic
1997 2332 2162 2387 etiam

578 2413 958 2481 explicandus.
990 2430 1060 2467 ne
1089 2429 1274 2470 secum
1300 2416 1387 2469 vel
1409 2430 1533 2470 cum
1560 2416 1764 2474 [remeo
1795 2431 2015 2491 pugnet,
2039 2424 2166 2493 Epi-

578 2505 814 2572 phanius
832 2506 877 2535 ²⁰
906 2506 1182 2571 scribens,
1202 2506 1560 2562 Menandrum
1585 2525 1614 2563 a
1640 2508 1888 2568 Simonis
1911 2515 2165 2584 dogmate

579 2612 684 2649 non
745 2598 1060 2661 dissedisse,
1095 2600 1200 2653 nisi
1233 2601 1374 2669 quod
1408 2602 1672 2671 majorem
1702 2619 1762 2658 se
1814 2615 2163 2663 antecessore

576 2697 633 2741 et
658 2700 992 2758 praeceptore
1029 2706 1129 2745 suo
1155 2691 1509 2759 praedicabat.
1536 2694 1741 2765 Nempe
1771 2696 1860 2751 hic
1901 2700 2160 2768 majorem

578 2792 636 2832 se
686 2781 1045 2848 praedicabat,
1104 2796 1209 2835 non
1259 2783 1524 2854 dignitate
1573 2796 1627 2841 et
1687 2788 1977 2853 missione;
2035 2806 2159 2843 nam

578 2878 805 2939 uterque
832 2888 860 2925 a
890 2888 1101 2927 smnma
1137 2875 1352 2930 Virtute
1388 2879 1618 2932 ntissum
1652 2892 1711 2935 se
1750 2894 1874 2935 esse
1905 2881 2161 2937 Servato-

579 2976 693 3014 rem
729 2964 795 3017 ad
830 2965 1109 3020 hominum
1158 2968 1393 3023 salutem
1433 2971 1773 3040 nngabatur;
1809 2974 1901 3028 sed
1936 2976 2162 3045 magicae

574 3054 713 3107 srtis
738 3056 960 3123 peritia,
993 3073 1098 3127 qna
1126 3059 1448 3129 magistrum
1473 3062 1694 3119 vincere
1717 3080 1775 3119 se
1797 3066 2156 3134 gloriabatur.

1404 371 1999 428 DISSERTATIONES
2036 369 2340 426 PREVIE
2376 369 2441 423 IN
2479 367 2736 425 IRENIEI
2774 364 3039 423 LIBROS.

3719 369 3801 425 I58

2203 492 2250 550 Α
2279 498 2335 543 ιιι
2364 489 2565 560 passim
2593 488 2733 557 apud
2783 486 3148 542 Jamblichutn
3180 497 3235 540 et
3266 486 3398 541 alios
3447 488 3623 543 videre
3649 498 3741 544 est.
3768 494 3800 543 Α

2280 580 2562 650 Theurgis,
2606 580 2783 650 inquit
2829 581 2919 635 ille
2965 591 3102 635 sect.
3135 595 3219 641 Ill,
3251 596 3369 650 cap.
3399 580 3488 645 5i,
3519 582 3675 635 omnis
3712 585 3792 651 spi.

2276 675 2411 726 ritus
2442 671 2612 727 malus
2662 672 2826 741 fugit,
2861 671 3173 741 penitusque
3196 673 3527 725 subvertitur.
3557 670 3807 727 Exscindi-

2276 775 2363 817 tur
2387 778 2601 832 prorsus
2648 763 2819 816 omnis
2864 762 3078 815 malitia
3108 771 3158 815 et
3200 778 3414 831 passio;
3444 762 3683 817 bonorum
3707 781 3804 819 vero

2274 873 2407 920 pura
2447 854 2864 909 communicatio
2896 855 2966 909 ad
2999 871 3159 922 puros
3193 854 3451 923 defertur,
3496 857 3715 926 ignisque
3737 859 3805 910 tti-

2274 948 2425 1001 vinus
2452 948 2672 1014 desuper
2703 964 2790 999 eos
2818 947 3039 1001 veritate
3085 946 3269 1014 replet.
3322 947 3419 999 His
3449 947 3574 1001 mali
3616 948 3804 1015 spiritus

2272 1038 2630 1106 impedimenti
2664 1037 2795 1090 nihil
2841 1038 3032 1107 afferre
3066 1048 3307 1105 possunt,
3349 1055 3510 1108 neque
3537 1041 3601 1091 ad
3638 1041 3803 1092 anime

2273 1130 2406 1184 bona
2438 1132 2722 1183 avertenda
2766 1129 3053 1193 obstaculi,
3083 1140 3193 1185 etc.
3240 1131 3303 1184 Et
3336 1140 3473 1185 sect.
3506 1145 3581 1197 ιι,
3608 1144 3715 1198 cap.
3743 1129 3801 1183 ιε

2274 1223 2403 1278 Sola
2430 1222 2609 1276 divina
2643 1222 2876 1293 μαντικὴ
2910 1223 3015 1275 diis
3046 1234 3377 1286 connectens,
3411 1240 3505 1276 nos
3533 1239 3642 1276 vere
3665 1227 3805 1290 parti-

2272 1315 2409 1381 ciprs
2432 1311 2562 1380 facit
2611 1313 2732 1365 vita:
2760 1312 2958 1365 divinat
2982 1326 3001 1365 :
3028 1329 3249 1383 cumque
3277 1314 3391 1381 ipsa
3430 1314 3802 1380 prwscientiam,

2269 1403 2579 1470 divinaeque
2604 1402 2843 1454 notiones
2880 1402 2932 1454 in
2963 1418 3017 1456 se
3044 1405 3333 1465 contineat,
3369 1419 3463 1455 nos
3496 1417 3690 1471 quoque
3714 1417 3804 1453 rere

2268 1494 2472 1550 divinos
2509 1495 2657 1564 facit.
2708 1494 2839 1549 lla'e
2886 1494 3089 1549 bonum
3135 1512 3265 1564 pure
3316 1497 3465 1550 nobis
3496 1494 3802 1555 exhibeant

2268 1588 2406 1640 enim
2432 1587 2734 1640 beatissima
2749 1588 2963 1641 deorum
2982 1588 3209 1658 cognitio
3232 1588 3379 1642 bonis
3401 1589 3635 1643 omnibus
3656 1583 3801 1653 plena.

2269 1678 2334 1733 Et
2367 1694 2486 1749 cap.
2533 1679 2565 1733 5
2606 1681 2683 1733 ait
2741 1681 3011 1735 hominem
3059 1682 3187 1734 olim
3235 1682 3429 1737 visioni
3483 1684 3572 1738 Dei
3612 1686 3804 1752 conjun-

2270 1783 2437 1839 ctutn,
2486 1782 2671 1842 postea
2716 1774 2877 1827 aliam
2938 1775 3346 1843 subingressum
3411 1777 3661 1840 animam.
3705 1796 3801 1833 eam

2275 1865 2527 1918 nimirum
2571 1880 2693 1933 quae
2734 1866 2800 1920 ad
2855 1867 3104 1921 humana:
3147 1866 3335 1921 format
3373 1871 3603 1937 speciem
3649 1880 3803 1940 aptata

2270 1964 2376 2018 est,
2417 1964 2717 2024 proliterea
2755 1956 2965 2010 venisse
3010 1957 3109 2011 sub
3147 1956 3242 2011 fati
3294 1967 3348 2012 et
3384 1958 3804 2027 necessitatisjn-

2270 2066 2433 2121 gum;
2483 2050 2551 2103 ab
2600 2049 2687 2104 his
2730 2064 2859 2104 vero
2900 2048 3129 2103 vinculis
3165 2049 3327 2105 aliter
3368 2051 3505 2105 solvi
3539 2067 3638 2105 non
3674 2065 3806 2120 posse

2268 2156 2434 2209 qnam
2495 2156 2592 2210 per
2649 2144 2873 2195 deorum
2927 2142 3328 2210 cognitionem;
3377 2142 3517 2196 hanc
3556 2157 3669 2196 esse
3705 2157 3805 2211 quae

2270 2232 2477 2305 [LVIII]
2519 2248 2704 2287 veram
2742 2232 2911 2286 vitam
2950 2244 3158 2298 servat,
3202 2235 3457 2302 quoniam
3509 2234 3573 2288 ad
3621 2233 3804 2287 Patrem

2268 2338 2363 2378 sua
2393 2333 2543 2377 sorte
2574 2329 2889 2377 contentum
2939 2331 2993 2375 et
3044 2322 3528 2390 superessentialent
3579 2322 3801 2378 reducit:

2265 2428 2479 2469 sacram
2514 2413 2654 2467 hanc
2698 2419 2751 2465 et
2781 2411 3137 2481 Tbeurgicam
3171 2411 3448 2467 felicitatis
3494 2413 3803 2467 donationem

2267 2506 2527 2577 appellari
2547 2505 2773 2573 januatn
2807 2506 2872 2559 ad
2907 2506 3078 2575 ipsum
3098 2503 3342 2557 omnium
3373 2504 3619 2573 opiﬁcem
3640 2503 3802 2570 Deum,

2264 2599 2347 2653 vel
2396 2598 2579 2653 sedem
2629 2606 2685 2651 et
2732 2597 2913 2651 aulam
2963 2597 3115 2653 boni.
3155 2594 3291 2650 Tum
3328 2596 3545 2651 demum
3582 2611 3692 2665 cap.
3731 2610 3805 2649 sc-

2262 2691 2450 2759 quenti
2483 2689 2759 2744 concludit
2796 2689 3128 2759 Theurgiam
3172 2687 3360 2759 opiﬁci
3398 2688 3680 2743 universali
3704 2686 3805 2740 ani-

2264 2795 2406 2834 mam
2457 2782 2677 2849 sistere,
2717 2790 2768 2836 et
2812 2785 2954 2851 apud
3002 2796 3126 2837 eum
3164 2782 3459 2850 deponere,
3505 2782 3807 2850 liberamque

2261 2872 2328 2925 ab
2362 2871 2509 2926 omni
2556 2872 2781 2926 materia
2827 2887 2951 2926 cum
2992 2872 3113 2927 solo
3162 2881 3369 2926 aeterno
3418 2871 3597 2927 Verbo
3634 2884 3808 2927 conne-

2260 2973 2443 3019 ctere:
2469 2964 2568 3035 ipsi
2596 2964 2689 3019 Dei
2725 2964 2928 3019 Virtuti
2962 2979 2989 3017 a
3015 2979 3073 3019 se
3100 2964 3314 3034 genitae,
3348 2965 3587 3035 seipsam
3612 2979 3803 3019 moven-

2262 3052 2337 3117 ti,
2374 3052 2559 3106 omnia
2608 3053 2973 3116 snstentanti,
3016 3053 3400 3121 intellectuali,
3446 3056 3627 3109 omnia
3670 3068 3804 3108 exor-

2201 1833 2245 1888 Β

646 3144 774 3198 106.
809 3145 1067 3202 Mundam
1101 3151 1169 3206 ab
1201 3152 1447 3220 Angelis,
1472 3169 1611 3224 quos
1639 3158 1892 3226 produxit
1924 3159 2153 3225 Ennoia,

2264 3147 2442 3211 nanti,
2474 3146 2539 3200 ad
2568 3145 2857 3201 veritatem
2887 3145 3284 3216 intelligibilem
3325 3147 3628 3214 revocanti,
3654 3144 3807 3216 perle-

574 3236 855 3290 conditum
881 3240 1135 3295 similiter
1158 3251 1217 3297 ut
1249 3242 1436 3298 Simon
1466 3247 1718 3302 docebat.
1748 3249 2006 3306 Memoria
2051 3252 2158 3321 igi-

576 3334 666 3379 tur
704 3328 890 3395 lapsus
931 3331 1150 3387 videtur
1204 3334 1582 3391 Damascenus
1631 3341 1882 3394 scribens
1934 3342 2031 3396 lib.
2079 3342 2159 3397 De

574 3417 707 3471 harr.
743 3418 847 3472 hoc
875 3418 1094 3475 differre
1112 3423 1535 3483 Menandrianos
1558 3445 1588 3484 tt
1619 3428 1978 3497 Siutonianis,
2015 3438 2157 3504 quod

578 3508 631 3563 hi
666 3512 850 3564 mundi
892 3514 1227 3570 molitionem
1253 3519 1321 3571 ab
1355 3521 1563 3589 angelis
1584 3522 1784 3578 fectant
1811 3536 2145 3595 assererent,

578 3598 654 3653 illi
714 3612 1002 3671 negarent;
1043 3621 1167 3659 nam
1216 3609 1403 3663 eadem
1446 3621 1565 3665 erat
1603 3622 1961 3685 utrorumque
1988 3632 2053 3671 ea
2089 3619 2159 3673 de

578 3707 640 3747 re
668 3696 962 3750 sententia.
1001 3697 1284 3755 Neminem
1320 3719 1446 3759 vero
1475 3721 1541 3760 ex
1574 3708 1911 3778 Angelorum
1942 3710 2156 3765 illorum

578 3784 860 3839 dominatu
907 3789 1026 3841 erui
1071 3804 1233 3859 posse
1275 3797 1643 3851 contendebat
1688 3797 2010 3865 Menander,
2054 3802 2158 3856 nisi

578 3891 677 3944 per
708 3892 848 3943 eam,
883 3894 1043 3947 quam
1093 3882 1344 3951 docebat,
1396 3889 1668 3956 magicam
1714 3891 2024 3948 scientiam.
2056 3894 2158 3949 Sa-

578 3967 747 4023 lutem
785 3971 968 4040 itaque
1018 3975 1260 4030 hominis
1295 3981 1528 4033 positam
1571 3994 1696 4036 esse
1731 3982 1950 4038 volebat
1990 3983 2044 4038 in
2072 4000 2159 4040 re-

579 4063 892 4133 demptione
917 4068 983 4120 ab
1010 4068 1341 4137 Angelorum
1374 4073 1670 4139 servitute;
1702 4075 1945 4129 medium
1970 4088 2157 4133 autem

575 4154 771 4208 salutis
801 4156 853 4208 in
884 4159 1092 4227 magica
1127 4160 1379 4215 scientia.
1423 4163 1551 4229 Quae
1593 4169 1773 4219 omnia
1817 4166 2156 4235 Simoniaea,

576 4246 686 4300 imo
702 4256 755 4301 et
782 4248 1088 4306 Platonica.
1116 4252 1246 4318 Qua:
1274 4254 1418 4307 enim
1454 4257 1697 4311 haeretici
1726 4260 1949 4330 magica:
1977 4262 2159 4315 scien-

577 4339 663 4393 tia,
690 4340 1036 4395 ascribebant
1058 4359 1072 4407 ;
1096 4343 1288 4398 eadem
1308 4346 1638 4403 etPlatonici
1664 4353 1921 4422 μαντικῇ,
1943 4353 2155 4408 divina-

575 4431 710 4485 tioni
757 4442 811 4486 et
844 4432 1132 4506 Thenrgia:
1178 4452 1289 4491 sum
1326 4438 1657 4497 tribuebant.
1702 4441 1835 4497 Nam
1885 4444 2155 4515 duplicem

2260 3249 2361 3295 cla:
2406 3247 2456 3293 et
2497 3239 2825 3310 perﬁcienti,
2863 3237 3187 3307 caeterisqne
3227 3239 3321 3292 Dei
3351 3238 3650 3294 Virtutibus
3675 3236 3808 3307 opiﬁ-

2260 3334 2418 3388 cibus
2440 3334 2512 3386 ita
2549 3333 2887 3397 consociare,
2928 3341 2987 3385 ut
3016 3332 3069 3385 in
3098 3332 3416 3387 actionibus
3442 3348 3648 3395 earnm,
3674 3329 3807 3385 intel-

2262 3425 2614 3495 ligentiisque
2651 3424 2963 3480 eﬁicacibus
3007 3424 3189 3478 anima
3239 3424 3545 3496 Thenrgica
3595 3421 3804 3494 perfecto

2260 3515 2635 3571 conﬁrmetur.
2667 3516 2822 3569 l’lura
2848 3515 2954 3568 alia
2982 3512 3248 3583 ejusmodi
3291 3518 3437 3585 apud
3466 3515 3804 3570 .lamblicbutn

2260 3610 2444 3666 citatis
2470 3617 2604 3665 sect.
2645 3618 2967 3663 occurrunt.
3016 3608 3071 3662 In
3116 3609 3225 3673 his,
3252 3618 3404 3677 puto,
3446 3608 3693 3674 Simonis,
3718 3606 3807 3660 Me-

2260 3703 2453 3757 nandri
2498 3700 2993 3769 Gnosticornmque
3036 3701 3278 3753 omnium
3326 3701 3592 3757 doctrina
3636 3699 3807 3753 funda-

2262 3804 2444 3849 menta
2480 3792 2649 3848 lector
2694 3793 2943 3847 eruditus
2997 3792 3147 3846 nullo
3193 3793 3409 3860 negotio
3452 3789 3807 3862 deprehendit;

2260 3887 2395 3941 adeo
2445 3895 2504 3939 ut
2547 3900 2614 3939 ex
2650 3886 2878 3954 impuris
2916 3885 3068 3940 hisce
3120 3884 3371 3939 fontibus
3420 3886 3592 3954 palam
3637 3886 3807 3939 hausta

2260 3978 2545 4032 videantur
2593 3986 2703 4030 tum
2759 3975 2960 4045 γνῶσις
3008 3977 3147 4046 ipsa,
3202 3987 3314 4031 tum
3366 3992 3652 4047 operosum
3695 3975 3806 4029 illud

2261 4072 2403 4140 quod
2456 4071 2507 4123 itt
2556 4068 2837 4123 colendam
2894 4068 3128 4139 magiam
3177 4069 3416 4122 studium
3466 4069 3807 4130 conferebant,

2263 4173 2375 4216 tum
2407 4161 2639 4229 denique
2661 4161 2923 4231 quidquid
2954 4160 3171 4230 utrique
3203 4170 3310 4215 tam
3335 4162 3641 4230 procaciter
3660 4157 3809 4215 ascri-

2258 4253 2479 4309 bebant.

2333 4346 2461 4400 107.
2500 4344 2781 4411 Quodtlam
2818 4344 3071 4414 baptismi
3106 4357 3281 4414 genus
3323 4343 3441 4399 suis
3483 4337 3803 4413 impertieba-

2261 4446 2349 4491 tur
2380 4437 2692 4498 Menander,
2728 4451 2832 4505 quo
2863 4437 2957 4505 qni
2990 4435 3198 4503 dignati
3242 4444 3431 4489 essent
3478 4431 3807 4489 resurrectio-

571 4522 806 4590 magiam
841 4524 1272 4594 distinguebant,
1305 4529 1465 4582 aliam
1496 4546 1657 4600 quam
1693 4506 2023 4602 Tltettrgia'tn
2057 4552 2152 4589 νο-
2191 4506 2235 4561 D
2263 4545 2383 4584 nem
2410 4530 2864 4598 adipiscerentur,
2892 4526 3116 4596 jamque
3161 4527 3420 4594 deinceps
3454 4520 3807 4579 immortalita-

570 4614 793 4679 cabant,
838 4617 939 4671 hoc
972 4629 1078 4681 est,
1115 4631 1287 4674 artem
1322 4622 1503 4676 divina
1552 4626 1834 4694 operandi,
1870 4628 2065 4682 bonam
2096 4638 2151 4684 et

571 4705 920 4773 laudabilem,
954 4726 1060 4779 qua
1098 4710 1263 4765 certis
1295 4714 1621 4781 quibusdam
1670 4717 1861 4772 hostiis
1892 4726 1946 4773 et
1973 4721 2150 4775 sacri-

573 4796 734 4862 ﬁciis,
769 4802 1035 4856 munditia
1063 4806 1297 4873 quadam
1328 4807 1521 4861 anitnre
1544 4818 1599 4863 et
1621 4811 1888 4879 corporis,
1920 4811 2153 4883 aliisque

572 4889 745 4943 sacris
773 4896 1140 4961 caeremoniis,
1173 4896 1347 4952 bonos
1379 4907 1433 4952 et
1463 4896 1740 4956 beneﬁcos
1764 4901 2039 4959 daemones
2070 4907 2152 4959 in-

572 4982 869 5045 vocabant,
895 4998 1126 5051 quorum
1166 4986 1349 5043 alllatn
1381 4998 1435 5043 et
1459 4989 1684 5053 auxilio.
1714 5002 1767 5047 et
1795 4996 2007 5049 occulta
2035 5012 2151 5051 ma-

574 5070 928 5136 nifestabant,
958 5086 1013 5129 et
1050 5076 1231 5135 futura
1262 5084 1732 5150 praenuntiabant,
1764 5095 1817 5139 et
1852 5088 1989 5140 mira
2020 5089 2148 5143 ede-

572 5162 705 5217 bant
734 5180 895 5234 Opera
924 5185 936 5221 :
968 5169 1196 5224 alteram
1238 5172 1541 5241 Goeticam,
1590 5186 1645 5230 et
1676 5175 2145 5247 Necromantiam,

574 5265 749 5311 artem
784 5260 1035 5316 videlicet
1067 5268 1458 5337 prmstigiosam
1482 5279 1537 5325 et
1559 5269 1975 5342 fallacem,qua=:
2004 5288 2149 5329 mor-

574 5356 697 5402 tuos
724 5364 916 5405 evocat
942 5363 997 5407 et
1028 5357 1287 5422 consulit,
1327 5368 1382 5413 et
1410 5375 1598 5417 eorum
1644 5380 1708 5420 ac
1740 5364 2006 5419 malorum
2034 5365 2147 5420 tlte-

575 5458 794 5496 monum
832 5460 935 5512 ope
984 5460 1242 5515 responsa
1289 5452 1357 5505 de
1390 5454 1549 5510 rebus
1577 5457 1805 5512 occultis
1852 5467 1909 5512 et
1952 5457 2151 5512 futuris

574 5533 773 5587 reddit.
810 5534 878 5590 Ut
912 5538 1272 5606 posteriorem
1304 5543 1524 5610 probro,
1574 5549 1653 5602 sic
1685 5549 1922 5617 priorem
1952 5549 2150 5605 honori

576 5626 681 5681 sibi
716 5629 1021 5698 vertebant,
1061 5629 1421 5706 laudibusque
1457 5640 1525 5693 ad
1566 5640 1763 5696 etclam
1792 5641 2148 5708 extollebant,

2261 4632 2367 4678 tem
2395 4623 2675 4676 consecuti
2709 4628 3150 4689 perseverarent,
3185 4618 3315 4671 nulli
3345 4617 3501 4672 senio
3542 4624 3632 4669 aut
3664 4608 3807 4668 morti

2260 4716 2502 4770 obnoxii.
2548 4713 2681 4767 Tum
2720 4728 2845 4767 vero
2876 4712 3202 4781 baptismum
3240 4711 3295 4763 in
3322 4710 3543 4764 nomine
3573 4721 3668 4763 suo
3690 4718 3804 4760 con-

2258 4806 2501 4873 ferebat;
2526 4822 2636 4875 quo
2669 4804 2886 4874 quidem
2920 4802 3147 4857 insania:
3175 4800 3362 4856 Sitnon
3401 4799 3683 4856 devenisse
3714 4808 3805 4849 non

2258 4899 2492 4954 videtur.
2528 4897 2698 4965 Quem
2726 4913 2853 4952 vero
2902 4895 3330 4950 immortalitatis
3375 4892 3625 4949 ell‘ectum
3652 4888 3805 4955 bapti-

2260 4994 2421 5046 smati
2465 5007 2564 5047 suo
2598 4991 2940 5059 impudenter
2973 4990 3277 5053 asserebat,
3307 4986 3672 5041 Tertullianus
3692 4981 3732 5012 "
3760 4984 3803 5031 et

2258 5083 2528 5138 Eusebius
2554 5081 2601 5112 "
2625 5081 2692 5134 de
2735 5080 2978 5147 corporis
3002 5078 3413 5133 immortalitate
3442 5076 3603 5132 etiam
3642 5074 3693 5127 in
3721 5070 3807 5124 hac

2257 5176 2511 5245 prtesenti
2564 5172 2671 5225 vita
2723 5172 3023 5242 intelligere
3081 5172 3356 5225 videntur.
3408 5170 3598 5224 Mirum
3641 5172 3804 5220 autem

2259 5268 2530 5331 homines,
2561 5266 2892 5335 ceteroquin
2925 5274 3142 5330 acutos,
3174 5265 3253 5319 sic
3282 5264 3520 5318 animum
3552 5259 3807 5317 induxisse

2258 5377 2436 5416 suum.
2464 5359 2597 5413 Nam
2637 5367 2995 5428 praeterquam
3039 5358 3187 5428 quod
3221 5368 3377 5412 extra
3409 5357 3629 5410 dubium
3662 5362 3807 5406 omne

2256 5456 2493 5527 positum
2542 5454 2781 5518 videtur,
2833 5452 3111 5507 Menandri
3164 5462 3402 5507 mentem
3449 5445 3803 5521 explicandam

2254 5561 2375 5602 esse
2404 5560 2470 5600 ex
2498 5545 2851 5616 praeceptoris
2873 5544 3170 5611 sententia,
3209 5545 3299 5613 qni
3335 5558 3558 5613 corpora
3596 5538 3806 5595 docebat

2258 5641 2483 5696 interire
2517 5638 2756 5709 penitus,
2798 5651 2897 5691 nec
2945 5651 3256 5707 resurgere,
3285 5637 3455 5692 solam
3488 5644 3663 5691 autem
3705 5628 3805 5683 ani-

657 5813 699 5846 "
728 5814 791 5871 L.
823 5831 883 5871 tn
908 5816 1073 5887 llist.,
1105 5834 1156 5877 c.
1188 5819 1276 5875 9.6.
1355 5820 1399 5851 ”
1431 5819 1493 5878 Ι..
1528 5835 1568 5890 t,
1598 5836 1647 5879 c.
1680 5821 1714 5876 2
1753 5832 1805 5879 et
1836 5838 1988 5893 scqq.
2066 5822 2107 5855 ¹¹
2144 5819 2176 5876 Il

2263 5843 2285 5876 η.
2314 5838 2504 5897 smn.
2580 5824 2625 5856 ¹²
2664 5822 2737 5879 De
2766 5823 2894 5889 Att.,
2927 5838 2974 5879 c.
3011 5822 3099 5879 50.
3176 5822 3221 5856 ”
3252 5820 3313 5878 L.
3350 5837 3412 5880 ut
3460 5819 3691 5884 llist.,c.
3720 5810 3801 5867 26.
