3954 6352
200 367 304 422 199

903 360 1363 419 υιδςεῐιτλτιο
1399 363 1441 428 l,
1478 361 1645 419 ΛΒΤ.
1688 362 1766 418 lll

1871 363 1904 418 Ε
1946 361 2318 420 VALENTINI
2354 361 2748 420 MAGIS'l'illS.

3353 364 3455 420 150

194 506 327 546 mam
367 485 733 542 immortalem
781 498 904 541 esse
935 504 949 539 :
979 484 1272 555 perspicue
1325 484 1485 542 docet
1528 484 1767 542 lrenzeus
1796 489 1843 548 Λ
1874 486 1963 543 hic
1986 501 2114 542 vero
2143 486 2196 542 in
2228 484 2465 557 [Egypto
2499 484 2722 540 scholas
2749 497 3002 538 errorum
3034 481 3145 538 Deo
3184 489 3240 536 et
3265 481 3455 552 pietati

192 581 282 635 lib.
337 592 399 638 tt,
436 592 563 647 cap.
602 577 696 641 51,
728 592 787 632 n.
814 576 874 640 2,
901 576 1029 647 quid
1052 576 1301 633 Gnostici
1327 592 1520 632 omnes
1547 593 1645 647 per
1682 594 1771 634 re-

192 667 587 724 surrectionem
618 681 647 720 a
678 668 933 730 mortuis,
975 681 1142 736 quam
1186 666 1460 722 interdum
1506 669 1771 737 praedica-

190 762 325 819 bant.
360 759 767 828 intelligerent,
801 774 995 829 nempe
1039 759 1367 828 agnitionem
1414 759 1529 828 ejus
1558 777 1676 831 qua:
1707 764 1772 814 ab

188 858 248 907 cis
270 855 502 915 dicitur,
539 852 805 907 veritatis.
841 851 996 917 Quod
1048 851 1166 919 ipse
1193 850 1568 905 Tertullianus
1596 867 1681 922 ag.
1704 866 1773 907 o-

187 960 358 1011 scens,
389 944 559 1013 paulo
591 943 937 998 enucleatius
966 941 1202 1013 explicat
1244 942 1343 998 lib.
1378 942 1451 997 De
1490 954 1769 998 resurrect.

187 1055 349 1101 carm,
398 1052 534 1104 cap.
572 1036 667 1101 i9,
701 1036 791 1091 ubi
826 1036 1208 1092 Gnosticorum
1253 1035 1474 1092 fraudes
1524 1046 1773 1107 relegens

188 1132 411 1187 scribit:
442 1127 614 1182 Nacti
655 1129 874 1199 quidam
926 1129 1367 1183 solemnissimam
1417 1127 1615 1200 eloquii
1654 1147 1775 1197 pro-

186 1224 372 1292 phetici
401 1220 668 1291 formam,
696 1221 966 1290 allegorici
993 1231 1039 1275 et
1071 1222 1288 1290 ﬁgurati
1320 1221 1644 1291 plerumque,
1668 1238 1775 1276 non

189 1326 352 1369 tamen
410 1331 646 1384 semper,
699 1314 1136 1368 resurrectionem
1188 1332 1392 1385 quoque
1444 1324 1773 1369 mortuorum

188 1410 467 1478 manifeste
498 1408 903 1469 annuntiatam,
934 1407 989 1459 in
1017 1406 1391 1476 imaginariam
1418 1408 1773 1477 signiﬁcatio-

191 1522 296 1558 nem
333 1506 700 1574 distorquent,
754 1514 1111 1559 asseverantes
1142 1505 1307 1574 ipsam
1341 1508 1503 1560 etiam
1554 1518 1774 1561 mortem

191 1598 503 1667 spiritaliter
542 1596 966 1667 intelligendam.
1028 1594 1153 1650 Non
1206 1599 1346 1652 enim
1394 1601 1534 1653 hanc
1566 1616 1680 1654 esse
1720 1603 1775 1653 in

192 1708 320 1754 cera,
342 1707 466 1759 qua:
497 1691 567 1744 sit
601 1692 657 1743 in
687 1690 880 1755 medio,
911 1689 1198 1744 discidium
1220 1693 1457 1759 corporis
1480 1702 1528 1746 et
1558 1695 1771 1758 animm,

189 1786 272 1837 sed
296 1784 673 1853 ignorantiam
711 1784 826 1849 Dei,
873 1770 967 1852 per
1006 1801 1163 1855 quam
1195 1784 1348 1837 homo
1389 1795 1628 1837 mortuus
1658 1784 1773 1839 Deo

188 1889 285 1927 non
311 1874 497 1926 minus
530 1874 587 1926 in
616 1890 798 1928 errore
821 1873 1055 1943 jacuerit
1089 1891 1245 1944 quam
1276 1875 1330 1927 in
1362 1873 1624 1944 sepulcro.
1651 1874 1771 1929 Ita-

186 1983 280 2033 que
320 1976 373 2019 et
407 1969 860 2022 resurrectionem
908 1985 1025 2021 eam
1072 1967 1466 2030 vindicandam,
1506 1986 1606 2037 qua
1653 1970 1773 2038 quis

185 2060 329 2111 edita
363 2060 595 2112 veritate
626 2060 993 2115 redanimatus
1018 2070 1065 2113 et
1092 2061 1440 2129 revivi/icatus
1466 2061 1598 2127 Deo,
1628 2064 1773 2132 igno-

186 2153 378 2205 rantia:
419 2162 595 2205 morte
624 2153 894 2216 discussa,
928 2153 1063 2207 relut
1100 2153 1163 2206 de
1191 2152 1431 2221 sepulcro
1466 2155 1648 2207 ceteris
1680 2154 1774 2208 Ito-

186 2246 340 2298 αἰπὺ
373 2245 812 2312 eruperit:quia
858 2255 905 2297 et
952 2244 1209 2298 Dominus
1252 2243 1466 2298 Scribas
1500 2256 1547 2297 et
1586 2244 1774 2298 Phari-

181 2350 316 2387 διευς
356 2335 626 2401 sepulcris
664 2334 928 2389 dealbatis
972 2335 1349 2405 adcequarerit.
1397 2335 1607 2391 Exinde
1651 2353 1773 2405 ergo

184 2427 635 2480 resurrectionem
682 2428 787 2495 ﬁde
834 2436 1140 2481 consecutos
1189 2445 1309 2481 cum
1367 2426 1592 2481 Domino
1637 2444 1771 2494 esse,

182 2532 297 2568 cum
343 2532 464 2567 eum
495 2515 555 2569 in
599 2516 916 2585 baptismate
954 2516 1244 2572 induerint.
1293 2515 1410 2570 Hoc
1441 2518 1666 2580 denique
1694 2521 1774 2571 in-

178 2606 331 2673 genio
360 2608 525 2658 etiam
568 2607 624 2658 iu
654 2605 930 2669 colloquiis
964 2622 1099 2674 sirpe
1141 2616 1347 2659 nostros
1372 2606 1610 2675 decipere
1641 2623 1769 2659 cou-

180 2710 472 2751 suererunt
503 2711 522 2748 :
549 2699 705 2767 quasi
749 2708 796 2752 et
846 2698 947 2767 ipsi
998 2700 1427 2753 resurrectionem
1466 2699 1771 2752 admittant.

192 2780 301 2845 Va,
336 2786 615 2852 inquiunt,
640 2786 729 2853 qui
754 2803 857 2839 non
895 2788 947 2839 in
977 2788 1074 2839 hac
1108 2804 1269 2841 carne
1298 2804 1585 2842 resurrexe:
1600 2792 1679 2852 it;
1712 2805 1775 2841 ne

179 2876 361 2927 statim
421 2877 550 2929 illos
600 2879 947 2944 percutiant,
1001 2878 1046 2931 si
1103 2880 1536 2934 resurrectionem
1595 2882 1773 2935 statim

178 2968 492 3022 abnuerint.
521 2967 704 3023 Tacite
722 2981 896 3023 autem
914 2971 1199 3023 secundum
1226 2972 1601 3025 conscientiam
1621 2987 1774 3025 suam

174 3058 275 3111 hoc
316 3061 609 3113 sentiunt:
636 3077 733 3125 om,
768 3063 859 3131 qui
899 3079 1023 3129 non,
1062 3063 1188 3115 dum
1237 3063 1292 3115 in
1337 3063 1435 3117 hac
1487 3080 1645 3117 carne
1674 3073 1771 3129 est,

175 3152 483 3217 cognoverit
521 3168 721 3204 arcana
755 3154 1027 3219 hwretica,
1066 3153 1162 3207 hoc
1191 3164 1265 3207 est
1298 3156 1439 3208 enim
1472 3156 1612 3222 apud
1654 3156 1774 3209 illos

177 3241 527 3293 resurrectio.
562 3239 667 3293 Sed
696 3252 746 3294 et
773 3243 1007 3312 plerique
1030 3243 1095 3296 ab
1126 3259 1339 3297 excessu
1370 3244 1566 3297 anima:
1597 3260 1772 3296 resur-

177 3332 466 3384 rectionem
508 3332 863 3397 cindicantes,
899 3333 963 3386 de
994 3334 1232 3403 sepulcro
1264 3336 1429 3397 exire,
1473 3334 1536 3387 de
1578 3336 1770 3389 swculo

171 3423 857 3491 mdereinterpretantur,
873 3425 999 3494 quia
1010 3437 1054 3478 et
1076 3426 1328 3479 swculum
1352 3436 1680 3479 mortuorum
1702 3432 1771 3481 sit

173 3513 574 3575 habitaculum,
608 3513 663 3566 id
718 3523 792 3566 est
840 3516 1200 3583 ignorantium
1235 3514 1439 3578 Deum;
1490 3516 1568 3569 vel
1608 3517 1768 3571 etiant

173 3605 243 3656 de
274 3606 398 3673 ipso
419 3621 661 3673 corpore,
690 3606 817 3673 quia
847 3614 895 3659 et
926 3622 1117 3675 corpus
1156 3608 1265 3663 eice
1288 3609 1517 3673 sepulcri
1562 3610 1769 3662 conclu-

171 3713 287 3747 sam
326 3696 565 3749 animant
610 3697 665 3750 in
686 3699 965 3753 saecularis
988 3700 1103 3754 vitce
1125 3710 1289 3755 morte
1314 3702 1531 3755 detinet.
1558 3700 1767 3767 Quibus

174 3787 365 3855 palam
408 3788 488 3849 lit,
524 3803 670 3855 eam,
724 3804 891 3858 quam
936 3789 1235 3845 Menander
1284 3791 1488 3861 aliique
1538 3791 1763 3855 similes,

176 3880 647 3933 resurrectionem
673 3889 1010 3934 mortuorum
1041 3882 1374 3937 mendaciter
1396 3883 1764 3947 venditabant,

174 3972 419 4042 mystice
446 3984 501 4024 et
536 3972 830 4042 allegorice
874 3972 1285 4043 intelligendam
1320 3990 1469 4042 esse;
1520 3979 1764 4047 nihilque

170 4065 324 4116 aliud
363 4077 509 4129 esse,
538 4074 738 4133 praeter
765 4066 936 4133 ignoti
972 4066 1084 4133 Dei,
1117 4083 1560 4139 arcanorumque
1588 4072 1763 4127 haere-

174 4160 420 4211 ticorum
450 4156 726 4221 notitiam,
752 4173 856 4226 qua
881 4158 1132 4228 quisquis
1156 4160 1405 4214 lictitium
1437 4162 1590 4228 illud,
1618 4168 1760 4234 quod

172 4248 566 4314 conferebant,
605 4249 878 4316 baptisma
913 4260 1241 4305 consecutus
1282 4250 1470 4317 fuerit,
1507 4254 1760 4309 nefariis-

174 4358 281 4411 que
331 4354 527 4395 eorum
579 4341 859 4410 mysteriis
909 4341 1173 4408 initiatus,
1229 4344 1543 4412 ignorantice
1592 4356 1760 4401 morte

171 4440 447 4496 discussa,
482 4434 620 4488 velut
655 4435 721 4488 de
767 4434 1010 4503 sepulcro
1038 4434 1218 4487 veteris
1248 4434 1475 4489 hominis
1510 4440 1756 4506 erumpit.

1875 580 2299 651 repugnantium
2337 578 2594 634 instituit.
2626 576 2830 630 Ambos
2870 574 3113 630 Adriano
3145 574 3457 645 imperante

1872 674 2077 728 vixisse
2112 672 2281 726 tradit
2311 669 2784 731 Theodoretus";
2833 683 2933 723 nec
2978 680 3248 739 repugnat
3289 668 3460 723 Euse-

1874 766 2018 831 bius,
2048 766 2143 836 qui
2176 780 2364 820 eorum
2405 765 2655 819 meminit
2686 762 2915 817 Adriani
2953 772 3256 831 temporum
3286 762 3459 817 histo-

1876 856 2011 911 riam
2039 857 2391 912 cunscribens
2418 873 2431 911 :
2462 870 2770 926 quanquam
2805 865 2985 910 tamen
3018 853 3301 924 probabile
3328 869 3458 909 cen-

1876 958 1991 1005 seat
2039 948 2109 1002 cl.
2156 947 2561 1010 'l‘illemontius,
2591 946 2949 1001 Saturninum
2993 944 3106 1013 jam
3152 961 3181 998 a
3229 944 3455 1012 'l‘rajani

1878 1041 2234 1110 temporibus,
2277 1038 2438 1109 paulo
2477 1047 2603 1092 ante
2636 1037 2927 1092 Basilidem
2976 1036 3306 1105 cmpisse".
3344 1035 3454 1091 Sed

1876 1132 1941 1186 de
1972 1133 2054 1187 his
2088 1142 2295 1201 postea.
2330 1128 2423 1185 Ille
2468 1130 2660 1184 eadem
2714 1128 2827 1184 fere
2860 1144 2981 1181 cum
3028 1126 3326 1184 Menandro
3363 1126 3458 1183 de-

1876 1226 2167 1281 liramenta
2190 1225 2534 1293 loquebatur.
2564 1224 2737 1279 Unum
2765 1238 2885 1277 esse
2912 1238 3182 1276 summum
3212 1220 3456 1289 Patrem,

1877 1327 1931 1371 et
1965 1317 2341 1371 innascibilem
2378 1314 2667 1381 Virtutem,
2702 1318 2756 1373 id
2800 1323 2881 1369 est
2923 1313 3115 1376 Deum,
3146 1313 3198 1366 in
3230 1314 3459 1371 summis

1878 1408 1984 1462 illis
2012 1418 2066 1462 et
2098 1408 2324 1462 inﬁnitis
2355 1407 2627 1478 partibus,
2654 1414 2707 1459 et
2742 1410 2793 1459 in
2822 1402 3201 1473 superioribus
3234 1419 3459 1458 manen-

1878 1508 2008 1564 tem,
2053 1516 2117 1556 ac
2161 1516 2387 1569 prorsus
2421 1500 2665 1569 ignotum
2718 1500 3072 1567 praedicabat,
3111 1502 3201 1571 qui
3237 1501 3395 1569 longe
3426 1512 3457 1552 τι

1876 1607 1937 1648 se
1980 1592 2244 1646 distantes
2290 1590 2565 1657 Virtutes,
2615 1590 2982 1660 Principatus,
3040 1593 3352 1648 Potestatcs
3403 1599 3461 1646 et

1876 1682 2115 1754 Angelos
2142 1683 2429 1737 creaverit.
2461 1682 2571 1736 Illis
2595 1682 2851 1737 omnibus
2883 1698 2910 1736 a
2944 1686 3111 1740 Patre
3148 1686 3460 1740 desciscen-

1882 1776 2047 1842 tibus,
2094 1786 2299 1846 septem
2334 1792 2399 1829 (ιχ
2434 1776 2499 1830 iis
2548 1776 2806 1829 mundum
2839 1776 3223 1839 condiderunt,
3269 1786 3462 1844 preter

1877 1868 2257 1921 conscientiam
2305 1867 2403 1920 Dei
2446 1864 2699 1931 Patris",
2749 1867 2975 1938 ejusque
3026 1883 3177 1921 suam
3228 1867 3463 1937 quisque

1876 1969 2092 2028 partem
2123 1960 2299 2014 sortiti
2330 1970 2477 2015 sunt.
2511 1958 2690 2015 Unum
2734 1975 2800 2013 ex
2835 1961 2899 2014 iis
2930 1960 3112 2014 mundi
3156 1959 3463 2015 conditori-

1876 2055 1978 2111 bus
2000 2052 2224 2120 Angelis
2260 2050 2431 2104 fuisse
2461 2050 2771 2108 Iudaeorum
2808 2055 2979 2108 Deum
3024 2052 3259 2108 dicebat.
3302 2049 3462 2105 Sata-

1876 2160 2000 2199 nam
2055 2142 2230 2211 ipsum
2288 2140 2540 2208 angelum
2600 2157 2742 2208 esse,
2797 2151 3195 2213 repugnantem
3251 2142 3461 2212 angelis

1877 2230 2064 2285 tnundi
2093 2226 2540 2293 fabricaturibus,
2559 2232 2798 2285 maxime
2824 2248 2953 2286 vero
2982 2231 3294 2286 Judzeorum
3316 2232 3456 2296 Deo;

1877 2323 1966 2393 qui
1996 2322 2225 2393 perinde
2261 2331 2424 2392 atque
2456 2323 2543 2376 hic
2582 2332 2750 2391 atque
2798 2321 2875 2376 illi
2921 2324 3332 2392 prephctiarum
3364 2339 3463 2378 au-

1876 2424 1994 2470 ctor
2043 2415 2230 2469 fuerit.
2272 2413 2466 2469 Omnia
2515 2415 2629 2467 lucc
2686 2412 3003 2467 Simoniana
3053 2424 3107 2467 et
3154 2414 3460 2481 Gnostica,

1876 2508 2071 2575 partim
2104 2522 2169 2561 ex
2210 2504 2615 2559 Platonicorum
2649 2504 2885 2567 lacunis,
2928 2506 3123 2572 partim
3161 2521 3225 2559 ex
3270 2522 3464 2561 eorru-

1875 2597 1982 2668 ptis
2006 2614 2069 2653 ac
2103 2597 2416 2667 depravatis
2448 2596 2860 2665 Scripturarum
2895 2598 3133 2652 oraculis
3159 2598 3375 2664 hausta,
3402 2606 3463 2653 ut

1875 2706 1941 2747 ex
1970 2691 2229 2745 hactenus
2256 2690 2423 2743 dictis
2452 2696 2687 2742 constat.

1948 2784 2074 2839 109.
2110 2782 2360 2838 Hominis
2392 2782 2557 2837 etiam
2598 2781 2871 2850 originem
2904 2780 3238 2837 Saturninus
3276 2780 3456 2837 ascri-

1874 2870 2037 2925 bebat
2077 2870 2321 2940 Angelis.
2355 2868 2667 2925 Creationis
2700 2883 2833 2923 vero
2887 2871 3001 2924 ham
3044 2870 3269 2925 occasio
3318 2868 3445 2925 fuit.

1876 2960 2009 3016 Cum
2034 2961 2268 3029 desuper
2297 2975 2326 3013 a
2356 2976 2567 3015 summa
2593 2960 2873 3017 Potestate
2904 2962 3081 3016 lucida
3111 2961 3290 3035 imago
3320 2963 3462 3018 emi-

1876 3052 2102 3113 cuisset,
2136 3051 2376 3105 ctelestis
2403 3052 2549 3107 illius
2573 3052 2710 3107 lucis
2734 3068 2919 3108 amore
2944 3053 3112 3123 capti,
3132 3068 3460 3124 summaque

1876 3146 2170 3215 cupiditate
2195 3160 2259 3201 ac
2280 3146 2556 3215 voluptate
2582 3146 2812 3215 perfusi,
2838 3148 2981 3201 hanc
3003 3147 3145 3212 apud
3180 3160 3239 3201 se
3270 3156 3458 3202 tenere

1874 3238 2082 3293 viribus
2098 3239 2351 3293 omnibus
2374 3239 2812 3301 contenderunt;
2851 3253 2955 3292 non
2977 3238 3283 3293 valentibus
3305 3252 3454 3302 vero,

1872 3346 1937 3387 eo
1969 3331 2112 3401 quod
2168 3340 2392 3400 repente
2441 3346 2659 3386 sursum
2712 3329 2986 3397 evolarit,
3042 3339 3095 3385 et
3147 3346 3213 3384 ex
3267 3347 3455 3385 eorum

1872 3423 2043 3478 oculis
2072 3424 2383 3488 evanuerit,
2424 3421 2477 3476 id
2528 3422 2580 3475 in
2625 3422 2841 3475 animos
2872 3421 3092 3487 incidit,
3124 3430 3181 3474 ut
3209 3420 3458 3475 evanidos

1871 3514 2123 3585 imaginis
2148 3514 2421 3584 jacturam
2470 3513 2805 3569 resarciendi
2858 3512 3156 3575 desiderio,
3204 3511 3451 3591 aliquam

1870 3607 1987 3674 ejus
2018 3606 2427 3660 similitudinem
2460 3606 2857 3673 exprimerent,
2904 3603 3319 3671 hominemque,
3360 3603 3455 3671 qui

1867 3714 1989 3753 eam
2039 3698 2292 3761 referret,
2344 3698 2664 3753 conderent.
2710 3695 2894 3763 Quare
2954 3695 3344 3751 convenientes
3396 3694 3450 3747 in

1870 3808 2061 3856 unum,
2092 3791 2367 3845 communi
2400 3789 2627 3845 consilio
2651 3787 2814 3860 [LIX]
2842 3788 3135 3841 dixerunt:
3162 3783 3451 3839 Faciamus

1866 3885 2123 3939 hominem
2152 3885 2222 3937 ad
2264 3884 2543 3953 imaginem
2580 3890 2628 3936 et
2672 3880 3099 3934 similitudinem.
3129 3878 3238 3938 Sic,
3275 3877 3454 3947 inquit

1866 3975 2227 4046 Epiphanius,
2263 3974 2530 4042 imposlor
2580 3973 2932 4043 particulam,
2983 3982 3241 4036 nostram,
3280 3986 3445 4040 quam

1866 4070 1918 4123 in
1947 4069 2143 4124 Genesi
2168 4069 2212 4099 ’θ
2230 4068 2373 4121 Deus
2404 4076 2653 4135 usurpat,
2685 4066 2806 4120 ideo
2842 4062 3167 4127 deeurtavit,
3195 4072 3251 4115 ut
3273 4063 3450 4117 errori

1864 4159 2023 4214 iidem
2067 4166 2372 4223 astrueret;
2430 4158 2584 4225 quasi
2636 4154 2725 4208 alii
2779 4154 2891 4207 sint
2948 4153 3133 4220 operis
3170 4152 3443 4217 artifices,

1863 4254 2044 4322 imago
2073 4266 2199 4306 vero
2224 4251 2340 4318 ipsa
2370 4248 2436 4303 ad
2468 4248 2634 4301 alium
2671 4245 2967 4300 referatur.
2998 4243 3190 4298 Editus
3218 4254 3302 4298 est
3341 4245 3445 4312 igi-

1864 4354 1949 4398 tur
1981 4345 2033 4397 in
2073 4342 2244 4396 lucem
2291 4341 2476 4403 homo,
2523 4339 2617 4393 sed
2650 4354 2761 4408 prae
2795 4336 3123 4406 Angelorum
3158 4336 3446 4390 imbecilli-

1864 4446 1975 4491 tate
2001 4436 2289 4490 admodum
2317 4432 2691 4501 imperfectus.
2724 4428 2951 4484 iacebat
2981 4443 3215 4496 namque
3246 4427 3298 4480 in
3328 4426 3446 4481 solo

176 4528 540 4580 Menandrum
567 4528 865 4597 proindein
889 4526 975 4580 bis
997 4542 1062 4579 ne
1089 4526 1257 4579 latum
1289 4528 1502 4594 quidem
1524 4545 1757 4599 unguem
1793 4548 1836 4602 ο
1867 4527 2130 4597 reptantis
2157 4526 2327 4579 instar
2355 4522 2660 4589 vermiculi,
2693 4536 2870 4591 neque
2916 4522 3127 4592 erigere
3151 4536 3237 4585 sc,
3270 4535 3445 4587 neque

174 4635 201 4671 a
234 4620 488 4674 Simonis
532 4619 882 4687 aliorumque
916 4618 1306 4674 Gnosticorum
1357 4621 1625 4675 sententia
1671 4638 1758 4677 re-

174 4714 429 4775 cessisse,
466 4711 569 4766 nisi
619 4713 766 4780 quod
800 4710 1106 4782 amigmatis
1150 4714 1437 4770 involverit
1488 4716 1634 4785 quod
1677 4716 1751 4769 illi

173 4804 391 4873 planius
422 4802 746 4860 eﬂ’erebant.

697 4892 783 4947 111.
818 4892 895 4946 De
929 4889 1237 4949 Saturnino.

242 4991 371 5047 108.
395 4991 672 5046 Venenata
707 4990 951 5057 quaedam
986 4988 1153 5042 bestia
1187 4986 1445 5057 bilinguis
1469 4996 1521 5039 et
1545 4987 1747 5056 biceps,

171 5086 245 5139 ait
283 5082 561 5138 Eusebius
582 5084 650 5146 ",
674 5096 707 5133 e
745 5079 1041 5136 Menandro
1066 5092 1206 5145 orta,
1244 5080 1379 5135 duos
1408 5080 1635 5133 duarum
1665 5095 1751 5133 se-

169 5188 385 5232 ctarum
426 5177 571 5228 inter
615 5188 676 5227 se
720 5173 1143 5241 discrepantium
1189 5184 1442 5228 auctores
1482 5184 1538 5225 et
1580 5173 1748 5226 duces

169 5270 361 5331 edidit,
414 5266 808 5332 Saturninum,
861 5265 947 5318 vel
1005 5264 1345 5320 Saturnilum
1416 5265 1746 5334 (utrumque

166 5364 307 5413 enim
347 5359 662 5429 promiscue
694 5357 947 5411 scribunt
978 5357 1528 5428 auctores"),genere
1554 5356 1745 5411 Antioo

167 5455 423 5514 ebenum,
463 5460 519 5505 et
566 5450 855 5504 Basilidcin
897 5449 1350 5513 Alexandrinum,
1398 5448 1585 5502 ambos
1633 5447 1745 5502 Me-

168 5546 360 5601 nandri
386 5546 793 5613 discipulos.ae
814 5557 1062 5607 eoatvos;
1094 5556 1326 5609 quorum
1358 5540 1447 5596 ille
1476 5541 1530 5595 in
1560 5540 1741 5610 Syria,

233 5760 277 5790 ’δ
310 5757 374 5811 L.
429 5772 484 5810 tv
518 5755 685 5819 llist.,
716 5769 768 5811 c.
804 5753 857 5806 7.

172 5828 236 5884 De
276 5843 477 5899 purse.
520 5845 572 5883 c.
605 5826 696 5882 46.
799 5823 846 5856 ’⁸
878 5822 1042 5893 Aug.,
1090 5820 1231 5875 limr.
1265 5834 1347 5873 nt.

953 5750 999 5781 "
1029 5747 1194 5812 lren.,
1244 5748 1335 5803 lib.
1372 5764 1407 5803 ι.
1454 5763 1504 5802 c.
1542 5747 1641 5811 εκ
1680 5745 1901 5816 Epiph.,
1939 5747 2056 5807 liter
2112 5761 2306 5805 sunt.
2382 5748 2448 5823 f'
2478 5748 2598 5805 Lib.
2644 5767 2679 5817 ι,
2714 5764 2766 5806 c.
2793 5747 2827 5802 2
2856 5758 2906 5803 c:
2952 5746 3007 5805 3.

953 5836 1042 5873 ιε..
1090 5820 1347 5873 licet-.1“.
1448 5818 1491 5851 ²²
1530 5819 1666 5873 Gen.
1710 5818 1846 5873 t.‘:’.li.

1863 4620 2010 4674 aliud
2038 4618 2329 4688 quidquam
2354 4630 2517 4684 agere
2547 4614 2757 4677 valens,
2791 4616 2965 4669 donec
2992 4615 3040 4668 ei
3074 4613 3296 4667 miserta
3318 4612 3445 4666 Vir-

1863 4723 1949 4768 tus
1971 4725 2247 4781 suprema,
2275 4708 2346 4764 ob
2375 4707 2668 4777 imaginem
2699 4721 2851 4760 suam
2882 4714 3045 4776 atque
3072 4703 3322 4774 elligicm,
3352 4704 3441 4758 sui

1861 4804 2153 4861 scintillam
2197 4800 2446 4861 immisit.
2496 4815 2603 4870 qua
2650 4808 2706 4852 et
2760 4796 2910 4849 illum
2942 4797 3138 4863 erexit,
3169 4805 3225 4852 et.
3267 4796 3440 4849 vitam

1863 4896 2181 4965 impertivit.
2216 4893 2348 4947 Eam
2386 4908 2516 4948 vero
2544 4890 2839 4945 scintillam
2868 4899 3028 4943 vocat
3060 4889 3296 4943 anitnam
3333 4890 3437 4944 hu-

1861 5002 2101 5048 manam,
2135 4999 2318 5053 quant,
2355 4991 2543 5051 utpote
2583 4980 2823 5034 decisam
2874 4980 2941 5034 al)
2970 4980 3207 5035 essentia
3251 4981 3436 5034 divina

1859 5076 2203 5146 particulam,
2229 5074 2499 5129 dissoluto
2523 5070 2743 5126 animali
2772 5073 2982 5126 servari
3013 5073 3109 5136 ait,
3138 5081 3193 5127 et
3215 5074 3435 5127 evolare

1856 5184 2073 5225 sursum
2108 5167 2173 5221 ad
2202 5182 2263 5217 ea
2293 5180 2413 5233 qua:
2441 5173 2571 5219 sunt
2603 5163 2849 5232 ejusdem
2883 5165 3134 5231 generis;
3170 5175 3432 5235 pereunte

1855 5262 2062 5330 reliquo
2090 5259 2330 5318 homine,
2361 5256 2600 5311 resoluto
2645 5260 2697 5309 in
2745 5271 2843 5310 sua
2878 5256 3165 5326 principia.
3201 5256 3314 5308 Non
3349 5265 3431 5309 ta-

1855 5370 1978 5408 men
2005 5347 2253 5407 homines
2281 5363 2473 5403 omnes
2520 5349 2572 5402 in
2622 5348 2875 5402 SClltlliitlB
2914 5349 3054 5401 illius
3082 5358 3287 5417 partem
3337 5363 3431 5399 vo-

1852 5446 2013 5501 cabat
2064 5440 2413 5502 Saturninus,
2457 5439 2549 5493 sed
2601 5452 2694 5493 eos
2749 5438 2917 5502 solos,
2972 5438 3063 5507 qui
3112 5448 3273 5492 sectae
3319 5452 3430 5489 sum

1852 5550 2047 5592 nomen
2080 5533 2374 5589 dedissent.
2408 5531 2554 5588 Duos
2603 5531 2803 5603 quippe
2857 5530 3106 5586 homines
3155 5529 3427 5597 principio

3108 5745 3150 5775 ’⁷
3188 5740 3418 5802 TertulL
