3954 6352
580 380 675 434 151
1393 376 1983 435 DISSERTATIONES
2024 375 2141 429 PR1

2223 372 2328 429 ἸᾸΞ
2370 374 2438 429 lN
2474 375 2735 431 ΙΒΕΝᾹΞΙ
2769 374 3036 433 LIBROS.
3699 383 3784 439 152

579 496 756 553 factos
788 497 1089 560 asserebat,
1135 497 1338 554 bonum
1390 514 1581 561 unum,
1632 496 1884 552 scintillae
1924 495 2149 564 partici-
2181 496 2227 552 A
2256 495 2347 563 qui
2378 495 2503 548 vita:
2530 496 2822 549 scintillam
2863 493 3245 563 accepissent',
3294 494 3522 552 salutem
3575 498 3783 567 afferret,

576 604 723 661 pem,
750 589 985 644 alterum
1022 589 1251 654 malum,
1275 590 1520 658 ejusdem
1554 598 1866 659 expertem;
1900 602 1929 640 a
1957 585 2156 655 quibus
2257 586 2430 641 malos
2454 603 2584 642 vero
2620 604 2741 643 cum
2775 588 3151 654 daemonibus,
3185 586 3276 658 qui
3310 588 3440 658 ipsis
3482 590 3784 659 opitulaban-

578 683 773 752 duplex
801 684 929 738 item
954 684 1231 738 hominum
1257 699 1448 753 genus,
1475 692 1666 737 natura
1692 682 1903 736 scilicet
1928 682 2150 741 bonum.
2258 689 2367 744 tur,
2400 679 2737 750 profligaret.
2781 679 2897 735 Hoc
2944 679 3121 749 ipsum
3154 688 3273 733 erat
3301 680 3440 749 quod
3471 681 3588 736 aliis
3629 685 3789 739 verbis

574 791 639 830 ac
669 784 860 829 natura
891 776 1093 830 malum
1119 777 1172 831 in
1205 778 1410 831 mundo
1435 776 1863 847 proseminatum
1894 790 2015 831 esse
2035 774 2151 845 pri-
2253 774 2597 843 exprimebat
2625 774 2838 838 Simon,
2870 774 3086 828 venisse
3117 771 3399 828 Christum
3434 786 3490 827 ut
3512 774 3739 829 homines
3762 792 3785 829 a

576 882 698 923 nuis
729 870 1013 924 hominum
1040 868 1214 924 ﬁnxit,
2256 863 2414 933 legis,
2438 879 2600 934 quam
2627 864 2826 920 tulerat
2852 863 3161 919 Judteorum
3204 864 3343 919 Deus
3363 904 3380 930 ,
3426 864 3645 919 vinculis
3692 870 3788 921 exi.

648 962 769 1017 HO.
808 961 1083 1017 Platonica
1139 964 1253 1017 haec
1278 961 1461 1016 omnia
1502 967 1648 1025 sunt,
1681 962 1776 1015 sed
1803 959 1951 1015 varie
1981 958 2152 1014 inter-
2251 962 2449 1017 meret,
2481 954 2721 1024 solisque
2749 954 3093 1008 credentium
3119 968 3214 1009 seu
3248 954 3565 1024 spiritalium
3596 956 3782 1011 anima-

573 1054 775 1121 polata,
810 1054 1078 1123 novisque
1104 1053 1306 1108 fabulis
1328 1061 1510 1107 aucta.
1533 1052 1686 1119 Quod
1717 1052 1807 1106 hic
1836 1051 2059 1120 tingitur
2083 1051 2151 1105 de
2250 1046 2352 1100 bus
2382 1045 2613 1101 salutem
2648 1046 3044 1115 impertiretur.
3072 1045 3416 1101 Servatorem
3445 1056 3619 1101 autem
3648 1049 3784 1103 modo

575 1148 806 1217 imagine
835 1148 1067 1217 desuper
1110 1148 1403 1213 emicante,
1439 1146 1505 1202 ad
1530 1146 1687 1216 cujus
1729 1145 2145 1200 similitudinem
2221 1154 2281 1213 .a
2321 1153 2574 1207 supremo
2598 1137 2765 1192 ‘l’atre
2797 1138 3060 1207 genitum,
3087 1137 3248 1192 modo
3286 1137 3577 1209 ingenitum
3603 1140 3788 1194 dicebat

573 1240 823 1293 conditus
850 1239 1033 1305 homo,
1064 1253 1260 1308 purum
1292 1246 1592 1308 putumque
1616 1236 2024 1291 Platonicorum
2053 1237 2150 1293 do-
2251 1228 2588 1285 Saturninus
2643 1248 2657 1283 τ
2705 1229 3006 1300 ingenitum
3066 1230 3313 1299 quidem.
3360 1230 3402 1283 si
3454 1231 3787 1299 generationis

571 1346 693 1397 gma
727 1340 811 1383 est
842 1331 906 1385 de
958 1346 1140 1385 rerum
1189 1331 1434 1385 omnium
1479 1330 1617 1384 ideis
1649 1345 1714 1384 ac
1760 1329 1956 1385 formis
1992 1346 2021 1385 a
2058 1347 2149 1386 su-
2249 1326 2473 1396 proprie
2503 1326 2661 1381 dicte
2690 1325 2956 1380 habeatur
2980 1325 3146 1390 ratio,
3177 1324 3331 1393 cujus
3361 1324 3623 1379 terminus
3647 1325 3787 1380 fuerit

568 1436 756 1489 premo
783 1437 961 1475 rerum
982 1422 1223 1476 omnium
1245 1430 1468 1492 parente
1491 1421 1684 1476 eﬂictis
1714 1438 1727 1474 :
1756 1436 1894 1491 quas
1921 1422 2129 1491 quiderm

2247 1427 2479 1482 persona
2508 1428 2536 1466 a
2572 1412 2844 1483 principio
2875 1427 2977 1467 suo
3008 1413 3289 1479 distincta;
3318 1414 3555 1483 genitum
3592 1429 3725 1481 vero,
3750 1416 3784 1469 si

569 1513 622 1566 in
670 1513 1001 1581 Angelorum
1033 1554 1048 1578 ,
1094 1515 1295 1584 quibus
1346 1514 1569 1568 creandi
1614 1522 1671 1568 et
1722 1514 2142 1567 administrandi
2247 1505 2529 1573 generatio
2576 1519 2675 1573 pro
2712 1503 2950 1573 simplici
2992 1504 3381 1573 productione,
3425 1507 3785 1577 qualiscunque

566 1606 749 1659 mundi
780 1606 1113 1675 provinciam
1143 1606 1533 1670 demandavit,
1586 1614 1770 1661 mente
1806 1604 2140 1670 recondidit,
2247 1596 2339 1662 Sil,
2387 1595 2555 1650 latius
2612 1596 2940 1665 accipiatur.
2976 1595 3129 1651 Unde
3174 1608 3328 1667 patet
3376 1598 3499 1653 huic
3524 1640 3539 1665 ,
3579 1599 3705 1653 sicut
3741 1611 3784 1652 et

566 1712 624 1750 ut
650 1698 891 1752 coelestia
926 1699 1220 1768 archetypa
1246 1714 1355 1767 prae
1394 1699 1566 1754 oculis
1614 1698 1921 1764 habentes,
1964 1713 2027 1753 ea
2087 1699 2127 1753 ir

2246 1686 2501 1752 Simoni,
2565 1688 2802 1757 aliisque
2868 1687 3055 1744 multis
3089 1689 3409 1755 Gnosticis,
3473 1688 3781 1744 Servatorem

567 1788 901 1844 fabricandis
942 1791 1107 1843 rebus
1153 1790 1524 1844 imitarentur.
1580 1792 1902 1845 Communis
1951 1789 2128 1843 itidetr

2248 1779 2415 1835 fuisse
2478 1795 2684 1834 meram
2732 1779 3035 1835 divinitatis
3094 1780 3421 1851 ἐνέργειαν,
3484 1780 3782 1833 functioneut

565 1878 971 1935 Platonicorum
995 1880 1238 1935 omnium
1262 1880 1554 1947 sententia,
1579 1880 1917 1950 superiorem
1949 1881 2144 1933 animat
2176 1872 2215 1886 ν
2250 1874 2651 1940 temporariam,
2682 1881 2737 1927 et
2767 1872 3002 1938 radium,
3037 1887 3145 1926 non
3184 1888 3473 1942 personam
3508 1873 3785 1927 subsisten-

565 1982 802 2041 partem,
834 1971 1190 2043 ejusdemque
1224 1971 1369 2025 velut
1400 1972 1649 2041 apicem,
1694 1987 1859 2041 quam
1906 1982 2141 2028 mentem
2246 1978 2375 2035 tem,
2420 1978 2477 2023 et
2527 1984 2555 2022 a
2600 1968 2765 2025 Patre
2806 1969 3148 2025 distinctam.
3212 1970 3348 2025 Eum
3398 1985 3525 2025 vero
3570 1972 3785 2039 corporis

563 2065 994 2130 vocabant,esse
1016 2064 1430 2118 velutessentize
1452 2063 1649 2115 divina:
1663 2063 2009 2130 particulam,
2033 2064 2142 2118 ἀπὸ
2245 2062 2474 2129 (terreni
2508 2061 2761 2116 videlicet
2791 2070 2844 2116 et
2872 2060 3199 2129 materialis)
3238 2070 3517 2130 expertem
3538 2101 3551 2123 ,
3598 2070 3650 2113 et
3683 2061 3784 2114 sine

561 2155 654 2209 τοῦ
684 2154 900 2227 πρώτου
925 2154 1134 2227 νοητοῦ,
1165 2172 1197 2207 a
1228 2156 1398 2223 primo
1429 2154 1777 2222 intelligibili,
1810 2163 1870 2207 ut
1897 2155 2144 2225 loquitur
2243 2151 2436 2222 figura,
2486 2151 2725 2206 hominis
2759 2160 2939 2207 tamen
2987 2151 3343 2205 simulacrum
3376 2162 3538 2219 atque
3583 2149 3783 2218 elligiem

560 2247 914 2313 Jamblichus,
943 2248 1208 2313 decisam,
1233 2262 1354 2315 quae
1380 2246 1584 2299 homini
1610 2246 1851 2314 desuper
1876 2248 2139 2316 inspirata
2242 2245 2497 2299 sensibus
2532 2244 2805 2312 objecisse
2831 2288 2844 2309 ,
2890 2244 3183 2311 omniaque
3228 2246 3297 2297 ab
3327 2259 3393 2298 eo
3439 2244 3612 2313 specie
3654 2252 3784 2295 tenus

562 2342 828 2396 rationem
861 2340 1195 2409 impertitur,
1224 2353 1463 2405 eumque
1493 2352 1520 2389 a
1548 2338 1827 2391 communi
1855 2340 2140 2394 brutorum
2242 2335 2519 2405 perfecta;
2557 2334 2862 2403 cujusmodi
2904 2336 3006 2390 fttit
3034 2337 3182 2391 nasci
3204 2376 3220 2399 ,
3266 2336 3575 2397 ambulare,
3614 2333 3783 2397 videri,

560 2432 919 2488 animantium
968 2439 1118 2484 sorte
1165 2429 1395 2495 eximit;
1446 2427 1627 2482 fabula
1675 2430 1741 2482 de
1780 2431 2018 2485 scintilla
2055 2446 2141 2486 re-
2242 2429 2375 2498 pati.
2402 2427 2522 2482 Uno
2544 2431 2709 2484 verbo
2732 2432 3055 2499 phantasma
3080 2431 3267 2494 fuisse,
3296 2431 3441 2500 quod
3466 2429 3637 2483 divina
3658 2430 3785 2497 ὲνερ⁴

558 2524 734 2595 ptanti
767 2521 974 2577 homini
1006 2520 1132 2575 etin
1164 2519 1282 2575 solo
1308 2518 1534 2589 jacenti,
1570 2534 1599 2573 a
1633 2535 1869 2590 superna
1896 2522 2138 2589 Virtute;
2241 2520 2365 2591 γεῑᾳ
2393 2529 2620 2584 motum,
2654 2522 2903 2575 sensibus
2939 2522 3192 2576 humanis
3224 2521 3409 2575 fucum
3439 2520 3654 2575 faceret.
3682 2518 3781 2573 Jam

557 2630 664 2685 qua
692 2613 994 2682 erigeretur
1016 2621 1071 2666 et
1100 2618 1288 2681 ageret
1315 2625 1435 2677 qua:
1453 2612 1850 2674 sunthominis,
1873 2614 2136 2679 immissa,
2240 2628 2440 2668 uxores
2475 2613 2699 2678 ducere,
2734 2613 3044 2684 liberosque
3084 2616 3308 2684 gignere
3344 2630 3373 2667 a
3423 2613 3615 2666 Satana
3662 2625 3781 2674 esse,

558 2705 971 2761 fundamentum
1003 2700 1258 2772 praebuit.
1291 2700 1359 2757 Ut
1400 2702 1634 2756 scintilla
1665 2745 1678 2767 ,
1717 2703 1980 2758 dissoluto
2016 2705 2135 2757 ani-
2239 2705 2446 2769 primus
2478 2702 2719 2755 omnium
2751 2702 3051 2757 circulator
3078 2705 3218 2757 idem
3250 2705 3654 2773 pronuntiavit:
3692 2717 3781 2754 non

555 2794 709 2859 mali,
735 2795 801 2850 ad
822 2794 1151 2864 principium
1176 2809 1356 2858 suum,
1380 2810 1449 2848 ex
1478 2792 1796 2857 Saturnino,
1827 2794 2132 2861 revolabat;
2240 2794 2383 2863 quod
2418 2795 2725 2849 castitatem
2758 2796 2982 2855 coleret;
3019 2797 3111 2851 sed
3144 2807 3198 2850 ut
3231 2797 3443 2851 solutus
3479 2793 3781 2849 matrimonii

555 2888 639 2944 sic
666 2897 723 2943 et
752 2902 908 2942 mens
935 2897 1059 2957 post
1090 2895 1343 2951 mortem,
1384 2899 1449 2939 ex
1478 2884 1801 2951 Platonicis,
1850 2887 1916 2939 ad
1962 2886 2133 2940 Deum
2239 2887 2467 2953 legibus,
2511 2889 2850 2957 turpissimis
2889 2889 3199 2956 quibusque
3253 2888 3617 2956 voluptatilms
3643 2884 3781 2939 effre-

554 2981 675 3052 ejus
721 2988 1005 3035 auctorem
1058 2976 1462 3031 revertebatur.
1527 2976 1802 3031 llactenus
1868 2978 2137 3046 quadrant
2239 2978 2420 3031 natius
2464 2978 2792 3049 indulgeret.
2837 2977 2987 3033 Multi
3019 2980 3182 3031 etiam
3227 2992 3293 3031 ex
3342 2974 3475 3048 ejus'
3505 2974 3779 3045 discipulis,

554 3069 841 3126 sententia:
869 3085 885 3133 ;
918 3068 1229 3136 discrepant
1261 3080 1391 3119 vero
1425 3065 1477 3118 in
1508 3065 1873 3134 explicatione
1925 3066 2136 3120 scintil-
2236 3066 2603 3137 Pythagoreos
2633 3069 2845 3135 imitati,
2880 3070 3135 3123 animatis
3160 3070 3420 3124 omnibus
3444 3067 3781 3130 abstinebant,

554 3162 641 3227 lat,
675 3178 771 3217 seu
804 3159 1088 3231 particula:
1115 3159 1320 3214 divinat
1359 3158 1636 3212 essentize.
1666 3156 1772 3211 Per
1801 3173 1920 3211 eam
1948 3198 1964 3221 ,
2013 3157 2137 3211 Pla-
2164 3166 2204 3222 α
2241 3169 2297 3213 ut
2320 3159 2574 3215 atfectato
2621 3160 2714 3215 illo
2760 3162 3053 3215 sanctioris
3102 3162 3227 3215 vita:
3270 3175 3474 3232 genere
3510 3158 3776 3215 nonnullos

554 3254 723 3309 tonici
749 3262 985 3307 mentem
1010 3266 1115 3319 qua
1141 3251 1427 3305 rationalis
1448 3251 1509 3303 lit
1531 3249 1693 3303 homo
1716 3265 1731 3314 ;
1758 3248 2135 3302 Saturniniani
2238 3266 2394 3304 suum
2425 3250 2476 3304 in
2507 3265 2749 3305 errorem
2787 3250 3128 3319 pellicerent.

551 3361 685 3402 vero
722 3344 945 3415 γνῶσιν,
979 3358 1074 3398 seu
1112 3343 1351 3412 supremi
1382 3341 1565 3395 Patris
1601 3341 1849 3394 notitiam
1874 3380 1889 3403 ,
1940 3356 2044 3408 qua
2079 3339 2138 3394 fit
2788 3342 2877 3398 IV.
2916 3341 2993 3397 De
3024 3342 3284 3398 Basilide.

555 3439 850 3508 spiritalis,
876 3446 929 3492 et
952 3437 1021 3491 ab
1048 3436 1375 3490 animalibus
1394 3434 1706 3488 hominibus
1732 3434 1783 3487 in
1811 3432 2136 3503 ignorantia:
2308 3440 2431 3495 112.
2476 3438 2737 3493 Basilides
2772 3436 3182 3491 Alexandrinus
3214 3437 3279 3501 ³⁸,
3337 3435 3620 3490 Saturnini
3668 3448 3783 3487 ροη.

554 3529 801 3585 tenebris
833 3529 1148 3597 agentibus,
1177 3526 1491 3589 distinctus,
1530 3525 1927 3595 intelligehant.
1965 3523 2133 3592 quue
2237 3531 2550 3600 discipulus,
2576 3546 2603 3582 a
2635 3528 2862 3584 Matthia
2891 3528 3134 3597 apostolo
3160 3528 3471 3582 doctrinam
3516 3540 3659 3580 suam
3702 3537 3781 3575 ac.

553 3621 733 3693 ipsum
759 3628 848 3673 θδῑ
879 3620 1026 3687 «ιυοά
1058 3619 1319 3687 deinceps
1369 3632 1557 3670 εθιηεη
1605 3616 1853 3685 Spiritu"?
1886 3615 2132 3669 Valenti-
2235 3626 2445 3695 cepisse
2471 3639 2528 3677 se
2555 3622 2691 3676 falso
2719 3622 3043 3691 jactitabat.
3086 3631 3248 3690 atque
3282 3620 3565 3675 Glauciam
3616 3630 3783 3685 quem-

553 3714 735 3771 nianis
768 3713 1017 3768 νοοῖῑίιτθ
1042 3711 1268 3780 PlN-“il;
1292 3710 1437 3779 ιιυοά
1467 3709 1684 3777 quidem
1714 3724 1817 3762 ηοη
1853 3708 2127 3770 omnibus,
2234 3717 2383 3775 dam.
2415 3732 2577 3786 quem
2610 3715 2755 3769 Petri
2787 3714 3142 3781 interpretem
3171 3712 3343 3766 fuisse
3378 3711 3642 3771 ferebant,
3666 3720 3783 3775 pra:-

552 3809 652 3863 sed
693 3804 858 3860 certis
900 3804 1230 3873 quibusdam
1269 3801 1585 3856 hominibus
1636 3816 1954 3856 concessum
1987 3815 2128 3865 esse,
2235 3819 2513 3876 ceplorem
2545 3806 2807 3860 habuisse
2848 3803 3206 3872 gloriabatur.
3233 3801 3422 3855 Inanis
3451 3799 3586 3854 forte
3612 3840 3626 3863 ,
3655 3793 3781 3863 quod

551 3908 613 3954 ut
659 3896 989 3953 Saturninus
1042 3893 1339 3949 scintillam
1386 3907 1565 3957 suam,
1609 3890 1914 3959 jactabant.
1978 3892 2112 3948 Ulldt

2238 3902 2303 3955 ad
2326 3899 2635 3964 Glauciam,
2682 3897 2905 3952 obscuri
2950 3894 3192 3948 nominis
3239 3894 3549 3954 hominem,
3590 3890 3779 3948 attinet,

551 3987 1010 4060 quemadmodum
1040 3986 1128 4041 hic
1152 3985 1387 4055 duplicis
1428 3983 1649 4053 generis
1703 3984 1988 4048 homines,
2037 3999 2112 4037 na-

2235 3993 2421 4048 vesani
2451 3988 2686 4049 hominis
2711 3986 2983 4054 gloriatio,
3007 3994 3065 4039 ut
3092 4000 3159 4039 ex
3188 3984 3429 4053 magistri
3454 3994 3674 4052 persona
3705 3992 3783 4029 au-

552 4090 673 4134 tura
707 4081 880 4135 bonos
906 4077 1157 4133 scintilla:
1201 4076 1532 4145 participes,
1579 4086 1636 4129 et
1681 4084 1879 4128 natura
1932 4076 2105 4129 malos

2240 4085 2556 4142 ctoritatem
2585 4082 2931 4151 dogmatibus
2958 4077 3073 4132 suis
3099 4077 3440 4132 conciliaret.
3493 4076 3566 4128 Ex
3613 4087 3668 4127 ea
3711 4078 3782 4120 ta—

551 4170 797 4239 ejusdem
830 4178 1085 4239 expertes
1112 4168 1507 4239 distinguebat;
1537 4167 1619 4221 sic
1648 4175 1703 4218 et
1732 4166 1810 4218 illi
1864 4165 2112 4238 quosdan

2236 4194 2359 4250 men
2406 4179 2488 4247 (ut
2534 4186 2590 4229 et
2625 4191 2695 4229 ex
2742 4173 2908 4227 simili
2954 4170 3228 4227 Valentini
3273 4168 3596 4239 gloriatione
3638 4177 3781 4231 supra

550 4260 802 4315 homines
833 4268 1023 4311 natura
1056 4258 1258 4321 bonos,
1293 4272 1390 4311 eos
1429 4257 1645 4311 scilicet
1671 4255 1765 4325 qui
1797 4255 2005 4309 semine
2054 4252 2152 4307 fe-'
2233 4265 2728 4335 concludebamﬂs)
2778 4263 2981 4319 inferre
3018 4262 3148 4316 licet
3194 4260 3489 4315 Basiliden]
3521 4297 3536 4323 ,
3590 4257 3633 4311 si
3686 4268 3780 4307 non

549 4347 774 4402 cundati
812 4356 989 4412 erant;
1026 4347 1288 4415 quosdam
1318 4354 1516 4399 natura
1555 4345 1750 4407 malos,
1785 4344 1876 4412 qui
1908 4344 2130 4398 seminis
2232 4361 2493 4432 aposmlis
2535 4358 2666 4427 ipsis
2712 4370 2930 4412 εοωνυε
2980 4353 3149 4409 fuerit,
3176 4394 3190 4419 ,
3242 4354 3307 4405 ad
3362 4365 3549 4405 eorum
3608 4344 3779 4401 saltent

549 4448 821 4505 exsortes,
847 4439 1183 4494 statuebant.
1215 4437 1367 4492 Adeo
1392 4445 1451 4490 ut
1481 4437 1622 4490 idem
1655 4433 1948 4503 utrobique
1976 4449 2110 4488 com-

2232 4462 2448 4507 :etatem
2475 4449 2726 4519 proxime
2748 4446 3048 4499 accessisse
3068 4484 3085 4511 ,
3118 4443 3475 4513 ipsorumque
3522 4434 3781 4504 discipulis

550 4544 791 4586 mentum
832 4529 925 4593 sit,
957 4529 1057 4581 sub
1090 4526 1366 4579 variarum
1392 4540 1661 4595 nugarum
1686 4524 1981 4578 involucris
2006 4538 2111 4593 pros

2234 4504 2563 4599 convixisse.
2595 4537 2758 4591 Certe
2786 4532 3150 4604 Hieronymus
3178 4532 3462 4601 disputans
3486 4537 3665 4583 contra
3690 4523 3782 4577 Lu-

548 4626 807 4695 POSilum-
838 4620 994 4689 Ουοά
1028 4620 1163 4673 me"
1192 4634 1291 4687 Per
1337 4619 1612 4673 hominem
1643 4628 1890 4673 θτθοίυιιι
1936 4626 1993 4669 ei
2042 4630 2131 4669 re‘
2232 4633 2547 4692 cifcrianos,
2572 4626 2864 4682 Basilidem
2891 4624 3033 4678 inter
3058 4622 3347 4678 haereticos
3377 4618 3777 4688 apostolicorum

549 4724 833 4786 ptantem;
880 4713 973 4767 alii
1005 4726 1102 4784 per
1145 4711 1403 4765 homines
1450 4708 1733 4778 spiritales
1771 4716 1827 4761 et
1869 4706 2110 4760 animale:

2229 4733 2535 4793 temporum
2590 4724 2847 4773 numerat
2885 4733 2898 4768 ε
2942 4712 3047 4768 Sed
3094 4714 3219 4783 quid
3266 4711 3329 4764 de
3384 4706 3778 4778 posterioribus,

551 4804 881 4875 8Ῐ8¹¹Ῐίίθ³¹¹ίο
913 4802 1070 4869 θυοδ
1098 4801 1334 4870 denique
1366 4798 1702 4854 Saturninus
1740 4798 2128 4867 Prophetarum
2226 4816 2446 4886 inquit,
2476 4811 2647 4865 adhuc
2676 4808 2889 4877 loquor?
2917 4806 3181 4875 Apostolt's
3217 4801 3390 4854 adhuc
3411 4800 3463 4851 in
3496 4797 3682 4852 swculo
3702 4810 3782 4886 su-

550 4895 774 4951 οηουιίί
799 4895 961 4949 ωοάο
985 4892 1279 4964 Opimii)“
1305 4890 1563 4961 Angelis;
1598 4890 1760 4944 πιοαο
1790 4889 2010 4945 δθῑδηῖε
2037 4904 2130 4943 ac'
2226 4885 2552 4978 perstitibus,
2585 4900 2727 4969 apud
2754 4897 3024 4961 Judwam,
3053 4894 3250 4949 Christi
3294 4892 3553 4960 sanguine
3581 4885 3778 4978 recenti,

551 4996 707 5055 cepta
738 4984 989 5051 referret,
1021 4999 1052 5039 a
1081 4984 1381 5039 Platonicis
1405 4982 1573 5038 etiam
1607 4989 1890 5036 mutuatus
1924 4981 2124 5047 fuerat,
2226 4973 2569 5069 'phanmsma
2599 4991 2813 5047 Domini
2858 5004 3045 5051 corpus
3072 4983 3421 5039 asserebatur.
3469 4979 3679 5034 Galatas
3716 4973 3779 5025 ad

551 5081 667 5149 qui,
700 5087 760 5132 ut
788 5093 951 5146 supra
978 5092 1045 5131 ex
1069 5076 1380 5132 Jamblicho
1409 5075 1642 5131 vidimus
1668 5112 1684 5137 ,
1730 5073 2121 5129 vaticiniornm
2234 5089 2647 5148 ουδενυαιεοηεηι
2676 5084 2803 5153 (egi,
2829 5080 3099 5133 ιταάαειο,
3135 5075 3415 5146 Apamia;
3456 5075 3641 5126 mrum
3670 5082 3779 5136 ραν.

548 5184 773 5225 causam
808 5168 1173 5223 refundebant
1200 5167 1363 5223 modo
1383 5170 1439 5221 in
1466 5166 1661 5232 bonos,
1687 5164 1847 5217 modo
1875 5162 1928 5217 in
1958 5164 2128 5221 malos
2235 5182 2383 5235 ιαγίι,
2404 5173 2703 5231 Corinthio;
2727 5168 3161 5224 resurrectionem
3185 5163 3360 5217 carnis
3383 5177 3486 5215 non
3509 5159 3776 5214 credentes.

552 5262 848 5317 ἀίειηοηθε·
2231 5272 2467 5343 pluribus
2493 5264 2815 5336 argumentis
2838 5262 2904 5316 ad
2940 5274 3115 5314 verum
3161 5256 3259 5309 iter
3303 5254 3509 5308 trahere
3556 5255 3777 5301 conatur.

626 5375 746 5429 111.
787 5373 1026 5429 Simonis
1055 5372 1285 5442 vestigia
1318 5372 1564 5441 relegens
1603 5373 1959 5436 Saturninus,
1997 5372 2125 5427 Serv
2231 5337 2382 5417 'Tunc
2414 5364 2598 5415 Simon
2653 5357 2867 5425 Magus.
2908 5362 2953 5407 ει
3001 5348 3291 5404 Μεηαηάεν
3329 5343 3616 5442 discingit“
3640 5337 3776 5405 εἱυεν

551 5476 795 5519 vatorem
832 5463 899 5517 de
947 5436 1226 5516 communi
1280 5436 1639 5531 superbarum
1682 5460 1960 5514 Virtutum
2002 5475 2126 5515 sen-
2236 5457 2329 5511 Dei
2354 5453 2492 5528 [LX]
2519 5470 2571 5505 se
2600 5464 2872 5504 asseruere
2908 5444 3145 5499 Virtutes
3174 5457 3192 5498 :
3217 5452 3338 5493 tunc
3361 5436 3619 5531 Basilides
3641 5444 3776 5531 sume

553 5556 720 5612 tentia
754 5555 981 5609 missum
1016 5552 1219 5615 aiebat,
1253 5562 1313 5605 ut
1344 5529 1581 5620 Angelos
1618 5552 1874 5614 rebelles,
1906 5560 1961 5605 et
2003 5566 2122 5604 ma-
2231 5562 2373 5599 munt
2398 5544 2561 5597 Deum
2590 5540 2832 5593 Abraxas
2855 5550 2974 5589 cum
3004 5532 3247 5595 trecentis
3278 5529 3550 5620 sexaginta
3568 5529 3777 5620 quin?”

551 5650 700 5707 xime
721 5648 1032 5701 Judteorum
1067 5612 1236 5697 Deum
1270 5645 1323 5697 in
1357 5612 1606 5697 ordinem
1642 5612 1934 5711 redigeret,
1973 5651 2030 5697 et
2058 5642 2123 5697 iis
2233 5636 2492 5694 Aionibus
2519 5638 2898 5715 commentatus
2928 5635 3025 5717 est.
3051 5624 3161 5681 Nec
3186 5620 3437 5680 dissentit
3463 5612 3779 5688 Epiphanius

650 5828 695 5861 ³⁸
726 5829 896 5886 Clem.
930 5830 1113 5896 Alex.,
1145 5828 1348 5884 Strom.
1410 5825 1508 5879 lib.
1537 5839 1630 5887 \‘ll,
1660 5838 1713 5892 p.
1746 5822 1867 5876 768.
