3954 6352
190 377 290 435 133

887 371 1347 429 DISSERTATIO
1384 371 1426 438 Ι,
1460 370 1621 427 ART.
1657 370 1743 437 Ill,
1786 368 1875 425 DE
1919 368 2286 427 VALENTINI
2320 370 2711 428 MAGISTRIS.

3333 373 3437 430 i3!

187 497 273 562 qui
325 491 469 547 Haer.
515 508 677 557 xxxi,
731 490 863 563 §2,
907 490 1101 546 scribit
1163 488 1496 545 Valentinum
1553 490 1762 558 quidem
1790 490 1837 546 A
1863 488 2110 542 diderunt
2136 486 2423 544 Ecclesias.
2448 490 2573 544 Hinc
2594 490 2859 560 siquidem
2885 504 3109 546 necesse
3134 494 3198 544 ad
3223 500 3436 561 tempus

188 585 411 642 Basilide
456 600 520 635 ac
557 582 867 648 Saturnilo,
898 583 1122 646 Ebione,
1165 580 1414 636 Cerintho
1455 601 1517 637 ac
1564 583 1762 638 Merin-

189 678 285 745 ilio,
324 694 616 746 eorumque
650 676 828 737 sociis,
856 684 1082 740 tempore
1105 690 1214 727 esse
1245 678 1619 742 posteriorem;
1650 693 1762 729 om-

189 790 265 826 nes
300 783 476 825 tamen
509 788 619 824 uno
657 780 891 840 tempore
923 772 992 823 ad
1035 771 1255 824 humani
1300 772 1501 841 generis
1542 772 1761 826 exitium

186 864 421 932 profusos
452 881 592 927 esse;
618 881 947 934 quanquam,
978 864 1191 933 inquit,
1231 862 1513 918 Cerintltus
1552 881 1615 917 ac
1647 862 1763 918 Me-

186 960 380 1015 rintltus
410 968 461 1012 et
490 958 668 1011 Ebion
701 958 981 1027 paululum
1026 958 1318 1026 autegressi
1362 964 1506 1011 sunt.
1544 956 1601 1011 Si
1652 972 1758 1011 non

187 1050 405 1105 midtum
435 1050 709 1118 temporis
738 1047 1047 1102 intercessit
1080 1048 1225 1103 inter
1255 1046 1576 1101 Cerinthum
1597 1086 1613 1111 ,
1648 1046 1760 1101 hae-

187 1142 405 1195 reticum
474 1140 531 1195 in
582 1140 716 1195 Asia
763 1141 1007 1209 agnitum
1066 1150 1359 1209 antequam
1409 1138 1467 1193 S.
1521 1137 1761 1193 Joannes

188 1233 541 1303 Evangelium
597 1232 936 1302 scripsisset,
964 1241 1019 1288 et
1071 1232 1405 1296 Basilidem;
1458 1233 1547 1286 hic
1600 1231 1763 1301 igitur

187 1326 405 1381 Joannis
436 1335 605 1379 a-tate
638 1326 835 1380 vixerit
860 1340 1078 1381 necesse
1124 1335 1228 1380 est.
1270 1324 1474 1379 Deinde
1526 1323 1761 1379 Valenti-

186 1435 279 1474 nus
304 1428 356 1473 et
390 1418 667 1474 Basilides
694 1435 800 1473 uno
825 1428 1054 1487 tempore
1077 1418 1145 1471 ad
1176 1418 1395 1471 humani
1416 1420 1621 1488 generis
1645 1418 1759 1471 exi-

186 1512 306 1565 tium
326 1510 547 1578 profusi
571 1520 717 1575 sunt,
757 1509 829 1564 ita
865 1519 1045 1564 tamen
1092 1520 1153 1563 ut
1191 1510 1279 1565 hic
1312 1510 1500 1580 prior,
1547 1511 1637 1565 ille
1673 1526 1760 1579 po-

187 1604 376 1657 sterior
404 1604 503 1657 sit.
535 1602 609 1654 At
638 1600 891 1671 superius
921 1602 985 1655 de
1008 1600 1279 1655 Valentini
1307 1610 1464 1656 astate
1488 1602 1761 1656 disseren-

188 1706 262 1749 tes
286 1694 659 1757 ostendimus,
693 1708 815 1747 eum
864 1693 1087 1747 ineunte
1131 1693 1351 1747 circiter
1381 1696 1621 1749 secundo
1658 1710 1760 1749 sae-

185 1785 299 1840 culo
327 1786 590 1856 dogmata
609 1801 703 1839 sua
728 1799 985 1855 spargere
1003 1785 1264 1854 coepisse;
1284 1799 1350 1839 ex
1367 1802 1476 1855 quo
1492 1789 1757 1855 sequitur,

184 1851 474 1933 Basilidem
518 1880 571 1947 (a
602 1851 815 1931 fortiori
850 1851 1201 1931 Baturninum
1230 1878 1321 1946 qui
1347 1851 1473 1932 huic
1510 1851 1758 1947 aliquan;
1792 1851 1835 1906 Β

184 1970 356 2024 tulum
382 1970 624 2041 punivit)
657 1967 852 2025 saltem
887 1969 955 2023 ad
986 1967 1212 2023 Joannis
1256 1969 1483 2039 apostoli
1514 1980 1757 2041 tempora

136 2074 139 2075 '
181 2063 456 2132 attigisse.

250 2154 380 2209 115.
412 2152 533 2208 Non
568 2153 765 2208 desunt
802 2161 982 2208 tamen
1014 2153 1105 2224 qui
1153 2152 1445 2208 Basilidem
1484 2154 1757 2224 juniorem

178 2247 416 2311 faciant,
444 2245 673 2315 ejusque
697 2246 948 2300 haeresim
984 2261 1089 2301 non
1116 2246 1218 2300 nisi
1251 2246 1477 2301 Adriani
1510 2248 1763 2317 tempori-

175 2338 280 2394 bus
318 2340 378 2392 iu
439 2338 619 2392 lucem
666 2337 937 2407 prodiisse
987 2338 1336 2392 contendant.
1391 2337 1653 2393 Nituntur
1704 2339 1758 2392 in

174 2433 378 2502 primis
419 2431 753 2486 auctoritate
799 2429 1097 2486 Clementis
1139 2430 1490 2485 Alexandrini
1539 2432 1633 2486 lib.
1685 2448 1760 2487 vu

116 2510 133 2531 ‘
175 2522 415 2589 Strom.,
443 2538 565 2593 pag.
600 2522 736 2587 ἰδῃ
766 2522 1003 2587 Eusebii,
1035 2523 1127 2577 lib.
1163 2539 1214 2577 IV
1247 2523 1419 2589 nm,
1450 2539 1571 2594 cap.
1604 2525 1671 2589 7,
1705 2534 1762 2581 et

174 2616 227 2670 in
261 2615 556 2680 Chronico,
602 2630 666 2670 ac
694 2614 1045 2682 Theodoreti,
1097 2615 1194 2670 lib.
1226 2632 1241 2669 ι
1272 2614 1418 2670 Hier.
1468 2616 1606 2685 [ab.,
1637 2632 1760 2686 cap.

170 2708 221 2768 2,
253 2710 355 2777 qui
383 2706 630 2761 Basilidis
648 2706 896 2761 haeresim
922 2706 1207 2761 conferunt
1232 2708 1284 2761 in
1302 2707 1525 2761 Adriani
1551 2716 1760 2777 tempo-

175 2815 255 2853 ra.
290 2800 373 2852 At
397 2814 463 2853 ex
489 2798 808 2864 Clementis,
839 2798 1058 2853 Eusebii
1095 2799 1147 2853 in
1192 2797 1476 2863 Chronico,
1500 2809 1553 2853 et
1581 2799 1762 2854 Theo-

170 2892 359 2947 doreti
399 2891 578 2945 verbis
610 2891 661 2944 id
690 2900 901 2945 tantum
934 2890 1121 2945 inferri
1153 2905 1309 2959 posse
1356 2901 1485 2960 puto
1505 2934 1520 2958 ,
1564 2891 1759 2947 Basili-

170 2984 299 3038 dem
327 2982 437 3038 sub
460 2982 689 3037 Adriani
717 2984 945 3052 imperio
980 2983 1171 3049 fuisse,
1202 2983 1446 3038 scholam
1479 2984 1757 3053 habuisse,

168 3088 221 3131 et
255 3077 538 3130 audacius
564 3076 815 3131 haeresim
841 3077 1263 3142 disseminasse;
1296 3061 1399 3130 non
1422 3091 1555 3132 vero
1585 3077 1760 3132 haere-

168 3170 272 3223 sim
310 3169 633 3232 inchoasse,
662 3177 753 3221 aut
785 3178 895 3221 tum
942 3169 1178 3238 primum
1208 3168 1481 3223 docuisse.
1525 3166 1635 3223 Nec
1687 3184 1753 3223 ex

166 3275 232 3314 eo
257 3261 419 3330 quod
448 3260 711 3314 Eusebius
739 3260 793 3314 in
828 3260 1070 3313 Historia
1089 3261 1234 3315 circa
1265 3261 1487 3315 Adriani
1518 3270 1757 3331 tempora

167 3353 563 3406 narrationem
588 3352 839 3405 instituat
872 3352 939 3406 de
971 3352 1253 3407 Saturnini
1284 3364 1338 3409 et
1360 3355 1614 3409 Basilidis
1645 3356 1759 3409 hae-

168 3445 307 3509 resi,
344 3442 527 3511 magis
549 3444 795 3498 concludi
828 3453 1029 3513 potest,
1057 3458 1150 3500 eos
1193 3445 1294 3500 sub
1336 3445 1481 3500 illius
1528 3446 1759 3516 imperio

164 3537 442 3607 cepisse,
476 3552 639 3605 quam
665 3554 728 3591 ex
768 3553 831 3592 eo
861 3539 1006 3607 quod
1029 3539 1096 3593 de
1134 3539 1425 3603 Ebionteis,
1449 3540 1760 3596 Cerinthia-

166 3631 253 3683 nis
280 3639 345 3682 et
384 3626 664 3683 Nicolaitis
690 3630 923 3684 disserat
954 3630 1054 3684 sub
1077 3628 1332 3699 Trajano,
1364 3632 1548 3687 inferri
1576 3644 1760 3703 posset

164 3739 371 3779 eorum
392 3722 658 3793 originem
684 3724 1011 3779 anteriorem
1032 3741 1137 3780 non
1159 3740 1303 3782 esse.
1326 3725 1515 3797 Neque
1538 3741 1759 3796 expres-

165 3819 320 3873 siora
352 3825 507 3881 sunt,
542 3827 598 3870 ut
631 3816 827 3889 ﬁgatur
856 3817 1169 3873 Basilidiani
1199 3819 1405 3873 erroris
1435 3820 1748 3885 exordium,

164 3908 491 3964 Firmiliani
525 3910 711 3973 verba,
751 3908 890 3978 apud
919 3909 1174 3980 Cyprian.
1210 3910 1372 3980 epist.
1402 3907 1471 3964 75
1501 3923 1517 3963 :
1567 3908 1673 3965 Sed
1707 3921 1755 3965 et

172 4000 460 4055 Valentini
501 4012 549 4054 et
576 3999 831 4054 Basilidis
862 4009 1067 4070 tempus
1098 4003 1434 4071 manifestum
1457 4013 1570 4069 est,
1613 4004 1755 4073 quod

164 4105 211 4149 et
232 4096 343 4162 ipsi
371 4102 491 4163 post
538 4093 829 4161 apostolos,
857 4104 907 4147 et
936 4104 1049 4161 post
1089 4094 1297 4165 longam
1331 4076 1541 4151 aetatem
1567 4098 1754 4151 adver-

166 4206 254 4242 sus
288 4187 597 4240 Ecclesium
627 4187 722 4240 Dei
749 4187 1015 4241 sceleratis
1043 4190 1331 4243 mendaciis
1371 4190 1485 4244 suis
1533 4191 1758 4245 rebella-

167 4284 370 4336 rerinl.
402 4279 539 4334 Nam
572 4281 687 4336 hrec
721 4280 883 4351 longa
914 4290 1069 4351 retas,
1093 4292 1152 4337 ut
1187 4284 1325 4337 bene
1372 4274 1759 4337 animadvertit

167 4376 490 4431 Cotelerius
533 4374 574 4406 ⁸¹
600 4416 615 4439 ,
666 4375 834 4431 dubio
875 4376 1066 4444 procul
1111 4376 1353 4459 oratoria
1403 4376 1754 4447 exaggeratio

172 4468 371 4523 haberi
412 4466 606 4531 debet;
643 4466 768 4535 quia
801 4466 947 4521 inter
980 4466 1143 4523 linem
1170 4465 1399 4522 Joannis
1421 4467 1670 4536 apostoli,
1698 4478 1757 4523 et

1862 578 2206 645 referamus,
2259 596 2365 651 quo
2418 582 2693 637 Ecclesias
2757 582 2983 651 apostoli
3041 583 3437 637 commiserunt

1864 675 2175 743 apostolicis
2201 677 2356 739 viris,
2385 690 2489 730 non
2528 678 2595 730 ad
2623 676 2750 731 illud
2790 692 2898 746 quo
2931 679 3119 732 vivere
3155 678 3438 732 desierunt

1863 767 2228 838 illiepiscopi.
2263 767 2399 823 Nam
2450 779 2664 823 certum
2700 778 2784 823 est
2825 779 2934 822 tum
2967 785 3032 823 ex
3086 771 3202 839 ipso
3236 771 3439 825 Irenmo

1863 859 1957 913 lib.
1991 876 2073 926 tu,
2106 876 2154 915 c.
2182 861 2237 923 '5,
2272 876 2324 913 n.
2357 861 2413 926 4,
2449 871 2559 915 tum
2590 876 2655 916 ex
2688 863 2807 915 aliis
2830 863 3106 916 veteribus
3132 904 3146 928 ,
3181 862 3437 933 Polycar-

1863 967 2015 1020 pum,
2042 952 2109 1007 ab
2150 952 2414 1021 apostolis
2457 951 2702 1024 Smyrna:
2746 955 3060 1007 ordinatum
3095 954 3436 1021 episcopum,

1864 1044 2122 1114 Basilidi,
2184 1044 2505 1109 Valentino,
2557 1045 2819 1101 Marcioni
2879 1046 3109 1115 aliisque
3162 1047 3435 1101 haereticis

1864 1152 2104 1191 coaevum
2130 1137 2427 1193 exstitisse.
2455 1136 2649 1192 Verius
2681 1153 2709 1191 a
2751 1137 2964 1193 fortiori
3008 1138 3153 1208 quod
3185 1139 3438 1208 proxime

1862 1230 2032 1284 citato
2063 1246 2182 1300 cap.
2214 1247 2268 1285 η.
2294 1231 2351 1295 5,
2395 1231 2585 1284 scribit
2636 1240 2827 1286 auctor
2875 1242 3062 1286 noster
3086 1271 3102 1296 ,
3148 1230 3434 1300 epistolam

1863 1321 2162 1377 Clementis
2193 1324 2258 1377 ad
2286 1322 2603 1378 Corinthios
2628 1324 2979 1379 vetustiorum
3007 1338 3130 1378 esse
3161 1324 3437 1378 haereticis

1860 1416 1952 1486 qui
1975 1432 2111 1469 nunc
2143 1415 2279 1485 [also
2308 1416 2535 1480 docent,
2571 1426 2618 1470 et
2658 1417 2882 1470 alterum
2922 1416 3089 1470 Deum
3135 1433 3291 1485 super
3332 1416 3438 1471 De-

1861 1506 2122 1571 miurgum
2151 1514 2200 1558 et
2222 1505 2472 1575 factorem
2507 1507 2693 1559 horum
2718 1507 2949 1559 omnium
2972 1508 3433 1563 commentiuntur.

1865 1596 2039 1651 Verba
2071 1596 2185 1651 haec
2220 1600 2309 1667 qui
2342 1615 2478 1651 nunc
2514 1600 2654 1664 falso
2695 1599 2881 1652 docent
2908 1638 2923 1664 ,
2978 1608 3162 1661 aperte
3207 1600 3433 1652 demon-

1862 1698 2037 1743 strant
2059 1704 2181 1743 eum
2214 1688 2535 1760 intelligere,
2566 1705 2670 1744 non
2695 1690 2981 1745 Guosticos
3014 1690 3305 1759 quoslibet,
3336 1706 3363 1745 s
3404 1691 3438 1745 (ι

1867 1776 2273 1834 Valentinianos
2296 1777 2577 1847 duntaxat,
2610 1797 2745 1852 quos
2772 1782 3109 1836 confutabat.

1934 1895 2060 1948 lu.
2092 1894 2212 1961 Quo
2236 1910 2381 1951 anno
2409 1898 2705 1951 excesserit
2741 1913 2772 1951 e
2802 1898 2939 1952 vivis
2982 1898 3281 1964 Basilides,
3328 1918 3437 1954 non

1862 1987 1998 2041 satis
2028 1998 2263 2042 constat.
2303 1987 2357 2041 lu
2382 1989 2634 2059 Catalogo
2661 1990 3001 2061 Hieronymi,
3023 2007 3155 2047 voce
3180 1994 3435 2063 Agrippa,

1862 2075 2059 2144 legitur
2093 2094 2108 2132 :
2148 2076 2391 2130 Mortuus
2427 2090 2501 2131 est
2526 2089 2701 2133 autem
2743 2080 3028 2149 Basilides,
3067 2100 3098 2135 a
3133 2101 3235 2154 quo
3286 2084 3435 2138 Gno-

1861 2169 2003 2234 stici,
2038 2170 2091 2221 in
2121 2167 2448 2221 Alexandria
2493 2171 2814 2235 temporibus
2858 2172 3120 2237 Adriani;
3161 2192 3264 2243 qua
3302 2185 3437 2229 tem-

1861 2268 2059 2328 pestate
2080 2266 2128 2311 et
2158 2256 2425 2310 Cochebas
2442 2258 2810 2313 duxludaicar
2836 2262 3082 2330 [actionis
3103 2264 3439 2320 Christianos

1864 2353 2030 2405 variis
2059 2350 2332 2419 suppliciis
2364 2351 2621 2403 enecavit.
2654 2352 2786 2417 Quae
2814 2354 2859 2407 si
2892 2355 3105 2409 sincera
3132 2368 3257 2413 sunt
3282 2400 3297 2425 ,
3344 2360 3432 2413 di-

1863 2443 2092 2496 cendum
2134 2442 2238 2497 erit
2286 2442 2489 2496 obiisse
2527 2442 2815 2498 Basilidem
2851 2459 2999 2499 anno
3042 2448 3261 2503 circiter
3309 2450 3435 2514 135i,

1862 2547 1970 2601 quo
1998 2530 2183 2587 Judzea
2212 2531 2353 2586 bello
2390 2532 2640 2598 ardebat,
2676 2534 2820 2601 quod
2864 2536 3136 2591 excitarat
3169 2537 3437 2594 Cochebas

1866 2627 2125 2680 adversus
2151 2624 2426 2678 Romanos
2455 2623 2695 2679 rebellio.
2729 2623 2834 2679 Sed
2862 2637 3044 2680 utrum
3077 2628 3218 2695 apud
3248 2628 3441 2685 Hiero-

1865 2732 2082 2789 nymum
2114 2717 2401 2786 legendum
2430 2714 2499 2769 sit
2525 2728 2762 2769 mortuus
2801 2725 2916 2780 est,
2963 2734 3031 2771 an
3057 2731 3295 2774 moratus
3333 2732 3438 2786 est,

1863 2808 2093 2862 necdum
2124 2818 2277 2861 extra
2307 2822 2469 2863 omne
2492 2807 2714 2861 dubium
2747 2808 2985 2877 positum
3016 2810 3306 2876 existimo;
3340 2827 3438 2865 sua

1861 2903 2005 2957 enim
2032 2901 2246 2969 utrique
2268 2902 2489 2956 lectioni
2523 2909 2780 2956 constant
2816 2912 3157 2971 argumenta.
3190 2903 3296 2959 Pro
3320 2922 3438 2959 mo-

1863 3007 2009 3049 ratus
2056 3003 2133 3047 est
2191 3002 2394 3065 pugnat
2440 2993 2740 3048 auctoritas
2787 2992 3144 3047 vetustissimi
3191 2998 3436 3050 omnium

1862 3085 2066 3141 codicis
2095 3086 2262 3140 nostri
2294 3101 2397 3138 ms.
2442 3085 2975 3140 San-Germanensis
2999 3124 3014 3149 ,
3056 3084 3439 3156 Merovingicis

1864 3180 2273 3235 characteribus
2333 3179 2591 3244 exarati,
2651 3178 2853 3232 saeculo
2905 3178 3125 3233 circiter
3176 3180 3435 3246 septimo.

1862 3272 2031 3339 Quam
2062 3272 2305 3327 eamdem
2331 3271 2621 3327 lectionem
2667 3270 2934 3324 exhibent
2976 3286 3109 3325 mss.
3166 3270 3433 3341 quinque,

1859 3382 1997 3438 quos
2016 3366 2221 3423 vidisse
2249 3382 2306 3422 se
2341 3372 2573 3421 testatur
2604 3363 2851 3426 Vossius,
2875 3373 2930 3417 et
2959 3363 3140 3433 plures
3171 3364 3261 3418 alii
3295 3379 3437 3433 quos

1868 3459 2103 3517 contulit
2128 3456 2482 3512 doctissimus
2521 3453 2874 3509 Martianteus
2912 3462 3124 3509 noster.
3179 3456 3333 3509 Facit
3381 3466 3439 3511 et

1860 3566 1959 3623 pro
1988 3551 2181 3605 eadem
2228 3548 2466 3602 lectione
2498 3545 2896 3617 perfectissima
2932 3549 3224 3602 consensio
3259 3548 3431 3603 Chro-

1860 3644 1964 3696 nici
1992 3639 2559 3710 Hieronymiani,cum
2591 3638 2708 3706 ejus
2727 3636 3004 3706 Catalogo.
3026 3636 3159 3692 Nam
3184 3640 3236 3692 in
3266 3641 3434 3707 priori

1860 3733 1951 3787 illo
1974 3734 2040 3786 ad
2069 3746 2270 3785 annum
2308 3729 2408 3785 154
2447 3728 2682 3783 habetur
2708 3743 2721 3781 :
2746 3727 3007 3781 Basilides
3052 3728 3437 3787 lateresiarches

1859 3826 1917 3878 in
1942 3821 2268 3877 Alexandria
2298 3828 2678 3883 commoratur,
2705 3832 2738 3870 a
2759 3833 2862 3887 quo
2890 3816 3147 3872 Gnostici.
3172 3818 3438 3875 Cochebas

1860 3915 1970 3967 dux
2003 3912 2249 3966 Iudaica:
2285 3909 2535 3979 factionis
2566 3907 2801 3962 nolentes
2832 3908 2931 3962 sibi
2970 3908 3303 3964 Christianos
3342 3913 3440 3965 ad-

1858 4021 2064 4061 versum
2096 4003 2390 4057 Romanum
2425 4000 2642 4053 militem
2673 4000 2815 4069 ferre
2847 4001 3146 4055 subsidium
3175 4004 3434 4055 omnimo-

1857 4097 1940 4150 dis
1979 4096 2302 4150 cruciatibus
2334 4103 2506 4147 necat.
2540 4091 2742 4145 Eadem
2774 4106 2911 4159 pene
2938 4092 3230 4160 utrobique
3263 4098 3429 4148 verba

1858 4197 1984 4243 sunt
2017 4205 2031 4242 :
2059 4196 2113 4241 et
2144 4185 2290 4256 quod
2319 4185 2373 4240 in
2404 4185 2571 4254 priori
2604 4184 2825 4253 legitur,
2856 4194 3250 4250 commoratur,
3303 4202 3436 4240 sua-

1854 4270 1989 4337 ilere
2019 4260 2235 4335 videtur
2269 4278 2324 4332 in
2355 4277 2645 4348 posteriori
2679 4279 2967 4349 legendum
2995 4292 3115 4331 esse
3136 4317 3151 4341 ,
3197 4288 3437 4334 moratus

1857 4382 1953 4429 est.
1985 4372 2136 4427 Illinc
2175 4386 2304 4426 vero
2332 4380 2638 4441 repugnant
2660 4370 2787 4425 huic
2818 4369 3036 4426 lectioni
3062 4369 3192 4423 editi
3217 4385 3436 4435 omnes,

1858 4480 1981 4520 cum
2014 4481 2143 4523 mss.
2174 4464 2450 4539 plerisque
2474 4465 2779 4529 codicibus,
2809 4464 2901 4533 qui
2944 4461 3261 4532 praeferunt,
3294 4479 3435 4515 mor-

169 4561 395 4615 initium
422 4557 657 4613 Adriani
691 4558 1059 4626 imperatoris,
1092 4574 1197 4613 non
1232 4560 1582 4614 intercedunt
1626 4560 1751 4613 anni
1786 4572 1829 4625 1)
1858 4570 1981 4614 tuus
2012 4571 2109 4615 est.
2147 4559 2257 4615 Sed
2283 4558 2428 4629 quod
2468 4558 2644 4627 majus
2671 4559 2911 4623 videtur,
2937 4558 3125 4613 Graeca
3160 4558 3433 4625 interpre-

171 4651 390 4719 vigiuti.
425 4648 639 4704 Deinde
663 4647 901 4717 loquitur
938 4646 1286 4702 Firmilianus
1308 4647 1375 4703 de
1420 4656 1606 4717 aperta
1650 4647 1753 4700 Ba-

172 4744 351 4797 silidis
378 4742 646 4795 adversus
671 4740 967 4795 Ecclesiam
1002 4740 1318 4807 rebellione,
1348 4754 1454 4794 non
1481 4739 1546 4794 de
1576 4739 1751 4795 haere-

172 4851 294 4891 seos
327 4835 449 4903 ejus
487 4833 669 4886 initio.
713 4832 936 4887 Certum
962 4842 1068 4897 est,
1106 4833 1420 4888 viventibus
1465 4832 1743 4901 apostolis,

175 4923 469 4977 bareticos
517 4920 666 4976 velut
709 4931 989 4991 serpentes
1038 4920 1091 4975 in
1142 4922 1312 4976 antris
1345 4920 1747 4987 delitescentes,

178 5015 653 5071 sanctissimorum
682 5013 961 5069 hominum
995 5024 1141 5070 metu
1187 5031 1491 5085 repressos,
1535 5017 1750 5072 nonnisi

176 5108 309 5159 clam
356 5114 415 5158 et
460 5104 711 5158 timidius
753 5120 1021 5159 venenum
1066 5107 1270 5161 erroris
1315 5108 1662 5174 evomuisse;
1699 5118 1755 5163 at

177 5198 461 5253 audaciam
495 5198 727 5251 addente
775 5196 1145 5266 apostolorum
1176 5207 1350 5253 morte
1376 5239 1390 5262 ,
1431 5199 1543 5268 jam
1590 5208 1753 5268 caput

175 5288 445 5353 attollere,
480 5287 709 5342 liberius
742 5288 993 5355 dogmata
1018 5303 1116 5341 sua
1160 5304 1483 5359 propagare,
1516 5292 1754 5344 unitate-

177 5395 276 5446 que
301 5380 486 5450 palam
519 5380 741 5445 violata,
770 5380 989 5434 scholas
1012 5380 1112 5434 sibi
1136 5381 1469 5437 constituere
1493 5385 1749 5452 coepisse.

179 5469 248 5523 Ex
304 5486 415 5541 quo
470 5473 718 5540 sequitur
790 5472 1133 5527 verissimum
1184 5488 1305 5527 esse
1347 5476 1491 5543 quod
1557 5477 1751 5532 scribit

180 5561 408 5619 lrenaeus
442 5565 538 5619 lib.
570 5581 627 5629 ν,
664 5583 717 5621 c.
749 5565 841 5631 20,
871 5582 925 5619 n.
963 5567 988 5619 1
1025 5582 1039 5620 :
1079 5565 1269 5621 Omnes
1300 5568 1571 5622 lucreticos
1595 5569 1749 5624 valde

182 5662 482 5725 posteriores
504 5676 634 5729 esse,
664 5677 827 5728 quam
857 5660 1147 5729 episcopos,
1172 5661 1360 5731 quibus
1385 5663 1607 5729 apostoli
1636 5674 1749 5716 tra-

248 5828 285 5859 "
323 5828 471 5888 Patr.
500 5833 718 5902 Apost.,
754 5838 794 5884 t.
829 5826 896 5896 ll,
925 5843 977 5899 p.
1012 5828 1137 5895 470,
1165 5829 1297 5885 edit.
1331 5829 1505 5885 Puris.
1542 5830 1698 5887 1672.

1863 4651 2037 4713 tatio,
2070 4667 2190 4721 quae
2238 4651 2547 4719 Sophronia
2587 4652 2890 4713 tribuitur,
2938 4664 3167 4719 quaeque
3213 4649 3259 4703 si
3308 4662 3435 4702 vere

1861 4742 2154 4813 Sophronii
2189 4753 2297 4807 est,
2321 4742 2603 4797 codicibus
2628 4742 2882 4796 omnibus
2906 4739 3138 4803 Latinis,
3167 4740 3259 4809 qui
3291 4755 3438 4794 nunc

1857 4846 2113 4901 exstant,
2155 4837 2272 4891 sine
2319 4836 2482 4890 dubio
2504 4832 2780 4902 antiquior
2817 4839 2936 4894 est,
2981 4832 3119 4885 hanc
3160 4829 3436 4900 vulgatam

1856 4929 2143 4986 lectionem
2209 4937 2560 4999 repraesentat
2611 4945 2626 4981 :
2679 4924 3050 4987 Τελευτῶντος
3083 4923 3435 4990 Βασιλείδου,

1853 5021 2218 5075 Γνωστικοὶὲν
2254 5018 2624 5091 Ἀλεξανδρείᾳ
2644 5016 2971 5087 ἐκλήθησαν,
3001 5018 3057 5069 ἐν
3086 5019 3197 5080 τοῖς
3224 5018 3436 5087 χρόνοις

1869 5114 2163 5185 Ἀδριανοῦ.
2204 5113 2416 5169 Mortuo
2460 5111 2714 5177 Basilide,
2743 5107 2980 5163 Gnostici
3004 5111 3058 5164 in
3107 5109 3434 5163 Alexandria

1861 5209 2028 5261 vocati
2060 5217 2202 5272 sunt,
2226 5205 2540 5275 temporibus
2564 5204 2813 5257 Adriani.
2847 5202 3046 5256 Deinde
3064 5216 3241 5272 neque
3264 5216 3435 5272 usque

1862 5297 1996 5351 adeo
2022 5307 2230 5350 certum
2265 5305 2349 5351 est
2372 5295 2658 5366 legendum
2690 5309 2811 5351 esse
2840 5295 2893 5348 in
2950 5293 3211 5348 Chronico
3235 5334 3252 5360 ,
3288 5312 3438 5348 com-

1860 5397 2121 5442 moratur.
2156 5387 2415 5453 Quamvis
2452 5386 2597 5441 enim
2621 5387 2897 5441 Pontacus
2922 5386 2973 5439 in
2998 5384 3269 5455 aliquibus
3298 5402 3431 5439 mss.

1860 5488 2217 5531 commoratur
2249 5478 2352 5547 legi
2382 5478 2594 5541 doceat,
2649 5486 2707 5530 ut.
2745 5477 2798 5531 in
2844 5490 2953 5530 uno
2997 5476 3432 5545 Cantabrigieusi

1859 5572 2043 5625 codice
2089 5570 2348 5640 scriptum
2395 5570 2559 5623 etiam
2605 5568 2874 5637 reperisse
2912 5581 2972 5622 se
3015 5567 3147 5622 dicit
3198 5566 3433 5621 Pearso-

1860 5663 1983 5717 nius
2019 5661 2085 5727 3',
2121 5662 2263 5715 idem
2294 5672 2471 5715 tamen
2504 5660 2556 5713 in
2588 5659 2833 5729 pluribus
2861 5665 3302 5712 commemoratur
3328 5658 3430 5714 ha-

1776 5830 1820 5862 ³²
1852 5830 1910 5886 In
1946 5829 2177 5887 addend.
2220 5830 2285 5888 ad
2320 5830 2477 5887 Vind.
2512 5830 2674 5899 epist.
2702 5826 2873 5898 lgnat.
