3954 6352
559 360 665 415 1⁸55
1361 339 1954 403 DISSERTATIONES
1987 336 2129 393 ΡΒᾸ

2232 333 2290 390 ΑΞ
2318 331 2389 388 ΙΝ
2420 330 2687 388 ῙΒΕΝᾸΞΙ
2723 326 2992 385 LIBROS.
3675 330 3762 388 ιω

552 477 669 533 beri
696 473 900 540 innuit;
926 485 1046 543 quze
1068 484 1169 525 vox
1194 467 1237 523 si
1262 468 1528 533 obtineat,
1556 464 1856 521 similitudo
1877 461 2119 517 locorum

2232 452 2486 527 λαμϐάνει
2528 454 2585 506 ὲν
2616 448 2825 521 ὀγδοάδι
2863 448 3042 519 μένειν
3071 444 3563 516 ἑνδιατεταγμένας
3592 444 3767 503 Basili-

552 570 718 637 perit.
755 564 861 621 Sed
886 536 1160 634 quidquid
1188 562 1259 617 sit
1285 561 1352 615 de
1395 561 1627 616 lectione
1649 601 1663 624 ,
1692 557 1826 612 nihil
1860 560 2127 624 repugnat
2228 548 2319 601 de:
2342 554 2517 600 autem
2535 544 2625 613 qui
2646 542 2857 610 defecit,
2878 538 3152 637 Justitiam
3168 548 3215 591 et
3234 536 3349 637 ejus
3372 538 3555 637 ﬁli-am,
3575 537 3765 637 Pacem,

554 628 848 713 Basilidem
876 628 969 711 aut
1001 628 1166 710 vitam
1204 655 1409 710 liniisse
1435 655 1533 710 sub
1559 652 1782 707 Adriani
1820 650 2004 713 finem,
2035 657 2129 703 aut

2232 650 2374 709 putat
2420 642 2477 690 in
2528 637 2768 705 ogdoade
2811 647 3020 686 manere
3078 630 3382 698 dispositas.
3416 628 3525 684 Nec
3568 633 3765 687 dubium

556 768 879 823 prorogasse
918 765 1089 819 usque
1113 749 1178 802 ad
1204 748 1463 803 Antonini
1500 746 1581 800 Pii
1632 745 1875 799 exordia.
1920 742 2129 798 Vixerit

2232 732 2355 802 quin
2392 730 2443 783 in
2478 728 2653 798 prima
2709 740 2806 780 sua
2860 721 3249 793 coniugatione
3279 720 3523 775 Ἕννοιαν
3567 738 3653 777 seu
3686 725 3768 779 Σιο

554 815 932 914 quiuquennio
960 815 1051 896 aut
1087 841 1351 897 sexennio
1380 838 1496 908 plus
1525 845 1621 891 aut
1670 836 1847 890 minus
1871 875 1887 901 ,
1934 849 2126 902 parum
2226 824 2329 895 γὴν
2361 822 2634 884 habuerit.
2661 817 3043 914 m35€_"_'0§fl"e
3071 831 3198 914 ςυηι
3231 815 3446 914 feminis
3476 817 3527 869 in
3550 818 3769 914 Ostigade

553 940 780 991 Omnino
813 936 1000 990 refert.

2232 912 2594 984 copulaverit,
2644 925 2765 963 cum
2802 908 2854 960 id
2897 906 3120 960 disertis
3144 906 3327 959 verbis
3360 916 3601 959 asserant
3647 906 3769 961 Gre-

628 1032 746 1087 115.
772 1031 983 1095 Primus
1005 1028 1244 1084 omnium
1269 1025 1516 1081 Basilidis
1537 1038 1774 1087 errores,
1791 1021 2129 1089 subtilesque

2232 1008 2414 1077 gorius
2438 1002 2595 1067 Naz.,
2620 999 2858 1062 Nicetas,
2886 1007 2940 1052 et
2963 997 3113 1051 Elias
3140 996 3413 1051 Cretensis
3446 996 3568 1051 alibi
3598 996 3767 1059 citati;

553 1124 857 1194 praestigias
901 1131 955 1176 et
996 1121 1271 1174 detexisse
1314 1127 1366 1173 et
1417 1118 1765 1179 conl‘utasse,
1805 1116 2129 1182 occultaque

2232 1106 2284 1152 et
2327 1095 2713 1165 magistrorum
2761 1090 3090 1146 sententiam
3141 1104 3247 1143 non
3302 1089 3630 1151 conciderit,
3688 1093 3768 1143 sed

557 1216 702 1269 illius
729 1225 781 1267 et
811 1211 1044 1265 nefanda
1072 1208 1362 1264 manifesto
1390 1208 1700 1279 prodidisse
1734 1205 2017 1277 mysteria,
2044 1205 2127 1258 vi-

2232 1188 2413 1257 potius
2436 1187 2488 1237 in
2515 1185 2827 1237 immensum
2858 1179 3170 1245 extenderit,
3198 1188 3257 1232 ut
3283 1177 3520 1247 loquitur
3546 1178 3769 1232 lrenteus.

554 1268 713 1363 detur
742 1308 978 1377 Agrippa
1012 1305 1226 1369 Castor,
1267 1303 1360 1372 qui
1391 1268 1492 1357 sub
1518 1300 1757 1354 Adriano
1790 1268 2129 1353 eruditionis

2232 1276 2498 1338 Virtutes,
2533 1273 2811 1341 Principes
2838 1280 2893 1325 et
2921 1269 3163 1339 Angelos
3190 1270 3242 1324 in
3270 1269 3373 1323 ’565
3396 1268 3616 1334 classes,
3639 1268 3768 1336 juxta

556 1359 715 1455 laude
743 1359 988 1453 iltjrebat.
1019 1359 1459 1451 Valentissimam
1488 1394 1653 1447 fuisse
1678 1390 1823 1444 illius
1848 1389 2131 1443 refutatio-
2235 1368 2499 1424 οωιοτηηι
2533 1378 2842 1430 numerum,
2876 1362 3242 1455 distribuebat
3292 1359 3482 1455 (cmlos
3518 1360 3653 1413 enim
3682 1360 3771 1455 ξϐὅ

553 1508 678 1546 nem
713 1499 977 1545 memorat
1006 1487 1271 1541 Eusebius
1298 1484 1365 1552 ³³,
1389 1493 1444 1537 et
1468 1485 1533 1537 ad
1562 1498 1657 1538 sua
1690 1496 1859 1549 usque
1883 1488 2128 1548 tempora

2236 1457 2510 1527 fingebat:
2571 1455 2650 1509 sic
2682 1454 2939 1509 nimirum
2993 1453 3269 1523 appellare
3324 1452 3592 1521 placuerat
3637 1451 3773 1506 orbes

554 1584 876 1653 pervenisse
913 1602 924 1635 :
959 1579 1161 1633 dudum
1194 1587 1276 1631 est
1301 1576 1445 1646 quod
1477 1584 1583 1627 tant
1618 1574 1951 1627 luculentum
1994 1586 2131 1640 opus
2235 1563 2380 1653 quos
2412 1556 2563 1603 ῐηοιυ
2596 1546 2797 1653 ﬂint"?
2823 1545 2902 1653 5°}
2929 1558 3258 1653 νξτουττξετθ
3283 1543 3539 1653 fidei-lig-

554 1676 688 1729 edax
723 1687 902 1727 rerum
929 1679 1141 1739 tempus
1170 1668 1366 1722 misere
1398 1665 1759 1733 consumpsit,
1791 1678 1859 1717 ne
1887 1677 1954 1716 eo
1978 1660 2128 1715 frue-

558 1781 762 1820 remur.
809 1766 1019 1817 Auctor
1066 1760 1188 1826 fuit,
1222 1759 1455 1813 Eusebio
1488 1767 1644 1819 teste,
1674 1754 1966 1809 Basilidem
1993 1769 2126 1823 qua-

2230 1642 2464 1696 classem
2516 1654 2546 1693 a
2596 1638 2800 1707 Sophia
2847 1646 2902 1691 et
2952 1634 3178 1706 Dynami
3214 1632 3527 1703 productam
3562 1631 3771 1694 dicebat,

2233 1748 2355 1801 quae
2383 1732 2577 1787 deinde
2614 1731 2850 1802 primum
2875 1727 3071 1783 malum
3095 1735 3150 1780 et
3182 1726 3317 1780 alios
3347 1723 3577 1795 Angelos
3607 1722 3772 1777 condi-

557 1869 680 1912 tuor
726 1869 781 1911 et
832 1856 1023 1925 viginti
1075 1854 1241 1909 libros
1273 1854 1326 1908 in
1365 1850 1713 1921 Evangelium
1765 1849 2056 1918 scripsisse
2108 1867 2121 1903 :
2156 1831 2200 1885 Β
2229 1824 2401 1925 gem}
2435 1838 2465 1876 ³
2496 1822 2695 1925 Ψξίιξίξδ
2965 1812 3775 1925 scf?“d“"_'.°fl_"_mgtggnavi"

554 1949 801 2006 vicesimi
860 1949 1005 2003 tertii
1064 1946 1310 2001 meminit
1368 1945 1623 1997 Clemens
1667 1943 1862 2007 Alex.,
1915 1943 2008 1997 lib.
2047 1957 2099 1994 tv

557 2043 783 2105 Strom.,
819 2057 871 2109 p.
899 2038 1022 2097 506;
1048 2032 1354 2091 Archelaus
1380 2052 1507 2089 vero
1531 2033 1694 2105 [LXI]
1719 2034 1915 2088 decimi
1953 2032 2122 2087 tertii.

556 2134 662 2189 Sed
709 2143 889 2187 utrum
941 2132 992 2185 in
1045 2144 1168 2184 vera
1218 2127 1419 2182 Christi
1476 2124 1764 2194 Evangelia
1822 2125 2123 2178 elucubrati

554 2237 761 2287 essent,
789 2239 856 2276 an
885 2226 937 2276 in
971 2222 1137 2289 ipsius
1161 2218 1449 2279 Basilidis,
1493 2217 1785 2271 incertum.
1833 2214 1968 2270 Nam
2004 2230 2123 2269 eam

558 2319 730 2371 fuisse
777 2315 1011 2369 hominis
1057 2310 1480 2379 impudentiam,
1539 2321 1596 2362 ut
1654 2318 1705 2364 et
1753 2308 1868 2378 ipse
1924 2322 2126 2363 novum

557 2409 907 2477 Evangelium
952 2406 1195 2460 scribere
1249 2418 1413 2457 ausus
1462 2401 1680 2467 fuisset,
1740 2403 1895 2456 docet
1932 2402 2125 2473 Orige-

558 2519 654 2559 nes
684 2501 749 2555 ”.
789 2500 953 2552 Vetus
982 2499 1391 2551 Testamentum
1434 2511 1558 2550 cum
1603 2497 1816 2549 cteteris
1851 2496 2129 2552 Gnosticis

558 2594 859 2663 rejiciebat.
912 2591 1118 2645 Novum
1147 2599 1363 2653 autem,
1420 2587 1745 2659 Hieronymo
1794 2600 1930 2644 teste
1976 2590 2019 2622 ³⁸
2074 2589 2129 2643 in

552 2686 725 2755 Epist.
766 2686 836 2740 ad
874 2687 979 2745 Tit.
1026 2682 1318 2751 principio,
1361 2682 1502 2736 {cede
1538 2681 1860 2747 mutilabat,
1902 2680 2129 2736 resectis

555 2788 661 2826 non
698 2772 859 2826 modo
890 2771 1134 2838 pluribus
1165 2771 1321 2835 locis,
1348 2772 1442 2825 sed
1474 2772 1701 2842 integris
1726 2772 1892 2825 etiam
1907 2769 2125 2837 Episto-

557 2865 651 2932 lis,
683 2865 750 2919 ad
801 2865 1081 2928 Hebraeos,
1116 2864 1183 2920 ad
1229 2863 1437 2928 Titum,
1464 2876 1521 2921 et
1563 2873 1795 2934 utraque
1827 2864 1896 2918 ad
1940 2862 2127 2919 Timo-

552 2957 761 3021 theum,
792 2970 929 3025 quas
964 2956 1131 3010 Paulo
1150 2957 1532 3028 abjndicabat;
1553 2957 1832 3012 resecandi
1861 2970 1991 3011 vero
2034 2966 2130 3012 aut

554 3048 905 3117 abjudicandi
936 3048 1049 3101 sola
1076 3048 1216 3101 ratio
1246 3045 1371 3111 fuit,
1404 3046 1550 3117 quod
1581 3046 1667 3101 his
1713 3048 2130 3117 configerentur

2224 1913 2493 1982 Angelos:
2522 1914 2590 1966 ab
2620 1912 2702 1965 his
2733 1910 2951 1964 tertium
2984 1908 3204 1970 calum,
3237 1917 3291 1961 et
3319 1907 3454 1959 alios
3486 1905 3657 1960 itidem
3680 1905 3775 1957 An—

2226 2004 2412 2073 gelos:
2448 2012 2503 2055 et
2530 2003 2609 2055 sic
2647 2000 2919 2069 gradatim
2950 1999 3086 2052 alios
3119 1998 3187 2050 ab
3212 1998 3335 2051 aliis
3359 1996 3642 2067 productos
3672 1996 3769 2048 An—

2226 2093 2375 2163 gelos
2421 2100 2476 2147 et
2526 2091 2695 2147 caelos
2744 2104 2917 2159 usque
2963 2090 3030 2143 ad
3079 2087 3184 2142 565
3227 2096 3284 2143 et
3344 2088 3608 2153 ultimum,
3651 2085 3773 2154 quod

2227 2185 2386 2239 nobis
2412 2183 2721 2253 proximum
2752 2191 2858 2246 est,
2884 2180 3104 2235 etelum.
3159 2180 3241 2234 Ab
3294 2177 3517 2248 Angelis
3543 2190 3663 2231 vero
3688 2175 3765 2244 qui

2226 2274 2520 2345 posteriori
2574 2283 2815 2342 praesunt
2854 2272 2993 2328 coelo
3038 2273 3292 2342 (quorum
3328 2271 3580 2339 princeps
3624 2266 3666 2320 is
3693 2264 3771 2336 qui

2225 2366 2538 2421 Judaaorum
2568 2363 2711 2420 Deus
2737 2366 2983 2435 dicitur),
3009 2364 3289 2419 conditum
3320 2361 3627 2415 inferiorem
3652 2359 3774 2411 hunc

2228 2457 2490 2510 mundum
2516 2454 2670 2521 cujus
2698 2457 2939 2523 regimen
2963 2465 3017 2509 et
3042 2453 3335 2522 imperium
3369 2453 3509 2506 inter
3536 2465 3592 2504 se
3612 2446 3773 2517 partiti

2228 2546 2452 2604 fuerint.
2488 2546 2710 2617 Angelis
2744 2561 2908 2616 porro
2942 2546 3051 2600 illis
3082 2544 3338 2600 omnibus
3393 2542 3615 2598 barbara
3648 2553 3774 2607 quie-

2229 2640 2352 2691 dam
2390 2638 2631 2702 nomina,
2659 2652 2781 2706 qua:
2811 2646 3080 2692 terrerent
3110 2637 3415 2705 imperitos,
3448 2636 3774 2703 imposuerat.

2229 2728 2535 2798 Principem
2555 2738 2732 2783 autem
2755 2744 2942 2783 eorum
2968 2743 3030 2782 ac
3056 2744 3371 2798 supremttm
3397 2728 3582 2781 ducem
3614 2717 3777 2791 Ἀϐρά-

2229 2820 2347 2889 ξας,
2377 2821 2481 2886 vel,
2510 2830 2569 2875 ut
2598 2821 2795 2876 scribit
2844 2822 3197 2891 Epiphanius,
3245 2816 3515 2890 ’Δϐρασὰξ
3543 2814 3774 2873 vocabat;

2232 2912 2298 2967 de
2329 2927 2439 2983 quo
2462 2912 2681 2967 nomine
2708 2911 2832 2966 vide
2858 2912 2987 2981 quid
3023 2913 3076 2964 in
3116 2912 3258 2965 notis
3294 2910 3497 2964 nostris
3541 2906 3771 2959 diximus.

2228 3003 2611 3074 Atnusqnam,
2665 3003 2807 3072 quod
2861 3002 3055 3066 sciam,
3085 3003 3324 3071 Angelos
3355 3001 3475 3055 illos
3516 2992 3776 3068 appellarit

2230 3094 2472 3159 Eones,
2512 3094 2656 3148 unde
2709 3093 2896 3147 mirari
2927 3094 3075 3147 subit
3106 3092 3497 3163 Hieronymum
3531 3093 3583 3143 in
3632 3096 3775 3152 supra

2232 3186 2400 3239 citato
2432 3183 2658 3255 Dialogo
2690 3193 2883 3237 contra
2914 3183 3317 3249 Luciferianos,
3376 3180 3657 3251 scripsisse
3681 3173 3773 3229 Ba-

2230 3274 2465 3339 silidem,
2509 3273 2615 3328 365
2666 3272 2869 3327 xEones
2911 3284 3315 3326 commentatum
3367 3282 3515 3327 esse:
3568 3262 3777 3333 Angelos

2228 3367 2371 3422 enim
2405 3367 2471 3421 ab
2508 3364 2777 3420 IEonibus
2816 3365 3247 3434 distinguebant.

2300 3456 2424 3511 117.
2457 3455 2584 3511 Htec
2618 3456 2732 3512 fere
2759 3464 2887 3509 sunt
2917 3454 2969 3507 in
3001 3455 3202 3523 quibus
3235 3468 3264 3507 a
3302 3451 3677 3523 magistrorum
3702 3456 3776 3496 se-

2228 3548 2380 3602 ntitis
2402 3547 2769 3602 declinaverat
2786 3545 3071 3599 Basilides.
3090 3544 3294 3598 Caetera
3315 3543 3551 3613 perfecte
3566 3545 3777 3592 consen—

2232 3638 2454 3693 tiebant.
2482 3638 2677 3692 Eadent
2702 3637 2949 3704 utrisque
2975 3634 3042 3689 de
3063 3633 3267 3688 ChriSti
3295 3634 3550 3691 adventu,
3578 3627 3780 3692 ejusque

2230 3747 2417 3798 causa,
2451 3730 2682 3795 eﬂ‘ectis,
2712 3735 2776 3783 a‘c
2807 3730 2966 3783 modo
2989 3765 3006 3791 ,
3071 3721 3358 3781 sententia.
3408 3720 3651 3777 Addebat
3675 3722 3777 3766 tan-

2230 3833 2366 3888 tum,
2400 3839 2505 3877 non
2536 3822 2811 3877 Christum
2846 3821 3046 3889 ipsum,
3071 3820 3227 3891 cujus
3250 3816 3644 3888 phatttasticum
3672 3810 3779 3859 erat

2232 3929 2454 3986 corpus,
2488 3915 2582 3968 sed
2629 3912 2906 3967 Simonem
2947 3909 3288 3982 Cyrenaeam,
3316 3911 3640 3962 commutata
3670 3907 3778 3949 cum

2230 4006 2450 4061 Christo
2476 4004 2646 4059 forma
2675 4017 2739 4057 ac
2771 4001 2982 4070 specie,
3010 4000 3059 4053 ei
3092 3999 3457 4067 suppositum,
3499 3994 3550 4048 in
3579 3994 3778 4044 crucem

2234 4093 2508 4147 sublatum
2539 4105 2695 4145 esse:
2739 4098 3072 4159 quapropter
3119 4102 3217 4141 eos
3264 4086 3412 4142 solos
3447 4084 3513 4138 ab
3564 4072 3779 4147 Angelo'

2234 4202 2353 4239 rum
2388 4184 2572 4239 mundi
2609 4184 2949 4238 conditorum
3008 4188 3278 4250 potestate
3330 4173 3655 4235 liberandos,
3699 4159 3780 4235 qui

2234 4279 2464 4332 alterum
2488 4276 2556 4331 ab
2586 4278 2759 4330 altero
2781 4275 3022 4345 apprime
3045 4275 3462 4342 distinguentes,
3482 4262 3778 4322 crucifixum

2234 4349 2580 4439 negaverint,
2612 4367 2871 4435 illumque
2898 4363 3135 4420 confessi
3169 4364 3395 4428 fuerint,
3426 4375 3529 4415 non
3558 4352 3644 4424 qui
3674 4360 3783 4439 cru-

2238 4434 2432 4512 citixus
2464 4457 2558 4521 sit,
2590 4457 2683 4511 sed
2719 4457 2809 4526 qui
2842 4454 3087 4525 crucifigi
3119 4455 3273 4509 visus
3307 4454 3408 4517 sit;
3459 4463 3550 4505 eos
3581 4434 3782 4536 ντοίξξάθ

2237 4548 2459 4604 insanos
2490 4549 2645 4619 esse},
2677 4548 2770 4617 qui
2824 4563 2923 4618 pro
2973 4547 3234 4602 cruciﬂxo
3265 4544 3585 4618 martyrium
3618 4529 3781 4629 subie‘

2237 4646 2379 4708 rint;
2416 4650 2603 4712 utpote
2635 4642 2833 4713 quibus
2874 4642 3019 4695 nulla
3072 4642 3266 4696 mortis
3297 4655 3461 4711 quam
3493 4638 3545 4691 itt
3574 4625 3784 4685 hom"IIS

2239 4735 2466 4806 gratiam
2492 4736 2749 4801 obierint,
2779 4750 2991 4791 merces
3019 4735 3203 4789 futura
3234 4734 3323 4789 sit.
3353 4734 3433 4788 Ad
3471 4741 3589 4785 eam
3614 4716 3784 4778 distin-

2238 4826 2499 4890 ctionem,
2531 4826 2713 4896 impiis
2746 4827 2863 4882 istis
2896 4825 3244 4888 familiarem,
3274 4825 3414 4879 haud
3462 4818 3593 4874 satis
3620 4818 3784 4865 atten—

2239 4920 2383 4975 disse
2413 4918 2632 4974 videtur
2666 4918 2918 4974 Clemens
2971 4919 3127 4973 Alex.
3181 4917 3309 4973 dum
3358 4910 3577 4981 scripsit
3609 4903 3695 4957 lib.
3732 4906 3780 4947 tv

2242 5008 2471 5079 Strom.,
2506 5008 2648 5077 quod
2681 5008 2943 5064 Basilides
2965 5010 3227 5063 hominem
3258 5003 3511 5077 peccandi
3552 4996 3785 5065 potestate

554 3141 678 3211 ejus
704 3154 947 3194 errores.
977 3140 1047 3193 At
1072 3139 1373 3209 repudiatis
1400 3139 1544 3194 veris
1580 3140 1892 3210 prophetis,
1934 3157 2124 3208 novos,
2154 3156 2199 3214 ο

553 3244 617 3287 ιιι
662 3232 836 3287 errori
896 3232 1054 3287 fidem
1100 3232 1454 3296 conciliaret,
1505 3242 1885 3302 supposuerat,
1939 3236 2133 3304 eisque

558 3326 789 3380 barbara
825 3326 1043 3379 nomina
1068 3324 1369 3378 Barcabam
1401 3335 1455 3379 et
1490 3324 1738 3393 Barcoph
1771 3327 2128 3396 imposuerat,

555 3417 757 3487 quibus
782 3426 1047 3472 terrorem
1080 3416 1504 3486 simplicioribus
1547 3417 1820 3487 injiceret.
1861 3418 2026 3475 Forte
2061 3420 2125 3474 li-

555 3508 743 3564 ctitius
778 3507 866 3561 ille
912 3507 1180 3575 Barcoph,
1230 3507 1277 3561 is
1310 3516 1397 3561 est
1438 3506 1678 3563 Parchor
1726 3510 1991 3579 propheta
2017 3550 2033 3575 ,
2076 3512 2130 3566 in

557 3617 718 3673 quem
746 3600 1148 3668 expositionum
1181 3599 1349 3654 libros
1375 3600 1671 3669 scripserat
1709 3602 1948 3657 Isidorus
1976 3602 2133 3657 Basi-

558 3695 684 3751 lidis
716 3694 860 3749 ﬁlius
886 3703 938 3749 et
965 3694 1286 3763 discipulus.
1328 3696 1710 3767 Fragmentum
1744 3696 2016 3766 quoddam
2064 3711 2130 3751 ex

557 3789 734 3857 primo
777 3786 1118 3857 desumptutn
1166 3789 1460 3857 exscripsit
1511 3787 1764 3844 Clemens
1804 3789 2130 3844 Alexandri-

560 3894 664 3933 nus
695 3878 764 3943 ",
805 3892 874 3932 ex
916 3893 1024 3947 quo
1070 3879 1330 3935 discimus
1366 3875 1691 3936 familiarem
1726 3881 1896 3938 fuisse
1940 3881 2135 3935 Basili—

559 3971 736 4025 dianis
782 3972 978 4026 librum
1027 3972 1294 4038 alterum,
1335 3988 1500 4043 quem
1542 3975 1730 4030 Chami
1794 3977 2132 4047 prophetiam

562 4065 925 4134 appellabant.

639 4183 765 4239 116.
791 4184 832 4237 A
872 4182 1122 4249 Simone,
1167 4181 1469 4239 Menandro
1502 4192 1556 4237 et
1587 4182 1889 4240 Saturnino
1929 4186 2134 4243 erroris

566 4285 887 4345 argumenta
922 4283 1203 4328 mutuatus
1241 4286 1322 4329 est
1350 4274 1647 4343 Basilides;
1677 4290 1799 4347 quae
1838 4286 2041 4342 tamen,
2074 4286 2135 4333 ut

560 4381 759 4419 nomen
790 4364 892 4419 sibi
922 4362 1157 4429 faceret,
1187 4364 1294 4419 alia
1322 4367 1539 4421 ratione
1565 4375 1825 4431 tractare,
1853 4376 1907 4423 et
1930 4367 2135 4437 majore

562 4472 685 4511 cum
715 4472 911 4527 pompa
940 4471 1201 4511 enarrare
1220 4456 1481 4524 instituit,
1512 4459 1670 4513 novis
1693 4458 2015 4525 quibusdam
2039 4458 2128 4513 ad-

563 4550 694 4605 ditis
731 4549 1035 4604 fabularum
1066 4550 1355 4620 portentis.
1390 4548 1464 4602 Ea
1486 4550 1749 4605 duntaxat
1778 4550 1867 4604 hic
1898 4566 2137 4606 comme-

562 4658 781 4697 morare
815 4642 948 4697 satis
974 4642 1102 4708 erit,
1129 4657 1247 4711 quae
1278 4656 1307 4694 a
1335 4643 1717 4711 magistrorum
1750 4645 1995 4700 doctrina
2025 4643 2137 4700 dis-

568 4736 843 4788 sidebant.
876 4734 960 4789 Ab
988 4736 1176 4790 innato
1206 4734 1369 4790 Patre
1401 4734 1519 4788 Nun
1558 4736 1875 4803 derivabat,
1922 4746 2036 4792 tum
2070 4737 2137 4793 ab

568 4826 667 4879 hoc
691 4823 894 4893 Logon,
930 4826 1127 4880 deinde
1158 4840 1187 4878 a
1222 4824 1369 4895 Logo
1402 4824 1726 4892 Phronesin,
1769 4842 1860 4882 seu
1893 4827 2139 4885 Pruden-

569 4916 723 4981 t'iam,
755 4918 862 4980 vel,
900 4925 958 4970 ut
981 4918 1123 4986 apud
1158 4914 1557 4971 Tertullianum
1592 4917 1810 4989 legitur,
1841 4920 2139 4975 Providen-

566 5008 737 5072 tiam;
774 5022 803 5060 a
846 5006 1110 5062 Phronesi
1142 5019 1324 5063 autem
1359 5008 1619 5076 Sophiam
1644 5018 1697 5063 et
1719 5007 2011 5078 Dynamin,
2037 5011 2140 5067 hoc

2165 4500 2211 4556 D

565 5111 649 5155 est
681 5099 1019 5168 Sapientiam
1053 5108 1106 5153 et
1132 5098 1463 5155 Potentiam.
1502 5100 1577 5156 lta
1610 5102 1845 5156 lrenaaus
1882 5102 1947 5171 ³⁷,
2009 5103 2136 5172 Epi—

569 5194 807 5262 phanius
839 5193 904 5259 ³⁸,
932 5192 1309 5247 'l‘lteodoretus
1364 5193 1430 5259 ³³,
1462 5202 1517 5248 et
1547 5192 1917 5251 Tertullianus
1956 5195 2025 5249 “.
2069 5196 2141 5250 At

570 5286 829 5339 Basilidis
868 5285 1242 5355 genealogiam
1274 5286 1537 5355 integram
1566 5302 1674 5342 non
1706 5286 1968 5341 referunt.
1999 5286 2134 5341 Nam

567 5394 633 5431 ex
667 5380 946 5432 Clemente
994 5377 1152 5431 Alex.
1186 5377 1276 5431 lib.
1309 5392 1362 5430 tv
1393 5366 1607 5443 St'rom.,
1644 5394 1696 5450 p.
1727 5379 1860 5434 539:
1894 5379 2136 5432 Βασιλεί-

558 5470 662 5540 δης
684 5472 1070 5541 ἀποστατήσας
1102 5471 1204 5539 (sic
1227 5468 1367 5538 lego,
1401 5484 1506 5521 non
1544 5470 1894 5535 ὑποστατὰς),
1919 5473 2135 5525 Δικαιο-

569 5563 734 5634 σύνην
758 5563 814 5615 δὲ
845 5562 937 5615 καὶ
970 5562 1067 5632 τὴν
1097 5560 1373 5633 Θυγατέρα
1400 5560 1569 5623 αὐτῆς
1599 5561 1696 5633 τὴν
1715 5562 1969 5633 Εἰρήνην,
2002 5562 2135 5614 ὑπο-

661 5682 705 5712 ³³
739 5681 799 5735 L.
841 5696 891 5734 tv
942 5679 1109 5747 llist.,
1140 5696 1189 5735 c.
1224 5678 1275 5732 7.
1368 5678 1413 5709 ³⁸
1453 5678 1609 5733 Hom.
1642 5695 1659 5733 ι
1714 5680 1766 5733 in
1802 5680 1936 5736 Luc.

566 5752 802 5818 Strom.,
832 5766 885 5820 p.
916 5751 1039 5823 64}.
1161 5751 1204 5782 ³⁷
1236 5749 1355 5823 Lib.
1388 5766 1428 5817 ι,
1460 5767 1508 5806 c.
1541 5748 1635 5815 24,
1667 5767 1721 5805 n.
1755 5753 1789 5808 5
1821 5765 1877 5807 et
1906 5767 2068 5823 seqq.

565 5828 825 5893 August.,
861 5825 926 5878 de
954 5821 1125 5891 ἥξει-η
1156 5830 1210 5877 et
1242 5822 1359 5878 alii.

2027 5678 2071 5712 ³⁸
2099 5679 2321 5744 Enseb.,
2372 5680 2478 5737 loc.
2528 5682 2651 5747 cit.,
2692 5692 2748 5734 et
2798 5680 3141 5750 Hieronym.,
3175 5678 3228 5732 in
3265 5674 3439 5750 Cratal.

2167 5750 2213 5782 ³⁸
2246 5750 2388 5805 Haer.
2430 5767 2580 5807 xxiv.

2237 5103 2519 5172 praeditum
2544 5116 2705 5154 ausus
2732 5110 2861 5154 esset
2889 5102 3063 5154 dicere
3093 5101 3406 5154 Dominum:
3432 5090 3573 5165 quod
3606 5082 3782 5138 falsttm

2238 5195 2471 5260 videtur,
2500 5193 2545 5248 si
2582 5194 2651 5247 ad
2680 5206 2868 5247 verum
2901 5193 3179 5248 Christum
3214 5192 3510 5252 referatur,
3544 5189 3694 5262 quem
3729 5177 3786 5262 ηεξ

2240 5285 2513 5341 hominem
2545 5284 2764 5354 quidem
2820 5299 2943 5339 esse
2986 5285 3260 5338 fatebatur
3296 5303 3306 5335 :
3350 5285 3620 5343 utcunque
3668 5261 3785 5354 ferri

2241 5386 2420 5445 potest
2445 5376 2489 5431 si
2518 5353 2587 5429 de
2617 5376 2879 5430 ementito
2913 5374 3152 5439 Christo,
3179 5390 3372 5443 nempe
3409 5372 3625 5424 Simone
3646 5353 3787 5420 CY'e'

2246 5486 2362 5525 meo
2419 5470 2772 5540 intelligatur,
2812 5471 2904 5539 qui
2940 5470 3040 5524 sub
3071 5469 3273 5523 Christi
3321 5464 3502 5537 specie
3534 5469 3593 5509 ac
3630 5448 3784 5513 “3””

2244 5564 2395 5617 cruci
2428 5562 2615 5619 afﬁxus
2650 5564 2773 5619 fuit.
2810 5563 3007 5617 Eadem
3054 5563 3215 5617 etiam
3250 5564 3496 5628 utrisque
3543 5540 3782 5600 effrenata

3530 5660 3572 5694 ao
3600 5654 3707 5711 Lib,
3739 5651 3783 5691 vl

2694 5718 2748 5784 ξιτ
2778 5718 3150 5816 ίῑδΐῑῖξςΐέῖ
3269 5718 3571 5800 tua...
3601 5743 3649 5781 ε.
3678 5718 3781 5773 ιδ’
