3954 6352
203 402 298 455 157

904 394 1362 451 DlSSERTATlO
1396 393 1437 457 l,
1476 393 1635 451 All'l'.
1673 394 1765 452 Ill.

1895 435 1896 447 η
1938 393 2315 448 VALENTI“
2357 392 2751 448 g‘llAGlSTRlS.

3376 388 3475 442 138

199 520 401 588 quidvis
431 519 637 589 agendi
664 518 912 583 licentia,
934 534 1142 570 morum
1176 518 1481 587 corruptio.
1513 518 1564 570 itt
1588 516 1786 587 ﬂagitia
1819 520 1865 578 Α
1895 517 2187 580 daemonia,
2223 532 2344 585 ane
2375 516 2614 568 animam
2648 523 2891 577 movent,
2929 511 3287 581 perturbant,
3316 522 3370 567 et
3408 511 3475 564 ad

196 612 435 683 qiuelibet
457 627 714 679 prmceps
730 610 922 673 libido,
943 619 999 663 et
1015 610 1346 679 magicorum
1369 608 1567 660 artium
1588 608 1788 669 studia,

194 699 290 759 into
310 717 363 758 et
384 703 723 757 idololatria:
736 701 976 765 scelera;
998 717 1118 753 nam
1133 701 1299 754 certis
1316 700 1637 769 quibusdam
1660 700 1795 752 ima-

192 792 701 864 ginibusnel’arium
727 791 936 846 cultum
964 791 1314 844 adhibebant.
1345 790 1450 843 Sed
1492 790 1545 842 in
1575 798 1792 842 necten-

192 886 271 937 dis
289 883 429 935 dulis
468 882 709 950 peritior
736 881 991 943 caeteris,
1035 880 1411 934 dissimulandi
1453 893 1629 933 artem
1674 880 1791 932 suis

191 976 361 1030 sedulo
384 975 843 1040 commendabat,
897 990 999 1027 neu
1036 985 1201 1026 sectte
1254 988 1365 1026 sua:
1401 987 1604 1025 arcana
1637 1012 1653 1037 ,
1686 972 1787 1026 nisi

190 1068 553 1137 paucissimis,
596 1067 770 1134 iisque
796 1067 917 1120 lidis
941 1082 1002 1118 ac
1019 1066 1184 1120 certis
1212 1080 1440 1134 usquam
1475 1065 1787 1133 proderent.

190 1163 497 1230 frequenter
523 1160 840 1215 inculcabat
868 1174 883 1211 :
908 1177 1013 1213 non
1046 1159 1244 1212 multos
1276 1158 1545 1227 siquidem
1579 1158 1644 1210 ad
1673 1158 1791 1211 inec

189 1256 507 1325 excipienda
534 1264 889 1324 comparatos
904 1268 1045 1313 esse.
1068 1252 1161 1306 sed
1188 1251 1275 1304 vix
1298 1266 1464 1302 unum
1489 1270 1518 1303 e
1548 1248 1716 1314 mille,
1737 1256 1791 1303 et

191 1348 328 1400 dnoe
346 1347 544 1399 decem
570 1344 834 1399 millibus.
868 1343 996 1397 Date
1010 1358 1243 1411 cperam,
1269 1341 1461 1395 crebro
1481 1340 1787 1409 ingemina-

192 1441 295 1499 bat,
315 1448 371 1490 ut
407 1440 596 1490 omnia
629 1439 979 1506 cognoscatis,
1001 1453 1146 1489 nemo
1162 1452 1279 1488 vero
1301 1451 1391 1487 vos
1413 1444 1691 1502 cognoscat
1717 1432 1785 1487 ".

190 1531 361 1597 Quare
394 1541 675 1584 nttacere
725 1532 895 1583 tutius
946 1529 1261 1589 discerent,
1315 1526 1785 1597 Pythagoreorum

192 1640 335 1677 more
363 1633 422 1676 et
460 1623 744 1689 instituto,
780 1622 865 1675 his
904 1622 994 1690 qui
1043 1635 1101 1675 se
1132 1621 1183 1673 in
1222 1619 1393 1690 ipsius
1436 1619 1785 1687 disciplinam

194 1720 509 1781 tradebant,
532 1717 901 1787 quinquennii
933 1716 1214 1771 silentium
1240 1716 1613 1785 prmcipicbat.
1649 1714 1788 1771 llinc

191 1824 386 1881 negare
422 1811 613 1873 iidem,
638 1810 1077 1879 quotiescunque
1100 1821 1159 1861 se
1187 1808 1350 1861 dabat
1395 1808 1617 1863 Occasio
1637 1847 1651 1870 ,
1683 1807 1781 1861 mi-

1897 606 2095 658 ntalum
2131 607 2439 672 impellunt.
2473 606 2790 659 Andiendns
2822 604 3089 673 Origenes
3121 643 3136 667 ,
3206 603 3356 657 hom.
3411 602 3477 657 15

1896 698 1947 751 in
1977 697 2164 752 Iesum
2195 699 2377 757 Nave:
2417 699 2569 755 Unde
2600 699 2728 752 mihi
2762 699 2969 753 videtur
3011 696 3207 765 inquit,
3245 712 3358 750 esse
3390 698 3479 750 in—

1892 792 2074 859 finitus
2103 794 2319 863 quidam
2349 810 2597 846 numerus
2629 791 3019 845 contrariarum
3074 792 3349 852 virtutum,
3381 805 3478 859 pro

1891 901 1951 937 eo
1973 886 2111 953 quod
2133 902 2225 953 per
2245 886 2479 954 singulos
2504 886 2740 937 homines
2771 895 2891 937 sunt
2917 884 3136 951 spiritus
3167 884 3359 952 aliqui,
3392 881 3478 934 di-

1892 994 2042 1031 versa
2068 977 2119 1031 in
2144 978 2211 1030 iis
2228 989 2562 1045 peccatorum
2584 994 2776 1047 genera
2799 976 3093 1031 molientes.
3120 974 3274 1028 Verbi
3290 991 3478 1040 causa,

1892 1079 1967 1121 est
1989 1069 2179 1138 aliquis
2207 1068 2577 1136 fornicationis
2602 1071 2844 1136 spiritus,
2865 1078 2937 1121 est
2960 1069 3057 1121 irw
3072 1068 3293 1134 spiritus
3314 1065 3477 1130 alius,

1891 1171 1968 1215 est
1987 1163 2222 1216 avaritia:
2240 1164 2478 1232 spiritus,
2494 1162 2631 1216 alius
2656 1178 2774 1215 vero
2793 1161 3073 1229 superbire.
3096 1158 3161 1212 Et
3184 1161 3480 1229 si'iuvenias

1891 1271 1999 1306 esse
2012 1253 2236 1319 aliquem
2248 1256 2533 1317 hominem,
2549 1254 2733 1323 qui/tis
2752 1254 2994 1307 omnibus
3012 1254 3191 1314 malis,
3212 1261 3304 1305 aut
3320 1254 3480 1304 etiam

1891 1346 2131 1413 pluribus
2165 1346 2438 1415 agitatur;
2471 1364 2649 1401 omnes
2680 1348 2796 1412 hos,
2834 1345 2911 1401 vel
2942 1347 3100 1399 etiam
3131 1346 3309 1414 plures
3341 1346 3393 1398 in
3426 1362 3482 1399 se

1892 1442 2088 1493 habere
2126 1441 2369 1495 inimicos
2426 1443 2697 1510 putandus
2731 1450 2807 1495 est
2840 1441 3084 1509 spiritus.
3118 1437 3269 1493 Unde
3315 1449 3363 1493 et
3390 1456 3484 1508 per

1890 1531 2123 1602 singulos
2153 1534 2329 1602 plures
2359 1551 2469 1587 esse
2493 1534 2743 1587 credendi
2767 1544 2929 1596 sunt;
2960 1534 3087 1602 quia
3137 1549 3241 1585 non
3288 1531 3482 1584 habent

1891 1624 2101 1692 singula
2135 1624 2329 1694 singuli
2352 1626 2586 1679 homines
2611 1625 2760 1689 vilia,
2789 1625 2864 1679 vel
2890 1633 3103 1691 peccata
3125 1624 3481 1685 committunt;

1891 1715 1982 1766 sed
2006 1719 2164 1784 plura
2194 1716 2258 1767 ab
2292 1732 2605 1785 unoquoque
2638 1718 2881 1770 videntur
2922 1716 3155 1768 admitti.
3195 1713 3259 1766 Et
3290 1714 3482 1767 iterum

1893 1822 1995 1859 non
2020 1814 2097 1859 est
2120 1808 2440 1875 putandum,
2472 1809 2615 1876 quod
2668 1824 2805 1861 unus
2847 1807 3220 1875 fornicationis
3261 1807 3482 1875 spiritus

188 1900 335 1954 nime
365 1900 725 1954 dubitabant.
759 1899 1089 1967 Interrogati
1120 1913 1268 1960 vero,
1300 1897 1518 1954 Judteos
1566 1900 1782 1968 quidem
1818 1898 1860 1953 Β
1888 1898 2105 1951 seducat
2137 1915 2278 1964 eum,
2302 1900 2416 1967 qui,
2442 1917 2491 1953 υ.
2528 1917 2606 1969 g.,
2647 1901 2702 1954 in
2732 1900 3028 1954 Britanniis
3064 1900 3367 1969 fornicatur
3387 1938 3403 1962 ,
3433 1908 3481 1950 et

193 2007 249 2045 se
280 2008 407 2046 esse
444 1994 748 2062 negabant,
778 1993 1121 2048 Christianos
1153 2006 1285 2046 vero
1317 1992 1558 2045 nondum
1596 1992 1785 2045 fuisse.

190 2084 248 2139 Si
272 2084 365 2137 cui
399 2085 728 2154 martyrium
776 2086 933 2139 obire
980 2086 1345 2155 contingeret,
1378 2095 1594 2138 tantum
1630 2086 1790 2138 abest

188 2188 251 2233 It
306 2178 364 2230 id
421 2178 477 2230 in
537 2177 804 2247 singulari
856 2176 1126 2233 beneﬁcio
1160 2180 1447 2248 deputarel
1480 2176 1786 2240 Basilides,

186 2273 326 2342 quin
354 2274 541 2340 potius
575 2283 796 2339 pcenam
835 2284 960 2324 esse
1003 2269 1379 2334 contenderet,
1409 2284 1579 2338 quam
1611 2267 1791 2323 lueret

182 2361 310 2430 ejus
339 2364 529 2416 anima
561 2363 633 2414 ob
658 2370 943 2430 peccatum
971 2360 1021 2413 in
1048 2359 1153 2413 alia
1187 2360 1298 2413 vita
1331 2369 1614 2428 patratum
1641 2382 1652 2415 :
1693 2361 1792 2414 ho-

182 2455 673 2533 noriﬁcentiorem
706 2452 929 2523 quidem
962 2452 1030 2506 iis
1062 2467 1202 2521 quas
1227 2453 1474 2522 pendunt
1513 2452 1633 2506 alia:
1666 2453 1791 2507 ani-

189 2538 338 2611 mat,
407 2543 726 2599 domesticis
768 2541 1049 2611 suppliciis
1102 2540 1420 2611 puniendze;
1457 2549 1513 2595 at
1568 2556 1787 2611 poenam

186 2651 387 2693 tamen
428 2638 497 2691 “.
546 2637 677 2691 Nam
708 2638 924 2691 animas
950 2635 1071 2690 ideo
1100 2636 1152 2687 in
1191 2636 1338 2691 hanc
1368 2636 1536 2687 vitam
1574 2634 1790 2688 detrudi

184 2732 489 2796 censebat,
528 2730 672 2799 quod
704 2730 758 2782 in
793 2728 969 2782 altera
1004 2734 1363 2796 peccassent:
1426 2726 1534 2779 imo
1580 2724 1792 2780 bellua-

186 2840 314 2879 πίω
352 2834 452 2879 aut
479 2825 661 2876 avium
697 2820 1025 2887 corporibus
1070 2818 1224 2888 prius
1254 2816 1532 2872 interdum
1565 2817 1791 2888 illigari,

184 2932 370 2987 quum
422 2912 701 2968 humanis.
729 2910 859 2977 ρυλε
891 2909 1136 2963 Platonis
1193 2908 1531 2964 sententiam
1571 2907 1637 2961 de
1670 2908 1792 2960 ani-

186 3021 419 3062 marum
444 3002 899 3074 prtexsistentis,
930 3011 1178 3070 peccato,
1200 3009 1255 3054 et
1287 2998 1557 3068 supplicio
1589 2999 1642 3052 in
1673 3014 1795 3052 cor-

184 3099 435 3168 poribus
468 3096 669 3149 luendo
705 3096 846 3148 satis
874 3094 1027 3147 clare
1062 3096 1321 3164 produnt,
1347 3103 1405 3144 ttt
1435 3102 1490 3145 et
1515 3090 1794 3163 μετεμψυ-

184 3190 430 3262 χώσεως
455 3196 849 3246 commentum,
883 3186 1039 3255 cujus
1085 3185 1294 3254 primus
1326 3195 1519 3237 auctor
1556 3182 1659 3236 fuit
1686 3182 1792 3253 l’y-

1892 1990 2043 2043 illum
2065 1992 2157 2060 qui
2185 1993 2240 2045 in
2274 1991 2459 2056 India,
2489 2003 2537 2047 et
2567 1996 2621 2047 in
2649 1993 2772 2047 aliis
2803 1993 2970 2047 locis:
2996 2009 3157 2061 neque
3185 2008 3347 2045 unum
3372 2008 3484 2045 esse

1894 2084 2138 2149 spiritum
2168 2083 2284 2147 iraz,
2320 2084 2413 2151 qui
2440 2083 2664 2137 diversis
2716 2085 2771 2138 in
2806 2084 2941 2138 locis
2966 2085 3200 2137 diversos
3243 2082 3484 2135 homines

1894 2176 2089 2244 agitet;
2117 2176 2205 2228 sed
2239 2186 2369 2243 puto
2427 2175 2596 2244 magis
2652 2176 2947 2244 principem
2998 2177 3208 2245 quidem
3249 2176 3485 2244 fornica-

1896 2267 2059 2320 tionis
2090 2283 2253 2319 unum
2278 2282 2433 2331 esse;
2468 2268 2778 2319 innumeros
2806 2283 2923 2320 vero
2950 2283 3083 2334 esse,
3106 2270 3197 2337 qui
3229 2269 3283 2321 in
3309 2266 3407 2320 huc
3436 2268 3483 2320 ei

1895 2358 2061 2428 ofﬁcio
2091 2367 2313 2425 pareant
2342 2366 2390 2411 et
2438 2373 2531 2427 per
2557 2357 2794 2428 singulos
2840 2374 3074 2429 quosque
3123 2359 3362 2412 homines
3395 2359 3483 2411 di-

1894 2450 2029 2502 uersi
2058 2451 2297 2518 spiritus,
2321 2451 2415 2503 sub
2441 2466 2501 2503 eo
2528 2448 2769 2516 principe
2800 2449 3113 2515 militantes,
3142 2452 3211 2503 ad
3236 2450 3485 2519 hujusce-

1896 2540 2039 2593 modi
2057 2558 2143 2594 eos
2173 2551 2387 2609 peccata
2442 2539 2747 2593 sollicitent.
2783 2537 3047 2593 Similiter
3092 2552 3139 2594 et
3188 2544 3485 2595 iracundia:

1895 2634 2145 2701 spiritum
2171 2634 2461 2701 principem
2490 2648 2655 2684 unum
2703 2648 2816 2685 esse
2848 2633 3121 2697 arbitror;
3178 2636 3484 2689 innumeros

1895 2744 2017 2782 vero
2043 2744 2153 2780 esse
2190 2727 2286 2780 sub
2317 2727 2428 2795 ipso
2463 2737 2698 2795 agentes,
2723 2727 2812 2797 qui
2857 2742 2952 2794 per
2977 2727 3218 2795 singulos
3247 2745 3487 2797 quosque

1896 2820 2132 2872 homines
2159 2818 2459 2887 hujusmodi
2485 2819 2596 2871 vitii
2617 2829 2830 2887 peccata
2856 2823 3200 2875 succendaut.
3229 2821 3487 2876 Similiter

1895 2923 1943 2967 et
1977 2912 2219 2965 avaritiae
2258 2929 2423 2964 unum
2475 2928 2587 2964 esse
2616 2913 2943 2982 principem;
2978 2914 3054 2965 sic
3108 2927 3155 2965 et
3198 2917 3482 2981 super-bitt,

1896 3012 1949 3058 et
1976 3012 2292 3057 ca'terorum
2318 3002 2607 3064 malorum,
2640 3013 2749 3057 etc.
2787 3003 2988 3057 Eadem
3020 3004 3183 3057 habet
3220 3006 3287 3058 ad
3317 3004 3486 3061 Joan-

1898 3112 2021 3151 nem
2054 3110 2177 3161 vm,
2204 3095 2293 3151 49.
2323 3094 2484 3148 Plura
2537 3096 2641 3149 alia
2679 3111 2800 3149 eam
2848 3095 2900 3149 in
2944 3110 3057 3148 rem
3096 3106 3343 3150 veterum
3378 3096 3485 3152 Pa-

1901 3199 2041 3242 trum
2076 3187 2385 3241 testimonia
2420 3184 2588 3241 refert
2613 3186 2922 3241 Cotelerius
2970 3186 3021 3240 in
3058 3188 3203 3242 notis
3232 3189 3299 3241 ad
3348 3186 3485 3241 Iler-

188 3285 500 3350 thagoras,
538 3278 581 3331 si
632 3274 853 3330 Laertio
902 3275 946 3306 “
980 3275 1133 3330 ﬁdes.
1165 3274 1381 3327 Primus
1420 3277 1569 3329 enim
1631 3277 1789 3328 sensit
1820 3269 1863 3326 C
1898 3290 1999 3329 mae
2028 3275 2180 3331 l’ast.
2213 3278 2285 3331 lib
2317 3294 2379 3339 tt,
2430 3294 2550 3348 cap.
2584 3279 2637 3331 2.
2671 3275 2815 3344 Jam,
2853 3279 2903 3332 ni
2954 3276 3136 3347 fallor,
3174 3280 3317 3333 haud
3349 3282 3489 3334 adeo

186 3373 443 3424 animam
467 3370 723 3422 circulum
749 3370 1071 3422 necessitatis
1092 3370 1485 3434 immutantem,
1509 3369 1630 3423 aliis
1657 3370 1795 3423 alius

186 3461 413 3531 illigari
451 3460 835 3512 animantibus.
874 3460 941 3512 At
968 3460 1018 3511 id
1065 3460 1132 3513 ab
1164 3458 1436 3531 [Egyptiis
1485 3472 1795 3528 acceperat.

185 3550 335 3605 Nam
376 3550 710 3615 Herodotus,
738 3552 791 3603 in
819 3548 1065 3616 Euterpe,
1114 3548 1401 3619 Egyptios
1427 3550 1631 3617 primos
1657 3551 1797 3602 hanc

187 3645 545 3700 sententiam
579 3643 875 3695 tradidisse
921 3642 1019 3697 ait.
1071 3642 1543 3713 Consentiuntqnc
1570 3643 1797 3697 Jantbli-

186 3753 318 3798 cus,
365 3736 469 3789 lib.
510 3750 525 3787 t
559 3733 632 3787 De
658 3736 764 3787 vita
809 3731 1155 3803 Pythagora',
1181 3750 1301 3805 cap.
1333 3736 1389 3800 5,
1443 3748 1498 3790 ct
1546 3738 1794 3800 Pltolius,

188 3832 243 3883 in
280 3826 649 3889 Bibliotheca,
693 3840 745 3893 p.
789 3824 949 3879 1004.

263 3920 405 3977 118.
444 3917 661 3990 [LXII]
692 3916 837 3970 Duas
888 3931 1102 3985 quoque
1132 3915 1183 3969 in
1228 3917 1384 3971 nobis
1418 3917 1628 3971 animas
1678 3928 1793 3971 sta-7

188 4016 377 4068 misse
410 4010 739 4073 Basilidem,
772 4009 915 4060 sicut
966 4016 1019 4059 et
1066 4006 1472 4078 Pythagoreos,
1537 4019 1794 4061 testatum

190 4104 329 4159 facit
364 4102 626 4157 Clemens
653 4099 722 4163 “,
750 4100 975 4151 alteram
1011 4099 1332 4162 belluinam,
1355 4099 1583 4152 alteram
1621 4099 1795 4153 ratio-

188 4198 405 4251 nalem.
470 4194 577 4249 Sed
626 4194 746 4262 quis
783 4192 975 4245 huicce
1040 4190 1281 4260 dogmati
1337 4192 1512 4245 subsit
1560 4205 1793 4255 sensus,

191 4291 527 4361 aperuimus
556 4287 625 4341 de
683 4284 974 4339 Valentino
1021 4284 1389 4350 disserentes,
1412 4288 1624 4342 scilicet
1658 4286 1796 4339 duas

191 4384 403 4437 animae
436 4389 641 4434 nostrm
669 4390 854 4445 partes
882 4391 1025 4443 esse,
1048 4392 1293 4442 sensum,
1317 4390 1478 4445 quem
1508 4376 1791 4430 nobiscum

193 4476 544 4544 participant
579 4470 791 4530 bellum,
842 4478 898 4523 et
932 4480 1169 4524 mentem
1196 4510 1212 4536 ,
1272 4484 1368 4538 per
1414 4482 1577 4539 quam
1624 4469 1691 4523 ab
1726 4468 1792 4521 iis

193 4565 533 4620 differimus.
579 4562 710 4628 Qua:
743 4561 1211 4631 Pythagoreorum
1242 4558 1512 4614 sententia
1545 4568 1602 4612 et
1623 4559 1789 4627 expli-

194 4659 340 4713 catio
372 4666 522 4720 erat,
559 4666 618 4708 ut
644 4654 785 4722 apud
817 4653 1094 4708 Laertinnt
1119 4653 1305 4706 videre
1332 4660 1415 4706 est
1439 4667 1491 4721 p.
1511 4650 1636 4717 5l2,
1660 4651 1789 4705 5l5.

194 4749 373 4803 Paulo
412 4747 707 4802 obscurius
739 4746 882 4815 quod
919 4745 1119 4799 ibidem
1151 4745 1343 4799 scribit
1380 4743 1655 4809 Clemens,
1690 4742 1794 4796 Ba-

195 4842 377 4895 silidis
413 4839 797 4893 sectatoribus
834 4838 1034 4899 visum,
1098 4837 1535 4905 perturbationes
1597 4835 1787 4895 animi,

194 4952 333 5003 quas
370 4932 817 5005 προςαρτήματα
851 4929 1147 4991 vocabant,
1183 4928 1237 4983 id
1283 4938 1371 4984 est
1420 4929 1751 4998 appendices
1773 4967 1788 4989 ,

195 5029 464 5097 quosdam
498 5040 624 5078 esse
671 5023 902 5095 spiritus
949 5022 1246 5076 secundum
1298 5022 1659 5075 substantiam
1698 5036 1792 5089 ap-

196 5136 397 5190 pensos
425 5122 633 5173 anima:
661 5114 944 5177 rationali,
975 5112 1156 5169 habita
1183 5114 1398 5168 ratione
1423 5112 1791 5184 perturbatio-

194 5216 282 5268 nis
310 5212 601 5280 cnjusdam
631 5210 988 5281 principalis;
1035 5209 1171 5265 alias
1197 5217 1376 5262 autem
1425 5205 1787 5268 adulterinas,

191 5317 251 5360 et
284 5307 489 5361 diversi
523 5306 773 5374 generis,
812 5303 1102 5373 spirituum
1164 5313 1391 5356 naturas
1425 5300 1491 5353 iis
1538 5298 1787 5361 adnasci,

197 5409 257 5450 ut
309 5398 450 5468 lupi,
511 5398 709 5464 simiae,
746 5396 950 5459 leonis,
982 5396 1115 5459 ursi,
1176 5392 1376 5464 quibus
1416 5392 1599 5445 anima
1652 5406 1785 5459 pro-

196 5492 462 5559 prietates
494 5492 785 5545 brutorum
819 5489 1181 5542 animantium
1234 5483 1657 5556 proprietatibus
1706 5481 1783 5535 si-

199 5586 351 5640 miles
385 5584 585 5639 induit.
619 5582 715 5638 His
745 5597 882 5636 vero
912 5580 1087 5635 lucem
1136 5579 1297 5632 allert
1345 5577 1471 5633 trita
1507 5575 1788 5630 veteribus

198 5690 300 5728 mu
326 5676 517 5744 paucis
545 5674 807 5731 Patribus
840 5676 1117 5730 sententia
1147 5714 1163 5739 ,
1214 5673 1345 5727 vilia
1379 5669 1608 5725 totidem
1663 5684 1787 5723 esse

206 5859 217 5868 υ
267 5790 319 5868 ‘1
338 5792 578 5863 Agrippa
611 5790 760 5868 Cist:
792 5789 946 5868 apud
968 5788 1300 5868 Euseb.,.l.A
1330 5803 1383 5841 tv
1426 5779 1595 5868 biiab,
1629 5800 1681 5840 c.
1717 5784 1782 5868 ‘7:

204 5859 256 5911 in
286 5858 442 5916 limit.
474 5858 536 5916 vv.
648 5860 695 5890 ⁵³
732 5860 789 5915 In
829 5859 1084 5930 Pytltag.,
1114 5875 1167 5927 p.
1198 5858 1325 5915 ι99.

513 5961 793 6021 Parnm.
842 5959 961 6018 (in.
1008 5962 1143 6024 γη.

1896 3383 2187 3437 operosum
2214 3370 2322 3424 erit
2358 3370 2658 3439 explicare,
2693 3371 2825 3439 quid
2878 3370 2983 3425 sibi
3034 3372 3234 3426 vellent
3284 3372 3483 3427 Basili—

1900 3459 2067 3521 diani,
2098 3474 2222 3512 cum
2251 3460 2447 3513 anima:
2481 3460 2920 3528 perturbationes
2972 3462 3328 3528 deﬁniebant,
3376 3465 3487 3533 spi-

1898 3548 2028 3601 ritus
2050 3548 2305 3618 quosdam
2330 3548 2615 3603 secundant
2636 3551 2995 3605 substantiam
3021 3569 3275 3621 appensos
3294 3554 3489 3608 anima:

1898 3638 2194 3702 rationali,
2239 3639 2422 3693 habita
2464 3641 2670 3695 ratione
2725 3642 3144 3711 perturbationis
3196 3645 3485 3713 cujusdam

1898 3731 2209 3799 principalis
2246 3750 2259 3785 :
2306 3732 2602 3804 Πνεύματά
2636 3753 2755 3786 τινα
2794 3735 2916 3788 κατ’
2946 3736 3134 3790 οὐσίαν
3174 3755 3489 3810 προσηρτη-

1902 3824 2039 3894 μὲνα
2072 3826 2135 3894 τῇ
2164 3823 2352 3895 λογικῇ
2384 3824 2552 3896 ψυχῇ.
2584 3826 2727 3879 κατὰ
2762 3845 2881 3879 τινα
2929 3829 3170 3900 τάραχον
3212 3832 3307 3883 καὶ
3358 3831 3489 3902 σύγ·

1897 3933 2054 3985 χυσιν
2078 3917 2334 3987 ἀρχικήν.
2368 3917 2624 3972 Eantdem
2656 3919 2789 3985 ipsis
2817 3935 2938 3972 cum
2993 3921 3225 3989 Origene
3260 3934 3487 3976 senten-

1903 4009 2032 4060 tiam
2053 4007 2223 4061 fuisse
2247 4015 2395 4075 puto:
2422 4022 2616 4077 nempe
2634 4008 2860 4078 spiritus
2885 4010 3059 4065 malos
3074 4027 3167 4066 seu
3194 4013 3486 4079 daemonia,

1900 4101 2097 4166 quibus
2128 4100 2312 4152 anima
2363 4099 2511 4151 velut
2560 4100 2866 4166 obsidetur,
2909 4105 3202 4172 prepositis
3235 4105 3492 4163 inescan-

1900 4190 2044 4242 tibus
2073 4204 2137 4244 ac
2190 4188 2481 4245 fallacibus
2510 4191 2742 4259 objectis
2790 4195 2973 4248 varias
3004 4194 3057 4248 in
3091 4210 3153 4249 ea
3192 4199 3488 4265 perturba-

1902 4282 2074 4335 tiones
2107 4281 2284 4347 ciere;
2318 4297 2485 4335 unum
2523 4292 2706 4338 tamen
2742 4299 2865 4340 esse
2916 4285 2970 4339 in
3024 4303 3354 4357 unoquoque
3391 4290 3489 4343 bo-

1900 4372 2046 4427 mine
2067 4382 2124 4426 ut
2148 4373 2449 4443 principem
2470 4375 2796 4443 darmonem,
2817 4377 2902 4431 cui
2924 4380 3105 4432 cateri
3130 4379 3485 4445 l'atnulentur,

1897 4466 1978 4517 sic
2019 4472 2075 4517 et
2110 4464 2366 4520 allectum
2419 4468 2797 4520 dominantem
2854 4483 2883 4519 a
2934 4485 3045 4538 quo
3100 4470 3291 4538 reliqui
3348 4487 3486 4540 pen-

1898 4556 2063 4609 deant
2092 4566 2167 4619 ,et
2193 4572 2224 4610 a
2254 4571 2362 4625 quo
2398 4556 2725 4612 referantur.
2762 4558 3025 4629 llancque
3079 4561 3246 4616 fuisse
3273 4561 3487 4616 Basili-

1897 4649 2188 4703 dianorum
2244 4660 2480 4704 mentem
2527 4652 2816 4706 conlirmat
2872 4656 3167 4721 ipsummet
3210 4652 3487 4710 Valentini

1893 4746 2291 4810 testimonium,
2312 4747 2456 4815 quod
2478 4762 2507 4800 e
2523 4745 2754 4815 quadam
2772 4746 2891 4815 ejus
2912 4747 3142 4816 epistola
3167 4749 3485 4818 decerptum

1894 4835 2097 4889 ibidem
2148 4837 2319 4891 refert
2354 4837 2633 4894 Clemens.
2692 4838 2786 4894 ille
2834 4842 2979 4892 enim
3015 4837 3483 4895 Basilidianorum

1890 4928 2224 4995 appendices
2248 4929 2551 4999 explicans,
2589 4931 2666 4984 ait
2712 4945 2810 4985 cor
2859 4940 3109 4986 n05trum
3143 4947 3264 4987 esse
3301 4933 3485 4989 diver-

1898 5024 2046 5075 sorio
2097 5021 2308 5086 simile,
2341 5024 2394 5077 in
2421 5038 2530 5092 quo
2565 5023 2718 5077 multi
2781 5025 3096 5079 habitantes
3145 5027 3393 5095 spiritus,
3429 5027 3481 5080 id

1901 5113 2156 5165 mundum
2172 5128 2410 5168 essenon
2423 5112 2624 5178 sinant;
2643 5131 3081 5187 unumquemque
3094 5126 3274 5171 autem
3291 5132 3482 5171 eorum

1897 5206 2113 5272 propria
2146 5204 2357 5260 ellicere
2388 5221 2579 5275 opera,
2620 5206 2895 5263 indecoris
2949 5225 3093 5279 sirpe
3124 5211 3483 5266 insultantem

1897 5298 2308 5366 Cupiditatihus.
2351 5298 2490 5366 Quia
2543 5313 2674 5353 vero
2707 5300 2940 5371 duplicis
2984 5305 3204 5373 generis
3250 5302 3483 5358 allectus

1896 5389 2155 5460 distingui
2208 5400 2465 5460 possunt,
2499 5390 2591 5445 alii
2644 5395 2821 5464 magis
2850 5394 3265 5464 spiritales,'et,
3316 5408 3374 5448 ut
3407 5398 3480 5449 ita

1897 5482 2097 5544 dicam,
2147 5482 2568 5549 defaecatiores,
2615 5499 2848 5553 quorum
2898 5486 3115 5554 objecta
3169 5506 3197 5541 a
3251 5486 3482 5541 materia

1901 5574 2042 5628 haud
2076 5574 2150 5628 ita
2193 5576 2495 5644 pendeant;
2551 5577 2640 5630 alii
2693 5581 3014 5644 crassiores,
3064 5580 3157 5650 qui
3217 5596 3368 5635 caeco
3417 5595 3485 5635 ac

1902 5683 2068 5736 prope
2102 5668 2345 5723 belluino
2387 5670 2597 5739 impetu
2632 5670 2878 5728 ferantur
2911 5675 2965 5728 in
2995 5690 3058 5727 ea
3088 5690 3209 5743 qua!
3238 5678 3484 5731 materia;

1863 5783 2123 5861 “Clem.
2172 5784 2366 5847 Alex.,
2433 5787 2647 5861 Siron}.
2674 5789 2801 5861 ilih.
2850 5804 2923 5852 tv,
2957 5799 3009 5858 ρ.
3053 5788 3185 5856 505;
3221 5789 3481 5861 0rigeu.,

1423 5857 1469 5891 “
1499 5856 1673 5911 Clem.
1706 5855 1887 5920 Alex,
1928 5856 1961 5909 l.
2000 5870 2034 5907 ll
2067 5855 2298 5922 Strom.,
2331 5873 2385 5925 p.
2423 5857 2547 5924 408,
2588 5858 2714 5912 409.

3122 5954 3157 6011 εὶ
