3954 6352
468 324 569 379 I39

1276 318 1872 376 DISSERTATIONES
1909 314 2218 372 PREVIE
2260 315 2325 371 IN
2366 315 2628 372 IRENEI
2667 315 2938 374 LIBROS.

3602 323 3695 379 NO

467 439 632 494 altius
656 438 936 501 immersa,
962 438 1158 493 belluis
1185 438 1357 508 magis
1381 454 1545 509 quam
1581 438 1895 493 hominibus
1917 452 2047 491 con-
2081 445 2127 497 Α
2161 453 2311 491 tnnm
2345 436 2561 491 Patrem
2616 438 2877 494 evolaret.
2920 436 3107 507 Neque
3136 450 3266 493 vero
3311 438 3539 492 animam
3583 439 3696 496 Jesu

464 540 705 601 gruant:
760 532 968 586 idcirco
1019 531 1339 586 Basilidiani
1389 532 1727 595 sentiebant,
1766 528 2056 585 affectibus

465 624 725 679 humanis
758 623 895 678 alias
952 624 1252 694 spirituum
1310 623 1534 679 adnasci
1565 632 1825 689 naturas;
1856 622 2056 692 quibus

464 717 645 771 anima
669 717 753 772 sui
779 716 951 786 ipsius
974 716 1122 771 velut
1141 715 1334 781 oblita,
1368 717 1654 772 brutorum
1686 715 2052 771 animantium

465 811 831 880 proprietates
869 809 1066 863 induit.
1147 878 1151 881 τ

948 945 1009 999 V.
1070 944 1146 999 De
1184 943 1529 1014 Carpocrate.

538 1083 663 1138 I19.
712 1080 755 1114 ⁸³
784 1083 1162 1151 Carpocrates,
1200 1096 1294 1136 seu
1327 1081 1653 1150 Carpocras,
1695 1096 1895 1153 genere
1921 1080 2051 1135 Ale-

464 1175 771 1227 xandrinus
801 1215 816 1237 ,
873 1188 1102 1227 uxorem
1149 1174 1304 1226 duxit
1347 1174 1568 1227 nomine
1626 1172 2004 1228 Alexandriam
2033 1216 2047 1236 ,

466 1277 627 1337 gente
659 1265 1074 1334 Cephaleniam,
1101 1281 1166 1319 ex
1191 1282 1296 1335 qua
1330 1265 1505 1319 ﬁlium
1536 1266 1777 1335 suscepit
1809 1266 2049 1335 Epipha-

466 1374 611 1420 nem,
644 1358 767 1411 mali
831 1357 981 1412 corvi
1035 1357 1236 1412 malum
1266 1373 1453 1424 ovum,
1486 1373 1639 1413 nova:
1668 1368 1831 1413 sectae
1862 1359 2051 1412 condi-

465 1458 666 1515 torem,
688 1448 756 1503 dc
775 1464 882 1518 quo
904 1447 1015 1517 jam
1045 1448 1432 1503 disseruimus.
1462 1449 1654 1505 Tradit
1687 1448 1957 1504 Eusebius
1980 1450 2047 1512 ιθ,

465 1537 625 1610 quasi
656 1554 721 1593 ex
752 1539 978 1604 Irenzeo,
1010 1539 1404 1609 Carpocratem
1435 1541 1627 1596 iisdem
1659 1556 1780 1595 cum
1815 1539 2050 1595 Basilide

463 1631 670 1685 vixisse
720 1631 1088 1699 temporibus.
1136 1631 1405 1698 Quamvis
1471 1631 1614 1701 apud
1671 1631 1934 1687 Irenaeum
1984 1647 2049 1685 ne

465 1722 692 1776 verbum
719 1724 939 1790 quidem
970 1724 1034 1777 de
1060 1722 1414 1791 Carpocratis
1452 1734 1612 1779 aetate
1636 1734 1909 1789 occurrat,
1941 1740 2045 1777 non

2142 531 2448 593 duntaxat,
2486 530 2581 583 sed
2612 539 2666 583 et
2697 529 2859 583 aliam
2897 542 3278 598 quamcunque
3301 568 3316 594 ,
3367 544 3483 599 quae
3506 538 3699 585 tantum

2158 621 2337 673 valeat
2372 630 2427 673 ut
2464 619 2651 674 mundi
2691 618 3057 674 fabricatores
3105 617 3343 689 Angelos
3374 628 3702 675 contemnere

2157 712 2354 782 possit,
2382 711 2529 766 vires
2554 712 2791 780 desuper
2818 712 3090 780 accipere,
3120 722 3178 767 ut
3200 726 3296 781 per
3323 711 3533 766 easdem
3554 712 3705 765 actioa

2157 821 2251 860 nes
2282 805 2667 875 progressione
2695 802 2839 859 facta
2871 845 2887 872 ,
2947 804 3427 874 functionibusque
3468 804 3705 857 omnibus

2155 899 2317 952 obitis
2348 914 2484 966 quas
2507 896 2667 953 Iesus
2695 897 2921 962 obierit,
2947 904 3003 951 et
3032 897 3150 968 ipsa
3176 911 3341 967 super
3370 897 3587 967 opiﬁces
3608 897 3705 950 An-

2156 991 2306 1059 gelos
2331 990 2513 1045 efferri
2540 991 2736 1060 possit,
2755 999 2814 1045 et
2831 989 2900 1044 ab
2927 990 3202 1045 universis
3221 990 3490 1059 expedita,
3509 1005 3706 1044 sursum

2154 1083 2222 1136 ad
2254 1083 2597 1151 incognitum
2629 1076 2854 1135 Patrem
2889 1081 3203 1149 pervenire.
3241 1078 3352 1133 1ιιιο
3381 1094 3442 1133 ea
3471 1087 3586 1132 erat
3614 1078 3706 1131 im-

2154 1175 2675 1245 pudentissimorum
2710 1174 2994 1229 hominum
3029 1172 3341 1242 arrogantia
3368 1211 3383 1237 ,
3438 1181 3496 1225 ut
3525 1170 3712 1239 gloria-

2154 1277 2341 1324 rentur
2375 1268 2599 1338 quidam
2631 1284 2739 1323 non
2779 1266 2939 1321 modo
2971 1266 3234 1335 apostolis
3261 1265 3422 1319 Petro
3454 1274 3507 1317 et
3540 1263 3709 1328 Paulo,

2152 1374 2207 1418 et
2240 1364 2491 1432 reliquis,
2524 1364 2619 1418 sed
2651 1374 2703 1417 et
2732 1361 2833 1432 ipsi
2867 1359 2992 1417 Jesu
3040 1359 3351 1430 pra'cellere
3377 1374 3456 1423 se,
3483 1366 3589 1412 tum
3632 1372 3713 1411 ex-

2154 1455 2407 1509 cellentia
2440 1453 2792 1524 cognitionis,
2819 1463 2930 1507 tum
2955 1453 3096 1522 quod
3119 1452 3526 1521 progressiones
3547 1450 3714 1503 varias

2154 1558 2218 1597 ac
2250 1544 2519 1598 decursus
2566 1542 2896 1597 cumulatius
2943 1542 3227 1596 obiisseut.
3272 1540 3502 1594 Animas
3531 1539 3719 1607 quippe

2153 1648 2343 1688 omnes
2374 1648 2438 1688 ex
2471 1635 2659 1688 eadem
2694 1633 2968 1705 περιφορᾷ
3019 1646 3168 1695 esse;
3223 1639 3277 1685 et
3306 1630 3430 1684 ideo
3460 1629 3713 1690 eumdem.

2157 1739 2319 1793 quem
2350 1720 2533 1788 Jesus,
2570 1732 2950 1792 contemptum
2990 1721 3321 1791 Angelorum
3349 1718 3716 1787 suscipientes,

464 1814 591 1868 ideo
617 1824 795 1869 tamen
821 1814 960 1868 male
986 1816 1053 1869 ab
1080 1815 1317 1871 Eusebio
1340 1817 1695 1871 constitutam
1719 1816 2052 1869 existimem.
2088 1797 2129 1851 Β
2156 1819 2347 1872 eadem
2386 1818 2440 1870 vi
2470 1833 2533 1871 ac
2564 1817 2767 1871 virtute
2799 1815 2992 1870 instrui
3017 1830 3120 1884 qua
3154 1829 3252 1883 per
3284 1812 3561 1867 actionum
3607 1824 3718 1864 om-

463 1906 599 1960 Cum
639 1905 739 1959 hoc
769 1906 913 1959 enim
946 1907 1192 1976 apprime
1215 1907 1835 1978 consentitEpiphanius
1860 1906 1928 1971 ",
1957 1922 2055 1961 nec

467 2007 734 2069 repugnat
759 1995 1148 2052 Theodoretus
1182 1998 1250 2063 “,
1286 2000 1385 2053 sub
1416 2000 1661 2053 Adriano
1686 2000 1888 2052 vixisse
1914 1999 2053 2053 scri-

465 2092 620 2145 bens.
670 2087 765 2143 Ille
794 2106 925 2145 vero
980 2088 1213 2144 afﬁrmat
1266 2089 1548 2152 Basilidis,
1596 2089 1911 2156 Saturnini,
1947 2089 2055 2145 Va-

466 2180 684 2246 lentini,
708 2180 1014 2244 Gelorbasi,
1054 2180 1360 2245 Ptolemaei,
1386 2180 1625 2235 Secundi
1653 2189 1707 2235 et
1747 2181 2053 2251 Carpocra-

467 2273 537 2325 tis
585 2283 770 2327 sectas
819 2273 1013 2327 eodem
1056 2281 1303 2341 tempore
1331 2271 1641 2340 prodiisse;
1680 2281 1894 2327 tantum
1944 2271 2052 2327 Va-

465 2362 826 2415 lcntinianam
885 2361 1009 2416 aliis
1068 2361 1230 2430 paqu
1284 2361 1649 2416 recentiorem
1700 2376 1843 2416 esse.
1883 2362 2048 2432 Atqui

464 2456 755 2510 Basilidem
803 2451 1001 2507 Joanni
1037 2452 1230 2507 saltem
1287 2451 1531 2521 apostolo
1579 2467 1869 2521 supparem
1898 2493 1914 2520 ,
1951 2467 2051 2507 nec

466 2547 821 2603 Valentinum
855 2547 1028 2599 multo
1057 2544 1337 2614 juniorem
1389 2544 1560 2599 fuisse
1586 2547 1956 2615 probavimus.
1990 2545 2046 2600 Si

466 2642 635 2710 igitur
664 2640 857 2694 iisdem
893 2648 1283 2706 cum‘utroque
1321 2637 1661 2705 temporibus
1691 2638 1934 2693 scholam
1969 2638 2050 2692 in-

462 2733 711 2787 stituerit
733 2735 1120 2799 Carpocrates,
1148 2731 1375 2784 Adriani
1403 2730 1577 2785 initiis
1606 2730 1798 2786 fecerit
1827 2746 2048 2786 necesse

462 2836 568 2881 est.
602 2827 789 2897 Longe
823 2824 989 2881 citius
1020 2823 1249 2894 proinde
1284 2823 1336 2876 in
1371 2819 1634 2888 Orientis,
1666 2839 1829 2893 quam
1854 2825 1907 2877 in
1938 2823 2047 2879 Oc-

461 2919 697 2975 cidentis
728 2917 978 2988 partibus
1006 2914 1248 2969 innotuit
1271 2914 1388 2983 eius
1421 2916 1677 2971 limresis:
1701 2930 1821 2969 eam
1847 2916 2048 2985 quippe

463 3013 571 3067 huc
604 3012 799 3067 detulit
827 3007 1143 3064 liarcellina
1178 3007 1456 3077 quzedam,
1482 3023 1602 3077 qua:
1631 3006 1889 3074 Romam,
1936 3007 2047 3063 Ire—

462 3119 581 3159 naeo
610 3112 750 3158 teste
797 3101 869 3168 δ’,
924 3100 1076 3156 venit
1112 3099 1214 3155 sub
1260 3098 1489 3155 Aniceto
1539 3100 1795 3169 pontiﬁce
1826 3140 1840 3165 ,
1894 3114 2045 3156 anno

460 3195 682 3250 circiter
716 3194 841 3248 160.

534 3287 660 3340 120.
694 3286 741 3318 ⁸⁵
767 3285 1065 3340 Platonicae
1091 3283 1393 3354 disciplinae
1428 3281 1851 3337 scientissimum
1875 3279 2047 3337 fuisse

458 3379 872 3446 Carpocratem,
905 3376 987 3430 vel
1016 3392 1082 3431 ex
1121 3391 1187 3430 eo
1210 3374 1409 3443 liquet,
1448 3372 1591 3441 quod
1623 3372 1719 3426 ﬁlii
1745 3372 2047 3443 Epiphania

462 3469 648 3523 abillo
706 3468 945 3522 instituti
987 3482 1246 3537 magnum
1289 3479 1487 3519 nomen
1540 3462 1686 3518 inter
1730 3462 2046 3518 Platonicos

460 3560 647 3616 fuerit.
667 3558 772 3614 Sed
793 3559 838 3613 si
856 3557 996 3612 forte
1015 3559 1199 3628 plures
1218 3554 1611 3611 haeresiarchas
1622 3551 2053 3621 scientizelaude,

459 3667 651 3707 omnes
676 3660 824 3705 certe
853 3665 1067 3703 morum
1095 3648 1369 3718 pravitate
1392 3648 1693 3717 superavit.
1717 3647 2041 3716 Supretnum

460 3745 683 3815 quidem
734 3759 902 3797 unum
933 3741 1299 3810 Principium,
1337 3747 1503 3807 atque
1546 3739 1712 3793 etiam
1752 3738 2041 3793 Parentem

460 3836 705 3891 omnium
736 3844 793 3889 et
822 3834 1187 3903 incognitum,
1218 3846 1319 3886 nec
1350 3831 1460 3886 ullo
1507 3832 1729 3885 nomine
1762 3830 2040 3899 signiﬁca-

462 3940 597 3991 tum,
622 3927 853 3997 perinde
884 3935 944 3980 ut
973 3924 1181 3989 caueri,
1217 3923 1556 3977 afﬁrmabat:
1594 3922 1856 3976 mundum
1888 3937 2040 3986 vero,

460 4030 515 4075 et
556 4035 677 4087 quae
711 4019 913 4073 mundo
952 4019 1329 4081 continentur,
1365 4013 1433 4067 ab
1482 4014 1705 4084 Angelis
1725 4029 1848 4068 esse
1876 4014 2039 4074 facta,

458 4111 553 4182 qui
587 4109 869 4178 incognito
903 4107 998 4162 illo
1024 4116 1254 4178 parente
1281 4106 1442 4175 longe
1472 4106 1787 4160 inferiorem
1815 4106 2045 4176 dignita-

460 4203 533 4257 tis
555 4201 786 4273 gradum
806 4208 1049 4265 teneant,
1074 4206 1131 4253 et
1148 4198 1217 4252 ab
1235 4212 1300 4252 eo
1323 4196 1641 4252 defecerint.
1664 4193 1848 4250 Jesum
1879 4210 2041 4265 porro

461 4291 750 4347 Dominum
808 4301 1057 4345 nostrum
1098 4304 1130 4344 e
1176 4286 1379 4358 Ioseph
1430 4297 1486 4343 et
1540 4286 1727 4342 Mariae
1762 4289 2042 4342 consortio

460 4384 728 4455 genitum,
759 4381 998 4438 similem
1059 4381 1279 4451 quidem
1314 4389 1509 4434 natura
1553 4379 1780 4446 reliquis
1808 4380 2043 4433 homini-

2158 1911 2305 1965 nium
2344 1923 2546 1981 genera
2599 1909 2977 1963 traducantur.
3016 1907 3170 1974 Quod
3199 1907 3242 1960 si
3292 1904 3518 1974 reperiri
3557 1901 3722 1970 aliqua

2154 2004 2329 2072 possit
2366 2017 2505 2071 qua:
2575 2000 2837 2069 majorem
2899 2015 3061 2070 quam
3133 1998 3295 2053 Iesus
3359 2004 3719 2065 contemptum

2155 2093 2443 2163 suscipiat,
2475 2106 2537 2147 ea
2571 2092 2672 2160 ipsi
2708 2092 2925 2145 demum
2953 2087 3263 2144 autecellet.

2225 2183 2349 2239 I21.
2410 2184 2523 2238 Hoc
2564 2184 2751 2252 igitur,
2779 2183 3055 2236 hominum
3105 2180 3283 2234 dicam
3352 2192 3421 2230 an
3474 2171 3735 2228 ferarum?

2152 2278 2478 2349 principium
2514 2275 2640 2341 fuit,
2679 2276 2889 2330 animas
2929 2271 3254 2343 corporibus
3295 2266 3727 2339 pra’exsiStentes

2151 2368 2503 2440 perfectionis
2526 2368 2735 2422 culmen
2760 2367 3030 2436 attingere
3079 2378 3186 2417 non
3215 2376 3403 2431 posse,
3434 2359 3537 2413 nisi
3566 2358 3729 2410 disso-

2151 2464 2332 2521 Iutiori
2366 2466 2496 2528 vita,
2524 2462 2776 2517 nefandis
2808 2457 3262 2531 turpitudinibus,
3310 2453 3577 2522 omnique
3616 2463 3730 2504 sce-

2151 2558 2326 2611 lerum
2351 2571 2415 2611 ac
2439 2552 2754 2609 facinorum
2797 2564 3000 2623 genere
3041 2550 3229 2605 mundi
3273 2548 3596 2603 conditores
3625 2545 3732 2599 Au-

2150 2648 2319 2718 gelos,
2358 2646 2618 2701 audacius
2646 2644 2981 2700 conculcatis
3005 2643 3260 2698 omnibus
3289 2654 3485 2694 eorum
3510 2636 3731 2706 legibus.

2150 2739 2437 2810 praeceptis
2477 2747 2533 2793 et
2572 2738 2853 2807 operibus,
2905 2734 3215 2805 spreverint
3256 2748 3272 2784 :
3332 2744 3444 2800 quo
3505 2738 3731 2783 excusso

2143 2833 2272 2904 jugo
2300 2832 2581 2887 ccelestem
2608 2829 2915 2885 libertatem
2942 2826 3245 2890 obtineant,
3270 2832 3327 2879 et
3352 2837 3575 2879 sursum
3602 2818 3735 2888 aspi-

2150 2940 2273 2981 rare
2296 2935 2351 2980 et
2372 2924 2594 2980 evolare
2623 2922 2855 2992 possint.
2891 2918 3038 2974 Nihil
3070 2918 3273 2987 quippe
3305 2929 3509 2970 natura
3544 2914 3735 2967 bonum

2152 3024 2248 3072 aut
2278 3015 2479 3070 malum
2509 3028 2654 3077 esse,
2687 3013 2781 3067 sed
2835 3010 2948 3065 sola
2991 3010 3275 3063 hominum
3317 3006 3611 3075 Opinione,
3650 3001 3736 3071 qui

2150 3124 2213 3164 ea
2245 3122 2365 3163 esse
2393 3109 2532 3162 bona
2560 3113 2654 3159 aut
2677 3104 2818 3158 mala
2862 3109 3114 3165 censent,
3145 3096 3265 3167 quae
3316 3099 3426 3167 legi
3463 3097 3548 3151 vel
3584 3110 3742 3164 repu-

2151 3208 2347 3272 gnent,
2396 3201 2482 3252 vel
2527 3196 2917 3252 consentiant:
2957 3192 3167 3247 sublata
3212 3192 3456 3261 proinde
3490 3190 3631 3260 lege,
3676 3188 3742 3239 ab

2149 3290 2372 3362 Angelis
2401 3290 2585 3358 inique
2608 3288 2740 3354 lata,
2775 3286 2957 3341 omnia
2987 3294 3174 3353 suapte
3202 3294 3406 3337 natura
3436 3282 3742 3354 promiscua

2150 3382 2339 3439 haberi
2374 3399 2388 3435 :
2425 3381 2594 3435 solam
2653 3393 2782 3433 vero
2820 3376 2982 3431 ﬁdem
3019 3384 3074 3430 et
3112 3375 3447 3429 charitatem
3489 3375 3560 3427 ad
3604 3370 3745 3428 salu-

2149 3486 2258 3532 tem
2286 3489 2408 3531 esse
2437 3471 2804 3537 necessarias,
2829 3468 3036 3538 reliqua
3063 3466 3246 3522 omnia
3269 3467 3416 3522 nihil
3447 3466 3706 3521 conferre
3730 3482 3743 3517 :

2146 3584 2319 3638 eaque
2348 3580 2468 3621 esse
2502 3579 2624 3635 quze
2651 3561 2810 3617 Jesus
2858 3560 3138 3631 apostolos
3175 3574 3307 3615 suos
3349 3570 3408 3614 et
3450 3556 3746 3627 discipulos

2148 3661 2289 3713 clam
2321 3659 2595 3720 docuerit,
2645 3654 3035 3722 mandavitque
3078 3664 3138 3706 ut
3178 3652 3246 3707 iis
3285 3652 3613 3713 crederent,
3658 3650 3747 3718 qui

2148 3749 2297 3819 digni
2342 3755 2545 3803 essent.
2593 3744 2730 3800 Ilinc
2796 3743 3031 3799 conﬁcta
3080 3757 3216 3796 nova
3259 3740 3748 3813 μετεμψυχώσεως

2148 3841 2382 3911 species,
2417 3848 2476 3893 ut
2499 3838 2681 3892 anima
2710 3851 2831 3906 quae
2862 3835 2945 3890 vel
2981 3836 3201 3889 unicum
3234 3831 3440 3904 flagitii
3478 3849 3656 3904 genus
3697 3832 3750 3885 in

2147 3934 2248 3987 hac
2284 3949 2388 3985 una
2424 3931 2686 4002 praesenti
2721 3930 2830 3983 vita
2864 3927 3302 3999 praetermiserit,
3350 3926 3409 3982 in
3450 3926 3606 3980 aliud
3634 3939 3752 3979 cor--

2144 4040 2246 4092 pus
2275 4023 2630 4088 detrudatur;
2666 4029 2722 4076 et
2761 4021 2804 4076 si
2838 4034 2905 4075 ne
2936 4031 3067 4075 tunc
3121 4019 3347 4090 quidem
3393 4021 3590 4073 omnia
3625 4031 3750 4086 per-

2145 4116 2360 4179 fecerit,
2410 4113 2652 4168 vicissim
2700 4114 2754 4167 in
2808 4112 2977 4175 aliud,
3026 4112 3203 4165 donec
3243 4111 3401 4164 omni
3458 4110 3750 4165 actionum

2145 4220 2341 4275 genere
2368 4204 2676 4274 perfuncta,
2720 4202 3033 4272 nulliusque
3068 4202 3122 4255 in
3154 4202 3256 4257 hoc
3299 4203 3521 4257 mundo
3570 4199 3754 4256 debito

2152 4300 2398 4353 actionis
2428 4294 2824 4369 obligata,iam
2864 4295 3032 4350 libera
3078 4291 3365 4349 abscedat.
3408 4296 3648 4349 Animas
3683 4292 3755 4346 si-

2147 4390 2367 4459 quidem
2403 4389 2535 4443 hinc
2570 4389 2892 4457 migrantes,
2925 4384 3084 4439 simul
3111 4400 3175 4439 ac
3206 4388 3475 4454 corporis
3516 4383 3756 4441 vinculis

458 4478 561 4532 IIIIS
598 4475 908 4539 CXSIIIISSC;
958 4474 1084 4527 vita:
1127 4481 1311 4526 autem
1347 4471 1625 4537 instituto,
1660 4471 2043 4540 temperantia,
2075 4492 2122 4550 ο
2150 4482 2409 4536 exsoluta:
2440 4479 2662 4545 fuerint,
2713 4478 3077 4549 apprehendit
3104 4491 3243 4531 unus
3281 4491 3354 4531 ex
3424 4480 3626 4533 lnundi
3670 4478 3754 4532 f3-

456 4571 659 4623 virtute
704 4584 769 4622 ae
794 4566 1008 4636 iustitia
1037 4564 1383 4635 praestitisse.
1421 4562 1626 4633 Nempe
1652 4578 1776 4617 cum
1830 4563 2040 4617 ﬁrmio-

459 4678 575 4715 rem
604 4664 1051 4731 vegetioremque
1077 4672 1240 4729 quam
1268 4656 1360 4710 alii
1389 4657 1639 4711 homines
1665 4659 1904 4711 animam
1927 4671 2045 4711 sor-

462 4754 597 4807 titus
626 4761 792 4820 esset,
830 4751 1079 4807 tenacius
1106 4751 1156 4805 ei
1205 4749 1521 4803 adlizerente
1544 4748 1774 4819 pristina
1807 4764 1929 4802 cum
1960 4749 2043 4802 in-

459 4844 646 4913 genito
667 4842 780 4898 Deo
796 4844 1087 4915 περιφορᾷ,
1117 4840 1544 4905 circumlatione,
1570 4842 1814 4896 immissa
1842 4841 1894 4895 in
1922 4856 2041 4896 eam

461 4938 569 4991 fuit
606 4935 675 4990 ab
716 4937 909 4991 eodem
955 4950 1212 5006 supremo
1246 4934 1484 4989 Parente
1517 4932 1728 4999 Virtus,
1773 4947 1895 5002 quae
1930 4948 2042 4987 me-

464 5030 695 5083 moriam
743 5038 872 5082 ante
904 5028 1146 5083 visorum
1181 5026 1512 5092 refricaret,
1545 5035 1606 5080 ut
1656 5026 1736 5079 sic
1774 5040 2041 5094 superno-

461 5137 582 5175 rum
614 5120 992 5176 recordatione
1023 5120 1410 5185 corroborata,
1445 5119 1758 5174 conditores
1788 5118 1991 5192 [LXIII
2016 5117 2036 5191 ]

459 5214 611 5269 orbis
638 5212 869 5283 Angelos
895 5210 1184 5280 eﬁ'ugeret,
1218 5212 1587 5282 immissaque
1614 5212 1850 5267 Virtutis
1880 5216 2044 5268 bene-

461 5305 592 5361 ﬁcio
651 5304 961 5359 actionibus
1010 5304 1266 5359 omnibus
1310 5316 1432 5373 quae
1474 5305 1544 5359 ab
1573 5304 1886 5360 hominibus
1917 5321 2040 5361 sus-

459 5400 567 5469 cipi
635 5407 916 5469 possunt,
980 5398 1316 5466 turpissimis
1378 5398 1547 5453 etiam
1622 5400 2040 5469 quibuscunque

461 5491 869 5562 (horrendum!)
885 5507 951 5547 ac
965 5492 1372 5547 seelcstissimis
1401 5492 1808 5561 defuncta,jam
1841 5493 2036 5556 libera,

461 5583 655 5639 solutis
688 5584 945 5639 omnibus
977 5584 1231 5637 humanae
1261 5593 1469 5638 natura:
1496 5586 1718 5654 debitis,
1754 5587 1821 5639 ad
1851 5600 2040 5653 supre—

547 5716 591 5786 δξ
623 5714 721 5778 |d.,
755 5714 983 5777 Strom.,
1016 5715 1053 5767 l.
1088 5732 1170 5780 III,
1198 5731 1251 5786 p.
1278 5718 1415 5779 £28;
1450 5715 1655 5772 'I‘ltcod.
1688 5736 1726 5782 ι,
1764 5721 1815 5775 5.

1896 5721 1941 5752 “
1970 5719 2032 5773 L.
2063 5735 2137 5783 Iv,
2167 5719 2330 5787 Hist.,
2358 5735 2407 5773 c.
2428 5719 2479 5772 7.

2150 4575 2522 4630 bricatoribus
2546 4571 2788 4643 Angelis,
2832 4571 2918 4625 cui
2955 4570 3007 4624 id
3042 4571 3283 4625 muneris
3319 4572 3756 4635 demandatum,

2148 4675 2204 4718 et
2237 4665 2565 4733 adjudicem
2592 4662 2840 4726 deducit;
2879 4662 2967 4715 ubi
3005 4661 3051 4715 si
3095 4662 3337 4715 nondum
3395 4666 3592 4718 omnia
3618 4679 3759 4734 pras-

2147 4757 2354 4812 stitisse
2393 4757 2662 4811 convicta:
2703 4752 2930 4818 fuerint,
2978 4755 3044 4809 ab
3088 4754 3435 4821 Angelorum
3495 4756 3758 4827 Principe

2150 4847 2441 4903 traduntur
2463 4847 2621 4901 alteri
2650 4845 2859 4916 Angelo
2882 4846 2988 4902 sibi
3021 4845 3392 4911 ministranti,
3430 4849 3533 4915 qui
3578 4862 3679 4903 eas
3707 4851 3759 4900 in

2149 4940 2255 4994 alia
2284 4954 2515 5009 corpora
2540 4939 2808 4993 retrudat.

2223 5033 2346 5087 I22.
2375 5031 2515 5098 Quid
2560 5029 2673 5100 jam
2708 5030 2907 5083 mirum
2970 5029 3015 5084 si
3056 5028 3305 5084 homines
3351 5032 3766 5089 abominandis

2152 5125 2220 5178 iis
2260 5123 2546 5195 principiis
2593 5122 2809 5187 imbuti,
2860 5122 3126 5191 pecudum
3173 5136 3323 5176 more
3374 5125 3651 5181 viventes
3706 5126 3763 5180 in

2154 5216 2369 5270 inﬁnita
2404 5228 2526 5268 sese
2547 5211 2873 5283 ﬂagitiorum
2902 5227 3102 5283 genera
3130 5213 3451 5282 prtecipites
3478 5218 3766 5283 dederint,

2146 5326 2208 5365 ac
2254 5308 2516 5378 quidquid
2549 5308 2603 5361 in
2640 5316 2758 5361 arte
2792 5311 3001 5375 magica
3045 5306 3400 5363 teterrimum
3456 5322 3617 5374 erat.
3663 5314 3769 5365 im-

2147 5403 2414 5471 pudenter
2444 5400 2832 5455 exercuerim?
2880 5398 3081 5452 Parum
3132 5398 3350 5463 fuisset,
3417 5405 3537 5459 nisi
3596 5404 3771 5461 Chri-

2146 5497 2384 5550 stianum
2413 5494 2516 5549 sibi
2548 5510 2759 5548 nomen
2785 5502 3149 5559 assumcntes,
3181 5493 3621 5551 Scelestissime
3655 5514 3773 5553 sum

2147 5589 2270 5641 vitae
2304 5587 2530 5641 infamia
2576 5586 2876 5641 Ecclesiam
2912 5584 3005 5639 Dei
3040 5585 3474 5655 respersisseut.
3506 5589 3659 5645 Nam
3702 5607 3772 5645 ex

2558 5719 2600 5750 ⁸⁷
2635 5718 2778 5774 Haer.
2809 5736 2961 5776 nxr.
2997 5717 3027 5785 ς
3062 5721 3082 5772 I
3119 5730 3171 5773 et
3196 5719 3249 5773 2.
3324 5719 3375 5749 “I
3410 5719 3609 5775 Lib.t.
3636 5739 3692 5777 ρ.
3717 5723 3774 5779 5.

473 5786 518 5817 ⁸⁵
554 5784 672 5840 Lib.
712 5774 757 5850 ἰ,
800 5799 846 5838 c.
907 5774 999 5849 25,
1036 5803 1088 5841 n.
1131 5774 1216 5840 6.-
1294 5788 1339 5819 ⁸ο
1368 5774 1583 5857 Ε’ρίριιη
1628 5774 1965 5855 Ιιωὶρικνιι,
1996 5791 2022 5861 ξ
2054 5774 2368 5861 1;Ἰι)ῐά.,’ξ
2392 5791 2459 5856 2;
2495 5788 2656 5855 Iren.,
2690 5791 2781 5843 Iib.
2813 5807 2851 5854 I,
2878 5806 2926 5844 c.
2952 5774 3055 5857 23';
3089 5788 3318 5855 Theod.,
3351 5789 3394 5843 1.
3439 5774 3579 5855 1.ρς
3613 5795 3671 5848 5.
