3954 6352
252 344 344 399 Nl

956 341 1415 397 DlSSERTATlO
1450 343 1491 408 l,
1529 343 1691 401 ΛΚΤ.
1729 342 1818 408 ill,
1861 341 1950 397 DE
1980 342 2351 398 VALENTINI
2384 342 2783 401 MAGISTRIS.

3415 342 3520 395 ΝΞ

247 463 520 533 proﬂigata
564 477 759 519 eorum
800 464 914 519 vita
963 466 1171 520 similes
1224 482 1348 521 esse
1384 467 1826 523 Christianorum
1857 469 1903 525 Α
1934 463 2173 531 Timone,
2212 465 2546 536 Epinomide,
2592 476 2648 522 et
2674 466 2828 532 alibi,
2869 465 3122 520 doctrina
3164 474 3273 531 est,
3308 468 3525 522 animas

244 556 482 610 omnium
534 570 724 611 mores
786 556 1097 627 iudicantes
1161 558 1393 622 ethnici,
1451 559 1520 613 ab
1572 559 1829 615 omnibus

246 648 384 703 nullo
425 648 759 703 discrimine
786 647 976 703 habito
1007 650 1404 713 abhorrebant,
1432 660 1487 705 et
1516 667 1583 706 ne
1608 652 1825 721 quidem

246 759 433 797 nomen
459 742 611 798 ferre
637 753 911 812 poterant.
952 744 1063 798 'Alii
1102 752 1282 798 tamen
1315 746 1385 799 ab
1413 745 1535 800 aliis
1580 763 1687 801 non
1724 748 1828 802 ﬁde

244 837 508 889 duntaxat
530 847 587 891 et
620 837 890 902 moribus,
925 839 1020 890 sed
1051 845 1107 890 et
1153 837 1327 906 signis
1359 838 1686 905 quibusdam
1731 856 1829 895 ex-

244 931 404 984 ternis
474 931 856 985 discriminari
925 930 1087 985 facile
1162 932 1493 999 potuissent.
1568 931 1829 986 Solebant

242 1024 379 1077 enim
422 1023 851 1090 Carpoeratiani
884 1023 951 1078 iis
983 1038 1117 1091 quos
1146 1023 1212 1077 ad
1250 1038 1402 1077 suam
1443 1031 1649 1079 sectam
1676 1024 1826 1078 frau-

242 1115 492 1170 dulenter
515 1116 898 1185 pellexissem,
928 1118 1197 1169 candente
1219 1115 1389 1183 ferro,
1414 1117 1499 1171 vel
1537 1120 1825 1186 novacula,

240 1208 318 1262 vel
346 1222 453 1259 acu
490 1215 686 1260 notam
720 1207 1009 1274 quamdam
1048 1208 1114 1261 ad
1161 1208 1326 1262 imam
1373 1209 1676 1263 auriculam
1726 1212 1829 1265 im-

241 1301 501 1368 primere.
576 1294 658 1349 Ne
713 1311 845 1350 vero
911 1312 939 1350 a
1001 1298 1283 1366 gentilium
1344 1301 1828 1369 superstitionibus

242 1394 453 1464 longius
504 1392 870 1456 recederent,
919 1391 1195 1445 habebant
1249 1389 1514 1459 imagines
1557 1393 1826 1460 quasdam

243 1496 345 1539 tum
378 1485 597 1552 pictas,
652 1492 765 1536 tum
820 1483 1068 1547 caelatas,
1110 1498 1249 1553 quas
1294 1481 1421 1537 Jesu
1469 1483 1674 1552 etilgies
1708 1499 1830 1538 esse

239 1578 590 1633 aﬂirmabant
612 1593 639 1629 a
671 1576 851 1631 Pilato
892 1576 1122 1641 edictas,
1148 1592 1255 1645 quo
1283 1586 1527 1647 tempore
1556 1578 1645 1630 ille
1687 1579 1831 1631 inter

241 1670 488 1724 homines
546 1669 773 1737 agebat.
841 1666 939 1721 His
991 1682 1159 1737 porro
1226 1669 1604 1723 admiscebant
1684 1670 1847 1723 cele-r

240 1760 487 1813 briorum
526 1759 1001 1827 philosophorum,
1034 1758 1373 1830 Pythagorae,
1404 1758 1669 1822 Platonis,
1700 1758 1827 1814 Ari-

1933 569 2150 613 nostras
2177 560 2267 612 diu
2298 568 2591 630 antequam
2630 573 2863 626 corpora
2910 557 3353 627 ingrederentur,
3389 575 3526 613 con-

1930 650 2075 705 vivio
2105 652 2333 705 deorum
2364 652 2664 718 assedisse,
2689 652 3015 719 divitiasque
3037 650 3206 718 dapes
3238 660 3524 720 gustasse;

1930 743 2188 798 videlicet
2236 745 2489 799 veritatis
2538 745 3005 815 contemplatione
3046 743 3285 798 nutritas
3328 744 3527 806 fuisse,

1928 849 2295 905 verarumque
2329 837 2537 890 entium
2578 847 2872 905 conSpectu
2903 845 3182 890 recreatas
3210 854 3226 891 ι
3257 844 3366 889 tum
3394 851 3531 890 con-

1933 924 2126 979 tractis
2158 925 2304 980 binis
2330 926 2456 991 alis,
2490 928 2690 996 quibus
2716 930 2782 981 ad
2827 943 3022 996 supera
3057 928 3399 990 ferebantur,
3439 927 3523 981 fa-

1933 1017 2165 1072 tiscente
2191 1018 2448 1073 nimirum
2499 1019 2810 1075 intellectus
2856 1030 2909 1073 et
2958 1021 3256 1075 voluntatis
3286 1035 3523 1090 pr0pen-

1934 1111 2088 1165 sione
2144 1112 2197 1164 in
2257 1114 2543 1167 veritatem
2592 1125 2645 1168 et
2693 1113 2995 1169 bonitatem
3043 1114 3323 1178 divinam;
3374 1114 3524 1170 illius

1929 1217 2081 1267 vero,
2116 1203 2204 1271 qui
2244 1203 2298 1258 in
2324 1218 2554 1273 corpora
2598 1208 2911 1277 generanda
2957 1216 3011 1260 et
3041 1208 3335 1260 animanda
3367 1206 3527 1261 incli-

1930 1306 2047 1358 nat,
2098 1295 2392 1351 iustinctus
2432 1300 2678 1365 pondere
2718 1298 3002 1366 abreptas,
3067 1299 3121 1352 in
3169 1314 3235 1352 ea
3275 1298 3453 1353 delabi
3503 1318 3517 1354 :

1932 1388 2019 1440 ubi
2046 1388 2484 1442 ratiocinationis
2505 1403 2606 1458 ope
2626 1389 2827 1443 fractas
2860 1402 3192 1460 recuperaut
3222 1392 3359 1456 alas,
3380 1409 3521 1462 pau-

1932 1480 2082 1535 latim
2117 1481 2333 1537 scilicet
2368 1482 2667 1537 recordatte
2700 1499 2889 1537 eorum
2933 1499 3054 1553 qua":
3097 1483 3223 1538 olim
3265 1485 3524 1541 viderunt

1936 1572 2292 1641 Deojunctze;
2320 1583 2375 1629 et
2398 1585 2523 1629 tunc
2558 1576 2670 1627 lure
2700 1573 2958 1629 inferiora
2978 1573 3189 1647 [LXIV]
3211 1577 3524 1647 despicien-

1935 1674 2040 1730 tes,
2072 1665 2277 1720 rellecti
2310 1666 2377 1720 ad
2423 1681 2550 1720 Vera
2601 1667 2749 1720 entia
2780 1681 2901 1734 qua:
2947 1676 3074 1720 sunt
3115 1684 3356 1721 sursum.
3391 1667 3527 1735 Quae

1932 1758 1979 1812 si
2039 1759 2155 1829 jugi
2185 1774 2369 1814 rerum
2397 1760 2701 1814 ccelestium
2743 1760 3119 1825 meditatione,
3148 1760 3526 1829 laudabilique

240 1851 481 1915 stotelis,
513 1860 573 1905 et
613 1850 849 1904 aliorum
879 1850 1179 1919 imagines;
1233 1864 1427 1904 omnes
1470 1865 1600 1905 vero
1642 1851 1824 1917 simul,
1860 1834 1904 1888 Β
1937 1850 2169 1905 rationis
2192 1865 2291 1905 usu
2326 1863 2694 1919 supernorum
2719 1848 2854 1903 olim
2897 1850 3001 1904 sibi
3037 1851 3280 1904 visorum
3318 1866 3525 1905 memo-

238 1944 478 1999 servatis
510 1943 794 2009 gentilium
824 1942 1045 2005 ritibus,
1081 1942 1407 1997 adorabant.

300 2037 429 2092 125.
467 2037 549 2091 Ex
591 2052 658 2092 eo
688 2036 838 2092 cultu
886 2035 1245 2088 conﬁrmatur
1290 2037 1435 2103 quod
1476 2032 1586 2101 jam
1630 2033 1830 2088 multo-

236 2129 340 2183 ties
373 2129 643 2196 diximus,
669 2142 882 2181 summo
914 2127 1053 2195 apud
1086 2122 1379 2181 Gnosticos
1410 2125 1465 2179 in
1514 2125 1633 2181 loco
1662 2127 1831 2181 fuisse

236 2219 616 2292 Pythagoram
668 2229 724 2273 et
774 2220 1078 2282 Platonem,
1132 2232 1434 2288 eorumque
1478 2218 1701 2288 placita.
1753 2218 1829 2272 Ea

233 2312 369 2367 licet
410 2313 677 2366 maximis
737 2312 1082 2381 impietatqu
1130 2310 1391 2364 monstris
1443 2309 1730 2365 auxissent
1775 2318 1831 2364 et

237 2405 673 2473 interpolassent
705 2402 1143 2470 Carpocratiani.
1190 2402 1335 2455 inter
1368 2401 1599 2457 nebulas
1644 2411 1828 2457 tamen

234 2498 543 2554 identidem
576 2497 846 2551 relucent.
878 2493 954 2548 De
986 2493 1171 2547 mundi
1207 2495 1500 2549 crcationis
1544 2493 1850 2565 bypothesi,

231 2593 301 2645 de
327 2591 527 2657 ignoto
552 2590 690 2651 Deo,
720 2596 776 2641 et
804 2585 1116 2656 abroganda
1159 2586 1276 2653 lege
1305 2601 1403 2654 per
1429 2585 1668 2655 Angelos
1695 2585 1828 2651 lata,

231 2682 376 2735 nihil
404 2680 587 2735 dicam
615 2694 630 2731 :
667 2678 946 2746 ipsissima
983 2675 1255 2743 siquidem
1307 2676 1549 2730 Simonis
1579 2674 1830 2729 doctrina

229 2785 339 2839 est,
380 2775 716 2845 Pythagorze
746 2780 801 2824 et
848 2768 1094 2823 Platonis
1124 2769 1392 2823 institutis
1431 2784 1540 2823 non
1569 2768 1709 2822 male
1745 2781 1833 2822 re-

231 2870 537 2937 spondens.
567 2866 700 2931 Qua:
733 2876 862 2916 vero
886 2862 951 2914 de
978 2860 1158 2913 anima
1191 2860 1427 2914 humana
1447 2859 1833 2914 comminisce—

232 2964 402 3016 batur
427 2959 820 3026 Carpocrates,
865 2954 1199 3009 Platonicam
1229 2953 1476 3008 scholam
1523 2968 1620 3023 per
1645 2953 1830 3007 omnia

230 3051 356 3105 fere
399 3052 645 3119 sapiunt.
707 3047 1178 3115 Quemadmodum
1244 3045 1554 3108 Platonici,
1606 3055 1829 3100 auctore

227 3142 550 3197 Jamblicho
596 3142 666 3205 ⁵⁸,
712 3139 983 3208 duplicem
1032 3137 1332 3206 unicuique
1373 3137 1578 3191 homini
1621 3137 1830 3192 tribne-
1858 3174 1903 3234 Ο

232 3242 373 3289 bant
417 3236 689 3300 animam,
730 3233 959 3286 alteram
1011 3250 1043 3286 a
1099 3233 1272 3302 primo
1312 3229 1659 3298 intelligibili,
1712 3246 1828 3299 qua:

226 3326 527 3395 participat
563 3325 631 3376 de
659 3325 893 3391 patentia
935 3323 1162 3392 opiﬁcis,
1207 3320 1314 3376 ἀπὸ
1345 3321 1438 3374 τοῦ
1466 3320 1682 3393 πρώτου
1707 3338 1832 3393 νοη-

224 3420 324 3473 τοῦ
369 3418 704 3489 μετέχουσαν
745 3417 840 3470 καὶ
872 3416 972 3486 τῆς
999 3416 1091 3468 τοῦ
1135 3415 1467 3486 δημιουργοῦ
1510 3416 1825 3486 δυνάμεως·

226 3513 464 3565 alterum
512 3525 640 3580 qua:
699 3509 856 3563 nobis
903 3509 1124 3563 advenit
1162 3509 1226 3560 ὲκ
1269 3507 1368 3577 τῆς
1407 3506 1516 3558 τῶν
1562 3504 1829 3578 οὐρανίων

226 3604 565 3675 περιφορᾶς,
613 3602 692 3664 εἰς
727 3601 794 3671 ἢν
834 3600 1204 3671 ὲπεισέρπειή
1254 3597 1514 3670 θεοπτικὴ
1561 3598 1726 3671 ψυχή,
1764 3615 1831 3653 ex

226 3696 553 3747 circuitione
575 3693 866 3745 cwlestium
897 3693 1238 3753 mundorum,
1261 3692 1315 3742 in
1338 3707 1496 3760 quam
1524 3690 1705 3743 anima
1734 3690 1830 3744 Dei

225 3786 564 3855 speculatrix
621 3800 676 3837 se
724 3783 956 3847 inserit;
1012 3782 1094 3837 sic
1157 3794 1212 3837 et
1268 3783 1633 3852 Carpocrates
1693 3783 1828 3837 duas

225 3875 696 3945 uniuscujusque,
732 3875 868 3945 justi
900 3874 1119 3941 saltem,
1158 3875 1399 3931 hominis
1428 3874 1575 3928 velut
1615 3873 1830 3929 animas

224 3972 635 4038 distinguebat;
675 3969 904 4023 alteram
936 3983 1057 4038 qua;
1091 3983 1157 4023 ex
1185 3968 1510 4040 περιφορᾶς,
1540 3965 1826 4021 circumla-

224 4066 376 4117 tione
405 4063 676 4134 incogniti
715 4063 836 4127 Dei,
860 4062 913 4116 id
943 4071 1047 4128 est,
1079 4062 1179 4116 nisi
1208 4078 1294 4115 me
1322 4060 1455 4114 fallit
1488 4058 1825 4127 conjectura,

224 4171 293 4210 ex
330 4171 603 4225 supremo
631 4154 767 4210 orbe
814 4168 907 4209 seu
952 4152 1114 4219 coelo,
1159 4163 1254 4206 aut
1278 4150 1588 4206 Pleromate
1640 4151 1693 4204 in
1718 4165 1827 4219 quo

227 4264 486 4303 summus
532 4247 680 4301 Deus
750 4247 1057 4309 inhabitat,
1109 4243 1498 4308 descenderit;
1557 4243 1823 4307 alteram,

224 4358 351 4412 qum
380 4343 435 4395 in
469 4342 615 4395 banc
645 4356 770 4395 sese
814 4339 1214 4403 insinuaverit;
1248 4352 1542 4407 supernam
1574 4336 1825 4391 videlicet

226 4437 497 4488 virtutem
547 4434 601 4488 ei
636 4433 960 4500 immissam,
996 4441 1058 4487 ut
1104 4432 1519 4495 corroboretur,
1563 4437 1623 4482 et
1668 4430 1823 4483 inco-

1933 1941 2070 1995 riam
2108 1942 2627 2011 redintegraverint,
2662 1939 2860 1995 solutis
2883 1941 3105 1995 demum
3134 1942 3382 2011 corporis
3409 1943 3526 1996 vin-

1932 2034 2074 2089 culis
2108 2049 2323 2089 sursum
2349 2034 2589 2097 evolare,
2621 2044 2828 2087 astrum
2854 2034 3075 2102 aliquod
3100 2043 3365 2099 recturas,
3400 2034 3529 2087 bea-

1936 2134 2159 2194 tamque
2206 2126 2370 2177 vitam
2416 2134 2661 2180 acturas.
2705 2124 2762 2177 Si
2815 2140 2944 2180 vero
2986 2127 3312 2195 Corporibus
3361 2126 3528 2180 altius

1934 2218 2227 2280 immersae,
2254 2215 2524 2268 rationem
2574 2215 2985 2285 elanguescere,
3032 2226 3087 2271 et
3112 2232 3409 2285 pravorum
3444 2217 3527 2270 af-

1933 2306 2178 2362 fectuum
2220 2306 2437 2361 nebulis
2476 2305 2635 2361 obrui
2683 2306 2940 2371 siverint,
2968 2308 3037 2362 ad
3087 2323 3325 2377 superna
3380 2325 3528 2363 nus-

1933 2400 2518 2470 quamrespicieutes;
2553 2400 2655 2453 bas
2701 2399 2755 2452 in
2798 2408 3151 2468 peccatorum
3202 2414 3420 2469 poenam
3471 2403 3525 2455 in

1934 2491 2220 2546 muliebria
2246 2508 2474 2560 corpora
2514 2493 2773 2560 primum,
2813 2500 2925 2545 tum
2957 2493 3009 2546 in
3034 2492 3296 2560 belluiua,
3328 2496 3371 2549 si
3415 2511 3526 2551 non

1935 2587 2283 2655 resipiscam,
2331 2586 2543 2638 detrudi
2587 2603 2599 2636 :
2638 2585 2813 2639 donec
2845 2586 3085 2639 excitata
3118 2588 3356 2652 rati0ue,
3392 2604 3525 2657 pra-

1936 2680 2125 2746 visque
2154 2676 2442 2731 all‘ectibus
2479 2688 2747 2745 purgatm,
2796 2677 3104 2731 cmlestium
3147 2694 3420 2735 memores
3456 2683 3526 2736 ad

1935 2771 2171 2837 prinmm
2223 2770 2598 2838 optimumque
2640 2771 2724 2824 sui
2779 2769 3028 2825 habitum
3064 2771 3178 2837 jam
3237 2776 3524 2830 redierint.

1936 2861 2198 2916 Eamdem
2232 2877 2395 2930 porro
2436 2860 2790 2929 Carpocratis
2844 2863 3178 2917 sententiam
3223 2881 3371 2931 esse,
3408 2870 3527 2923 cui-

1935 2955 2068 3009 libet
2120 2954 2351 3009 alteram
2409 2969 2524 3006 eum
2597 2953 2770 3007 altera
2814 2954 3119 3008 coul’erenti
3172 2960 3523 3027 perspicuum

1934 3045 2150 3100 evadet.
2182 3044 2382 3100 Eadem
2422 3054 2650 3114 apparet
2695 3045 2989 3114 utrobique
3033 3046 3337 3103 animarum
3370 3052 3527 3122 origo

1935 3137 2219 3204 cwlcstis;
2268 3137 2458 3192 eadem
2503 3138 2965 3206 praeexsistentia,
3012 3155 3308 3211 rerumque
3362 3159 3525 3214 supe-

1936 3246 2120 3285 rarum
2152 3230 2565 3300 contemplatio,
2596 3247 2888 3300 corporum
2920 3234 3170 3302 ingressu
3201 3236 3520 3304 antiquior;

1933 3323 2124 3378 eadem
2155 3322 2462 3376 animarum
2499 3324 2776 3393 purgatio,
2811 3325 3287 3397 pristinorumque
3315 3344 3520 3384 metuo-

1935 3413 2031 3467 ria:
2080 3413 2423 3482 recuperatio
2473 3430 2571 3481 per
2624 3430 2806 3469 rerum
2872 3415 3199 3471 inferiorum
3268 3429 3523 3474 conteru-

1933 3514 2108 3572 ptum;
2137 3505 2327 3558 eadem
2358 3504 2627 3560 revolutio
2655 3522 2751 3575 per
2776 3508 2993 3563 diversa
3023 3523 3283 3578 corpora,
3308 3524 3371 3561 ac
3406 3518 3525 3562 tan—

1932 3600 2054 3653 dem
2082 3598 2134 3651 in
2161 3597 2453 3665 pristinum
2479 3606 2682 3651 statum
2710 3601 3005 3655 restitutio.
3043 3601 3285 3654 Tantum
3315 3601 3525 3674 Carpo-

1932 3698 2112 3744 crates
2134 3688 2234 3742 sub
2250 3690 2468 3744 nomine
2494 3690 2808 3746 Christiano
2832 3690 2992 3762 longe
3024 3692 3267 3748 deterior
3293 3693 3523 3750 Platone

1930 3781 2171 3844 cthnico,
2219 3796 2407 3835 rerum
2452 3781 2779 3837 inferiorum
2830 3794 3205 3853 contemptum
3252 3804 3318 3840 eo
3358 3790 3523 3843 modo

1932 3875 2351 3943 interpretatur,
2383 3888 2546 3942 quem
2582 3875 2896 3929 erubuisset
2944 3874 3127 3939 Plato;
3179 3890 3522 3946 causamque

1932 3968 2145 4021 iterata:
2200 3966 2557 4021 revolutionis
2622 3966 2927 4020 animarum
2982 3967 3224 4022 refundit
3286 3971 3339 4022 iu
3407 3978 3524 4023 tur-

1938 4057 2152 4129 pisslmi
2176 4057 2408 4125 alicujus
2440 4056 2705 4112 facinoris
2739 4058 3125 4124 omissionem,
3147 4075 3312 4130 quam
3346 4060 3435 4113 ille
3465 4064 3520 4113 in

1930 4167 2128 4219 pravos
2152 4149 2377 4205 affectus
2404 4161 2462 4205 et
2500 4165 2821 4219 perversum
2855 4152 3088 4206 rationis
3112 4168 3269 4205 usum
3313 4153 3518 4221 rejicit.

2004 4243 2129 4296 124.
2157 4242 2558 4313 Pythagoreum
2589 4242 2755 4296 etiam
2785 4253 2906 4297 erat
2946 4242 3088 4312 quod
3123 4244 3361 4312 ﬁngebat
3388 4242 3522 4299 Car-

1929 4345 2206 4403 pocrates,
2237 4335 2444 4403 Angrlo
2489 4335 2708 4389 cuidam
2758 4334 2809 4387 id
2848 4336 3091 4388 muneris
3128 4336 3516 4390 demandatum

1929 4429 2118 4491 fuisse.
2170 4438 2230 4482 ut
2287 4428 2501 4481 animas
2554 4428 2683 4481 hinc
2735 4429 3037 4499 migrantes
3086 4428 3153 4481 ad
3206 4428 3519 4498 Principem

223 4528 362 4597 gniti
404 4528 506 4581 Dei
557 4526 835 4581 recordari
874 4525 1070 4579 valeat.
1097 4526 1143 4557 ⁸²
1186 4523 1261 4577 Ex
1305 4521 1626 4586 Platonicis,
1669 4521 1823 4590 prior
1851 4516 1902 4576 D
1932 4523 2185 4587 deducat,
2222 4523 2290 4575 ab
2331 4536 2417 4586 eo,
2455 4520 2500 4574 si
2547 4520 2835 4589 quidpiam
2886 4521 3366 4590 praetermiserim,
3417 4536 3517 4589 pu-

223 4618 406 4671 anima
438 4617 778 4671 mundorum
814 4616 1154 4685 obtemperat
1180 4615 1439 4677 motibus,
1469 4620 1524 4666 et
1558 4613 1671 4666 l'ato
1692 4612 1819 4666 sub-

218 4711 396 4780 jacet;
414 4726 485 4763 ex
500 4706 1318 4777 Carpocratianis,-Augelorum
1342 4704 1527 4758 mundi
1541 4702 1816 4772 opiﬁcum,

221 4804 268 4858 si
303 4784 419 4858 sola
452 4803 550 4869 sit,
595 4801 885 4873 imperium
913 4800 1061 4855 subit
1089 4818 1103 4854 :
1133 4815 1201 4853 ex
1235 4798 1341 4853 illis
1371 4801 1642 4868 posterior
1666 4813 1819 4865 γενει-

223 4894 487 4966 σιουργοῦ
540 4892 777 4947 motioni
832 4891 1224 4961 supereminet,
1278 4890 1405 4957 quia
1454 4888 1615 4943 habet
1662 4888 1717 4941 in
1759 4902 1817 4943 se

220 4987 560 5056 principium
631 4983 912 5053 proprium
968 4979 1066 5051 τῆς
1119 4981 1201 5042 εἰς
1261 4979 1322 5031 τὸ
1373 4977 1563 5047 νοητὸν
1618 4994 1814 5049 περια-

218 5078 429 5147 γωγῆς,
463 5090 577 5147 quo
602 5076 782 5146 possit
814 5076 880 5129 ad
920 5072 1262 5142 intelligiblle
1292 5081 1617 5126 convertere
1664 5070 1808 5138 seip-

221 5188 357 5234 satu,
389 5178 449 5223 et
477 5183 506 5221 a
541 5169 710 5223 rebus
743 5168 904 5221 lactis
927 5169 1192 5229 eximere,
1221 5180 1287 5219 ac
1315 5164 1563 5219 ordinem
1593 5163 1813 5221 munda-

219 5279 345 5315 nam
369 5261 723 5332 supergredi.
758 5259 835 5314 Ex
877 5260 983 5323 bis,
1024 5258 1353 5328 Augelorum
1402 5254 1585 5309 mundi
1617 5253 1811 5309 condi-

219 5366 395 5410 torum
428 5356 626 5424 jugum
661 5353 896 5418 excutit,
950 5352 1115 5407 rebus
1150 5350 1409 5406 omnibus
1437 5347 1602 5404 iactis
1634 5344 1811 5401 domi-

223 5461 400 5512 natur.
450 5464 517 5505 ac
548 5450 774 5504 demum
813 5446 1044 5502 vinculis
1071 5443 1321 5501 exsoluta
1363 5443 1430 5496 ad
1478 5455 1801 5510 supremum

221 5549 433 5605 Patrem
480 5544 690 5602 evolat.
730 5540 859 5598 Haec
894 5552 1007 5595 tam
1036 5548 1161 5610 apte
1196 5538 1301 5593 sibi
1344 5535 1701 5607 respondent,
1747 5542 1806 5589 ut

220 5651 361 5708 gutta
395 5646 573 5713 gutta
604 5633 846 5693 similior
885 5648 994 5689 non
1026 5634 1119 5689 sit.
1156 5629 1402 5686 Platonis
1441 5630 1496 5683 in
1545 5627 1808 5690 Phaedro,

1930 4613 2178 4667 niendas.
2209 4613 2365 4676 Nam,
2398 4613 2619 4668 Laertia
2661 4624 2799 4669 teste
2823 4615 2890 4679 ⁵³,
2930 4616 3034 4669 hoc
3070 4614 3244 4682 ipsum
3277 4612 3513 4669 cilicium

1926 4715 2047 4758 erat
2080 4706 2223 4772 quod
2250 4704 2521 4759 Mercurio
2557 4705 2832 4760 tribuebat
2862 4704 3202 4775 Pythagoras
3235 4722 3249 4757 :
3279 4706 3420 4759 adeo
3457 4716 3518 4758 ut

1922 4798 2176 4850 eamdem
2205 4798 2433 4851 omnino
2468 4795 2731 4858 fabulam.
2776 4796 3003 4851 mutatis
3046 4797 3315 4851 duntaxat
3340 4797 3516 4851 nomi-

1924 4892 2109 4954 nims,
2148 4892 2430 4944 recoxerit
2474 4891 2862 4961 Cat-pocrates.
2908 4891 3110 4946 Aiebat
3145 4891 3257 4956 ille,
3301 4890 3515 4945 Mercu-

1920 4983 2064 5038 rium
2118 4984 2428 5038 animarum
2474 4983 2702 5055 ταμίαν,
2755 4990 3088 5053 qua:storem
3142 4996 3293 5047 esse,
3346 4990 3514 5051 atque

1922 5078 2059 5131 adeo
2099 5077 2385 5131 ductorem
2433 5077 2565 5141 dici,
2611 5076 2757 5146 quod
2809 5076 2854 5130 is
2899 5092 2964 5130 ex
3008 5076 3338 5145 corporibus
3385 5075 3511 5129 ani-

1922 5183 2059 5232 mas,
2089 5183 2254 5236 puras
2293 5168 2511 5235 quidem
2540 5182 2608 5222 ac
2634 5178 2895 5239 purgatas
2929 5168 2983 5222 in
3011 5167 3289 5222 excelsum
3316 5166 3511 5232 ducat,

1923 5261 2165 5328 impuras
2200 5275 2329 5313 vero
2368 5258 2551 5312 Furiis
2596 5258 2799 5319 tradat,
2847 5257 3099 5313 inlractis
3131 5256 3363 5313 nexibus
3390 5255 3512 5309 vin-

1918 5352 2159 5407 ciendas.
2189 5349 2326 5403 Hinc
2349 5348 2658 5411 Horatiusr,
2676 5346 2775 5403 Od.
2800 5348 2901 5407 ll):

2203 5483 2281 5538 Tu
2318 5484 2431 5541 nias
2464 5482 2604 5536 (retis
2634 5484 2842 5535 animos
2871 5485 3079 5549 reponis

2191 5552 2436 5615 Sedibus,
2478 5558 2723 5623 virgaque
2754 5555 2919 5618 levem
2947 5569 3154 5608 coerces

2425 5627 2597 5679 Aurea
2624 5626 2858 5679 turbant.
2928 5640 2932 5643 ‘

290 5820 329 5852 "
362 5821 507 5877 Sect.
548 5834 673 5885 rm,
709 5832 762 5872 c.
798 5816 848 5872 ϐ.
923 5814 970 5847 ⁸²
1002 5814 1165 5881 idem,
1202 5830 1252 5871 c.
1284 5813 1335 5867 7.
1378 5813 1459 5888 "’
1489 5812 1545 5867 lu
1583 5811 1836 5883 Pythag.,
1872 5825 1925 5880 p.
1963 5810 2086 5866 5N.
2155 5869 2159 5872 ,
