3954 6352
472 300 572 359 H3

504 426 505 431 ‘
1000 418 1081 478 Vl.
1120 420 1193 474 De
1236 418 1506 479 Cerintho.

498 512 503 517 ’
536 514 657 568 ηε.
686 512 987 568 Corinthus
1018 515 1062 568 si
1093 530 1200 568 non
1251 515 1494 581 natione,
1531 513 1727 569 saltem
1776 512 2041 582 religione

460 610 698 669 Judmus,
733 608 1107 676 apostolorum
1143 608 1497 676 temporibus,
1538 607 1646 660 imo
1669 607 1736 661 ab
1782 606 1916 675 ipsis
1947 607 2046 660 Ec-

459 702 642 757 clesiae
686 700 1059 763 incunabulis,
1108 700 1152 754 si
1196 698 1501 768 Epiphanio
1549 699 1595 732 ³⁸
1640 698 1800 765 fides,
1840 700 2040 766 erupit.

461 792 594 848 Eum
619 794 764 849 enim
803 793 970 847 fuisse
996 800 1174 862 putat,
1204 793 1295 861 qui
1345 792 1537 846 fideles
1566 792 1825 848 adversus
1855 792 1913 846 S.
1941 791 2043 847 Pe-

458 896 628 952 trum,
673 886 815 953 quod
849 884 1160 941 Cornelium
1203 884 1594 941 Centurionem
1645 886 1918 955 baptismo
1960 887 2042 941 di-

446 990 655 1049 gnatus
675 980 900 1044 ’fuisset,
931 980 1270 1047 concitavit;
1308 980 1556 1035 eumdem
1600 978 1776 1045 illum,
1805 979 1896 1050 qui
1920 995 2043 1050 per-

439 1068 641 1142 peram
683 1072 1069 1127 commendata
1118 1072 1293 1127 veteri
1341 1071 1460 1143 lege
1498 1071 1797 1127 Ecclesiam
1846 1073 2041 1126 Antio-

455 1163 684 1216 chenam
723 1162 981 1216 turbavit.
1033 1161 1412 1216 Cerinthianos
1453 1161 1686 1230 denique
1730 1160 1900 1216 fuisse
1947 1161 2040 1231 qui

450 1263 791 1324 praepostero
818 1253 957 1324 legis
986 1253 1192 1316 studio,
1221 1256 1385 1308 toties
1408 1255 1690 1324 apostolis,
1729 1256 2037 1322 praesertim

451 1346 514 1400 D.
545 1344 765 1410 Paulo,
810 1345 1078 1400 invidiam
1129 1344 1457 1413 conﬂarunt,
1503 1361 1640 1417 quos
1688 1346 1744 1400 in
1776 1347 2039 1417 Epistolis

448 1440 565 1494 suis
596 1440 687 1494 hic
716 1439 918 1509 smpius
942 1438 1289 1509 perstringit.
1323 1437 1522 1493 Verum
1558 1452 1858 1509 repugnare
1888 1437 2040 1492 vide-

449 1543 539 1586 tur
570 1532 804 1587 fremens
861 1533 1113 1588 scribens
1159 1532 1230 1598 ",
1272 1531 1438 1586 multo
1477 1532 1629 1601 prius
1665 1532 2036 1585 inseminatam

446 1624 615 1679 fuisse
634 1623 1026 1679 Nicolaitarum
1050 1638 1216 1694 quam
1239 1622 1724 1678 Cerinthianorum
1748 1637 2032 1678 errorem:

446 1731 546 1770 nec
573 1716 676 1771 sibi
707 1717 809 1786 ipsi
841 1717 975 1770 satis
1000 1716 1275 1771 consentit
1306 1713 1665 1785 Epiphanius,
1695 1714 2028 1770 Cerinthum

442 1806 778 1877 Carpocrate
807 1808 1164 1878 posteriorem
1206 1806 1375 1862 fuisse
1426 1806 1764 1877 signiﬁcans,
1812 1807 1927 1877 qui,
1973 1817 2031 1862 ut

443 1900 603 1968 paulo
632 1909 760 1953 ante
791 1899 1047 1962 vidimus,
1073 1914 1178 1953 non
1204 1898 1307 1952 nisi
1353 1898 1577 1953 Adriani
1612 1900 1824 1968 imperii
1858 1900 2032 1956 initiis

442 1993 664 2062 prodiit.
696 1991 767 2046 At
820 1992 1184 2062 antiquiorem
1250 2006 1378 2047 esse
1427 1990 1774 2055 Cerinthum,
1830 2000 1886 2046 et
1928 1992 2031 2048 sub

443 2052 751 2137 bomitiano
791 2097 943 2136 suam
976 2052 1237 2136 haeresim
1267 2080 1599 2144 condidisse,
1646 2080 1733 2135 vel
1772 2080 1902 2134 illud
1936 2081 2027 2136 de-

441 2181 730 2237 monstrat,
759 2175 902 2243 quod
934 2190 962 2227 a
989 2173 1293 2243 Polycarpo
1331 2172 1593 2227 traditum
1639 2173 1921 2243 accepisse
1966 2189 2027 2229 se

396 2260 415 2277 ‘
442 2276 678 2321 testatur
719 2268 956 2319 lrenaeus
992 2264 1059 2329 ⁸⁸,
1088 2276 1143 2319 et
1170 2272 1295 2333 post
1317 2279 1441 2319 eum
1478 2264 1747 2319 Eusebius
1790 2265 1859 2333 ⁵⁷,
1895 2267 2025 2336 Epi-

438 2360 674 2429 phanius
698 2359 767 2425 ⁸⁸,
813 2356 1179 2427 Hieronymus
1211 2355 1280 2422 ⁸⁸,
1313 2356 1691 2411 Theodoretus
1722 2356 1767 2388 °°
1803 2366 1858 2411 et
1906 2358 2023 2421 alii,

435 2446 700 2505 Joannem
754 2450 1060 2518 apostolum
1118 2446 1315 2515 Ephesi
1376 2446 1430 2499 in
1496 2446 1749 2501 balneum
1803 2447 2022 2503 lavandi

436 2556 600 2595 causa
631 2541 965 2605 ingressum,
1012 2553 1136 2591 cum
1183 2539 1390 2591 certior
1434 2534 1613 2592 factus
1643 2546 1788 2593 esset
1829 2537 2022 2593 Cerin-

439 2634 589 2686 thum
642 2633 787 2686 intus
846 2645 987 2693 esse,
1044 2638 1286 2683 actutum
1343 2645 1410 2685 ex
1466 2646 1532 2685 eo
1568 2629 1691 2686 loco
1734 2645 1794 2685 se
1838 2632 2020 2700 prori-

436 2724 665 2792 puisse:
697 2739 766 2777 ne
810 2722 1089 2789 balneum,
1142 2722 1444 2791 inquiebat,
1483 2724 1535 2778 in
1584 2738 1691 2793 quo
1726 2724 2022 2783 Cerinthus

434 2817 680 2872 veritatis
712 2819 888 2872 hostis
918 2828 1313 2883 commoratur,
1347 2820 1528 2876 subito
1569 2822 1887 2889 concidens,
1919 2836 2019 2878 nos

432 2910 727 2978 opprimat.

506 3002 633 3056 126.
671 3002 803 3056 Eum
838 3002 890 3056 in
932 3001 1171 3073 Egypto
1209 3002 1443 3071 primum
1474 3005 1678 3060 diutius
1719 3017 2015 3075 versatum,

1241 324 1248 332 -
1290 294 1891 354 DlSSEBTATlONES
1927 293 2238 351 PBEVIIE
2278 294 2348 349 IN
2383 294 2646 351 lRENrEl
2686 295 2955 357 LIBROS.

3609 306 3698 362 ιιι

2069 420 2114 475 Α
2144 427 2252 473 tem
2284 429 2339 474 et
2358 418 2677 474 Cerinthum
2702 417 2932 472 Matthaei
2961 416 3261 487 Evangelio
3292 415 3475 483 fretos.
3511 435 3572 491 ex
3595 426 3701 494 ejus

2148 509 2325 575 initio,
2348 509 2661 578 Christique
2685 510 2999 579 genealogia
3032 510 3270 578 probare
3301 512 3700 577 niti,Christum

2146 617 2211 655 ex
2258 600 2481 670 Josephi
2531 610 2585 657 et
2632 600 2820 656 Maria:
2857 601 3067 657 semine
3116 614 3460 671 procreatum
3510 604 3700 665 fuisse.

2148 694 2429 751 Ebiouteos
2487 692 2799 747 econtrario
2839 692 2991 747 omni
3044 692 3135 747 illa
3185 694 3491 765 genealogis
3526 713 3702 768 ampu-

2149 795 2285 849 tata,
2333 786 2405 840 ab
2448 785 2571 841 aliis
2609 785 2793 840 verbis
2842 784 3121 856 Evangelii
3164 786 3377 841 initium
3409 787 3701 845 deduxisse.

2146 877 2312 947 Igitur
2342 877 2579 934 Matthaei
2606 878 2961 949 Evangelium
2987 879 3305 950 genealogis
3336 895 3439 935 non
3472 882 3706 937 decurta-

2147 968 2279 1024 hant
2299 969 2665 1036 Cerinthiani,
2695 985 2726 1025 e
2761 986 2867 1040 qua
2909 981 3232 1041 argumenta
3273 982 3464 1026 contra
3495 973 3706 1043 virgini-

2148 1068 2314 1116 tatem
2339 1061 2523 1118 Marize
2550 1072 2736 1131 petere
2766 1077 2826 1117 se
2857 1076 3019 1131 posse
3052 1063 3156 1117 sibi
3190 1065 3607 1132 persuadebant.
3634 1064 3705 1118 Ac

2145 1156 2373 1228 proinde
2417 1165 2512 1209 aut
2536 1156 2624 1211 hic
2666 1164 2761 1215 aut
2808 1154 2920 1211 illic
2973 1157 3242 1211 memoria
3295 1156 3555 1212 defecerit
3590 1156 3708 1229 Epi-

2144 1248 2403 1318 pbanimn
2429 1261 2660 1302 necesse
2684 1257 2787 1303 est.
2817 1245 2931 1301 Illic
2953 1247 3134 1316 potius
3161 1262 3326 1317 quam
3349 1247 3437 1301 hic
3460 1248 3705 1305 defecisse

2143 1339 2492 1395 crediderim.
2528 1337 2807 1393 Testatum
2836 1336 2970 1393 facit
3000 1338 3292 1408 Dionysius
3320 1337 3707 1396 Alexandrinus

2143 1430 2286 1500 apud
2322 1428 2613 1484 Eusebium
2641 1428 2710 1491 “,
2742 1429 3014 1498 quosdam
3057 1428 3224 1483 fuisse
3268 1430 3359 1499 qui
3399 1430 3703 1487 Corinthum

2142 1533 2421 1580 auctorem
2484 1540 2613 1580 esse
2673 1524 3056 1579 existimarent
3110 1523 3503 1595 Apoealypsis,
3555 1539 3705 1594 quam

2140 1621 2368 1677 Joannis
2393 1635 2514 1676 esse
2541 1619 2846 1676 certissime
2876 1618 3054 1674 credit
3084 1618 3357 1675 Ecclesia.
3383 1618 3532 1673 Haud
3554 1617 3707 1673 dubie

2141 1715 2268 1787 quia
2314 1724 2362 1769 et
2415 1715 2529 1782 ipse
2575 1711 2880 1782 apostolum
2932 1726 3056 1767 sese
3103 1713 3420 1779 venditans,
3473 1712 3707 1782 spuriam

2134 1806 2500 1879 Apocalypsin
2541 1805 2786 1860 scribere
2824 1818 2994 1860 ausus
3042 1802 3226 1857 fuerat
3258 1820 3276 1858 :
3315 1804 3371 1859 id
3401 1804 3597 1875 quippe
3635 1803 3711 1858 di-

2134 1900 2300 1954 sertis
2326 1898 2509 1952 verbis
2530 1897 2731 1952 asserit
2782 1895 3166 1951 Theodoretus
3195 1897 3281 1962 °7;
3316 1897 3572 1967 huncque
3596 1912 3711 1952 sen-

2132 2006 2253 2047 sum
2300 1989 2461 2044 facile
2505 1989 2801 2043 admittunt
2845 1987 2963 2043 Caii
3005 1988 3312 2059 presbyteri
3365 1987 3531 2043 verba
3577 1989 3711 2057 apud

2131 2084 2381 2139 eumdem
2407 2082 2705 2137 Eusebium
2734 2082 2805 2135 ⁶⁶.
2852 2081 3109 2137 Ediderat
3145 2083 3336 2147 etiam,
3376 2082 3712 2137 Theodoreto

2134 2188 2295 2242 teste,
2337 2175 2578 2231 ἀπειλῶν
2602 2192 2762 2230 τινων
2794 2174 3163 2240 διδασκαλίας,
3210 2175 3569 2246 quarumdam
3618 2177 3713 2228 mi-

2130 2285 2319 2323 narum
2341 2268 2648 2331 doctrinas;
2677 2266 2770 2335 qui
2802 2265 2945 2320 liber
2969 2282 3041 2320 an
3070 2267 3139 2320 ab
3173 2266 3507 2336 Apocalypsi
3539 2266 3711 2319 diver-

2130 2374 2221 2415 sus
2249 2368 2413 2423 esset,
2456 2373 2563 2412 non
2615 2357 2750 2412 satis
2796 2366 3036 2411 constat.
3086 2357 3223 2412 lllttd
3272 2356 3715 2420 certius,Cerin--

2130 2452 2280 2507 thum
2340 2453 2396 2507 in
2448 2467 2545 2507 sua
2600 2450 2931 2520 Apocalypsi
2968 2451 3144 2521 prima
3191 2451 3585 2506 Chiliastarum
3622 2464 3712 2505 seu

2129 2544 2559 2604 Dlillenariorum
2621 2545 2827 2598 erroris
2882 2543 3244 2597 fundamenta
3294 2542 3500 2612 jecisse
3550 2558 3564 2596 :
3613 2556 3716 2611 quo

2128 2636 2366 2707 tingebat
2398 2643 2522 2705 post
2584 2636 2833 2690 humanae
2869 2635 3055 2691 carnis
3096 2634 3591 2696 resurrectionem,
3632 2634 3712 2687 fu-

2128 2738 2307 2782 turum
2344 2736 2623 2781 terrenum
2668 2726 2876 2781 Christi
2919 2741 3170 2796 regnum.
3214 2735 3271 2781 et
3317 2724 3717 2796 Hierosolymis

2124 2821 2374 2875 homines
2405 2819 2589 2874 carnis
2621 2818 3015 2888 cupiditatibus
3046 2828 3103 2874 et
3158 2818 3507 2890 voluptatum
3544 2820 3711 2873 illece«

2123 2912 2236 2968 bris
2263 2913 2581 2976 servituros,
2600 2910 2852 2998 milleque
2869 2926 3042 2968 annos
3062 2911 3115 2969 in
3139 2914 3467 2983 nuptiarum
3491 2913 3645 2968 festis
3665 2920 3719 2967 et

2123 3004 2441 3059 celebritate
2468 3001 2661 3075 [ωιν]
2684 3012 3128 3072 consumpturos.
3161 3003 3264 3059 Cui
3293 3004 3522 3074 quidem
3545 3004 3715 3059 errori

434 3093 795 3163 philosophia:
837 3093 1169 3163 (Platonica;
1212 3105 1395 3161 certe,
1432 3114 1555 3166 quae
1607 3099 1679 3154 ibi
1727 3111 1843 3158 tum
1888 3114 2025 3161 rem-
2048 3106 2089 3164 ς
2124 3096 2467 3150 occasionem
2495 3095 2799 3164 praebuisse
2829 3094 3079 3149 videntur
3112 3096 3194 3164 (ut
3234 3095 3376 3149 nihil
3404 3097 3472 3150 de
3499 3094 3720 3151 Joannis

435 3187 582 3252 poris
623 3186 887 3257 florebat)
929 3203 1153 3258 operam
1206 3189 1464 3254 dedisse,
1499 3191 1695 3248 deinde
1742 3195 1798 3249 in
1838 3196 2023 3255 Asiam

432 3276 666 3340 venisse,
697 3275 881 3343 ibique
908 3276 1066 3343 l0uge
1092 3276 1308 3347 lateque
1348 3278 1686 3347 impietatem
1713 3292 1868 3334 suam
1896 3296 2022 3350 pro-

432 3384 682 3439 pagasse,
732 3377 921 3422 auctor
956 3379 1040 3423 est
1091 3370 1471 3427 Theodoretus
1521 3373 1589 3437 ⁸⁸,
1619 3373 1705 3428 cui
1746 3376 2020 3430 consentit

430 3473 485 3516 et
517 3462 852 3532 Epiphanius
880 3463 949 3517 θ’.
987 3467 1138 3521 Nova
1172 3478 1238 3517 ex
1270 3479 1338 3517 eo
1370 3474 1521 3519 secta
1564 3465 1835 3534 prorupit,
1873 3466 2019 3521 dicta

428 3556 934 3624 Cerinthianorum,
983 3560 1071 3614 vel
1128 3559 1665 3624 Meriuthianorum;
1708 3561 1827 3615 sive
1873 3561 2019 3629 quod

430 3650 726 3704 Ceriutltus
784 3652 990 3719 pariter
1038 3662 1094 3707 et
1149 3652 1457 3707 Merinthus
1509 3664 1849 3719 vocaretur;
1902 3655 2020 3712 sive

429 3743 575 3811 quod
630 3743 962 3797 Merinthum
1014 3747 1303 3813 quemdam
1352 3745 1655 3812 adiutorem
1710 3757 1766 3800 et
1810 3748 2017 3802 socium

433 3836 689 3889 habuerit
738 3839 930 3905 :quod
981 3838 1204 3892 dubium
1248 3848 1303 3891 et
1354 3837 1456 3892 soli
1510 3838 1619 3892 Deo
1657 3847 1846 3893 notum
1897 3855 2019 3894 esse

431 3928 638 3982 t'ttetur
679 3929 1018 3999 Epiphanius
1058 3930 1124 3982 ⁸³.
1173 3930 1454 3999 Scriptum
1504 3927 1676 3985 fuisse
1721 3946 1753 3985 a
1800 3929 2018 3988 Joanne

433 4021 810 4091 Evangelium,
841 4023 1037 4093 partim
1071 4021 1397 4077 tttCeriuthi
1445 4035 1663 4077 errores
1717 4024 2016 4089 refelleret,

432 4118 598 4169 tradit
638 4117 895 4172 lrenaeus.
933 4117 1226 4172 Hominum
1274 4119 1443 4188 igitur
1489 4118 1861 4184 inSulsissimi,
1902 4120 2016 4189 qui,

430 4206 727 4262 Philastrio
752 4216 912 4273 teste,
977 4209 1253 4279 Evangelii
1305 4211 1467 4279 hujus
1517 4220 1798 4265 auctorem
1830 4213 2022 4266 Cerin-

434 4301 584 4353 thum
620 4303 795 4370 ipsum
844 4301 1017 4356 fuisse
1064 4302 1445 4356 autumabant.
1496 4300 1682 4356 Soluttt
1711 4302 1854 4357 enim
1887 4303 2018 4358 Mat-

434 4392 559 4444 thei
592 4390 977 4461 Evangelium,
1025 4390 1190 4460 idque
1233 4392 1438 4447 Christi
1469 4391 1785 4462 genealogia
1822 4394 2017 4447 decur-

434 4492 627 4543 tatum,
659 4484 959 4552 repudiatis
985 4482 1162 4536 tribus
1192 4481 1337 4547 aliis,
1389 4480 1607 4549 rejectis
1654 4482 1822 4536 etiam
1867 4481 2019 4537 Artis

431 4575 825 4642 apostolorum,
877 4575 1247 4642 omnibusque
1294 4573 1446 4626 Pauli
1480 4572 1781 4641 Epistolis,
1827 4573 2022 4643 proba-

432 4665 585 4725 bant,
616 4667 661 4719 si
727 4664 1026 4720 Philastrio
1069 4667 1116 4697 δ”
1163 4676 1217 4719 et
1276 4665 1582 4735 Epiphanio
1626 4664 1671 4696 ⁸⁵
1725 4663 1859 4718 ﬁdes
1914 4675 2020 4719 est.

432 4752 687 4809 Nonnihil
726 4766 909 4811 tamen
973 4773 1191 4823 vereor,
1251 4765 1308 4809 ut
1360 4763 1590 4824 uterque
1640 4753 2022 4811 Cerinthiauos

431 4864 553 4900 cum
592 4847 861 4903 Ebionitis
886 4849 1219 4903 confuderit.
1251 4848 1365 4904 Soli
1399 4848 1666 4918 siquidem
1710 4858 1777 4897 ex
1819 4850 2020 4903 veteri-

428 4942 530 4995 bus
563 4939 615 4995 id
652 4940 759 4995 illis
790 4942 1094 5006 ascribunt,
1130 4941 1274 5010 quod
1308 4942 1395 4997 his
1417 4953 1741 5001 constanter
1773 4944 2021 4999 tribuunt

428 5032 522 5085 alii
548 5050 565 5098 ;
597 5046 697 5087 nec
728 5033 943 5086 videtur
973 5033 1025 5086 id
1055 5034 1123 5087 ab
1154 5034 1361 5088 lretttno
1405 5033 1653 5089 Cerinthi
1688 5050 1908 5091 errores
1933 5048 2021 5088 re-

430 5125 639 5177 ferente
688 5124 951 5178 omissum
1000 5126 1092 5191 iri,
1124 5128 1269 5196 quod
1320 5127 1701 5181 Ebionitarum
1763 5123 2017 5197 dogmata

428 5208 727 5271 recensens
779 5217 1043 5272 adnotare
1102 5234 1209 5273 non
1260 5221 1524 5290 neglexit.
1580 5221 1807 5275 Accedit
1868 5222 2014 5288 quod

430 5310 763 5379 Epiphanius
823 5324 1008 5364 secum
1062 5309 1177 5380 ipse
1252 5326 1496 5381 pugnare
1552 5311 1821 5367 videatur.
1875 5311 2014 5366 Nam

431 5404 563 5456 baer.
593 5402 771 5473 nx,§
811 5402 895 5466 l4,
922 5403 1203 5472 conceptis
1252 5404 1434 5459 verbis
1464 5405 1680 5468 asserit,
1707 5406 2013 5474 Carpocra-

503 5628 720 5681 "liter.
781 5644 969 5693 xxvttt,
1035 5628 1062 5698 ᾗ

432 5698 477 5729 ⁸⁸
515 5699 567 5750 Ιιι
599 5699 743 5753 ΕΜ..
776 5714 823 5751 c.
857 5698 910 5751 9.

1007 5700 1052 5728 6.

432 5785 482 5821 c.
515 5769 605 5824 ‘25.
683 5769 725 5799 ⁸⁷
761 5768 875 5823 Lib.
922 5786 983 5836 tt,
1017 5787 1066 5825 c.

1118 5628 1174 5683 2.
1274 5629 1320 5659 ⁸³
1360 5628 1418 5682 L.
1458 5645 1620 5692 ttt,c.
1680 5631 1764 5691 ll,
1820 5648 1873 5687 n.
1914 5632 1965 5683 l.

1095 5700 1155 5754 L.
1196 5716 1258 5757 tt.
1291 5718 1341 5752 c.
1367 5700 1420 5751 5.
1518 5702 1559 5730 δ’
1594 5699 1695 5760 ltl.,
1733 5701 1867 5754 ibid.

1110 5771 1160 5823 5.
1240 5771 1285 5802 ⁸⁸
1322 5769 1441 5823 Lib.
1477 5786 1556 5837 ut,
1589 5787 1637 5825 c.
1670 5772 1765 5825 :23.

2070 5631 2117 5663 ⁸⁸
2155 5630 2217 5683 L.
2253 5645 2339 5690 ιιι,
2374 5644 2424 5685 c.
2460 5631 2515 5693 3,
2549 5646 2605 5683 n.
2635 5630 2689 5684 4.

1947 5700 2135 5769 "go

1844 5772 1887 5803 “
1920 5773 1993 5826 De
2028 5772 2286 5834 Praescr.,
2321 5788 2369 5826 c.
2404 5772 2492 5826 48.

2124 3187 2447 3259 Apocalypsi
2479 3186 2679 3255 dicam)
2728 3186 3118 3256 prophetarum
3160 3187 3230 3242 de
3282 3187 3502 3244 Messiae
3553 3202 3719 3259 regno

2126 3280 2413 3347 vaticinia;
2449 3294 2571 3350 qua!
2601 3293 2722 3333 cum
2780 3279 2846 3331 ad
2880 3277 3117 3333 litteram
3156 3278 3547 3350 intelligenda,
3598 3294 3719 3334 cum

2122 3371 2431 3426 Judteorum
2463 3369 2624 3439 vulgo
2676 3369 3008 3424 mundanum
3059 3383 3293 3439 regnum
3339 3378 3722 3441 exspectante,

2124 3465 2227 3520 sibi
2279 3466 2508 3537 lingeret
2544 3466 2708 3520 homo
2738 3464 3016 3534 pinguiori
3048 3462 3326 3531 Minerva,
3374 3475 3434 3522 et
3478 3468 3555 3523 ita
3588 3482 3723 3521 non-

2125 3559 2249 3611 dum
2276 3557 2519 3627 impleta,
2545 3556 2599 3610 in
2623 3572 2743 3610 eam
2770 3557 3038 3612 successit
3060 3557 3417 3625 opinionem,
3448 3557 3722 3629 implenda

2124 3653 2213 3707 illa
2247 3666 2368 3708 esse
2411 3662 2535 3720 post
2582 3651 3063 3706 resurrectionem.
3112 3649 3285 3707 Forte
3335 3652 3515 3709 etiam
3549 3663 3725 3709 mate-

2125 3746 2259 3798 riam
2290 3744 2736 3798 subministravit
2758 3742 2999 3797 Platonis
3021 3753 3400 3799 commentnm
3429 3745 3502 3801 de
3531 3758 3728 3815 magno

2123 3850 2287 3889 anno.
2318 3833 2441 3889 Vult
2470 3833 2638 3897 enim,
2664 3841 2789 3903 post
2834 3833 2905 3888 56
2947 3847 3211 3887 annorum
3246 3836 3429 3890 millia
3459 3836 3730 3892 innovan-

2123 3927 2248 3980 dum
2284 3941 2405 3980 esse
2433 3925 2730 3989 mundum;
2757 3932 2993 3993 tuncque
3023 3922 3140 3979 fore
3161 3925 3436 3981 saeculum
3468 3942 3721 3982 aureum.

2122 4016 2178 4071 ln
2215 4017 2464 4071 eumdem
2495 4030 2760 4078 errorem,
2796 4015 2892 4070 sed
2934 4030 3337 4086 corporearum
3372 4019 3728 4089 voluptatum

2122 4108 2348 4165 faecibus
2401 4119 2799 4178 expurgatum,
2858 4123 2983 4162 cum
3051 4108 3384 4178 imprudens
3440 4113 3727 4168 incidisset

2120 4200 2320 4270 Papias
2345 4200 2573 4257 Joannis
2604 4199 2840 4266 auditor,
2873 4200 2996 4254 aliis
3017 4202 3376 4270 postmodum
3408 4219 3441 4260 e
3467 4204 3577 4259 SS.
3617 4203 3728 4259 Pa-

2124 4294 2298 4348 tribus
2342 4308 2446 4347 non
2493 4292 2682 4361 paucis
2735 4290 2921 4362 lapsus
2964 4291 3313 4347 occasionem
3358 4295 3726 4350 ministravit.

2123 4382 2230 4437 Sed
2254 4382 2321 4437 de
2350 4382 2435 4437 his
2463 4380 2618 4436 alias.

2200 4474 2323 4530 127.
2366 4473 2565 4529 Eadem
2604 4473 2722 4528 fere
2745 4472 3018 4540 Cerinthi,
3044 4489 3166 4545 qua:
3191 4474 3477 4545 Simonis,
3502 4478 3729 4534 Menan-

2126 4567 2210 4621 dri
2239 4578 2294 4622 et
2341 4567 2580 4623 aliorum
2614 4565 3005 4622 Gnosticorum
3038 4542 3285 4623 somnia,
3308 4570 3503 4627 fuere.
3554 4572 3729 4627 Deum

2124 4674 2398 4713 summum
2419 4674 2448 4713 a
2484 4659 2751 4718 Creatore
2785 4664 2969 4718 mundi
3001 4664 3072 4717 ita
3104 4661 3409 4731 distinguit
3433 4675 3495 4719 et
3527 4673 3731 4721 natura

2124 4765 2182 4811 et
2226 4756 2380 4822 sede,
2413 4766 2473 4810 ut
2505 4756 2596 4814 hic
2644 4756 2828 4815 Virtus
2873 4759 2946 4813 sit
2998 4757 3208 4812 infinite
3242 4758 3317 4813 ab
3350 4758 3454 4815 illo
3487 4761 3733 4830 distans,

2125 4848 2355 4917 ejusque
2387 4862 2611 4917 prorsus
2643 4849 2856 4920 ignara.
2888 4847 3043 4904 Unde
3073 4848 3325 4916 sequitur
3348 4851 3547 4927 Deum
3608 4852 3733 4907 nul-

2120 4938 2227 4993 lam
2264 4939 2423 5009 hujus
2450 4940 2634 4995 mundi
2663 4956 2853 4996 curam
2886 4943 3085 5013 egisse,
3112 4955 3212 4996 nec
3240 4940 3429 5012 legem
3471 4945 3733 5011 dedisse;

2123 5033 2217 5089 sed
2243 5034 2510 5103 Angelum
2568 5044 2629 5088 ut
2677 5036 2865 5089 mundi
2925 5036 3286 5101 conditorem,
3354 5037 3443 5092 sic
3496 5047 3557 5093 et
3596 5037 3737 5107 legis

2120 5136 2439 5191 auctorem,
2490 5134 2547 5180 et
2594 5124 2907 5181 Judteorum
2965 5127 3256 5184 Dominum
3313 5116 3500 5184 fuisse
3547 5148 3563 5184 :
3613 5143 3738 5201 qua:

2126 5212 2388 5282 Simonis,
2424 5212 2707 5271 Menandri
2752 5228 2807 5272 et
2839 5217 3191 5290 Carpocratis
3221 5216 3435 5273 deliria
3473 5220 3736 5282 fuerunt,

2122 5322 2243 5376 qua;
2276 5307 2646 5364 Tertullianus
2680 5310 2747 5374 ”,
2771 5311 2855 5366 vel
2886 5312 3028 5366 alius
3055 5310 3260 5380 quivis,
3284 5320 3346 5365 et
3373 5310 3739 5381 Epiphanius

2122 5401 2169 5432 "
2193 5403 2400 5457 diserte
2428 5403 2687 5458 Cerintho
2708 5406 2976 5460 tribuunt.
3004 5405 3070 5460 Et
3100 5414 3284 5459 tamen
3314 5406 3445 5461 vult
3483 5407 3739 5477 Epipha-

2793 5632 2837 5663 "’
2874 5631 2990 5687 Lib.
3028 5646 3109 5691 Ill,
3142 5645 3193 5684 c.
3221 5628 3317 5685 28.

2224 5701 2268 5731 οι
2303 5699 2331 5771 §
2365 5701 2426 5773 3,7
2499 5704 2544 5731 οδ
2569 5701 2692 5755 Lib.
2728 5702 2796 5755 de
2829 5700 2970 5755 liter.
3067 5703 3111 5732 ’⁸
3150 5702 3178 5773 5
3215 5702 3267 5754 5'

2578 5775 2761 5843 “gr

3432 5631 3738 5704 -§§zt.

3381 5701 3431 5733 ⁸⁸
3467 5701 3599 5756 Lib.
3639 5719 3738 5769 ιιι,
