  <div class='ocr_page' id='page_1' title='image "/cluster/home/n/w/nwhite01/storage/ocr_20150623/7/hvd.32044019206614/080.png"; bbox 0 0 3954 6352; ppageno 0'>
   <div class='ocr_carea' id='block_1_1' title="bbox 272 414 372 469">
    <p class='ocr_par' dir='ltr' id='par_1_1' title="bbox 272 414 372 469">
     <span class='ocr_line' id='line_1_1' title="bbox 272 414 372 469; baseline -0.02 0"><span class='ocrx_word' id='word_1_1' title='bbox 272 414 372 469; x_wconf 64' lang='grc'><strong>145</strong></span> 
     </span>
    </p>
   </div>
   <div class='ocr_carea' id='block_1_2' title="bbox 986 398 1871 470">
    <p class='ocr_par' dir='ltr' id='par_1_2' title="bbox 986 401 1846 470">
     <span class='ocr_line' id='line_1_2' title="bbox 986 401 1846 470; baseline -0.008 -8"><span class='ocrx_word' id='word_1_2' title='bbox 986 405 1455 462; x_wconf 79' lang='lat' dir='ltr'><strong>DlSSERTATlO</strong></span> <span class='ocrx_word' id='word_1_3' title='bbox 1488 404 1530 470; x_wconf 91' lang='grc'>1,</span> <span class='ocrx_word' id='word_1_4' title='bbox 1560 403 1719 457; x_wconf 79' lang='lat' dir='ltr'><strong>ART.</strong></span> <span class='ocrx_word' id='word_1_5' title='bbox 1759 401 1846 467; x_wconf 88' lang='grc' dir='ltr'><strong>ΙΙΙ,</strong></span> 
     </span>
    </p>
   </div>
   <div class='ocr_carea' id='block_1_3' title="bbox 1956 398 2818 470">
    <p class='ocr_par' dir='ltr' id='par_1_3' title="bbox 1956 398 2818 460">
     <span class='ocr_line' id='line_1_3' title="bbox 1956 398 2818 460; baseline 0.002 -7"><span class='ocrx_word' id='word_1_6' title='bbox 1956 401 1972 453; x_wconf 76' lang='grc' dir='ltr'><strong>ἰ</strong></span> <span class='ocrx_word' id='word_1_7' title='bbox 2017 398 2361 456; x_wconf 51' lang='grc' dir='ltr'><strong>νΑιιΕΝΤιΝ</strong></span> <span class='ocrx_word' id='word_1_8' title='bbox 2370 402 2385 455; x_wconf 95' lang='grc' dir='ltr'><strong>Ι</strong></span> <span class='ocrx_word' id='word_1_9' title='bbox 2424 399 2818 460; x_wconf 78' lang='lat' dir='ltr'><strong>MAGISTRIS.</strong></span> 
     </span>
    </p>
   </div>
   <div class='ocr_carea' id='block_1_4' title="bbox 3452 397 3552 453">
    <p class='ocr_par' dir='ltr' id='par_1_4' title="bbox 3452 397 3552 453">
     <span class='ocr_line' id='line_1_4' title="bbox 3452 397 3552 453; baseline 0 0"><span class='ocrx_word' id='word_1_10' title='bbox 3452 397 3552 453; x_wconf 76' lang='lat' dir='ltr'><strong>HG</strong></span> 
     </span>
    </p>
   </div>
   <div class='ocr_carea' id='block_1_5' title="bbox 268 519 3549 598">
    <p class='ocr_par' dir='ltr' id='par_1_5' title="bbox 268 519 3549 598">
     <span class='ocr_line' id='line_1_5' title="bbox 268 519 3549 598; baseline -0.005 -11"><span class='ocrx_word' id='word_1_11' title='bbox 268 535 405 596; x_wconf 87' lang='lat' dir='ltr'><strong>nius,</strong></span> <span class='ocrx_word' id='word_1_12' title='bbox 449 531 777 585; x_wconf 85' lang='lat' dir='ltr'><strong>Ccrinthum</strong></span> <span class='ocrx_word' id='word_1_13' title='bbox 823 539 937 584; x_wconf 85' lang='lat' dir='ltr'><strong>tam</strong></span> <span class='ocrx_word' id='word_1_14' title='bbox 974 532 1199 585; x_wconf 86' lang='lat' dir='ltr'><strong>incenso</strong></span> <span class='ocrx_word' id='word_1_15' title='bbox 1233 531 1437 584; x_wconf 89' lang='lat' dir='ltr'><strong>veteris</strong></span> <span class='ocrx_word' id='word_1_16' title='bbox 1466 529 1601 598; x_wconf 88' lang='lat' dir='ltr'><strong>legis</strong></span> <span class='ocrx_word' id='word_1_17' title='bbox 1649 542 1864 598; x_wconf 88' lang='lat' dir='ltr'><strong>promo—</strong></span> <span class='ocrx_word' id='word_1_18' title='bbox 1893 528 1939 583; x_wconf 82' lang='lat' dir='ltr'><strong>A</strong></span> <span class='ocrx_word' id='word_1_19' title='bbox 1970 523 2236 588; x_wconf 84' lang='lat' dir='ltr'><strong>tel&#39;eceril,</strong></span> <span class='ocrx_word' id='word_1_20' title='bbox 2267 539 2329 578; x_wconf 92' lang='lat' dir='ltr'><strong>ac</strong></span> <span class='ocrx_word' id='word_1_21' title='bbox 2351 524 2771 587; x_wconf 83' lang='lat' dir='ltr'><strong>miraculorum,</strong></span> <span class='ocrx_word' id='word_1_22' title='bbox 2794 537 2917 591; x_wconf 78' lang='lat' dir='ltr'><strong>quae</strong></span> <span class='ocrx_word' id='word_1_23' title='bbox 2942 522 3205 591; x_wconf 82' lang='lat' dir='ltr'><strong>patravit,</strong></span> <span class='ocrx_word' id='word_1_24' title='bbox 3226 528 3415 573; x_wconf 83' lang='lat' dir='ltr'><strong>auctor</strong></span> <span class='ocrx_word' id='word_1_25' title='bbox 3438 519 3549 573; x_wconf 84' lang='lat' dir='ltr'><strong>fuc-</strong></span> 
     </span>
    </p>
   </div>
   <div class='ocr_carea' id='block_1_6' title="bbox 268 619 1862 692">
    <p class='ocr_par' dir='ltr' id='par_1_6' title="bbox 268 619 1862 692">
     <span class='ocr_line' id='line_1_6' title="bbox 268 619 1862 692; baseline -0.002 -16"><span class='ocrx_word' id='word_1_26' title='bbox 268 625 450 677; x_wconf 62' lang='lat' dir='ltr'><strong>vendm</strong></span> <span class='ocrx_word' id='word_1_27' title='bbox 472 624 662 677; x_wconf 90' lang='lat' dir='ltr'><strong>studio</strong></span> <span class='ocrx_word' id='word_1_28' title='bbox 680 621 969 692; x_wconf 81' lang='lat' dir='ltr'><strong>ﬂagrasse,</strong></span> <span class='ocrx_word' id='word_1_29' title='bbox 987 632 1043 677; x_wconf 91' lang='lat' dir='ltr'><strong>ut</strong></span> <span class='ocrx_word' id='word_1_30' title='bbox 1066 622 1330 692; x_wconf 82' lang='lat' dir='ltr'><strong>apostolis</strong></span> <span class='ocrx_word' id='word_1_31' title='bbox 1356 622 1556 691; x_wconf 86' lang='lat' dir='ltr'><strong>passim</strong></span> <span class='ocrx_word' id='word_1_32' title='bbox 1575 630 1630 674; x_wconf 90' lang='lat' dir='ltr'><strong>et</strong></span> <span class='ocrx_word' id='word_1_33' title='bbox 1660 619 1862 687; x_wconf 87' lang='lat' dir='ltr'><strong>ubique</strong></span> 
     </span>
    </p>
   </div>
   <div class='ocr_carea' id='block_1_7' title="bbox 268 712 1863 785">
    <p class='ocr_par' dir='ltr' id='par_1_7' title="bbox 268 712 1863 785">
     <span class='ocr_line' id='line_1_7' title="bbox 268 712 1863 785; baseline -0.001 -16"><span class='ocrx_word' id='word_1_34' title='bbox 268 714 575 777; x_wconf 85' lang='lat' dir='ltr'><strong>restiterit,</strong></span> <span class='ocrx_word' id='word_1_35' title='bbox 612 716 1080 785; x_wconf 85' lang='lat' dir='ltr'><strong>insusurrataque</strong></span> <span class='ocrx_word' id='word_1_36' title='bbox 1133 714 1578 769; x_wconf 90' lang='lat' dir='ltr'><strong>Christianorum</strong></span> <span class='ocrx_word' id='word_1_37' title='bbox 1636 712 1863 767; x_wconf 82' lang='lat' dir='ltr'><strong>auribus</strong></span> 
     </span>
    </p>
   </div>
   <div class='ocr_carea' id='block_1_8' title="bbox 262 805 1861 874">
    <p class='ocr_par' dir='ltr' id='par_1_8' title="bbox 262 805 1861 874">
     <span class='ocr_line' id='line_1_8' title="bbox 262 805 1861 874; baseline -0.002 -13"><span class='ocrx_word' id='word_1_38' title='bbox 262 806 732 871; x_wconf 84' lang='lat' dir='ltr'><strong>circumcisionis,</strong></span> <span class='ocrx_word' id='word_1_39' title='bbox 764 808 1016 874; x_wconf 82' lang='lat' dir='ltr'><strong>adeoque</strong></span> <span class='ocrx_word' id='word_1_40' title='bbox 1044 815 1101 862; x_wconf 92' lang='lat' dir='ltr'><strong>et</strong></span> <span class='ocrx_word' id='word_1_41' title='bbox 1139 806 1495 862; x_wconf 82' lang='lat' dir='ltr'><strong>Judaicorum</strong></span> <span class='ocrx_word' id='word_1_42' title='bbox 1538 805 1739 857; x_wconf 90' lang='lat' dir='ltr'><strong>rituum</strong></span> <span class='ocrx_word' id='word_1_43' title='bbox 1768 818 1861 858; x_wconf 57' lang='lat' dir='ltr'><strong>ne.</strong></span> 
     </span>
    </p>
   </div>
   <div class='ocr_carea' id='block_1_9' title="bbox 262 892 1856 965">
    <p class='ocr_par' dir='ltr' id='par_1_9' title="bbox 262 892 1856 965">
     <span class='ocr_line' id='line_1_9' title="bbox 262 892 1856 965; baseline -0.001 -14"><span class='ocrx_word' id='word_1_44' title='bbox 262 896 540 960; x_wconf 83' lang='lat' dir='ltr'><strong>cessitate,</strong></span> <span class='ocrx_word' id='word_1_45' title='bbox 560 897 853 965; x_wconf 75' lang='lat' dir='ltr'><strong>gentilium</strong></span> <span class='ocrx_word' id='word_1_46' title='bbox 868 896 1143 951; x_wconf 74' lang='lat' dir='ltr'><strong>Ecclesiae</strong></span> <span class='ocrx_word' id='word_1_47' title='bbox 1163 896 1529 951; x_wconf 90' lang='lat' dir='ltr'><strong>couturbarit.</strong></span> <span class='ocrx_word' id='word_1_48' title='bbox 1547 892 1672 949; x_wconf 65' lang='lat' dir='ltr'><strong>Haec</strong></span> <span class='ocrx_word' id='word_1_49' title='bbox 1698 903 1856 950; x_wconf 88' lang='lat' dir='ltr'><strong>certe</strong></span> 
     </span>
    </p>
   </div>
   <div class='ocr_carea' id='block_1_10' title="bbox 259 988 1857 1060">
    <p class='ocr_par' dir='ltr' id='par_1_10' title="bbox 259 988 1857 1060">
     <span class='ocr_line' id='line_1_10' title="bbox 259 988 1857 1060; baseline 0.003 -17"><span class='ocrx_word' id='word_1_50' title='bbox 259 1003 444 1043; x_wconf 88' lang='lat' dir='ltr'><strong>secum</strong></span> <span class='ocrx_word' id='word_1_51' title='bbox 463 998 667 1057; x_wconf 89' lang='lat' dir='ltr'><strong>aperte</strong></span> <span class='ocrx_word' id='word_1_52' title='bbox 683 999 929 1060; x_wconf 88' lang='lat' dir='ltr'><strong>pugnant</strong></span> <span class='ocrx_word' id='word_1_53' title='bbox 953 1007 967 1053; x_wconf 93' lang='lat'><strong>;</strong></span> <span class='ocrx_word' id='word_1_54' title='bbox 987 991 1216 1059; x_wconf 84' lang='lat' dir='ltr'><strong>ipseque</strong></span> <span class='ocrx_word' id='word_1_55' title='bbox 1232 988 1480 1058; x_wconf 83' lang='lat' dir='ltr'><strong>agnoscit</strong></span> <span class='ocrx_word' id='word_1_56' title='bbox 1499 988 1857 1058; x_wconf 85' lang='lat' dir='ltr'><strong>Epiphanius.</strong></span> 
     </span>
    </p>
   </div>
   <div class='ocr_carea' id='block_1_11' title="bbox 260 1080 1863 1150">
    <p class='ocr_par' dir='ltr' id='par_1_11' title="bbox 260 1080 1863 1150">
     <span class='ocr_line' id='line_1_11' title="bbox 260 1080 1863 1150; baseline 0.001 -19"><span class='ocrx_word' id='word_1_57' title='bbox 260 1080 446 1146; x_wconf 82' lang='lat' dir='ltr'><strong>Quare</strong></span> <span class='ocrx_word' id='word_1_58' title='bbox 478 1090 537 1135; x_wconf 91' lang='lat' dir='ltr'><strong>et</strong></span> <span class='ocrx_word' id='word_1_59' title='bbox 561 1081 652 1136; x_wconf 91' lang='lat' dir='ltr'><strong>hic</strong></span> <span class='ocrx_word' id='word_1_60' title='bbox 684 1096 880 1137; x_wconf 85' lang='lat' dir='ltr'><strong>vereor</strong></span> <span class='ocrx_word' id='word_1_61' title='bbox 914 1090 974 1135; x_wconf 93' lang='lat' dir='ltr'><strong>ut</strong></span> <span class='ocrx_word' id='word_1_62' title='bbox 1006 1081 1270 1136; x_wconf 84' lang='lat' dir='ltr'><strong>memoria</strong></span> <span class='ocrx_word' id='word_1_63' title='bbox 1310 1081 1517 1150; x_wconf 88' lang='lat' dir='ltr'><strong>lapsus.</strong></span> <span class='ocrx_word' id='word_1_64' title='bbox 1551 1090 1646 1135; x_wconf 92' lang='lat' dir='ltr'><strong>aut</strong></span> <span class='ocrx_word' id='word_1_65' title='bbox 1679 1080 1863 1136; x_wconf 88' lang='lat' dir='ltr'><strong>incon-</strong></span> 
     </span>
    </p>
   </div>
   <div class='ocr_carea' id='block_1_12' title="bbox 259 1172 1858 1243">
    <p class='ocr_par' dir='ltr' id='par_1_12' title="bbox 259 1172 1858 1243">
     <span class='ocr_line' id='line_1_12' title="bbox 259 1172 1858 1243; baseline 0 -15"><span class='ocrx_word' id='word_1_66' title='bbox 259 1174 559 1228; x_wconf 87' lang='lat' dir='ltr'><strong>siderantia</strong></span> <span class='ocrx_word' id='word_1_67' title='bbox 592 1172 909 1240; x_wconf 72' lang='lat' dir='ltr'><strong>oﬂ‘enderit,</strong></span> <span class='ocrx_word' id='word_1_68' title='bbox 951 1181 1007 1229; x_wconf 88' lang='lat' dir='ltr'><strong>et</strong></span> <span class='ocrx_word' id='word_1_69' title='bbox 1050 1174 1360 1243; x_wconf 84' lang='lat' dir='ltr'><strong>Augustino</strong></span> <span class='ocrx_word' id='word_1_70' title='bbox 1412 1172 1515 1243; x_wconf 88' lang='lat' dir='ltr'><strong>ipsi</strong></span> <span class='ocrx_word' id='word_1_71' title='bbox 1550 1172 1858 1228; x_wconf 70' lang='lat' dir='ltr'><strong>oﬂendicu-</strong></span> 
     </span>
    </p>
   </div>
   <div class='ocr_carea' id='block_1_13' title="bbox 260 1262 1859 1334">
    <p class='ocr_par' dir='ltr' id='par_1_13' title="bbox 260 1262 1859 1334">
     <span class='ocr_line' id='line_1_13' title="bbox 260 1262 1859 1334; baseline 0.002 -19"><span class='ocrx_word' id='word_1_72' title='bbox 260 1265 367 1317; x_wconf 88' lang='lat' dir='ltr'><strong>lum</strong></span> <span class='ocrx_word' id='word_1_73' title='bbox 398 1267 748 1334; x_wconf 68' lang='lat' dir='ltr'><strong>praebuerit;</strong></span> <span class='ocrx_word' id='word_1_74' title='bbox 787 1280 879 1321; x_wconf 89' lang='lat' dir='ltr'><strong>res</strong></span> <span class='ocrx_word' id='word_1_75' title='bbox 923 1264 1331 1325; x_wconf 88' lang='lat' dir='ltr'><strong>dissociabiles,</strong></span> <span class='ocrx_word' id='word_1_76' title='bbox 1366 1262 1745 1319; x_wconf 85' lang='lat' dir='ltr'><strong>Ebionitarum</strong></span> <span class='ocrx_word' id='word_1_77' title='bbox 1778 1264 1859 1318; x_wconf 89' lang='lat' dir='ltr'><strong>vi-</strong></span> 
     </span>
    </p>
   </div>
   <div class='ocr_carea' id='block_1_14' title="bbox 258 1356 1857 1415">
    <p class='ocr_par' dir='ltr' id='par_1_14' title="bbox 258 1356 1857 1415">
     <span class='ocr_line' id='line_1_14' title="bbox 258 1356 1857 1415; baseline 0 -4"><span class='ocrx_word' id='word_1_78' title='bbox 258 1357 461 1412; x_wconf 84' lang='lat' dir='ltr'><strong>delicet</strong></span> <span class='ocrx_word' id='word_1_79' title='bbox 505 1367 566 1413; x_wconf 90' lang='lat' dir='ltr'><strong>et</strong></span> <span class='ocrx_word' id='word_1_80' title='bbox 597 1358 1085 1415; x_wconf 88' lang='lat' dir='ltr'><strong>Cerinthianorum</strong></span> <span class='ocrx_word' id='word_1_81' title='bbox 1135 1356 1372 1412; x_wconf 75' lang='lat' dir='ltr'><strong>hazreses</strong></span> <span class='ocrx_word' id='word_1_82' title='bbox 1404 1357 1707 1412; x_wconf 90' lang='lat' dir='ltr'><strong>miscendo.</strong></span> <span class='ocrx_word' id='word_1_83' title='bbox 1741 1356 1857 1411; x_wconf 91' lang='lat' dir='ltr'><strong>lre-</strong></span> 
     </span>
    </p>
   </div>
   <div class='ocr_carea' id='block_1_15' title="bbox 256 1450 1857 1519">
    <p class='ocr_par' dir='ltr' id='par_1_15' title="bbox 256 1450 1857 1519">
     <span class='ocr_line' id='line_1_15' title="bbox 256 1450 1857 1519; baseline 0.002 -16"><span class='ocrx_word' id='word_1_84' title='bbox 256 1466 410 1505; x_wconf 63' lang='lat' dir='ltr'><strong>turus</strong></span> <span class='ocrx_word' id='word_1_85' title='bbox 436 1452 743 1519; x_wconf 80' lang='lat' dir='ltr'><strong>siquidem,</strong></span> <span class='ocrx_word' id='word_1_86' title='bbox 776 1450 1147 1508; x_wconf 86' lang='lat' dir='ltr'><strong>Tertullianus</strong></span> <span class='ocrx_word' id='word_1_87' title='bbox 1180 1462 1237 1507; x_wconf 92' lang='lat' dir='ltr'><strong>et</strong></span> <span class='ocrx_word' id='word_1_88' title='bbox 1263 1451 1660 1515; x_wconf 84' lang='lat' dir='ltr'><strong>Theodoretus.</strong></span> <span class='ocrx_word' id='word_1_89' title='bbox 1698 1466 1857 1507; x_wconf 86' lang='lat' dir='ltr'><strong>accu-</strong></span> 
     </span>
    </p>
   </div>
   <div class='ocr_carea' id='block_1_16' title="bbox 257 1541 1855 1611">
    <p class='ocr_par' dir='ltr' id='par_1_16' title="bbox 257 1541 1855 1611">
     <span class='ocr_line' id='line_1_16' title="bbox 257 1541 1855 1611; baseline -0.003 -16"><span class='ocrx_word' id='word_1_90' title='bbox 257 1542 534 1596; x_wconf 87' lang='lat' dir='ltr'><strong>ratissimi</strong></span> <span class='ocrx_word' id='word_1_91' title='bbox 579 1542 903 1611; x_wconf 88' lang='lat' dir='ltr'><strong>scriptores,</strong></span> <span class='ocrx_word' id='word_1_92' title='bbox 958 1542 1209 1599; x_wconf 89' lang='lat' dir='ltr'><strong>Cerinthi</strong></span> <span class='ocrx_word' id='word_1_93' title='bbox 1250 1557 1503 1597; x_wconf 91' lang='lat' dir='ltr'><strong>errorum</strong></span> <span class='ocrx_word' id='word_1_94' title='bbox 1546 1541 1855 1609; x_wconf 84' lang='lat' dir='ltr'><strong>catalogum</strong></span> 
     </span>
    </p>
   </div>
   <div class='ocr_carea' id='block_1_17' title="bbox 256 1629 1853 1701">
    <p class='ocr_par' dir='ltr' id='par_1_17' title="bbox 256 1629 1853 1701">
     <span class='ocr_line' id='line_1_17' title="bbox 256 1629 1853 1701; baseline -0.003 -14"><span class='ocrx_word' id='word_1_95' title='bbox 256 1644 540 1699; x_wconf 84' lang='lat' dir='ltr'><strong>texentes,</strong></span> <span class='ocrx_word' id='word_1_96' title='bbox 562 1634 933 1701; x_wconf 84' lang='lat' dir='ltr'><strong>intempestivi</strong></span> <span class='ocrx_word' id='word_1_97' title='bbox 960 1634 1106 1688; x_wconf 90' lang='lat' dir='ltr'><strong>illius</strong></span> <span class='ocrx_word' id='word_1_98' title='bbox 1136 1635 1189 1689; x_wconf 93' lang='lat' dir='ltr'><strong>in</strong></span> <span class='ocrx_word' id='word_1_99' title='bbox 1217 1643 1461 1689; x_wconf 85' lang='lat' dir='ltr'><strong>veterem</strong></span> <span class='ocrx_word' id='word_1_100' title='bbox 1488 1631 1663 1700; x_wconf 82' lang='lat' dir='ltr'><strong>legem</strong></span> <span class='ocrx_word' id='word_1_101' title='bbox 1686 1629 1853 1683; x_wconf 89' lang='lat' dir='ltr'><strong>studii</strong></span> 
     </span>
    </p>
   </div>
   <div class='ocr_carea' id='block_1_18' title="bbox 254 1724 1855 1796">
    <p class='ocr_par' dir='ltr' id='par_1_18' title="bbox 254 1724 1855 1796">
     <span class='ocr_line' id='line_1_18' title="bbox 254 1724 1855 1796; baseline -0.002 -16"><span class='ocrx_word' id='word_1_102' title='bbox 254 1742 327 1781; x_wconf 89' lang='lat' dir='ltr'><strong>ne</strong></span> <span class='ocrx_word' id='word_1_103' title='bbox 361 1728 536 1782; x_wconf 87' lang='lat' dir='ltr'><strong>verbo</strong></span> <span class='ocrx_word' id='word_1_104' title='bbox 561 1727 782 1796; x_wconf 84' lang='lat' dir='ltr'><strong>quidem</strong></span> <span class='ocrx_word' id='word_1_105' title='bbox 812 1727 1137 1791; x_wconf 85' lang='lat' dir='ltr'><strong>meminere;</strong></span> <span class='ocrx_word' id='word_1_106' title='bbox 1163 1726 1322 1795; x_wconf 85' lang='lat' dir='ltr'><strong>cujus</strong></span> <span class='ocrx_word' id='word_1_107' title='bbox 1353 1736 1533 1780; x_wconf 85' lang='lat' dir='ltr'><strong>tamen</strong></span> <span class='ocrx_word' id='word_1_108' title='bbox 1560 1724 1855 1779; x_wconf 70' lang='lat' dir='ltr'><strong>Ehionzeos</strong></span> 
     </span>
    </p>
   </div>
   <div class='ocr_carea' id='block_1_19' title="bbox 252 1817 1851 1889">
    <p class='ocr_par' dir='ltr' id='par_1_19' title="bbox 252 1817 1851 1889">
     <span class='ocr_line' id='line_1_19' title="bbox 252 1817 1851 1889; baseline -0.004 -15"><span class='ocrx_word' id='word_1_109' title='bbox 252 1834 496 1889; x_wconf 83' lang='lat' dir='ltr'><strong>arguere</strong></span> <span class='ocrx_word' id='word_1_110' title='bbox 532 1836 640 1874; x_wconf 93' lang='lat' dir='ltr'><strong>nou</strong></span> <span class='ocrx_word' id='word_1_111' title='bbox 664 1821 999 1875; x_wconf 90' lang='lat' dir='ltr'><strong>omiserunt.</strong></span> <span class='ocrx_word' id='word_1_112' title='bbox 1035 1820 1239 1876; x_wconf 86' lang='lat' dir='ltr'><strong>Fateor</strong></span> <span class='ocrx_word' id='word_1_113' title='bbox 1268 1820 1546 1889; x_wconf 85' lang='lat' dir='ltr'><strong>equidem,</strong></span> <span class='ocrx_word' id='word_1_114' title='bbox 1576 1817 1712 1873; x_wconf 84' lang='lat' dir='ltr'><strong>nihil</strong></span> <span class='ocrx_word' id='word_1_115' title='bbox 1748 1820 1851 1869; x_wconf 87' lang='lat' dir='ltr'><strong>mi-</strong></span> 
     </span>
    </p>
   </div>
   <div class='ocr_carea' id='block_1_20' title="bbox 250 1910 1855 1983">
    <p class='ocr_par' dir='ltr' id='par_1_20' title="bbox 250 1910 1855 1983">
     <span class='ocr_line' id='line_1_20' title="bbox 250 1910 1855 1983; baseline -0.001 -17"><span class='ocrx_word' id='word_1_116' title='bbox 250 1928 385 1967; x_wconf 85' lang='lat' dir='ltr'><strong>rum</strong></span> <span class='ocrx_word' id='word_1_117' title='bbox 428 1928 557 1968; x_wconf 87' lang='lat' dir='ltr'><strong>esse</strong></span> <span class='ocrx_word' id='word_1_118' title='bbox 606 1916 652 1969; x_wconf 88' lang='lat' dir='ltr'><strong>si</strong></span> <span class='ocrx_word' id='word_1_119' title='bbox 686 1915 922 1969; x_wconf 78' lang='lat' dir='ltr'><strong>lueretici</strong></span> <span class='ocrx_word' id='word_1_120' title='bbox 968 1914 1346 1983; x_wconf 82' lang='lat' dir='ltr'><strong>imprudentes</strong></span> <span class='ocrx_word' id='word_1_121' title='bbox 1391 1927 1421 1965; x_wconf 91' lang='lat' dir='ltr'><strong>a</strong></span> <span class='ocrx_word' id='word_1_122' title='bbox 1462 1911 1661 1981; x_wconf 85' lang='lat' dir='ltr'><strong>seipsis</strong></span> <span class='ocrx_word' id='word_1_123' title='bbox 1692 1910 1855 1965; x_wconf 89' lang='lat' dir='ltr'><strong>dissi-</strong></span> 
     </span>
    </p>
   </div>
   <div class='ocr_carea' id='block_1_21' title="bbox 246 2002 1853 2068">
    <p class='ocr_par' dir='ltr' id='par_1_21' title="bbox 246 2002 1853 2068">
     <span class='ocr_line' id='line_1_21' title="bbox 246 2002 1853 2068; baseline 0 -12"><span class='ocrx_word' id='word_1_124' title='bbox 246 2008 452 2061; x_wconf 80' lang='lat' dir='ltr'><strong>deant.</strong></span> <span class='ocrx_word' id='word_1_125' title='bbox 512 2006 729 2061; x_wconf 80' lang='lat' dir='ltr'><strong>Veritas</strong></span> <span class='ocrx_word' id='word_1_126' title='bbox 761 2020 884 2061; x_wconf 90' lang='lat' dir='ltr'><strong>cum</strong></span> <span class='ocrx_word' id='word_1_127' title='bbox 944 2020 1052 2061; x_wconf 90' lang='lat' dir='ltr'><strong>una</strong></span> <span class='ocrx_word' id='word_1_128' title='bbox 1098 2016 1154 2060; x_wconf 93' lang='lat' dir='ltr'><strong>et</strong></span> <span class='ocrx_word' id='word_1_129' title='bbox 1204 2004 1396 2061; x_wconf 89' lang='lat' dir='ltr'><strong>eadem</strong></span> <span class='ocrx_word' id='word_1_130' title='bbox 1449 2004 1541 2068; x_wconf 90' lang='lat' dir='ltr'><strong>sit,</strong></span> <span class='ocrx_word' id='word_1_131' title='bbox 1596 2002 1712 2058; x_wconf 90' lang='lat' dir='ltr'><strong>sola</strong></span> <span class='ocrx_word' id='word_1_132' title='bbox 1750 2004 1853 2059; x_wconf 90' lang='lat' dir='ltr'><strong>sibi</strong></span> 
     </span>
    </p>
   </div>
   <div class='ocr_carea' id='block_1_22' title="bbox 247 2100 1855 2169">
    <p class='ocr_par' dir='ltr' id='par_1_22' title="bbox 247 2100 1855 2169">
     <span class='ocr_line' id='line_1_22' title="bbox 247 2100 1855 2169; baseline -0.001 -17"><span class='ocrx_word' id='word_1_133' title='bbox 247 2108 526 2164; x_wconf 83' lang='lat' dir='ltr'><strong>constat;</strong></span> <span class='ocrx_word' id='word_1_134' title='bbox 560 2102 657 2155; x_wconf 90' lang='lat' dir='ltr'><strong>sed</strong></span> <span class='ocrx_word' id='word_1_135' title='bbox 685 2100 830 2169; x_wconf 87' lang='lat' dir='ltr'><strong>quod</strong></span> <span class='ocrx_word' id='word_1_136' title='bbox 864 2110 973 2153; x_wconf 86' lang='lat' dir='ltr'><strong>tam</strong></span> <span class='ocrx_word' id='word_1_137' title='bbox 1020 2107 1209 2169; x_wconf 92' lang='lat' dir='ltr'><strong>aperte</strong></span> <span class='ocrx_word' id='word_1_138' title='bbox 1256 2111 1442 2152; x_wconf 88' lang='lat' dir='ltr'><strong>secum</strong></span> <span class='ocrx_word' id='word_1_139' title='bbox 1492 2104 1747 2165; x_wconf 89' lang='lat' dir='ltr'><strong>pugnent.</strong></span> <span class='ocrx_word' id='word_1_140' title='bbox 1796 2108 1855 2151; x_wconf 89' lang='lat' dir='ltr'><strong>ut</strong></span> 
     </span>
    </p>
   </div>
   <div class='ocr_carea' id='block_1_23' title="bbox 247 2188 1850 2259">
    <p class='ocr_par' dir='ltr' id='par_1_23' title="bbox 247 2188 1850 2259">
     <span class='ocr_line' id='line_1_23' title="bbox 247 2188 1850 2259; baseline -0.004 -11"><span class='ocrx_word' id='word_1_141' title='bbox 247 2196 505 2249; x_wconf 74' lang='lat' dir='ltr'><strong>scientes</strong></span> <span class='ocrx_word' id='word_1_142' title='bbox 532 2203 587 2248; x_wconf 90' lang='lat' dir='ltr'><strong>et</strong></span> <span class='ocrx_word' id='word_1_143' title='bbox 607 2193 849 2247; x_wconf 90' lang='lat' dir='ltr'><strong>volentes</strong></span> <span class='ocrx_word' id='word_1_144' title='bbox 873 2208 979 2246; x_wconf 88' lang='lat' dir='ltr'><strong>una</strong></span> <span class='ocrx_word' id='word_1_145' title='bbox 1006 2206 1167 2245; x_wconf 89' lang='lat' dir='ltr'><strong>manu</strong></span> <span class='ocrx_word' id='word_1_146' title='bbox 1194 2190 1486 2259; x_wconf 87' lang='lat' dir='ltr'><strong>dissipent,</strong></span> <span class='ocrx_word' id='word_1_147' title='bbox 1512 2188 1659 2259; x_wconf 90' lang='lat' dir='ltr'><strong>quod</strong></span> <span class='ocrx_word' id='word_1_148' title='bbox 1679 2188 1850 2244; x_wconf 89' lang='lat' dir='ltr'><strong>altera</strong></span> 
     </span>
    </p>
   </div>
   <div class='ocr_carea' id='block_1_24' title="bbox 246 2274 1843 2345">
    <p class='ocr_par' dir='ltr' id='par_1_24' title="bbox 246 2274 1843 2345">
     <span class='ocr_line' id='line_1_24' title="bbox 246 2274 1843 2345; baseline -0.004 -15"><span class='ocrx_word' id='word_1_149' title='bbox 246 2276 594 2339; x_wconf 83' lang='lat' dir='ltr'><strong>struxerint,</strong></span> <span class='ocrx_word' id='word_1_150' title='bbox 643 2275 896 2344; x_wconf 83' lang='lat' dir='ltr'><strong>illiusque</strong></span> <span class='ocrx_word' id='word_1_151' title='bbox 953 2274 1091 2345; x_wconf 85' lang='lat' dir='ltr'><strong>legis</strong></span> <span class='ocrx_word' id='word_1_152' title='bbox 1140 2274 1525 2328; x_wconf 88' lang='lat' dir='ltr'><strong>necessitatem</strong></span> <span class='ocrx_word' id='word_1_153' title='bbox 1588 2280 1843 2341; x_wconf 84' lang='lat' dir='ltr'><strong>urgeant,</strong></span> 
     </span>
    </p>
   </div>
   <div class='ocr_carea' id='block_1_25' title="bbox 245 2365 1854 2436">
    <p class='ocr_par' dir='ltr' id='par_1_25' title="bbox 245 2365 1854 2436">
     <span class='ocr_line' id='line_1_25' title="bbox 245 2365 1854 2436; baseline -0.002 -15"><span class='ocrx_word' id='word_1_154' title='bbox 245 2366 424 2435; x_wconf 79' lang='lat' dir='ltr'><strong>cujus</strong></span> <span class='ocrx_word' id='word_1_155' title='bbox 460 2368 652 2436; x_wconf 83' lang='lat' dir='ltr'><strong>jugum</strong></span> <span class='ocrx_word' id='word_1_156' title='bbox 685 2368 753 2422; x_wconf 84' lang='lat' dir='ltr'><strong>ab</strong></span> <span class='ocrx_word' id='word_1_157' title='bbox 786 2368 987 2435; x_wconf 87' lang='lat' dir='ltr'><strong>iniquis</strong></span> <span class='ocrx_word' id='word_1_158' title='bbox 1020 2366 1261 2433; x_wconf 83' lang='lat' dir='ltr'><strong>Angelis,</strong></span> <span class='ocrx_word' id='word_1_159' title='bbox 1291 2376 1347 2421; x_wconf 92' lang='lat' dir='ltr'><strong>et</strong></span> <span class='ocrx_word' id='word_1_160' title='bbox 1376 2366 1429 2419; x_wconf 92' lang='lat' dir='ltr'><strong>in</strong></span> <span class='ocrx_word' id='word_1_161' title='bbox 1473 2365 1643 2419; x_wconf 91' lang='lat' dir='ltr'><strong>Deum</strong></span> <span class='ocrx_word' id='word_1_162' title='bbox 1675 2365 1854 2421; x_wconf 86' lang='lat' dir='ltr'><strong>rebel—</strong></span> 
     </span>
    </p>
   </div>
   <div class='ocr_carea' id='block_1_26' title="bbox 247 2458 1851 2530">
    <p class='ocr_par' dir='ltr' id='par_1_26' title="bbox 247 2458 1851 2530">
     <span class='ocr_line' id='line_1_26' title="bbox 247 2458 1851 2530; baseline -0.002 -16"><span class='ocrx_word' id='word_1_163' title='bbox 247 2460 413 2515; x_wconf 83' lang='lat' dir='ltr'><strong>libus</strong></span> <span class='ocrx_word' id='word_1_164' title='bbox 441 2471 635 2516; x_wconf 83' lang='lat' dir='ltr'><strong>contra</strong></span> <span class='ocrx_word' id='word_1_165' title='bbox 670 2460 754 2517; x_wconf 86' lang='lat' dir='ltr'><strong>l&#39;as</strong></span> <span class='ocrx_word' id='word_1_166' title='bbox 806 2462 1143 2530; x_wconf 88' lang='lat' dir='ltr'><strong>impositum,</strong></span> <span class='ocrx_word' id='word_1_167' title='bbox 1179 2458 1569 2519; x_wconf 88' lang='lat' dir='ltr'><strong>excutiendum</strong></span> <span class='ocrx_word' id='word_1_168' title='bbox 1602 2473 1726 2513; x_wconf 88' lang='lat' dir='ltr'><strong>esse</strong></span> <span class='ocrx_word' id='word_1_169' title='bbox 1758 2473 1851 2528; x_wconf 90' lang='lat' dir='ltr'><strong>pa-</strong></span> 
     </span>
    </p>
   </div>
   <div class='ocr_carea' id='block_1_27' title="bbox 246 2550 1853 2623">
    <p class='ocr_par' dir='ltr' id='par_1_27' title="bbox 246 2550 1853 2623">
     <span class='ocr_line' id='line_1_27' title="bbox 246 2550 1853 2623; baseline -0.001 -17"><span class='ocrx_word' id='word_1_170' title='bbox 246 2552 374 2606; x_wconf 85' lang='lat' dir='ltr'><strong>lam</strong></span> <span class='ocrx_word' id='word_1_171' title='bbox 436 2563 498 2609; x_wconf 88' lang='lat' dir='ltr'><strong>et</strong></span> <span class='ocrx_word' id='word_1_172' title='bbox 533 2553 731 2623; x_wconf 90' lang='lat' dir='ltr'><strong>ubique</strong></span> <span class='ocrx_word' id='word_1_173' title='bbox 784 2555 1012 2618; x_wconf 87' lang='lat' dir='ltr'><strong>docent;</strong></span> <span class='ocrx_word' id='word_1_174' title='bbox 1073 2552 1166 2606; x_wconf 89' lang='lat' dir='ltr'><strong>vix</strong></span> <span class='ocrx_word' id='word_1_175' title='bbox 1219 2551 1381 2606; x_wconf 84' lang='lat' dir='ltr'><strong>ﬁdem</strong></span> <span class='ocrx_word' id='word_1_176' title='bbox 1434 2552 1575 2621; x_wconf 89' lang='lat' dir='ltr'><strong>apud</strong></span> <span class='ocrx_word' id='word_1_177' title='bbox 1635 2550 1853 2605; x_wconf 89' lang='lat' dir='ltr'><strong>sobrios</strong></span> 
     </span>
    </p>
   </div>
   <div class='ocr_carea' id='block_1_28' title="bbox 244 2639 1850 2710">
    <p class='ocr_par' dir='ltr' id='par_1_28' title="bbox 244 2639 1850 2710">
     <span class='ocr_line' id='line_1_28' title="bbox 244 2639 1850 2710; baseline -0.002 -13"><span class='ocrx_word' id='word_1_178' title='bbox 244 2644 501 2698; x_wconf 80' lang='lat' dir='ltr'><strong>obtinet.</strong></span> <span class='ocrx_word' id='word_1_179' title='bbox 534 2643 662 2697; x_wconf 83' lang='lat' dir='ltr'><strong>Eam</strong></span> <span class='ocrx_word' id='word_1_180' title='bbox 710 2653 896 2697; x_wconf 83' lang='lat' dir='ltr'><strong>autem</strong></span> <span class='ocrx_word' id='word_1_181' title='bbox 937 2658 1061 2697; x_wconf 88' lang='lat' dir='ltr'><strong>esse</strong></span> <span class='ocrx_word' id='word_1_182' title='bbox 1107 2642 1363 2697; x_wconf 84' lang='lat' dir='ltr'><strong>debuisse</strong></span> <span class='ocrx_word' id='word_1_183' title='bbox 1399 2650 1551 2710; x_wconf 90' lang='lat' dir='ltr'><strong>patet</strong></span> <span class='ocrx_word' id='word_1_184' title='bbox 1599 2639 1850 2696; x_wconf 91' lang='lat' dir='ltr'><strong>Cerinthi</strong></span> 
     </span>
    </p>
   </div>
   <div class='ocr_carea' id='block_1_29' title="bbox 244 2733 1850 2807">
    <p class='ocr_par' dir='ltr' id='par_1_29' title="bbox 244 2733 1850 2807">
     <span class='ocr_line' id='line_1_29' title="bbox 244 2733 1850 2807; baseline -0.001 -20"><span class='ocrx_word' id='word_1_185' title='bbox 244 2734 637 2807; x_wconf 68' lang='lat' dir='ltr'><strong>hypotbesim,</strong></span> <span class='ocrx_word' id='word_1_186' title='bbox 699 2744 758 2789; x_wconf 92' lang='lat' dir='ltr'><strong>ut</strong></span> <span class='ocrx_word' id='word_1_187' title='bbox 816 2750 880 2788; x_wconf 86' lang='lat' dir='ltr'><strong>ex</strong></span> <span class='ocrx_word' id='word_1_188' title='bbox 950 2734 1308 2803; x_wconf 88' lang='lat' dir='ltr'><strong>consequenti</strong></span> <span class='ocrx_word' id='word_1_189' title='bbox 1373 2744 1620 2787; x_wconf 84' lang='lat' dir='ltr'><strong>veterem</strong></span> <span class='ocrx_word' id='word_1_190' title='bbox 1674 2733 1850 2799; x_wconf 85' lang='lat' dir='ltr'><strong>legem</strong></span> 
     </span>
    </p>
   </div>
   <div class='ocr_carea' id='block_1_30' title="bbox 243 2822 1852 2896">
    <p class='ocr_par' dir='ltr' id='par_1_30' title="bbox 243 2822 1852 2896">
     <span class='ocr_line' id='line_1_30' title="bbox 243 2822 1852 2896; baseline -0.001 -17"><span class='ocrx_word' id='word_1_191' title='bbox 243 2826 561 2896; x_wconf 79' lang='lat' dir='ltr'><strong>spreverit.</strong></span> <span class='ocrx_word' id='word_1_192' title='bbox 591 2826 848 2896; x_wconf 89' lang='lat' dir='ltr'><strong>illiusque</strong></span> <span class='ocrx_word' id='word_1_193' title='bbox 877 2827 1283 2882; x_wconf 88' lang='lat' dir='ltr'><strong>observantiam</strong></span> <span class='ocrx_word' id='word_1_194' title='bbox 1336 2840 1557 2880; x_wconf 90' lang='lat' dir='ltr'><strong>omnem</strong></span> <span class='ocrx_word' id='word_1_195' title='bbox 1593 2822 1785 2894; x_wconf 90' lang='lat' dir='ltr'><strong>procul</strong></span> <span class='ocrx_word' id='word_1_196' title='bbox 1822 2838 1852 2877; x_wconf 92' lang='lat' dir='ltr'><strong>a</strong></span> 
     </span>
    </p>
   </div>
   <div class='ocr_carea' id='block_1_31' title="bbox 246 2918 1851 2985">
    <p class='ocr_par' dir='ltr' id='par_1_31' title="bbox 246 2918 1851 2985">
     <span class='ocr_line' id='line_1_31' title="bbox 246 2918 1851 2985; baseline 0 -16"><span class='ocrx_word' id='word_1_197' title='bbox 246 2919 415 2972; x_wconf 75' lang='lat' dir='ltr'><strong>veris</strong></span> <span class='ocrx_word' id='word_1_198' title='bbox 444 2918 723 2974; x_wconf 84' lang='lat' dir='ltr'><strong>Gnostieis</strong></span> <span class='ocrx_word' id='word_1_199' title='bbox 747 2919 1149 2974; x_wconf 87' lang='lat' dir='ltr'><strong>amandandam</strong></span> <span class='ocrx_word' id='word_1_200' title='bbox 1177 2934 1301 2974; x_wconf 88' lang='lat' dir='ltr'><strong>esse</strong></span> <span class='ocrx_word' id='word_1_201' title='bbox 1324 2919 1624 2984; x_wconf 89' lang='lat' dir='ltr'><strong>censuerit,</strong></span> <span class='ocrx_word' id='word_1_202' title='bbox 1652 2932 1715 2972; x_wconf 88' lang='lat' dir='ltr'><strong>ex</strong></span> <span class='ocrx_word' id='word_1_203' title='bbox 1743 2932 1851 2985; x_wconf 91' lang='lat' dir='ltr'><strong>quo</strong></span> 
     </span>
    </p>
   </div>
   <div class='ocr_carea' id='block_1_32' title="bbox 246 3009 1851 3082">
    <p class='ocr_par' dir='ltr' id='par_1_32' title="bbox 246 3009 1851 3082">
     <span class='ocr_line' id='line_1_32' title="bbox 246 3009 1851 3082; baseline -0.001 -17"><span class='ocrx_word' id='word_1_204' title='bbox 246 3010 524 3065; x_wconf 75' lang='lat' dir='ltr'><strong>Simonis</strong></span> <span class='ocrx_word' id='word_1_205' title='bbox 554 3021 608 3064; x_wconf 90' lang='lat' dir='ltr'><strong>et</strong></span> <span class='ocrx_word' id='word_1_206' title='bbox 635 3011 993 3081; x_wconf 90' lang='lat' dir='ltr'><strong>Carpocratis</strong></span> <span class='ocrx_word' id='word_1_207' title='bbox 1015 3011 1242 3082; x_wconf 86' lang='lat' dir='ltr'><strong>vestigia</strong></span> <span class='ocrx_word' id='word_1_208' title='bbox 1275 3011 1525 3081; x_wconf 83' lang='lat' dir='ltr'><strong>relegens</strong></span> <span class='ocrx_word' id='word_1_209' title='bbox 1554 3025 1679 3065; x_wconf 92' lang='lat' dir='ltr'><strong>cum</strong></span> <span class='ocrx_word' id='word_1_210' title='bbox 1718 3009 1851 3078; x_wconf 83' lang='lat' dir='ltr'><strong>ipsis</strong></span> 
     </span>
    </p>
   </div>
   <div class='ocr_carea' id='block_1_33' title="bbox 244 3099 1850 3173">
    <p class='ocr_par' dir='ltr' id='par_1_33' title="bbox 244 3099 1850 3173">
     <span class='ocr_line' id='line_1_33' title="bbox 244 3099 1850 3173; baseline -0.002 -17"><span class='ocrx_word' id='word_1_211' title='bbox 244 3103 495 3167; x_wconf 77' lang='lat' dir='ltr'><strong>asserit,</strong></span> <span class='ocrx_word' id='word_1_212' title='bbox 528 3103 666 3157; x_wconf 88' lang='lat' dir='ltr'><strong>hanc</strong></span> <span class='ocrx_word' id='word_1_213' title='bbox 714 3104 785 3159; x_wconf 87' lang='lat' dir='ltr'><strong>ab</strong></span> <span class='ocrx_word' id='word_1_214' title='bbox 828 3102 1181 3158; x_wconf 81' lang='lat' dir='ltr'><strong>inferioribus</strong></span> <span class='ocrx_word' id='word_1_215' title='bbox 1212 3103 1438 3173; x_wconf 82' lang='lat' dir='ltr'><strong>Angelis</strong></span> <span class='ocrx_word' id='word_1_216' title='bbox 1476 3102 1717 3171; x_wconf 89' lang='lat' dir='ltr'><strong>supremi</strong></span> <span class='ocrx_word' id='word_1_217' title='bbox 1754 3099 1850 3155; x_wconf 86' lang='lat' dir='ltr'><strong>Pa-</strong></span> 
     </span>
    </p>
   </div>
   <div class='ocr_carea' id='block_1_34' title="bbox 1968 613 3550 688">
    <p class='ocr_par' dir='ltr' id='par_1_34' title="bbox 1968 613 3550 688">
     <span class='ocr_line' id='line_1_34' title="bbox 1968 613 3550 688; baseline -0.004 -16"><span class='ocrx_word' id='word_1_218' title='bbox 1968 619 2059 673; x_wconf 90' lang='lat' dir='ltr'><strong>rit.</strong></span> <span class='ocrx_word' id='word_1_219' title='bbox 2093 617 2362 686; x_wconf 82' lang='lat' dir='ltr'><strong>Tempore</strong></span> <span class='ocrx_word' id='word_1_220' title='bbox 2398 626 2578 671; x_wconf 90' lang='lat' dir='ltr'><strong>autem</strong></span> <span class='ocrx_word' id='word_1_221' title='bbox 2617 616 2890 688; x_wconf 89' lang='lat' dir='ltr'><strong>passionis</strong></span> <span class='ocrx_word' id='word_1_222' title='bbox 2926 614 3219 671; x_wconf 85' lang='lat' dir='ltr'><strong>recessisse</strong></span> <span class='ocrx_word' id='word_1_223' title='bbox 3248 613 3550 676; x_wconf 85' lang='lat' dir='ltr'><strong>Christum,</strong></span> 
     </span>
    </p>
   </div>
   <div class='ocr_carea' id='block_1_35' title="bbox 1964 703 3548 771">
    <p class='ocr_par' dir='ltr' id='par_1_35' title="bbox 1964 703 3548 771">
     <span class='ocr_line' id='line_1_35' title="bbox 1964 703 3548 771; baseline -0.006 -6"><span class='ocrx_word' id='word_1_224' title='bbox 1964 722 2020 765; x_wconf 91' lang='lat' dir='ltr'><strong>et</strong></span> <span class='ocrx_word' id='word_1_225' title='bbox 2063 726 2129 766; x_wconf 91' lang='lat' dir='ltr'><strong>eo</strong></span> <span class='ocrx_word' id='word_1_226' title='bbox 2179 711 2459 765; x_wconf 87' lang='lat' dir='ltr'><strong>revolasse</strong></span> <span class='ocrx_word' id='word_1_227' title='bbox 2494 708 2635 764; x_wconf 85' lang='lat' dir='ltr'><strong>unde</strong></span> <span class='ocrx_word' id='word_1_228' title='bbox 2668 717 2933 771; x_wconf 84' lang='lat' dir='ltr'><strong>venerat;</strong></span> <span class='ocrx_word' id='word_1_229' title='bbox 2982 704 3167 760; x_wconf 83' lang='lat' dir='ltr'><strong>Jesum</strong></span> <span class='ocrx_word' id='word_1_230' title='bbox 3204 721 3332 757; x_wconf 87' lang='lat' dir='ltr'><strong>vero</strong></span> <span class='ocrx_word' id='word_1_231' title='bbox 3374 703 3548 757; x_wconf 87' lang='lat' dir='ltr'><strong>solum</strong></span> 
     </span>
    </p>
   </div>
   <div class='ocr_carea' id='block_1_36' title="bbox 1963 794 3547 869">
    <p class='ocr_par' dir='ltr' id='par_1_36' title="bbox 1963 794 3547 869">
     <span class='ocr_line' id='line_1_36' title="bbox 1963 794 3547 869; baseline -0.006 -12"><span class='ocrx_word' id='word_1_232' title='bbox 1963 814 2019 858; x_wconf 85' lang='lat' dir='ltr'><strong>et</strong></span> <span class='ocrx_word' id='word_1_233' title='bbox 2042 804 2246 860; x_wconf 90' lang='lat' dir='ltr'><strong>obiisse</strong></span> <span class='ocrx_word' id='word_1_234' title='bbox 2283 816 2538 869; x_wconf 90' lang='lat' dir='ltr'><strong>mortem,</strong></span> <span class='ocrx_word' id='word_1_235' title='bbox 2567 812 2621 858; x_wconf 92' lang='lat' dir='ltr'><strong>et</strong></span> <span class='ocrx_word' id='word_1_236' title='bbox 2671 818 2701 857; x_wconf 86' lang='lat' dir='ltr'><strong>a</strong></span> <span class='ocrx_word' id='word_1_237' title='bbox 2737 801 2971 858; x_wconf 84' lang='lat' dir='ltr'><strong>mortuis</strong></span> <span class='ocrx_word' id='word_1_238' title='bbox 3002 800 3302 853; x_wconf 90' lang='lat' dir='ltr'><strong>excitatum</strong></span> <span class='ocrx_word' id='word_1_239' title='bbox 3348 794 3547 861; x_wconf 80' lang='lat' dir='ltr'><strong>fuisse;</strong></span> 
     </span>
    </p>
   </div>
   <div class='ocr_carea' id='block_1_37' title="bbox 1963 887 3551 968">
    <p class='ocr_par' dir='ltr' id='par_1_37' title="bbox 1963 887 3551 968">
     <span class='ocr_line' id='line_1_37' title="bbox 1963 887 3551 968; baseline -0.008 -16"><span class='ocrx_word' id='word_1_240' title='bbox 1963 899 2207 961; x_wconf 78' lang='lat' dir='ltr'><strong>Christo,</strong></span> <span class='ocrx_word' id='word_1_241' title='bbox 2240 906 2429 967; x_wconf 90' lang='lat' dir='ltr'><strong>utpote</strong></span> <span class='ocrx_word' id='word_1_242' title='bbox 2461 896 2715 968; x_wconf 87' lang='lat' dir='ltr'><strong>spiritali,</strong></span> <span class='ocrx_word' id='word_1_243' title='bbox 2738 908 2912 965; x_wconf 64' lang='lat' dir='ltr'><strong>parum</strong></span> <span class='ocrx_word' id='word_1_244' title='bbox 2939 892 3119 947; x_wconf 89' lang='lat' dir='ltr'><strong>omnis</strong></span> <span class='ocrx_word' id='word_1_245' title='bbox 3148 900 3393 960; x_wconf 84' lang='lat' dir='ltr'><strong>experte.</strong></span> <span class='ocrx_word' id='word_1_246' title='bbox 3418 887 3551 943; x_wconf 81' lang='lat' dir='ltr'><strong>Car-</strong></span> 
     </span>
    </p>
   </div>
   <div class='ocr_carea' id='block_1_38' title="bbox 1964 982 3551 1062">
    <p class='ocr_par' dir='ltr' id='par_1_38' title="bbox 1964 982 3551 1062">
     <span class='ocr_line' id='line_1_38' title="bbox 1964 982 3551 1062; baseline -0.01 -13"><span class='ocrx_word' id='word_1_247' title='bbox 1964 993 2283 1062; x_wconf 86' lang='lat' dir='ltr'><strong>pocratiana</strong></span> <span class='ocrx_word' id='word_1_248' title='bbox 2319 993 2436 1048; x_wconf 77' lang='lat' dir='ltr'><strong>htec</strong></span> <span class='ocrx_word' id='word_1_249' title='bbox 2480 990 2704 1056; x_wconf 91' lang='lat' dir='ltr'><strong>omnia;</strong></span> <span class='ocrx_word' id='word_1_250' title='bbox 2755 1004 2785 1043; x_wconf 89' lang='lat' dir='ltr'><strong>a</strong></span> <span class='ocrx_word' id='word_1_251' title='bbox 2831 984 3173 1042; x_wconf 88' lang='lat' dir='ltr'><strong>Simonianis</strong></span> <span class='ocrx_word' id='word_1_252' title='bbox 3217 996 3349 1036; x_wconf 88' lang='lat' dir='ltr'><strong>vero</strong></span> <span class='ocrx_word' id='word_1_253' title='bbox 3394 982 3447 1035; x_wconf 93' lang='lat' dir='ltr'><strong>in</strong></span> <span class='ocrx_word' id='word_1_254' title='bbox 3482 993 3551 1034; x_wconf 87' lang='lat' dir='ltr'><strong>eo</strong></span> 
     </span>
    </p>
   </div>
   <div class='ocr_carea' id='block_1_39' title="bbox 1964 1077 3545 1155">
    <p class='ocr_par' dir='ltr' id='par_1_39' title="bbox 1964 1077 3545 1155">
     <span class='ocr_line' id='line_1_39' title="bbox 1964 1077 3545 1155; baseline -0.01 -14"><span class='ocrx_word' id='word_1_255' title='bbox 1964 1086 2250 1150; x_wconf 88' lang='lat' dir='ltr'><strong>recedunt,</strong></span> <span class='ocrx_word' id='word_1_256' title='bbox 2286 1086 2430 1155; x_wconf 87' lang='lat' dir='ltr'><strong>quod</strong></span> <span class='ocrx_word' id='word_1_257' title='bbox 2463 1084 2592 1140; x_wconf 80' lang='lat' dir='ltr'><strong>Jesu</strong></span> <span class='ocrx_word' id='word_1_258' title='bbox 2628 1096 2820 1136; x_wconf 90' lang='lat' dir='ltr'><strong>verum</strong></span> <span class='ocrx_word' id='word_1_259' title='bbox 2867 1094 3067 1148; x_wconf 90' lang='lat' dir='ltr'><strong>corpus</strong></span> <span class='ocrx_word' id='word_1_260' title='bbox 3114 1077 3414 1131; x_wconf 88' lang='lat' dir='ltr'><strong>humanum</strong></span> <span class='ocrx_word' id='word_1_261' title='bbox 3458 1083 3545 1126; x_wconf 83' lang='lat' dir='ltr'><strong>at-</strong></span> 
     </span>
    </p>
   </div>
   <div class='ocr_carea' id='block_1_40' title="bbox 1965 1174 3545 1247">
    <p class='ocr_par' dir='ltr' id='par_1_40' title="bbox 1965 1174 3545 1247">
     <span class='ocr_line' id='line_1_40' title="bbox 1965 1174 3545 1247; baseline -0.01 -16"><span class='ocrx_word' id='word_1_262' title='bbox 1965 1178 2268 1242; x_wconf 88' lang='lat' dir='ltr'><strong>tribuatur;</strong></span> <span class='ocrx_word' id='word_1_263' title='bbox 2317 1178 2413 1232; x_wconf 88' lang='lat' dir='ltr'><strong>sed</strong></span> <span class='ocrx_word' id='word_1_264' title='bbox 2468 1191 2637 1247; x_wconf 90' lang='lat' dir='ltr'><strong>purus</strong></span> <span class='ocrx_word' id='word_1_265' title='bbox 2672 1174 2838 1229; x_wconf 91' lang='lat' dir='ltr'><strong>homo</strong></span> <span class='ocrx_word' id='word_1_266' title='bbox 2876 1185 2999 1227; x_wconf 92' lang='lat' dir='ltr'><strong>cum</strong></span> <span class='ocrx_word' id='word_1_267' title='bbox 3034 1176 3337 1231; x_wconf 86' lang='lat' dir='ltr'><strong>statuatur,</strong></span> <span class='ocrx_word' id='word_1_268' title='bbox 3381 1178 3545 1233; x_wconf 84' lang='lat' dir='ltr'><strong>quem</strong></span> 
     </span>
    </p>
   </div>
   <div class='ocr_carea' id='block_1_41' title="bbox 1963 1253 3542 1320">
    <p class='ocr_par' dir='ltr' id='par_1_41' title="bbox 1963 1253 3542 1320">
     <span class='ocr_line' id='line_1_41' title="bbox 1963 1253 3542 1320; baseline -0.008 0"><span class='ocrx_word' id='word_1_269' title='bbox 1963 1267 2238 1320; x_wconf 87' lang='lat' dir='ltr'><strong>transiens</strong></span> <span class='ocrx_word' id='word_1_270' title='bbox 2287 1267 2559 1320; x_wconf 76' lang='lat' dir='ltr'><strong>duntaxat</strong></span> <span class='ocrx_word' id='word_1_271' title='bbox 2607 1262 2916 1319; x_wconf 88' lang='lat' dir='ltr'><strong>divinitatis</strong></span> <span class='ocrx_word' id='word_1_272' title='bbox 2974 1259 3161 1314; x_wconf 88' lang='lat' dir='ltr'><strong>radius</strong></span> <span class='ocrx_word' id='word_1_273' title='bbox 3208 1253 3542 1317; x_wconf 84' lang='lat' dir='ltr'><strong>illustravit;</strong></span> 
     </span>
    </p>
   </div>
   <div class='ocr_carea' id='block_1_42' title="bbox 1962 1350 3549 1431">
    <p class='ocr_par' dir='ltr' id='par_1_42' title="bbox 1962 1350 3549 1431">
     <span class='ocr_line' id='line_1_42' title="bbox 1962 1350 3549 1431; baseline -0.006 -18"><span class='ocrx_word' id='word_1_274' title='bbox 1962 1360 2258 1431; x_wconf 88' lang='lat' dir='ltr'><strong>utrobique</strong></span> <span class='ocrx_word' id='word_1_275' title='bbox 2279 1360 2534 1414; x_wconf 91' lang='lat' dir='ltr'><strong>meritum</strong></span> <span class='ocrx_word' id='word_1_276' title='bbox 2563 1372 2726 1414; x_wconf 91' lang='lat' dir='ltr'><strong>omne</strong></span> <span class='ocrx_word' id='word_1_277' title='bbox 2747 1355 2950 1413; x_wconf 85' lang='lat' dir='ltr'><strong>Christi</strong></span> <span class='ocrx_word' id='word_1_278' title='bbox 2982 1352 3254 1423; x_wconf 86' lang='lat' dir='ltr'><strong>passionis</strong></span> <span class='ocrx_word' id='word_1_279' title='bbox 3277 1361 3330 1404; x_wconf 92' lang='lat' dir='ltr'><strong>et</strong></span> <span class='ocrx_word' id='word_1_280' title='bbox 3356 1350 3549 1403; x_wconf 90' lang='lat' dir='ltr'><strong>mortis</strong></span> 
     </span>
    </p>
   </div>
   <div class='ocr_carea' id='block_1_43' title="bbox 1961 1440 3544 1512">
    <p class='ocr_par' dir='ltr' id='par_1_43' title="bbox 1961 1440 3544 1512">
     <span class='ocr_line' id='line_1_43' title="bbox 1961 1440 3544 1512; baseline -0.007 -8"><span class='ocrx_word' id='word_1_281' title='bbox 1961 1452 2255 1506; x_wconf 89' lang='lat' dir='ltr'><strong>evanescit.</strong></span> <span class='ocrx_word' id='word_1_282' title='bbox 2295 1450 2402 1506; x_wconf 86' lang='lat' dir='ltr'><strong>Sed</strong></span> <span class='ocrx_word' id='word_1_283' title='bbox 2446 1467 2515 1506; x_wconf 88' lang='lat' dir='ltr'><strong>ex</strong></span> <span class='ocrx_word' id='word_1_284' title='bbox 2552 1453 2714 1504; x_wconf 91' lang='lat' dir='ltr'><strong>modo</strong></span> <span class='ocrx_word' id='word_1_285' title='bbox 2750 1449 2911 1503; x_wconf 90' lang='lat' dir='ltr'><strong>dictis</strong></span> <span class='ocrx_word' id='word_1_286' title='bbox 2956 1444 3117 1499; x_wconf 79' lang='lat' dir='ltr'><strong>facile</strong></span> <span class='ocrx_word' id='word_1_287' title='bbox 3162 1440 3544 1512; x_wconf 84' lang='lat' dir='ltr'><strong>deprehendes</strong></span> 
     </span>
    </p>
   </div>
   <div class='ocr_carea' id='block_1_44' title="bbox 1959 1534 3548 1614">
    <p class='ocr_par' dir='ltr' id='par_1_44' title="bbox 1959 1534 3548 1614">
     <span class='ocr_line' id='line_1_44' title="bbox 1959 1534 3548 1614; baseline -0.006 -17"><span class='ocrx_word' id='word_1_288' title='bbox 1959 1559 2069 1614; x_wconf 85' lang='lat' dir='ltr'><strong>quo</strong></span> <span class='ocrx_word' id='word_1_289' title='bbox 2096 1559 2258 1599; x_wconf 89' lang='lat' dir='ltr'><strong>sensu</strong></span> <span class='ocrx_word' id='word_1_290' title='bbox 2292 1544 2627 1614; x_wconf 78' lang='lat' dir='ltr'><strong>Epiphanius</strong></span> <span class='ocrx_word' id='word_1_291' title='bbox 2646 1542 2690 1573; x_wconf 85' lang='grc'>⁷⁸</span> <span class='ocrx_word' id='word_1_292' title='bbox 2716 1556 2781 1595; x_wconf 90' lang='lat' dir='ltr'><strong>cx</strong></span> <span class='ocrx_word' id='word_1_293' title='bbox 2814 1538 3061 1595; x_wconf 90' lang='lat' dir='ltr'><strong>Cerinthi</strong></span> <span class='ocrx_word' id='word_1_294' title='bbox 3094 1547 3278 1591; x_wconf 79' lang='lat' dir='ltr'><strong>mente</strong></span> <span class='ocrx_word' id='word_1_295' title='bbox 3310 1534 3548 1603; x_wconf 88' lang='lat' dir='ltr'><strong>scripse-</strong></span> 
     </span>
    </p>
   </div>
   <div class='ocr_carea' id='block_1_45' title="bbox 1965 1627 3547 1709">
    <p class='ocr_par' dir='ltr' id='par_1_45' title="bbox 1965 1627 3547 1709">
     <span class='ocr_line' id='line_1_45' title="bbox 1965 1627 3547 1709; baseline -0.006 -17"><span class='ocrx_word' id='word_1_296' title='bbox 1965 1640 2068 1703; x_wconf 89' lang='lat' dir='ltr'><strong>rit,</strong></span> <span class='ocrx_word' id='word_1_297' title='bbox 2120 1653 2344 1709; x_wconf 88' lang='lat' dir='ltr'><strong>passum</strong></span> <span class='ocrx_word' id='word_1_298' title='bbox 2398 1654 2460 1692; x_wconf 87' lang='lat' dir='ltr'><strong>ac</strong></span> <span class='ocrx_word' id='word_1_299' title='bbox 2511 1639 2837 1693; x_wconf 83' lang='lat' dir='ltr'><strong>cruciﬁxum</strong></span> <span class='ocrx_word' id='word_1_300' title='bbox 2886 1649 3012 1689; x_wconf 90' lang='lat' dir='ltr'><strong>esse</strong></span> <span class='ocrx_word' id='word_1_301' title='bbox 3069 1632 3377 1687; x_wconf 84' lang='lat' dir='ltr'><strong>Christum.</strong></span> <span class='ocrx_word' id='word_1_302' title='bbox 3428 1627 3547 1684; x_wconf 78' lang='lat' dir='ltr'><strong>Nisi</strong></span> 
     </span>
    </p>
   </div>
   <div class='ocr_carea' id='block_1_46' title="bbox 1960 1721 3550 1797">
    <p class='ocr_par' dir='ltr' id='par_1_46' title="bbox 1960 1721 3550 1797">
     <span class='ocr_line' id='line_1_46' title="bbox 1960 1721 3550 1797; baseline -0.005 -14"><span class='ocrx_word' id='word_1_303' title='bbox 1960 1730 2217 1784; x_wconf 81' lang='lat' dir='ltr'><strong>mendum</strong></span> <span class='ocrx_word' id='word_1_304' title='bbox 2252 1730 2304 1783; x_wconf 87' lang='lat' dir='ltr'><strong>in</strong></span> <span class='ocrx_word' id='word_1_305' title='bbox 2337 1739 2543 1784; x_wconf 89' lang='lat' dir='ltr'><strong>textum</strong></span> <span class='ocrx_word' id='word_1_306' title='bbox 2595 1729 2901 1797; x_wconf 88' lang='lat' dir='ltr'><strong>irrepserit,</strong></span> <span class='ocrx_word' id='word_1_307' title='bbox 2950 1740 3015 1781; x_wconf 88' lang='lat' dir='ltr'><strong>ac</strong></span> <span class='ocrx_word' id='word_1_308' title='bbox 3058 1740 3160 1795; x_wconf 91' lang='lat' dir='ltr'><strong>pro</strong></span> <span class='ocrx_word' id='word_1_309' title='bbox 3196 1722 3437 1795; x_wconf 79' lang='grc' dir='ltr'><strong>Χριστόν</strong></span> <span class='ocrx_word' id='word_1_310' title='bbox 3470 1721 3550 1776; x_wconf 80' lang='lat' dir='ltr'><strong>le-</strong></span> 
     </span>
    </p>
   </div>
   <div class='ocr_carea' id='block_1_47' title="bbox 1961 1819 3547 1894">
    <p class='ocr_par' dir='ltr' id='par_1_47' title="bbox 1961 1819 3547 1894">
     <span class='ocr_line' id='line_1_47' title="bbox 1961 1819 3547 1894; baseline -0.005 -17"><span class='ocrx_word' id='word_1_311' title='bbox 1961 1824 2193 1893; x_wconf 88' lang='lat' dir='ltr'><strong>gendum</strong></span> <span class='ocrx_word' id='word_1_312' title='bbox 2244 1823 2316 1876; x_wconf 85' lang='lat' dir='ltr'><strong>sit</strong></span> <span class='ocrx_word' id='word_1_313' title='bbox 2365 1822 2593 1894; x_wconf 81' lang='grc' dir='ltr'><strong>Ἰησοῦν,</strong></span> <span class='ocrx_word' id='word_1_314' title='bbox 2625 1822 2805 1893; x_wconf 91' lang='lat' dir='ltr'><strong>palam</strong></span> <span class='ocrx_word' id='word_1_315' title='bbox 2846 1829 2931 1877; x_wconf 89' lang='lat' dir='ltr'><strong>est</strong></span> <span class='ocrx_word' id='word_1_316' title='bbox 2978 1820 3069 1875; x_wconf 91' lang='lat' dir='ltr'><strong>hic</strong></span> <span class='ocrx_word' id='word_1_317' title='bbox 3112 1819 3314 1873; x_wconf 78' lang='lat' dir='ltr'><strong>Christi</strong></span> <span class='ocrx_word' id='word_1_318' title='bbox 3357 1829 3547 1872; x_wconf 87' lang='lat' dir='ltr'><strong>vocem</strong></span> 
     </span>
    </p>
   </div>
   <div class='ocr_carea' id='block_1_48' title="bbox 1962 1906 3547 1981">
    <p class='ocr_par' dir='ltr' id='par_1_48' title="bbox 1962 1906 3547 1981">
     <span class='ocr_line' id='line_1_48' title="bbox 1962 1906 3547 1981; baseline -0.003 -14"><span class='ocrx_word' id='word_1_319' title='bbox 1962 1928 2069 1967; x_wconf 92' lang='lat' dir='ltr'><strong>non</strong></span> <span class='ocrx_word' id='word_1_320' title='bbox 2096 1911 2579 1968; x_wconf 88' lang='lat' dir='ltr'><strong>Cerinthianorum</strong></span> <span class='ocrx_word' id='word_1_321' title='bbox 2625 1927 2790 1968; x_wconf 86' lang='lat' dir='ltr'><strong>sensu</strong></span> <span class='ocrx_word' id='word_1_322' title='bbox 2823 1910 3102 1981; x_wconf 89' lang='lat' dir='ltr'><strong>usurpari,</strong></span> <span class='ocrx_word' id='word_1_323' title='bbox 3137 1910 3231 1978; x_wconf 91' lang='lat' dir='ltr'><strong>qui</strong></span> <span class='ocrx_word' id='word_1_324' title='bbox 3264 1906 3547 1963; x_wconf 79' lang='lat' dir='ltr'><strong>Christum</strong></span> 
     </span>
    </p>
   </div>
   <div class='ocr_carea' id='block_1_49' title="bbox 1961 2002 3549 2077">
    <p class='ocr_par' dir='ltr' id='par_1_49' title="bbox 1961 2002 3549 2077">
     <span class='ocr_line' id='line_1_49' title="bbox 1961 2002 3549 2077; baseline -0.008 -13"><span class='ocrx_word' id='word_1_325' title='bbox 1961 2026 1991 2064; x_wconf 90' lang='lat' dir='ltr'><strong>a</strong></span> <span class='ocrx_word' id='word_1_326' title='bbox 2035 2009 2165 2065; x_wconf 80' lang='lat' dir='ltr'><strong>Jesu</strong></span> <span class='ocrx_word' id='word_1_327' title='bbox 2214 2008 2644 2077; x_wconf 86' lang='lat' dir='ltr'><strong>distinguebant,</strong></span> <span class='ocrx_word' id='word_1_328' title='bbox 2690 2007 2787 2061; x_wconf 90' lang='lat' dir='ltr'><strong>sed</strong></span> <span class='ocrx_word' id='word_1_329' title='bbox 2818 2004 3235 2061; x_wconf 90' lang='lat' dir='ltr'><strong>Catholicorum</strong></span> <span class='ocrx_word' id='word_1_330' title='bbox 3278 2002 3372 2072; x_wconf 91' lang='lat' dir='ltr'><strong>qui</strong></span> <span class='ocrx_word' id='word_1_331' title='bbox 3420 2014 3549 2071; x_wconf 87' lang='lat' dir='ltr'><strong>pro-</strong></span> 
     </span>
    </p>
   </div>
   <div class='ocr_carea' id='block_1_50' title="bbox 1960 2094 3551 2168">
    <p class='ocr_par' dir='ltr' id='par_1_50' title="bbox 1960 2094 3551 2168">
     <span class='ocr_line' id='line_1_50' title="bbox 1960 2094 3551 2168; baseline -0.008 -12"><span class='ocrx_word' id='word_1_332' title='bbox 1960 2104 2172 2156; x_wconf 90' lang='lat' dir='ltr'><strong>miscue</strong></span> <span class='ocrx_word' id='word_1_333' title='bbox 2221 2108 2511 2168; x_wconf 89' lang='lat' dir='ltr'><strong>utramque</strong></span> <span class='ocrx_word' id='word_1_334' title='bbox 2557 2114 2748 2153; x_wconf 89' lang='lat' dir='ltr'><strong>vocem</strong></span> <span class='ocrx_word' id='word_1_335' title='bbox 2781 2097 3082 2167; x_wconf 91' lang='lat' dir='ltr'><strong>accipiunt,</strong></span> <span class='ocrx_word' id='word_1_336' title='bbox 3138 2094 3282 2164; x_wconf 90' lang='lat' dir='ltr'><strong>quod</strong></span> <span class='ocrx_word' id='word_1_337' title='bbox 3327 2107 3467 2146; x_wconf 87' lang='lat' dir='ltr'><strong>unus</strong></span> <span class='ocrx_word' id='word_1_338' title='bbox 3494 2099 3551 2144; x_wconf 89' lang='lat' dir='ltr'><strong>et</strong></span> 
     </span>
    </p>
   </div>
   <div class='ocr_carea' id='block_1_51' title="bbox 1959 2184 3542 2260">
    <p class='ocr_par' dir='ltr' id='par_1_51' title="bbox 1959 2184 3542 2260">
     <span class='ocr_line' id='line_1_51' title="bbox 1959 2184 3542 2260; baseline -0.007 -11"><span class='ocrx_word' id='word_1_339' title='bbox 1959 2195 2103 2249; x_wconf 89' lang='lat' dir='ltr'><strong>idem</strong></span> <span class='ocrx_word' id='word_1_340' title='bbox 2136 2192 2233 2255; x_wconf 90' lang='lat' dir='ltr'><strong>sit,</strong></span> <span class='ocrx_word' id='word_1_341' title='bbox 2264 2206 2482 2260; x_wconf 91' lang='lat' dir='ltr'><strong>unaque</strong></span> <span class='ocrx_word' id='word_1_342' title='bbox 2523 2197 2578 2243; x_wconf 90' lang='lat' dir='ltr'><strong>et</strong></span> <span class='ocrx_word' id='word_1_343' title='bbox 2605 2189 2798 2242; x_wconf 90' lang='lat' dir='ltr'><strong>eadem</strong></span> <span class='ocrx_word' id='word_1_344' title='bbox 2832 2200 3065 2257; x_wconf 89' lang='lat' dir='ltr'><strong>persona</strong></span> <span class='ocrx_word' id='word_1_345' title='bbox 3092 2186 3347 2241; x_wconf 88' lang='lat' dir='ltr'><strong>Christus</strong></span> <span class='ocrx_word' id='word_1_346' title='bbox 3374 2195 3431 2241; x_wconf 90' lang='lat' dir='ltr'><strong>et</strong></span> <span class='ocrx_word' id='word_1_347' title='bbox 3455 2184 3542 2239; x_wconf 83' lang='lat' dir='ltr'><strong>Je-</strong></span> 
     </span>
    </p>
   </div>
   <div class='ocr_carea' id='block_1_52' title="bbox 1958 2277 3551 2351">
    <p class='ocr_par' dir='ltr' id='par_1_52' title="bbox 1958 2277 3551 2351">
     <span class='ocr_line' id='line_1_52' title="bbox 1958 2277 3551 2351; baseline -0.005 -12"><span class='ocrx_word' id='word_1_348' title='bbox 1958 2300 2073 2340; x_wconf 88' lang='lat' dir='ltr'><strong>sus.</strong></span> <span class='ocrx_word' id='word_1_349' title='bbox 2106 2282 2211 2339; x_wconf 89' lang='lat' dir='ltr'><strong>Sed</strong></span> <span class='ocrx_word' id='word_1_350' title='bbox 2245 2282 2388 2351; x_wconf 91' lang='lat' dir='ltr'><strong>quod</strong></span> <span class='ocrx_word' id='word_1_351' title='bbox 2416 2280 2566 2335; x_wconf 87' lang='lat' dir='ltr'><strong>addit</strong></span> <span class='ocrx_word' id='word_1_352' title='bbox 2602 2279 2943 2349; x_wconf 88' lang='lat' dir='ltr'><strong>Epiphanius</strong></span> <span class='ocrx_word' id='word_1_353' title='bbox 2965 2280 3022 2347; x_wconf 63' lang='grc'><strong>⁷⁸,</strong></span> <span class='ocrx_word' id='word_1_354' title='bbox 3048 2280 3159 2346; x_wconf 79' lang='lat' dir='ltr'><strong>(cui</strong></span> <span class='ocrx_word' id='word_1_355' title='bbox 3188 2277 3551 2333; x_wconf 87' lang='lat' dir='ltr'><strong>consentiunt</strong></span> 
     </span>
    </p>
   </div>
   <div class='ocr_carea' id='block_1_53' title="bbox 1957 2369 3549 2443">
    <p class='ocr_par' dir='ltr' id='par_1_53' title="bbox 1957 2369 3549 2443">
     <span class='ocr_line' id='line_1_53' title="bbox 1957 2369 3549 2443; baseline -0.005 -12"><span class='ocrx_word' id='word_1_356' title='bbox 1957 2375 2282 2431; x_wconf 85' lang='lat' dir='ltr'><strong>Philaslrius</strong></span> <span class='ocrx_word' id='word_1_357' title='bbox 2315 2372 2776 2443; x_wconf 79' lang='lat' dir='ltr'><strong>etAugustinus),</strong></span> <span class='ocrx_word' id='word_1_358' title='bbox 2801 2372 3041 2424; x_wconf 88' lang='lat' dir='ltr'><strong>nondum</strong></span> <span class='ocrx_word' id='word_1_359' title='bbox 3068 2387 3097 2425; x_wconf 91' lang='lat' dir='ltr'><strong>a</strong></span> <span class='ocrx_word' id='word_1_360' title='bbox 3131 2371 3367 2424; x_wconf 89' lang='lat' dir='ltr'><strong>mortuis</strong></span> <span class='ocrx_word' id='word_1_361' title='bbox 3395 2369 3549 2424; x_wconf 85' lang='lat' dir='ltr'><strong>exci-</strong></span> 
     </span>
    </p>
   </div>
   <div class='ocr_carea' id='block_1_54' title="bbox 1960 2464 3544 2532">
    <p class='ocr_par' dir='ltr' id='par_1_54' title="bbox 1960 2464 3544 2532">
     <span class='ocr_line' id='line_1_54' title="bbox 1960 2464 3544 2532; baseline -0.005 -9"><span class='ocrx_word' id='word_1_362' title='bbox 1960 2477 2131 2523; x_wconf 92' lang='lat' dir='ltr'><strong>tatum</strong></span> <span class='ocrx_word' id='word_1_363' title='bbox 2181 2483 2304 2523; x_wconf 89' lang='lat' dir='ltr'><strong>esse</strong></span> <span class='ocrx_word' id='word_1_364' title='bbox 2340 2466 2546 2532; x_wconf 83' lang='lat' dir='ltr'><strong>Jesum,</strong></span> <span class='ocrx_word' id='word_1_365' title='bbox 2580 2465 2676 2519; x_wconf 90' lang='lat' dir='ltr'><strong>sed</strong></span> <span class='ocrx_word' id='word_1_366' title='bbox 2726 2475 2839 2518; x_wconf 91' lang='lat' dir='ltr'><strong>tum</strong></span> <span class='ocrx_word' id='word_1_367' title='bbox 2886 2464 3129 2527; x_wconf 86' lang='lat' dir='ltr'><strong>demum,</strong></span> <span class='ocrx_word' id='word_1_368' title='bbox 3167 2480 3291 2517; x_wconf 91' lang='lat' dir='ltr'><strong>cum</strong></span> <span class='ocrx_word' id='word_1_369' title='bbox 3344 2464 3544 2517; x_wconf 91' lang='lat' dir='ltr'><strong>mortui</strong></span> 
     </span>
    </p>
   </div>
   <div class='ocr_carea' id='block_1_55' title="bbox 1958 2555 3551 2628">
    <p class='ocr_par' dir='ltr' id='par_1_55' title="bbox 1958 2555 3551 2628">
     <span class='ocr_line' id='line_1_55' title="bbox 1958 2555 3551 2628; baseline -0.006 -14"><span class='ocrx_word' id='word_1_370' title='bbox 1958 2568 2248 2628; x_wconf 90' lang='lat' dir='ltr'><strong>resurgent</strong></span> <span class='ocrx_word' id='word_1_371' title='bbox 2292 2571 2520 2621; x_wconf 89' lang='lat' dir='ltr'><strong>omnes,</strong></span> <span class='ocrx_word' id='word_1_372' title='bbox 2574 2555 2968 2620; x_wconf 88' lang='lat' dir='ltr'><strong>excitandum;</strong></span> <span class='ocrx_word' id='word_1_373' title='bbox 3022 2556 3110 2607; x_wconf 85' lang='lat' dir='ltr'><strong>vix</strong></span> <span class='ocrx_word' id='word_1_374' title='bbox 3155 2564 3306 2607; x_wconf 86' lang='lat' dir='ltr'><strong>stare</strong></span> <span class='ocrx_word' id='word_1_375' title='bbox 3367 2564 3551 2622; x_wconf 85' lang='lat' dir='ltr'><strong>potest</strong></span> 
     </span>
    </p>
   </div>
   <div class='ocr_carea' id='block_1_56' title="bbox 1958 2645 3550 2719">
    <p class='ocr_par' dir='ltr' id='par_1_56' title="bbox 1958 2645 3550 2719">
     <span class='ocr_line' id='line_1_56' title="bbox 1958 2645 3550 2719; baseline -0.005 -13"><span class='ocrx_word' id='word_1_376' title='bbox 1958 2666 2082 2706; x_wconf 89' lang='lat' dir='ltr'><strong>cum</strong></span> <span class='ocrx_word' id='word_1_377' title='bbox 2119 2651 2185 2705; x_wconf 91' lang='lat' dir='ltr'><strong>iis</strong></span> <span class='ocrx_word' id='word_1_378' title='bbox 2214 2664 2334 2719; x_wconf 72' lang='lat' dir='ltr'><strong>quze</strong></span> <span class='ocrx_word' id='word_1_379' title='bbox 2368 2649 2529 2704; x_wconf 93' lang='lat' dir='ltr'><strong>modo</strong></span> <span class='ocrx_word' id='word_1_380' title='bbox 2560 2663 2627 2702; x_wconf 89' lang='lat' dir='ltr'><strong>ex</strong></span> <span class='ocrx_word' id='word_1_381' title='bbox 2660 2647 2887 2710; x_wconf 67' lang='lat' dir='ltr'><strong>lrenazo,</strong></span> <span class='ocrx_word' id='word_1_382' title='bbox 2921 2647 3029 2699; x_wconf 92' lang='lat' dir='ltr'><strong>imo</strong></span> <span class='ocrx_word' id='word_1_383' title='bbox 3064 2662 3132 2700; x_wconf 88' lang='lat' dir='ltr'><strong>ex</strong></span> <span class='ocrx_word' id='word_1_384' title='bbox 3159 2646 3279 2715; x_wconf 86' lang='lat' dir='ltr'><strong>ipso</strong></span> <span class='ocrx_word' id='word_1_385' title='bbox 3311 2645 3550 2715; x_wconf 81' lang='lat' dir='ltr'><strong>Epipha-</strong></span> 
     </span>
    </p>
   </div>
   <div class='ocr_carea' id='block_1_57' title="bbox 1958 2736 3548 2805">
    <p class='ocr_par' dir='ltr' id='par_1_57' title="bbox 1958 2736 3548 2805">
     <span class='ocr_line' id='line_1_57' title="bbox 1958 2736 3548 2805; baseline -0.004 -8"><span class='ocrx_word' id='word_1_386' title='bbox 1958 2744 2050 2797; x_wconf 92' lang='lat' dir='ltr'><strong>nio</strong></span> <span class='ocrx_word' id='word_1_387' title='bbox 2082 2742 2383 2803; x_wconf 89' lang='lat' dir='ltr'><strong>retulimus,</strong></span> <span class='ocrx_word' id='word_1_388' title='bbox 2417 2747 2690 2794; x_wconf 90' lang='lat' dir='ltr'><strong>mortuum</strong></span> <span class='ocrx_word' id='word_1_389' title='bbox 2731 2752 2856 2792; x_wconf 90' lang='lat' dir='ltr'><strong>esse</strong></span> <span class='ocrx_word' id='word_1_390' title='bbox 2897 2736 3107 2805; x_wconf 81' lang='lat' dir='ltr'><strong>.lesum,</strong></span> <span class='ocrx_word' id='word_1_391' title='bbox 3143 2748 3201 2791; x_wconf 91' lang='lat' dir='ltr'><strong>et</strong></span> <span class='ocrx_word' id='word_1_392' title='bbox 3242 2752 3273 2791; x_wconf 88' lang='lat' dir='ltr'><strong>a</strong></span> <span class='ocrx_word' id='word_1_393' title='bbox 3312 2736 3548 2792; x_wconf 86' lang='lat' dir='ltr'><strong>mortuis</strong></span> 
     </span>
    </p>
   </div>
   <div class='ocr_carea' id='block_1_58' title="bbox 1956 2829 3545 2895">
    <p class='ocr_par' dir='ltr' id='par_1_58' title="bbox 1956 2829 3545 2895">
     <span class='ocr_line' id='line_1_58' title="bbox 1956 2829 3545 2895; baseline -0.004 -5"><span class='ocrx_word' id='word_1_394' title='bbox 1956 2835 2304 2890; x_wconf 89' lang='lat' dir='ltr'><strong>suscitatum.</strong></span> <span class='ocrx_word' id='word_1_395' title='bbox 2343 2832 2456 2887; x_wconf 85' lang='lat' dir='ltr'><strong>Nisi</strong></span> <span class='ocrx_word' id='word_1_396' title='bbox 2490 2831 2632 2886; x_wconf 81' lang='lat' dir='ltr'><strong>forte</strong></span> <span class='ocrx_word' id='word_1_397' title='bbox 2662 2830 2931 2895; x_wconf 90' lang='lat' dir='ltr'><strong>dicamus,</strong></span> <span class='ocrx_word' id='word_1_398' title='bbox 2958 2831 3121 2892; x_wconf 88' lang='lat' dir='ltr'><strong>hanc,</strong></span> <span class='ocrx_word' id='word_1_399' title='bbox 3157 2845 3265 2883; x_wconf 84' lang='lat' dir='ltr'><strong>nou</strong></span> <span class='ocrx_word' id='word_1_400' title='bbox 3295 2829 3545 2885; x_wconf 89' lang='lat' dir='ltr'><strong>Cerinthi</strong></span> 
     </span>
    </p>
   </div>
   <div class='ocr_carea' id='block_1_59' title="bbox 1955 2922 3540 2999">
    <p class='ocr_par' dir='ltr' id='par_1_59' title="bbox 1955 2922 3540 2999">
     <span class='ocr_line' id='line_1_59' title="bbox 1955 2922 3540 2999; baseline -0.003 -15"><span class='ocrx_word' id='word_1_401' title='bbox 1955 2930 2165 2999; x_wconf 84' lang='lat' dir='ltr'><strong>ipsius,</strong></span> <span class='ocrx_word' id='word_1_402' title='bbox 2224 2928 2319 2981; x_wconf 85' lang='lat' dir='ltr'><strong>sed</strong></span> <span class='ocrx_word' id='word_1_403' title='bbox 2359 2924 2725 2995; x_wconf 86' lang='lat' dir='ltr'><strong>quorumdam</strong></span> <span class='ocrx_word' id='word_1_404' title='bbox 2783 2940 2813 2979; x_wconf 89' lang='lat' dir='ltr'><strong>e</strong></span> <span class='ocrx_word' id='word_1_405' title='bbox 2871 2922 3157 2992; x_wconf 86' lang='lat' dir='ltr'><strong>discipulis</strong></span> <span class='ocrx_word' id='word_1_406' title='bbox 3210 2922 3540 2980; x_wconf 82' lang='lat' dir='ltr'><strong>sententiam</strong></span> 
     </span>
    </p>
   </div>
   <div class='ocr_carea' id='block_1_60' title="bbox 1954 3015 3537 3089">
    <p class='ocr_par' dir='ltr' id='par_1_60' title="bbox 1954 3015 3537 3089">
     <span class='ocr_line' id='line_1_60' title="bbox 1954 3015 3537 3089; baseline -0.005 -14"><span class='ocrx_word' id='word_1_407' title='bbox 1954 3022 2157 3087; x_wconf 80' lang='lat' dir='ltr'><strong>fuisse;</strong></span> <span class='ocrx_word' id='word_1_408' title='bbox 2199 3021 2293 3089; x_wconf 90' lang='lat' dir='ltr'><strong>qui</strong></span> <span class='ocrx_word' id='word_1_409' title='bbox 2341 3019 2769 3073; x_wconf 78' lang='lat' dir='ltr'><strong>Millenariorum</strong></span> <span class='ocrx_word' id='word_1_410' title='bbox 2817 3032 3009 3070; x_wconf 89' lang='lat' dir='ltr'><strong>errore</strong></span> <span class='ocrx_word' id='word_1_411' title='bbox 3044 3032 3073 3069; x_wconf 92' lang='lat' dir='ltr'><strong>a</strong></span> <span class='ocrx_word' id='word_1_412' title='bbox 3125 3015 3388 3083; x_wconf 85' lang='lat' dir='ltr'><strong>magistro</strong></span> <span class='ocrx_word' id='word_1_413' title='bbox 3436 3015 3537 3068; x_wconf 66' lang='lat' dir='ltr'><strong>imo</strong></span> 
     </span>
    </p>
   </div>
   <div class='ocr_carea' id='block_1_61' title="bbox 1954 3106 3539 3180">
    <p class='ocr_par' dir='ltr' id='par_1_61' title="bbox 1954 3106 3539 3180">
     <span class='ocr_line' id='line_1_61' title="bbox 1954 3106 3539 3180; baseline -0.005 -14"><span class='ocrx_word' id='word_1_414' title='bbox 1954 3112 2094 3176; x_wconf 88' lang='lat' dir='ltr'><strong>buli,</strong></span> <span class='ocrx_word' id='word_1_415' title='bbox 2120 3111 2261 3164; x_wconf 89' lang='lat' dir='ltr'><strong>nulla</strong></span> <span class='ocrx_word' id='word_1_416' title='bbox 2292 3126 2402 3180; x_wconf 69' lang='lat' dir='ltr'><strong>prae</strong></span> <span class='ocrx_word' id='word_1_417' title='bbox 2428 3111 2643 3165; x_wconf 66' lang='lat' dir='ltr'><strong>caneris</strong></span> <span class='ocrx_word' id='word_1_418' title='bbox 2665 3110 2927 3180; x_wconf 85' lang='lat' dir='ltr'><strong>singulari</strong></span> <span class='ocrx_word' id='word_1_419' title='bbox 2961 3106 3323 3179; x_wconf 71' lang='lat' dir='ltr'><strong>prterogativa</strong></span> <span class='ocrx_word' id='word_1_420' title='bbox 3352 3106 3539 3161; x_wconf 76' lang='lat' dir='ltr'><strong>Jesun:</strong></span> 
     </span>
    </p>
   </div>
   <div class='ocr_carea' id='block_1_62' title="bbox 246 3196 3545 3269">
    <p class='ocr_par' dir='ltr' id='par_1_62' title="bbox 246 3196 3545 3269">
     <span class='ocr_line' id='line_1_62' title="bbox 246 3196 3545 3269; baseline 0 -19"><span class='ocrx_word' id='word_1_421' title='bbox 246 3199 369 3252; x_wconf 83' lang='lat' dir='ltr'><strong>tris</strong></span> <span class='ocrx_word' id='word_1_422' title='bbox 403 3199 614 3268; x_wconf 84' lang='lat' dir='ltr'><strong>ignaris</strong></span> <span class='ocrx_word' id='word_1_423' title='bbox 655 3200 893 3269; x_wconf 76' lang='lat' dir='ltr'><strong>positam</strong></span> <span class='ocrx_word' id='word_1_424' title='bbox 933 3214 1076 3264; x_wconf 74' lang='lat' dir='ltr'><strong>esse.</strong></span> <span class='ocrx_word' id='word_1_425' title='bbox 1115 3210 1166 3254; x_wconf 82' lang='lat' dir='ltr'><strong>el</strong></span> <span class='ocrx_word' id='word_1_426' title='bbox 1202 3200 1270 3254; x_wconf 78' lang='lat' dir='ltr'><strong>ad</strong></span> <span class='ocrx_word' id='word_1_427' title='bbox 1322 3213 1486 3254; x_wconf 68' lang='lat' dir='ltr'><strong>&quot;nam</strong></span> <span class='ocrx_word' id='word_1_428' title='bbox 1534 3198 1699 3267; x_wconf 77' lang='grc' dir='ltr'>ἰιωοιὶ</span> <span class='ocrx_word' id='word_1_429' title='bbox 1753 3196 1847 3251; x_wconf 75' lang='grc' dir='ltr'><strong>θεῖ</strong></span> <span class='ocrx_word' id='word_1_430' title='bbox 1877 3211 1921 3269; x_wconf 88' lang='lat' dir='ltr'><strong>C.</strong></span> <span class='ocrx_word' id='word_1_431' title='bbox 1958 3206 2216 3259; x_wconf 86' lang='lat' dir='ltr'><strong>donatum</strong></span> <span class='ocrx_word' id='word_1_432' title='bbox 2244 3203 2482 3267; x_wconf 89' lang='lat' dir='ltr'><strong>vellent;</strong></span> <span class='ocrx_word' id='word_1_433' title='bbox 2516 3202 2611 3257; x_wconf 89' lang='lat' dir='ltr'><strong>sed</strong></span> <span class='ocrx_word' id='word_1_434' title='bbox 2653 3211 2766 3255; x_wconf 92' lang='lat' dir='ltr'><strong>tum</strong></span> <span class='ocrx_word' id='word_1_435' title='bbox 2800 3212 3018 3255; x_wconf 88' lang='lat' dir='ltr'><strong>tantum</strong></span> <span class='ocrx_word' id='word_1_436' title='bbox 3062 3217 3092 3253; x_wconf 88' lang='lat' dir='ltr'><strong>a</strong></span> <span class='ocrx_word' id='word_1_437' title='bbox 3126 3199 3359 3253; x_wconf 87' lang='lat' dir='ltr'><strong>mortuis</strong></span> <span class='ocrx_word' id='word_1_438' title='bbox 3390 3198 3545 3252; x_wconf 87' lang='lat' dir='ltr'><strong>exci-</strong></span> 
     </span>
    </p>
   </div>
   <div class='ocr_carea' id='block_1_63' title="bbox 242 3288 1848 3360">
    <p class='ocr_par' dir='ltr' id='par_1_63' title="bbox 242 3288 1848 3360">
     <span class='ocr_line' id='line_1_63' title="bbox 242 3288 1848 3360; baseline -0.001 -19"><span class='ocrx_word' id='word_1_439' title='bbox 242 3290 635 3360; x_wconf 71' lang='lat' dir='ltr'><strong>coguitiouem</strong></span> <span class='ocrx_word' id='word_1_440' title='bbox 658 3289 893 3343; x_wconf 89' lang='lat' dir='ltr'><strong>salutem</strong></span> <span class='ocrx_word' id='word_1_441' title='bbox 921 3290 1128 3344; x_wconf 90' lang='lat' dir='ltr'><strong>retulit.</strong></span> <span class='ocrx_word' id='word_1_442' title='bbox 1156 3288 1267 3345; x_wconf 84' lang='lat' dir='ltr'><strong>Nec</strong></span> <span class='ocrx_word' id='word_1_443' title='bbox 1287 3289 1681 3352; x_wconf 88' lang='lat' dir='ltr'><strong>omittendum,</strong></span> <span class='ocrx_word' id='word_1_444' title='bbox 1705 3288 1848 3356; x_wconf 89' lang='lat' dir='ltr'><strong>apud</strong></span> 
     </span>
    </p>
   </div>
   <div class='ocr_carea' id='block_1_64' title="bbox 243 3379 1847 3449">
    <p class='ocr_par' dir='ltr' id='par_1_64' title="bbox 243 3379 1847 3449">
     <span class='ocr_line' id='line_1_64' title="bbox 243 3379 1847 3449; baseline -0.001 -14"><span class='ocrx_word' id='word_1_445' title='bbox 243 3379 666 3435; x_wconf 81' lang='lat' dir='ltr'><strong>Tertullianum</strong></span> <span class='ocrx_word' id='word_1_446' title='bbox 719 3382 825 3436; x_wconf 90' lang='lat' dir='ltr'><strong>hoc</strong></span> <span class='ocrx_word' id='word_1_447' title='bbox 876 3383 1059 3449; x_wconf 88' lang='lat' dir='ltr'><strong>ipsum</strong></span> <span class='ocrx_word' id='word_1_448' title='bbox 1105 3382 1379 3435; x_wconf 72' lang='lat' dir='ltr'><strong>Ebionteis</strong></span> <span class='ocrx_word' id='word_1_449' title='bbox 1436 3381 1661 3447; x_wconf 86' lang='lat' dir='ltr'><strong>ascribi,</strong></span> <span class='ocrx_word' id='word_1_450' title='bbox 1699 3380 1847 3449; x_wconf 92' lang='lat' dir='ltr'><strong>quod</strong></span> 
     </span>
    </p>
   </div>
   <div class='ocr_carea' id='block_1_65' title="bbox 244 3471 1849 3551">
    <p class='ocr_par' dir='ltr' id='par_1_65' title="bbox 244 3471 1849 3551">
     <span class='ocr_line' id='line_1_65' title="bbox 244 3471 1849 3551; baseline 0 -24"><span class='ocrx_word' id='word_1_451' title='bbox 244 3471 604 3551; x_wconf 78' lang='lat' dir='ltr'><strong>Epiphanius</strong></span> <span class='ocrx_word' id='word_1_452' title='bbox 653 3472 1027 3528; x_wconf 89' lang='lat' dir='ltr'><strong>Cerinthianis</strong></span> <span class='ocrx_word' id='word_1_453' title='bbox 1073 3473 1285 3536; x_wconf 91' lang='lat' dir='ltr'><strong>tribuit,</strong></span> <span class='ocrx_word' id='word_1_454' title='bbox 1315 3473 1530 3528; x_wconf 90' lang='lat' dir='ltr'><strong>scilicet</strong></span> <span class='ocrx_word' id='word_1_455' title='bbox 1562 3473 1709 3542; x_wconf 87' lang='lat' dir='ltr'><strong>quod</strong></span> <span class='ocrx_word' id='word_1_456' title='bbox 1763 3473 1849 3527; x_wconf 84' lang='lat' dir='ltr'><strong>his</strong></span> 
     </span>
    </p>
   </div>
   <div class='ocr_carea' id='block_1_66' title="bbox 242 3562 1846 3635">
    <p class='ocr_par' dir='ltr' id='par_1_66' title="bbox 242 3562 1846 3635">
     <span class='ocr_line' id='line_1_66' title="bbox 242 3562 1846 3635; baseline 0.001 -16"><span class='ocrx_word' id='word_1_457' title='bbox 242 3562 469 3619; x_wconf 82' lang='lat' dir='ltr'><strong>Christi</strong></span> <span class='ocrx_word' id='word_1_458' title='bbox 510 3564 691 3619; x_wconf 83' lang='lat' dir='ltr'><strong>verbis</strong></span> <span class='ocrx_word' id='word_1_459' title='bbox 724 3567 867 3635; x_wconf 90' lang='lat' dir='ltr'><strong>apud</strong></span> <span class='ocrx_word' id='word_1_460' title='bbox 893 3565 1206 3620; x_wconf 66' lang='lat' dir='ltr'><strong>Matthteum</strong></span> <span class='ocrx_word' id='word_1_461' title='bbox 1231 3566 1273 3596; x_wconf 73' lang='grc' dir='ltr'>τι</span> <span class='ocrx_word' id='word_1_462' title='bbox 1304 3583 1319 3619; x_wconf 90' lang='lat'><strong>:</strong></span> <span class='ocrx_word' id='word_1_463' title='bbox 1350 3563 1523 3619; x_wconf 74' lang='lat' dir='ltr'><strong>Nemo</strong></span> <span class='ocrx_word' id='word_1_464' title='bbox 1554 3566 1846 3635; x_wconf 80' lang='lat' dir='ltr'><strong>discipulus</strong></span> 
     </span>
    </p>
   </div>
   <div class='ocr_carea' id='block_1_67' title="bbox 241 3659 1846 3728">
    <p class='ocr_par' dir='ltr' id='par_1_67' title="bbox 241 3659 1846 3728">
     <span class='ocr_line' id='line_1_67' title="bbox 241 3659 1846 3728; baseline 0.002 -20"><span class='ocrx_word' id='word_1_465' title='bbox 241 3672 418 3725; x_wconf 70' lang='lat' dir='ltr'><strong>super</strong></span> <span class='ocrx_word' id='word_1_466' title='bbox 443 3659 780 3727; x_wconf 63' lang='lat' dir='ltr'><strong>magistrum,</strong></span> <span class='ocrx_word' id='word_1_467' title='bbox 812 3674 905 3712; x_wconf 79' lang='lat' dir='ltr'><strong>nec</strong></span> <span class='ocrx_word' id='word_1_468' title='bbox 927 3674 1104 3712; x_wconf 81' lang='lat' dir='ltr'><strong>servus</strong></span> <span class='ocrx_word' id='word_1_469' title='bbox 1142 3674 1299 3727; x_wconf 80' lang='lat' dir='ltr'><strong>super</strong></span> <span class='ocrx_word' id='word_1_470' title='bbox 1354 3659 1623 3712; x_wconf 79' lang='lat' dir='ltr'><strong>dominum</strong></span> <span class='ocrx_word' id='word_1_471' title='bbox 1649 3673 1667 3711; x_wconf 89' lang='lat'><strong><em>:</em></strong></span> <span class='ocrx_word' id='word_1_472' title='bbox 1700 3660 1846 3728; x_wconf 72' lang='lat' dir='ltr'><strong>stt/Ii-</strong></span> 
     </span>
    </p>
   </div>
   <div class='ocr_carea' id='block_1_68' title="bbox 243 3749 1845 3820">
    <p class='ocr_par' dir='ltr' id='par_1_68' title="bbox 243 3749 1845 3820">
     <span class='ocr_line' id='line_1_68' title="bbox 243 3749 1845 3820; baseline 0.003 -19"><span class='ocrx_word' id='word_1_473' title='bbox 243 3752 330 3802; x_wconf 82' lang='lat' dir='ltr'><strong>cit</strong></span> <span class='ocrx_word' id='word_1_474' title='bbox 373 3749 638 3819; x_wconf 84' lang='lat' dir='ltr'><strong>discipulo</strong></span> <span class='ocrx_word' id='word_1_475' title='bbox 687 3751 734 3805; x_wconf 90' lang='lat' dir='ltr'><strong>si</strong></span> <span class='ocrx_word' id='word_1_476' title='bbox 772 3753 841 3804; x_wconf 86' lang='lat' dir='ltr'><strong>sit</strong></span> <span class='ocrx_word' id='word_1_477' title='bbox 873 3753 1008 3804; x_wconf 81' lang='lat' dir='ltr'><strong>sicut</strong></span> <span class='ocrx_word' id='word_1_478' title='bbox 1048 3751 1301 3820; x_wconf 79' lang='lat' dir='ltr'><strong>magister</strong></span> <span class='ocrx_word' id='word_1_479' title='bbox 1333 3751 1605 3820; x_wconf 78' lang='lat' dir='ltr'><strong>cjus;&#39;illi</strong></span> <span class='ocrx_word' id='word_1_480' title='bbox 1651 3750 1845 3807; x_wconf 67' lang='lat' dir='ltr'><strong>abuteo</strong></span> 
     </span>
    </p>
   </div>
   <div class='ocr_carea' id='block_1_69' title="bbox 244 3843 1846 3913">
    <p class='ocr_par' dir='ltr' id='par_1_69' title="bbox 244 3843 1846 3913">
     <span class='ocr_line' id='line_1_69' title="bbox 244 3843 1846 3913; baseline 0.001 -16"><span class='ocrx_word' id='word_1_481' title='bbox 244 3852 477 3909; x_wconf 86' lang='lat' dir='ltr'><strong>rentur,</strong></span> <span class='ocrx_word' id='word_1_482' title='bbox 520 3852 578 3897; x_wconf 89' lang='lat' dir='ltr'><strong>ut</strong></span> <span class='ocrx_word' id='word_1_483' title='bbox 614 3843 1048 3899; x_wconf 85' lang='lat' dir='ltr'><strong>circumcisionis</strong></span> <span class='ocrx_word' id='word_1_484' title='bbox 1081 3858 1147 3897; x_wconf 88' lang='lat' dir='ltr'><strong>ac</strong></span> <span class='ocrx_word' id='word_1_485' title='bbox 1185 3845 1390 3899; x_wconf 87' lang='lat' dir='ltr'><strong>veteris</strong></span> <span class='ocrx_word' id='word_1_486' title='bbox 1436 3843 1573 3913; x_wconf 85' lang='lat' dir='ltr'><strong>legis</strong></span> <span class='ocrx_word' id='word_1_487' title='bbox 1609 3845 1846 3899; x_wconf 80' lang='lat' dir='ltr'><strong>necessi-</strong></span> 
     </span>
    </p>
   </div>
   <div class='ocr_carea' id='block_1_70' title="bbox 245 3935 1843 4006">
    <p class='ocr_par' dir='ltr' id='par_1_70' title="bbox 245 3935 1843 4006">
     <span class='ocr_line' id='line_1_70' title="bbox 245 3935 1843 4006; baseline -0.001 -15"><span class='ocrx_word' id='word_1_488' title='bbox 245 3945 428 3991; x_wconf 85' lang='lat' dir='ltr'><strong>tatem</strong></span> <span class='ocrx_word' id='word_1_489' title='bbox 490 3949 558 3989; x_wconf 88' lang='lat' dir='ltr'><strong>cx</strong></span> <span class='ocrx_word' id='word_1_490' title='bbox 608 3935 736 3991; x_wconf 84' lang='lat' dir='ltr'><strong>Jesu</strong></span> <span class='ocrx_word' id='word_1_491' title='bbox 786 3936 991 3992; x_wconf 89' lang='lat' dir='ltr'><strong>Christi</strong></span> <span class='ocrx_word' id='word_1_492' title='bbox 1040 3935 1290 4006; x_wconf 88' lang='lat' dir='ltr'><strong>exemplo</strong></span> <span class='ocrx_word' id='word_1_493' title='bbox 1352 3937 1843 3992; x_wconf 89' lang='lat' dir='ltr'><strong>commendarent:</strong></span> 
     </span>
    </p>
   </div>
   <div class='ocr_carea' id='block_1_71' title="bbox 243 4028 1846 4100">
    <p class='ocr_par' dir='ltr' id='par_1_71' title="bbox 243 4028 1846 4100">
     <span class='ocr_line' id='line_1_71' title="bbox 243 4028 1846 4100; baseline 0.002 -19"><span class='ocrx_word' id='word_1_494' title='bbox 243 4030 461 4099; x_wconf 85' lang='lat' dir='ltr'><strong>quippe</strong></span> <span class='ocrx_word' id='word_1_495' title='bbox 509 4028 605 4099; x_wconf 89' lang='lat' dir='ltr'><strong>qui</strong></span> <span class='ocrx_word' id='word_1_496' title='bbox 660 4030 880 4099; x_wconf 85' lang='lat' dir='ltr'><strong>utrique</strong></span> <span class='ocrx_word' id='word_1_497' title='bbox 923 4029 1165 4100; x_wconf 88' lang='lat' dir='ltr'><strong>seipsum</strong></span> <span class='ocrx_word' id='word_1_498' title='bbox 1207 4028 1541 4084; x_wconf 91' lang='lat' dir='ltr'><strong>subdiderit.</strong></span> <span class='ocrx_word' id='word_1_499' title='bbox 1589 4028 1740 4085; x_wconf 79' lang='lat' dir='ltr'><strong>Adeo</strong></span> <span class='ocrx_word' id='word_1_500' title='bbox 1786 4040 1846 4084; x_wconf 93' lang='lat' dir='ltr'><strong>ut</strong></span> 
     </span>
    </p>
   </div>
   <div class='ocr_carea' id='block_1_72' title="bbox 246 4119 1847 4191">
    <p class='ocr_par' dir='ltr' id='par_1_72' title="bbox 246 4119 1847 4191">
     <span class='ocr_line' id='line_1_72' title="bbox 246 4119 1847 4191; baseline 0 -17"><span class='ocrx_word' id='word_1_501' title='bbox 246 4120 386 4174; x_wconf 86' lang='lat' dir='ltr'><strong>hinc</strong></span> <span class='ocrx_word' id='word_1_502' title='bbox 430 4119 678 4189; x_wconf 89' lang='lat' dir='ltr'><strong>suspicio</strong></span> <span class='ocrx_word' id='word_1_503' title='bbox 719 4119 1004 4183; x_wconf 76' lang='lat' dir='ltr'><strong>ﬁrmetur,</strong></span> <span class='ocrx_word' id='word_1_504' title='bbox 1057 4119 1423 4191; x_wconf 82' lang='lat' dir='ltr'><strong>Epiphanium</strong></span> <span class='ocrx_word' id='word_1_505' title='bbox 1470 4120 1615 4175; x_wconf 87' lang='lat' dir='ltr'><strong>inter</strong></span> <span class='ocrx_word' id='word_1_506' title='bbox 1652 4120 1847 4176; x_wconf 88' lang='lat' dir='ltr'><strong>Cerin-</strong></span> 
     </span>
    </p>
   </div>
   <div class='ocr_carea' id='block_1_73' title="bbox 248 4211 1842 4269">
    <p class='ocr_par' dir='ltr' id='par_1_73' title="bbox 248 4211 1842 4269">
     <span class='ocr_line' id='line_1_73' title="bbox 248 4211 1842 4269; baseline 0 -2"><span class='ocrx_word' id='word_1_507' title='bbox 248 4214 477 4268; x_wconf 85' lang='lat' dir='ltr'><strong>thianos</strong></span> <span class='ocrx_word' id='word_1_508' title='bbox 493 4222 549 4267; x_wconf 92' lang='lat' dir='ltr'><strong>et</strong></span> <span class='ocrx_word' id='word_1_509' title='bbox 578 4211 861 4268; x_wconf 72' lang='lat' dir='ltr'><strong>Ebionzeos</strong></span> <span class='ocrx_word' id='word_1_510' title='bbox 895 4229 1001 4269; x_wconf 91' lang='lat' dir='ltr'><strong>non</strong></span> <span class='ocrx_word' id='word_1_511' title='bbox 1039 4213 1176 4268; x_wconf 81' lang='lat' dir='ltr'><strong>satis</strong></span> <span class='ocrx_word' id='word_1_512' title='bbox 1214 4222 1470 4268; x_wconf 88' lang='lat' dir='ltr'><strong>accurate</strong></span> <span class='ocrx_word' id='word_1_513' title='bbox 1500 4213 1842 4267; x_wconf 84' lang='lat' dir='ltr'><strong>distinxisse.</strong></span> 
     </span>
    </p>
   </div>
   <div class='ocr_carea' id='block_1_74' title="bbox 320 4302 1843 4369">
    <p class='ocr_par' dir='ltr' id='par_1_74' title="bbox 320 4302 1843 4369">
     <span class='ocr_line' id='line_1_74' title="bbox 320 4302 1843 4369; baseline -0.003 -10"><span class='ocrx_word' id='word_1_514' title='bbox 320 4304 452 4361; x_wconf 74' lang='grc'><strong>128.</strong></span> <span class='ocrx_word' id='word_1_515' title='bbox 488 4303 659 4359; x_wconf 89' lang='lat' dir='ltr'><strong>Suum</strong></span> <span class='ocrx_word' id='word_1_516' title='bbox 689 4303 861 4359; x_wconf 74' lang='lat' dir='ltr'><strong>fuisse</strong></span> <span class='ocrx_word' id='word_1_517' title='bbox 906 4304 1192 4369; x_wconf 90' lang='lat' dir='ltr'><strong>Cerintho,</strong></span> <span class='ocrx_word' id='word_1_518' title='bbox 1244 4305 1388 4359; x_wconf 90' lang='lat' dir='ltr'><strong>sicut</strong></span> <span class='ocrx_word' id='word_1_519' title='bbox 1426 4314 1485 4361; x_wconf 91' lang='lat' dir='ltr'><strong>et</strong></span> <span class='ocrx_word' id='word_1_520' title='bbox 1532 4302 1843 4366; x_wconf 82' lang='lat' dir='ltr'><strong>Nicolaitis,</strong></span> 
     </span>
    </p>
   </div>
   <div class='ocr_carea' id='block_1_75' title="bbox 244 4395 1843 4470">
    <p class='ocr_par' dir='ltr' id='par_1_75' title="bbox 244 4395 1843 4470">
     <span class='ocr_line' id='line_1_75' title="bbox 244 4395 1843 4470; baseline -0.003 -15"><span class='ocrx_word' id='word_1_521' title='bbox 244 4402 493 4470; x_wconf 79' lang='lat' dir='ltr'><strong>aliisque</strong></span> <span class='ocrx_word' id='word_1_522' title='bbox 533 4399 813 4456; x_wconf 84' lang='lat' dir='ltr'><strong>Gnosticis</strong></span> <span class='ocrx_word' id='word_1_523' title='bbox 857 4398 1131 4463; x_wconf 89' lang='lat' dir='ltr'><strong>Pleroma,</strong></span> <span class='ocrx_word' id='word_1_524' title='bbox 1168 4400 1411 4470; x_wconf 88' lang='lat' dir='ltr'><strong>supremi</strong></span> <span class='ocrx_word' id='word_1_525' title='bbox 1462 4398 1642 4454; x_wconf 84' lang='lat' dir='ltr'><strong>Patris</strong></span> <span class='ocrx_word' id='word_1_526' title='bbox 1671 4412 1735 4451; x_wconf 92' lang='lat' dir='ltr'><strong>ac</strong></span> <span class='ocrx_word' id='word_1_527' title='bbox 1760 4395 1843 4451; x_wconf 85' lang='lat' dir='ltr'><strong>Si-</strong></span> 
     </span>
    </p>
   </div>
   <div class='ocr_carea' id='block_1_76' title="bbox 242 4493 1843 4563">
    <p class='ocr_par' dir='ltr' id='par_1_76' title="bbox 242 4493 1843 4563">
     <span class='ocr_line' id='line_1_76' title="bbox 242 4493 1843 4563; baseline 0.001 -13"><span class='ocrx_word' id='word_1_528' title='bbox 242 4509 364 4563; x_wconf 81' lang='lat' dir='ltr'><strong>ges,</strong></span> <span class='ocrx_word' id='word_1_529' title='bbox 400 4496 748 4563; x_wconf 89' lang='lat' dir='ltr'><strong>aliarumque</strong></span> <span class='ocrx_word' id='word_1_530' title='bbox 778 4493 1054 4549; x_wconf 83' lang='lat' dir='ltr'><strong>Virtutum</strong></span> <span class='ocrx_word' id='word_1_531' title='bbox 1090 4494 1436 4547; x_wconf 77' lang='lat' dir='ltr'><strong>inrisibilium</strong></span> <span class='ocrx_word' id='word_1_532' title='bbox 1465 4506 1514 4549; x_wconf 80' lang='lat' dir='ltr'><strong>et</strong></span> <span class='ocrx_word' id='word_1_533' title='bbox 1541 4496 1843 4551; x_wconf 81' lang='lat' dir='ltr'><strong>iuuomina-</strong></span> 
     </span>
    </p>
   </div>
   <div class='ocr_carea' id='block_1_77' title="bbox 1958 3292 3543 3361">
    <p class='ocr_par' dir='ltr' id='par_1_77' title="bbox 1958 3292 3543 3361">
     <span class='ocr_line' id='line_1_77' title="bbox 1958 3292 3543 3361; baseline -0.003 -11"><span class='ocrx_word' id='word_1_534' title='bbox 1958 3297 2202 3359; x_wconf 89' lang='lat' dir='ltr'><strong>tandum,</strong></span> <span class='ocrx_word' id='word_1_535' title='bbox 2243 3312 2367 3352; x_wconf 93' lang='lat' dir='ltr'><strong>cum</strong></span> <span class='ocrx_word' id='word_1_536' title='bbox 2407 3296 2500 3350; x_wconf 92' lang='lat' dir='ltr'><strong>alii</strong></span> <span class='ocrx_word' id='word_1_537' title='bbox 2554 3310 2746 3350; x_wconf 91' lang='lat' dir='ltr'><strong>omnes</strong></span> <span class='ocrx_word' id='word_1_538' title='bbox 2788 3294 3094 3350; x_wconf 86' lang='lat' dir='ltr'><strong>suscitandi</strong></span> <span class='ocrx_word' id='word_1_539' title='bbox 3133 3301 3340 3349; x_wconf 87' lang='lat' dir='ltr'><strong>essent.</strong></span> <span class='ocrx_word' id='word_1_540' title='bbox 3373 3292 3543 3361; x_wconf 86' lang='lat' dir='ltr'><strong>quue</strong></span> 
     </span>
    </p>
   </div>
   <div class='ocr_carea' id='block_1_78' title="bbox 1955 3384 3537 3459">
    <p class='ocr_par' dir='ltr' id='par_1_78' title="bbox 1955 3384 3537 3459">
     <span class='ocr_line' id='line_1_78' title="bbox 1955 3384 3537 3459; baseline -0.004 -18"><span class='ocrx_word' id='word_1_541' title='bbox 1955 3388 2182 3442; x_wconf 91' lang='lat' dir='ltr'><strong>iunuere</strong></span> <span class='ocrx_word' id='word_1_542' title='bbox 2211 3388 2426 3442; x_wconf 90' lang='lat' dir='ltr'><strong>videtur</strong></span> <span class='ocrx_word' id='word_1_543' title='bbox 2461 3387 2820 3459; x_wconf 85' lang='lat' dir='ltr'><strong>Epiphanius,</strong></span> <span class='ocrx_word' id='word_1_544' title='bbox 2854 3395 2913 3441; x_wconf 91' lang='lat' dir='ltr'><strong>ut</strong></span> <span class='ocrx_word' id='word_1_545' title='bbox 2945 3396 2998 3440; x_wconf 92' lang='lat' dir='ltr'><strong>et</strong></span> <span class='ocrx_word' id='word_1_546' title='bbox 3022 3386 3414 3441; x_wconf 90' lang='lat' dir='ltr'><strong>Cerinthianos</strong></span> <span class='ocrx_word' id='word_1_547' title='bbox 3441 3384 3537 3437; x_wconf 51' lang='lat' dir='ltr'><strong>ali.</strong></span> 
     </span>
    </p>
   </div>
   <div class='ocr_carea' id='block_1_79' title="bbox 1952 3478 3537 3549">
    <p class='ocr_par' dir='ltr' id='par_1_79' title="bbox 1952 3478 3537 3549">
     <span class='ocr_line' id='line_1_79' title="bbox 1952 3478 3537 3549; baseline 0.001 -20"><span class='ocrx_word' id='word_1_548' title='bbox 1952 3495 2091 3549; x_wconf 88' lang='lat' dir='ltr'><strong>quos</strong></span> <span class='ocrx_word' id='word_1_549' title='bbox 2117 3490 2457 3533; x_wconf 87' lang='lat' dir='ltr'><strong>mortuorum</strong></span> <span class='ocrx_word' id='word_1_550' title='bbox 2496 3480 2955 3534; x_wconf 87' lang='lat' dir='ltr'><strong>resurrectionem</strong></span> <span class='ocrx_word' id='word_1_551' title='bbox 2989 3478 3233 3533; x_wconf 81' lang='lat' dir='ltr'><strong>funditus</strong></span> <span class='ocrx_word' id='word_1_552' title='bbox 3270 3492 3537 3547; x_wconf 88' lang='lat' dir='ltr'><strong>negasse;</strong></span> 
     </span>
    </p>
   </div>
   <div class='ocr_carea' id='block_1_80' title="bbox 1952 3569 3543 3639">
    <p class='ocr_par' dir='ltr' id='par_1_80' title="bbox 1952 3569 3543 3639">
     <span class='ocr_line' id='line_1_80' title="bbox 1952 3569 3543 3639; baseline 0.001 -22"><span class='ocrx_word' id='word_1_553' title='bbox 1952 3584 2091 3637; x_wconf 80' lang='lat' dir='ltr'><strong>quos</strong></span> <span class='ocrx_word' id='word_1_554' title='bbox 2124 3571 2354 3639; x_wconf 90' lang='lat' dir='ltr'><strong>proinde</strong></span> <span class='ocrx_word' id='word_1_555' title='bbox 2372 3569 2439 3623; x_wconf 88' lang='lat' dir='ltr'><strong>de</strong></span> <span class='ocrx_word' id='word_1_556' title='bbox 2464 3580 2681 3624; x_wconf 89' lang='lat' dir='ltr'><strong>terreno</strong></span> <span class='ocrx_word' id='word_1_557' title='bbox 2714 3569 2921 3624; x_wconf 86' lang='lat' dir='ltr'><strong>Christi</strong></span> <span class='ocrx_word' id='word_1_558' title='bbox 2957 3584 3127 3637; x_wconf 81' lang='lat' dir='ltr'><strong>regno</strong></span> <span class='ocrx_word' id='word_1_559' title='bbox 3148 3582 3308 3623; x_wconf 91' lang='lat' dir='ltr'><strong>secus</strong></span> <span class='ocrx_word' id='word_1_560' title='bbox 3336 3582 3402 3621; x_wconf 93' lang='lat' dir='ltr'><strong>ac</strong></span> <span class='ocrx_word' id='word_1_561' title='bbox 3430 3582 3543 3620; x_wconf 84' lang='lat' dir='ltr'><strong>ma-</strong></span> 
     </span>
    </p>
   </div>
   <div class='ocr_carea' id='block_1_81' title="bbox 1952 3659 3536 3733">
    <p class='ocr_par' dir='ltr' id='par_1_81' title="bbox 1952 3659 3536 3733">
     <span class='ocr_line' id='line_1_81' title="bbox 1952 3659 3536 3733; baseline -0.002 -18"><span class='ocrx_word' id='word_1_562' title='bbox 1952 3663 2180 3732; x_wconf 84' lang='lat' dir='ltr'><strong>gistrqu</strong></span> <span class='ocrx_word' id='word_1_563' title='bbox 2224 3661 2463 3717; x_wconf 87' lang='lat' dir='ltr'><strong>sensisse</strong></span> <span class='ocrx_word' id='word_1_564' title='bbox 2500 3677 2841 3733; x_wconf 90' lang='lat' dir='ltr'><strong>consequens</strong></span> <span class='ocrx_word' id='word_1_565' title='bbox 2863 3662 3103 3716; x_wconf 91' lang='lat' dir='ltr'><strong>videtur.</strong></span> <span class='ocrx_word' id='word_1_566' title='bbox 3145 3660 3300 3727; x_wconf 79' lang='lat' dir='ltr'><strong>Quod</strong></span> <span class='ocrx_word' id='word_1_567' title='bbox 3334 3659 3536 3715; x_wconf 75' lang='lat' dir='ltr'><strong>ludam</strong></span> 
     </span>
    </p>
   </div>
   <div class='ocr_carea' id='block_1_82' title="bbox 1952 3752 3539 3821">
    <p class='ocr_par' dir='ltr' id='par_1_82' title="bbox 1952 3752 3539 3821">
     <span class='ocr_line' id='line_1_82' title="bbox 1952 3752 3539 3821; baseline -0.001 -14"><span class='ocrx_word' id='word_1_568' title='bbox 1952 3754 2287 3821; x_wconf 90' lang='lat' dir='ltr'><strong>proditorem</strong></span> <span class='ocrx_word' id='word_1_569' title='bbox 2326 3755 2679 3809; x_wconf 89' lang='lat' dir='ltr'><strong>bonoraverit</strong></span> <span class='ocrx_word' id='word_1_570' title='bbox 2718 3754 3039 3818; x_wconf 89' lang='lat' dir='ltr'><strong>Cerinthus,</strong></span> <span class='ocrx_word' id='word_1_571' title='bbox 3074 3752 3223 3809; x_wconf 89' lang='lat' dir='ltr'><strong>solus</strong></span> <span class='ocrx_word' id='word_1_572' title='bbox 3264 3762 3539 3806; x_wconf 89' lang='lat' dir='ltr'><strong>memorat</strong></span> 
     </span>
    </p>
   </div>
   <div class='ocr_carea' id='block_1_83' title="bbox 1950 3845 3064 3911">
    <p class='ocr_par' dir='ltr' id='par_1_83' title="bbox 1950 3845 3064 3911">
     <span class='ocr_line' id='line_1_83' title="bbox 1950 3845 3064 3911; baseline -0.001 -10"><span class='ocrx_word' id='word_1_573' title='bbox 1950 3845 2299 3911; x_wconf 88' lang='lat' dir='ltr'><strong>Philastrius,</strong></span> <span class='ocrx_word' id='word_1_574' title='bbox 2337 3862 2367 3901; x_wconf 89' lang='lat' dir='ltr'><strong>e</strong></span> <span class='ocrx_word' id='word_1_575' title='bbox 2393 3848 2670 3902; x_wconf 86' lang='lat' dir='ltr'><strong>veteribus</strong></span> <span class='ocrx_word' id='word_1_576' title='bbox 2702 3862 2867 3902; x_wconf 92' lang='lat' dir='ltr'><strong>nemo</strong></span> <span class='ocrx_word' id='word_1_577' title='bbox 2902 3846 3064 3900; x_wconf 85' lang='lat' dir='ltr'><strong>alius.</strong></span> 
     </span>
    </p>
   </div>
   <div class='ocr_carea' id='block_1_84' title="bbox 2476 3998 3028 4058">
    <p class='ocr_par' dir='ltr' id='par_1_84' title="bbox 2476 3998 3028 4058">
     <span class='ocr_line' id='line_1_84' title="bbox 2476 3998 3028 4058; baseline -0.004 0"><span class='ocrx_word' id='word_1_578' title='bbox 2476 4002 2583 4058; x_wconf 81' lang='lat' dir='ltr'><strong>Vll.</strong></span> <span class='ocrx_word' id='word_1_579' title='bbox 2629 4001 2705 4055; x_wconf 83' lang='lat' dir='ltr'><strong>De</strong></span> <span class='ocrx_word' id='word_1_580' title='bbox 2734 3998 3028 4057; x_wconf 77' lang='lat' dir='ltr'><strong>Ebiomeis.</strong></span> 
     </span>
    </p>
   </div>
   <div class='ocr_carea' id='block_1_85' title="bbox 2022 4113 3535 4185">
    <p class='ocr_par' dir='ltr' id='par_1_85' title="bbox 2022 4113 3535 4185">
     <span class='ocr_line' id='line_1_85' title="bbox 2022 4113 3535 4185; baseline -0.001 -14"><span class='ocrx_word' id='word_1_581' title='bbox 2022 4116 2147 4173; x_wconf 72' lang='lat'><strong>129.</strong></span> <span class='ocrx_word' id='word_1_582' title='bbox 2190 4116 2410 4172; x_wconf 85' lang='lat' dir='ltr'><strong>Sentire</strong></span> <span class='ocrx_word' id='word_1_583' title='bbox 2441 4116 2694 4171; x_wconf 90' lang='lat' dir='ltr'><strong>videntur</strong></span> <span class='ocrx_word' id='word_1_584' title='bbox 2720 4113 2988 4185; x_wconf 89' lang='lat' dir='ltr'><strong>Origenes</strong></span> <span class='ocrx_word' id='word_1_585' title='bbox 3013 4116 3057 4147; x_wconf 84' lang='grc'><strong>⁷⁷</strong></span> <span class='ocrx_word' id='word_1_586' title='bbox 3090 4125 3144 4171; x_wconf 91' lang='lat' dir='ltr'><strong>ct</strong></span> <span class='ocrx_word' id='word_1_587' title='bbox 3176 4116 3448 4171; x_wconf 88' lang='lat' dir='ltr'><strong>Eusebius</strong></span> <span class='ocrx_word' id='word_1_588' title='bbox 3466 4114 3535 4181; x_wconf 76' lang='lat'><strong>“,</strong></span> 
     </span>
    </p>
   </div>
   <div class='ocr_carea' id='block_1_86' title="bbox 1946 4210 3539 4280">
    <p class='ocr_par' dir='ltr' id='par_1_86' title="bbox 1946 4210 3539 4280">
     <span class='ocr_line' id='line_1_86' title="bbox 1946 4210 3539 4280; baseline -0.003 -12"><span class='ocrx_word' id='word_1_589' title='bbox 1946 4213 2327 4268; x_wconf 73' lang='lat' dir='ltr'><strong>Ebionzeorum</strong></span> <span class='ocrx_word' id='word_1_590' title='bbox 2358 4224 2577 4275; x_wconf 91' lang='lat' dir='ltr'><strong>nomen,</strong></span> <span class='ocrx_word' id='word_1_591' title='bbox 2598 4211 2668 4266; x_wconf 91' lang='lat' dir='ltr'><strong>ab</strong></span> <span class='ocrx_word' id='word_1_592' title='bbox 2690 4210 2898 4264; x_wconf 84' lang='lat' dir='ltr'><strong>Ebione</strong></span> <span class='ocrx_word' id='word_1_593' title='bbox 2920 4211 3154 4280; x_wconf 89' lang='lat' dir='ltr'><strong>quodam</strong></span> <span class='ocrx_word' id='word_1_594' title='bbox 3187 4218 3352 4266; x_wconf 69' lang='lat' dir='ltr'><strong>sectae</strong></span> <span class='ocrx_word' id='word_1_595' title='bbox 3385 4211 3539 4279; x_wconf 89' lang='lat' dir='ltr'><strong>prin-</strong></span> 
     </span>
    </p>
   </div>
   <div class='ocr_carea' id='block_1_87' title="bbox 1946 4303 3537 4375">
    <p class='ocr_par' dir='ltr' id='par_1_87' title="bbox 1946 4303 3537 4375">
     <span class='ocr_line' id='line_1_87' title="bbox 1946 4303 3537 4375; baseline -0.004 -16"><span class='ocrx_word' id='word_1_596' title='bbox 1946 4308 2066 4373; x_wconf 86' lang='lat' dir='ltr'><strong>cipe</strong></span> <span class='ocrx_word' id='word_1_597' title='bbox 2106 4305 2416 4360; x_wconf 89' lang='lat' dir='ltr'><strong>derivatum</strong></span> <span class='ocrx_word' id='word_1_598' title='bbox 2451 4316 2594 4368; x_wconf 87' lang='lat' dir='ltr'><strong>esse,</strong></span> <span class='ocrx_word' id='word_1_599' title='bbox 2635 4312 2695 4357; x_wconf 92' lang='lat' dir='ltr'><strong>ut</strong></span> <span class='ocrx_word' id='word_1_600' title='bbox 2735 4303 2955 4375; x_wconf 91' lang='lat' dir='ltr'><strong>plurimi</strong></span> <span class='ocrx_word' id='word_1_601' title='bbox 2986 4313 3267 4367; x_wconf 90' lang='lat' dir='ltr'><strong>asserunt,</strong></span> <span class='ocrx_word' id='word_1_602' title='bbox 3296 4303 3392 4358; x_wconf 90' lang='lat' dir='ltr'><strong>sed</strong></span> <span class='ocrx_word' id='word_1_603' title='bbox 3421 4318 3537 4356; x_wconf 79' lang='lat' dir='ltr'><strong>tue-</strong></span> 
     </span>
    </p>
   </div>
   <div class='ocr_carea' id='block_1_88' title="bbox 1950 4395 3537 4467">
    <p class='ocr_par' dir='ltr' id='par_1_88' title="bbox 1950 4395 3537 4467">
     <span class='ocr_line' id='line_1_88' title="bbox 1950 4395 3537 4467; baseline -0.003 -15"><span class='ocrx_word' id='word_1_604' title='bbox 1950 4413 2069 4452; x_wconf 90' lang='lat' dir='ltr'><strong>rum</strong></span> <span class='ocrx_word' id='word_1_605' title='bbox 2103 4412 2408 4467; x_wconf 91' lang='lat' dir='ltr'><strong>cognomen</strong></span> <span class='ocrx_word' id='word_1_606' title='bbox 2435 4410 2559 4451; x_wconf 88' lang='lat' dir='ltr'><strong>esse</strong></span> <span class='ocrx_word' id='word_1_607' title='bbox 2596 4396 2665 4451; x_wconf 90' lang='lat' dir='ltr'><strong>iis</strong></span> <span class='ocrx_word' id='word_1_608' title='bbox 2694 4396 2977 4452; x_wconf 66' lang='lat' dir='ltr'><strong>haereticis</strong></span> <span class='ocrx_word' id='word_1_609' title='bbox 3004 4397 3264 4459; x_wconf 90' lang='lat' dir='ltr'><strong>inditum,</strong></span> <span class='ocrx_word' id='word_1_610' title='bbox 3290 4395 3383 4463; x_wconf 85' lang='lat' dir='ltr'><strong>qui</strong></span> <span class='ocrx_word' id='word_1_611' title='bbox 3417 4410 3537 4448; x_wconf 88' lang='lat' dir='ltr'><strong>me-</strong></span> 
     </span>
    </p>
   </div>
   <div class='ocr_carea' id='block_1_89' title="bbox 1954 4485 3539 4551">
    <p class='ocr_par' dir='ltr' id='par_1_89' title="bbox 1954 4485 3539 4551">
     <span class='ocr_line' id='line_1_89' title="bbox 1954 4485 3539 4551; baseline -0.004 -6"><span class='ocrx_word' id='word_1_612' title='bbox 1954 4507 2069 4545; x_wconf 92' lang='lat' dir='ltr'><strong>rum</strong></span> <span class='ocrx_word' id='word_1_613' title='bbox 2106 4491 2379 4545; x_wconf 92' lang='lat' dir='ltr'><strong>hominem</strong></span> <span class='ocrx_word' id='word_1_614' title='bbox 2428 4504 2552 4544; x_wconf 87' lang='lat' dir='ltr'><strong>esse</strong></span> <span class='ocrx_word' id='word_1_615' title='bbox 2596 4488 2881 4543; x_wconf 88' lang='lat' dir='ltr'><strong>Christum</strong></span> <span class='ocrx_word' id='word_1_616' title='bbox 2924 4488 3202 4551; x_wconf 89' lang='lat' dir='ltr'><strong>arbitrati,</strong></span> <span class='ocrx_word' id='word_1_617' title='bbox 3248 4485 3539 4541; x_wconf 88' lang='lat' dir='ltr'><strong>humiliter</strong></span> 
     </span>
    </p>
   </div>
   <div class='ocr_carea' id='block_1_90' title="bbox 245 4555 3535 4659">
    <p class='ocr_par' dir='ltr' id='par_1_90' title="bbox 245 4555 3535 4659">
     <span class='ocr_line' id='line_1_90' title="bbox 245 4555 3535 4659; baseline -0.001 -24"><span class='ocrx_word' id='word_1_618' title='bbox 245 4555 441 4641; x_wconf 46' lang='lat' dir='ltr'><strong>eniam</strong></span> <span class='ocrx_word' id='word_1_619' title='bbox 471 4555 682 4649; x_wconf 60' lang='lat' dir='ltr'><strong>sedem,</strong></span> <span class='ocrx_word' id='word_1_620' title='bbox 720 4596 1040 4641; x_wconf 72' lang='lat' dir='ltr'><strong>asseverant</strong></span> <span class='ocrx_word' id='word_1_621' title='bbox 1074 4585 1311 4641; x_wconf 67' lang='lat' dir='ltr'><strong>lrenteus</strong></span> <span class='ocrx_word' id='word_1_622' title='bbox 1356 4589 1405 4619; x_wconf 82' lang='lat'>&quot;</span> <span class='ocrx_word' id='word_1_623' title='bbox 1449 4598 1506 4641; x_wconf 92' lang='lat' dir='ltr'><strong>et</strong></span> <span class='ocrx_word' id='word_1_624' title='bbox 1542 4588 1842 4659; x_wconf 87' lang='lat' dir='ltr'><strong>Gregorius</strong></span> <span class='ocrx_word' id='word_1_625' title='bbox 1877 4555 1921 4610; x_wconf 68' lang='grc' dir='ltr'><strong>Ι)</strong></span> <span class='ocrx_word' id='word_1_626' title='bbox 1948 4583 2424 4652; x_wconf 90' lang='lat' dir='ltr'><strong>admodumatque</strong></span> <span class='ocrx_word' id='word_1_627' title='bbox 2457 4581 2669 4658; x_wconf 72' lang='lat' dir='ltr'><strong>abiecte</strong></span> <span class='ocrx_word' id='word_1_628' title='bbox 2703 4584 2770 4637; x_wconf 94' lang='lat' dir='ltr'><strong>de</strong></span> <span class='ocrx_word' id='word_1_629' title='bbox 2795 4596 2861 4637; x_wconf 90' lang='lat' dir='ltr'><strong>eo</strong></span> <span class='ocrx_word' id='word_1_630' title='bbox 2888 4581 3220 4638; x_wconf 83' lang='lat' dir='ltr'><strong>sentiebant,</strong></span> <span class='ocrx_word' id='word_1_631' title='bbox 3252 4575 3426 4648; x_wconf 70' lang='lat' dir='ltr'><strong>Cujus</strong></span> <span class='ocrx_word' id='word_1_632' title='bbox 3456 4582 3535 4633; x_wconf 72' lang='lat' dir='ltr'><strong>rei</strong></span> 
     </span>
    </p>
   </div>
   <div class='ocr_carea' id='block_1_91' title="bbox 250 4678 1835 4749">
    <p class='ocr_par' dir='ltr' id='par_1_91' title="bbox 250 4678 1835 4749">
     <span class='ocr_line' id='line_1_91' title="bbox 250 4678 1835 4749; baseline 0.001 -14"><span class='ocrx_word' id='word_1_633' title='bbox 250 4681 643 4735; x_wconf 73' lang='lat' dir='ltr'><strong>Nazianzenus</strong></span> <span class='ocrx_word' id='word_1_634' title='bbox 672 4678 741 4733; x_wconf 85' lang='lat'><strong>&quot;.</strong></span> <span class='ocrx_word' id='word_1_635' title='bbox 772 4678 856 4731; x_wconf 80' lang='lat' dir='ltr'><strong>Ah</strong></span> <span class='ocrx_word' id='word_1_636' title='bbox 887 4679 981 4733; x_wconf 94' lang='lat' dir='ltr'><strong>illo</strong></span> <span class='ocrx_word' id='word_1_637' title='bbox 1027 4679 1187 4734; x_wconf 84' lang='lat' dir='ltr'><strong>Patre</strong></span> <span class='ocrx_word' id='word_1_638' title='bbox 1216 4678 1597 4749; x_wconf 81' lang='lat' dir='ltr'><strong>Mouogenem,</strong></span> <span class='ocrx_word' id='word_1_639' title='bbox 1631 4682 1699 4735; x_wconf 91' lang='lat' dir='ltr'><strong>ab</strong></span> <span class='ocrx_word' id='word_1_640' title='bbox 1733 4681 1835 4736; x_wconf 90' lang='lat' dir='ltr'><strong>hoc</strong></span> 
     </span>
    </p>
   </div>
   <div class='ocr_carea' id='block_1_92' title="bbox 246 4771 1836 4843">
    <p class='ocr_par' dir='ltr' id='par_1_92' title="bbox 246 4771 1836 4843">
     <span class='ocr_line' id='line_1_92' title="bbox 246 4771 1836 4843; baseline 0.001 -17"><span class='ocrx_word' id='word_1_641' title='bbox 246 4773 432 4843; x_wconf 79' lang='lat' dir='ltr'><strong>Logon</strong></span> <span class='ocrx_word' id='word_1_642' title='bbox 492 4772 818 4826; x_wconf 86' lang='lat' dir='ltr'><strong>derivahat:</strong></span> <span class='ocrx_word' id='word_1_643' title='bbox 849 4772 985 4826; x_wconf 88' lang='lat' dir='ltr'><strong>adeo</strong></span> <span class='ocrx_word' id='word_1_644' title='bbox 1043 4780 1101 4824; x_wconf 91' lang='lat' dir='ltr'><strong>ut</strong></span> <span class='ocrx_word' id='word_1_645' title='bbox 1154 4771 1408 4826; x_wconf 90' lang='lat' dir='ltr'><strong>dubitare</strong></span> <span class='ocrx_word' id='word_1_646' title='bbox 1458 4771 1540 4827; x_wconf 78' lang='lat' dir='ltr'><strong>fas</strong></span> <span class='ocrx_word' id='word_1_647' title='bbox 1582 4788 1690 4826; x_wconf 91' lang='lat' dir='ltr'><strong>non</strong></span> <span class='ocrx_word' id='word_1_648' title='bbox 1743 4773 1836 4839; x_wconf 89' lang='lat' dir='ltr'><strong>sit,</strong></span> 
     </span>
    </p>
   </div>
   <div class='ocr_carea' id='block_1_93' title="bbox 244 4858 1835 4932">
    <p class='ocr_par' dir='ltr' id='par_1_93' title="bbox 244 4858 1835 4932">
     <span class='ocr_line' id='line_1_93' title="bbox 244 4858 1835 4932; baseline 0 -16"><span class='ocrx_word' id='word_1_649' title='bbox 244 4865 375 4931; x_wconf 85' lang='lat' dir='ltr'><strong>quin</strong></span> <span class='ocrx_word' id='word_1_650' title='bbox 405 4863 646 4932; x_wconf 88' lang='lat' dir='ltr'><strong>primam</strong></span> <span class='ocrx_word' id='word_1_651' title='bbox 680 4861 923 4931; x_wconf 86' lang='lat' dir='ltr'><strong>ogdoada</strong></span> <span class='ocrx_word' id='word_1_652' title='bbox 951 4875 1073 4914; x_wconf 91' lang='lat' dir='ltr'><strong>cum</strong></span> <span class='ocrx_word' id='word_1_653' title='bbox 1111 4860 1325 4915; x_wconf 62' lang='lat' dir='ltr'><strong>caeteris</strong></span> <span class='ocrx_word' id='word_1_654' title='bbox 1349 4858 1627 4917; x_wconf 83' lang='lat' dir='ltr'><strong>Cnosticis</strong></span> <span class='ocrx_word' id='word_1_655' title='bbox 1659 4861 1835 4916; x_wconf 81' lang='lat' dir='ltr'><strong>admi-</strong></span> 
     </span>
    </p>
   </div>
   <div class='ocr_carea' id='block_1_94' title="bbox 248 4949 1837 5017">
    <p class='ocr_par' dir='ltr' id='par_1_94' title="bbox 248 4949 1837 5017">
     <span class='ocr_line' id='line_1_94' title="bbox 248 4949 1837 5017; baseline 0.001 -11"><span class='ocrx_word' id='word_1_656' title='bbox 248 4952 381 5007; x_wconf 83' lang='lat' dir='ltr'><strong>serit</strong></span> <span class='ocrx_word' id='word_1_657' title='bbox 405 4952 479 5005; x_wconf 74' lang='grc'><strong>⁷⁸.</strong></span> <span class='ocrx_word' id='word_1_658' title='bbox 517 4952 709 5006; x_wconf 83' lang='lat' dir='ltr'><strong>.lesum</strong></span> <span class='ocrx_word' id='word_1_659' title='bbox 741 4964 871 5004; x_wconf 92' lang='lat' dir='ltr'><strong>vero</strong></span> <span class='ocrx_word' id='word_1_660' title='bbox 898 4949 1083 5002; x_wconf 85' lang='lat' dir='ltr'><strong>mundi</strong></span> <span class='ocrx_word' id='word_1_661' title='bbox 1106 4950 1409 5005; x_wconf 74' lang='lat' dir='ltr'><strong>Conditoris</strong></span> <span class='ocrx_word' id='word_1_662' title='bbox 1438 4952 1661 5017; x_wconf 86' lang='lat' dir='ltr'><strong>Filium,</strong></span> <span class='ocrx_word' id='word_1_663' title='bbox 1686 4968 1837 5008; x_wconf 90' lang='lat' dir='ltr'><strong>eum-</strong></span> 
     </span>
    </p>
   </div>
   <div class='ocr_carea' id='block_1_95' title="bbox 243 5039 1831 5115">
    <p class='ocr_par' dir='ltr' id='par_1_95' title="bbox 243 5039 1831 5115">
     <span class='ocr_line' id='line_1_95' title="bbox 243 5039 1831 5115; baseline 0 -16"><span class='ocrx_word' id='word_1_664' title='bbox 243 5060 350 5115; x_wconf 79' lang='lat' dir='ltr'><strong>que</strong></span> <span class='ocrx_word' id='word_1_665' title='bbox 381 5058 589 5114; x_wconf 89' lang='lat' dir='ltr'><strong>purum</strong></span> <span class='ocrx_word' id='word_1_666' title='bbox 634 5042 939 5104; x_wconf 88' lang='lat' dir='ltr'><strong>hominem,</strong></span> <span class='ocrx_word' id='word_1_667' title='bbox 986 5056 1054 5094; x_wconf 84' lang='lat' dir='ltr'><strong>ex</strong></span> <span class='ocrx_word' id='word_1_668' title='bbox 1103 5039 1325 5111; x_wconf 70' lang='lat' dir='ltr'><strong>Iosephi</strong></span> <span class='ocrx_word' id='word_1_669' title='bbox 1368 5052 1425 5098; x_wconf 90' lang='lat' dir='ltr'><strong>et</strong></span> <span class='ocrx_word' id='word_1_670' title='bbox 1475 5041 1660 5098; x_wconf 67' lang='lat' dir='ltr'><strong>Mariae</strong></span> <span class='ocrx_word' id='word_1_671' title='bbox 1707 5054 1831 5099; x_wconf 93' lang='lat' dir='ltr'><strong>satu</strong></span> 
     </span>
    </p>
   </div>
   <div class='ocr_carea' id='block_1_96' title="bbox 245 5134 1833 5203">
    <p class='ocr_par' dir='ltr' id='par_1_96' title="bbox 245 5134 1833 5203">
     <span class='ocr_line' id='line_1_96' title="bbox 245 5134 1833 5203; baseline 0 -12"><span class='ocrx_word' id='word_1_672' title='bbox 245 5148 459 5202; x_wconf 83' lang='lat' dir='ltr'><strong>natum,</strong></span> <span class='ocrx_word' id='word_1_673' title='bbox 492 5150 651 5190; x_wconf 90' lang='lat' dir='ltr'><strong>more</strong></span> <span class='ocrx_word' id='word_1_674' title='bbox 693 5144 1022 5189; x_wconf 67' lang='lat' dir='ltr'><strong>cancrorum</strong></span> <span class='ocrx_word' id='word_1_675' title='bbox 1068 5134 1377 5203; x_wconf 88' lang='lat' dir='ltr'><strong>hominum,</strong></span> <span class='ocrx_word' id='word_1_676' title='bbox 1414 5136 1669 5201; x_wconf 89' lang='lat' dir='ltr'><strong>dicebat;</strong></span> <span class='ocrx_word' id='word_1_677' title='bbox 1708 5152 1833 5192; x_wconf 88' lang='lat' dir='ltr'><strong>cum</strong></span> 
     </span>
    </p>
   </div>
   <div class='ocr_carea' id='block_1_97' title="bbox 244 5226 1835 5297">
    <p class='ocr_par' dir='ltr' id='par_1_97' title="bbox 244 5226 1835 5297">
     <span class='ocr_line' id='line_1_97' title="bbox 244 5226 1835 5297; baseline 0.003 -16"><span class='ocrx_word' id='word_1_678' title='bbox 244 5231 344 5283; x_wconf 84' lang='lat' dir='ltr'><strong>hoc</strong></span> <span class='ocrx_word' id='word_1_679' title='bbox 391 5237 607 5283; x_wconf 87' lang='lat' dir='ltr'><strong>tantum</strong></span> <span class='ocrx_word' id='word_1_680' title='bbox 646 5226 990 5289; x_wconf 87' lang='lat' dir='ltr'><strong>discrimine,</strong></span> <span class='ocrx_word' id='word_1_681' title='bbox 1015 5228 1161 5297; x_wconf 87' lang='lat' dir='ltr'><strong>quod</strong></span> <span class='ocrx_word' id='word_1_682' title='bbox 1195 5228 1433 5296; x_wconf 87' lang='lat' dir='ltr'><strong>justitia,</strong></span> <span class='ocrx_word' id='word_1_683' title='bbox 1478 5229 1747 5297; x_wconf 86' lang='lat' dir='ltr'><strong>sapientia</strong></span> <span class='ocrx_word' id='word_1_684' title='bbox 1778 5241 1835 5285; x_wconf 91' lang='lat' dir='ltr'><strong>et</strong></span> 
     </span>
    </p>
   </div>
   <div class='ocr_carea' id='block_1_98' title="bbox 245 5318 1834 5389">
    <p class='ocr_par' dir='ltr' id='par_1_98' title="bbox 245 5318 1834 5389">
     <span class='ocr_line' id='line_1_98' title="bbox 245 5318 1834 5389; baseline 0.001 -14"><span class='ocrx_word' id='word_1_685' title='bbox 245 5324 533 5389; x_wconf 86' lang='lat' dir='ltr'><strong>prudentia</strong></span> <span class='ocrx_word' id='word_1_686' title='bbox 581 5320 710 5374; x_wconf 91' lang='lat' dir='ltr'><strong>aliis</strong></span> <span class='ocrx_word' id='word_1_687' title='bbox 764 5318 1082 5376; x_wconf 89' lang='lat' dir='ltr'><strong>hominibus</strong></span> <span class='ocrx_word' id='word_1_688' title='bbox 1136 5319 1517 5388; x_wconf 66' lang='lat' dir='ltr'><strong>prmcelluerit.</strong></span> <span class='ocrx_word' id='word_1_689' title='bbox 1576 5319 1636 5375; x_wconf 90' lang='lat' dir='ltr'><strong>ln</strong></span> <span class='ocrx_word' id='word_1_690' title='bbox 1689 5322 1834 5377; x_wconf 90' lang='lat' dir='ltr'><strong>hunc</strong></span> 
     </span>
    </p>
   </div>
   <div class='ocr_carea' id='block_1_99' title="bbox 247 5412 1834 5484">
    <p class='ocr_par' dir='ltr' id='par_1_99' title="bbox 247 5412 1834 5484">
     <span class='ocr_line' id='line_1_99' title="bbox 247 5412 1834 5484; baseline 0.006 -21"><span class='ocrx_word' id='word_1_691' title='bbox 247 5430 395 5482; x_wconf 65' lang='lat' dir='ltr'><strong>vero,</strong></span> <span class='ocrx_word' id='word_1_692' title='bbox 420 5430 543 5469; x_wconf 90' lang='lat' dir='ltr'><strong>cum</strong></span> <span class='ocrx_word' id='word_1_693' title='bbox 579 5414 921 5481; x_wconf 86' lang='lat' dir='ltr'><strong>baptismum</strong></span> <span class='ocrx_word' id='word_1_694' title='bbox 956 5414 1217 5483; x_wconf 85' lang='lat' dir='ltr'><strong>suscepit,</strong></span> <span class='ocrx_word' id='word_1_695' title='bbox 1251 5412 1532 5484; x_wconf 87' lang='lat' dir='ltr'><strong>delapsum</strong></span> <span class='ocrx_word' id='word_1_696' title='bbox 1561 5430 1593 5468; x_wconf 92' lang='lat' dir='ltr'><strong>a</strong></span> <span class='ocrx_word' id='word_1_697' title='bbox 1622 5430 1834 5472; x_wconf 89' lang='lat' dir='ltr'><strong>summo</strong></span> 
     </span>
    </p>
   </div>
   <div class='ocr_carea' id='block_1_100' title="bbox 247 5504 1835 5577">
    <p class='ocr_par' dir='ltr' id='par_1_100' title="bbox 247 5504 1835 5577">
     <span class='ocr_line' id='line_1_100' title="bbox 247 5504 1835 5577; baseline -0.001 -14"><span class='ocrx_word' id='word_1_698' title='bbox 247 5508 352 5563; x_wconf 83' lang='lat' dir='ltr'><strong>Deo</strong></span> <span class='ocrx_word' id='word_1_699' title='bbox 375 5522 501 5563; x_wconf 82' lang='lat' dir='ltr'><strong>esse</strong></span> <span class='ocrx_word' id='word_1_700' title='bbox 516 5506 827 5570; x_wconf 89' lang='lat' dir='ltr'><strong>Christum,</strong></span> <span class='ocrx_word' id='word_1_701' title='bbox 847 5504 947 5559; x_wconf 83' lang='lat' dir='ltr'><strong>Stlb</strong></span> <span class='ocrx_word' id='word_1_702' title='bbox 968 5505 1233 5560; x_wconf 66' lang='lat' dir='ltr'><strong>columbae</strong></span> <span class='ocrx_word' id='word_1_703' title='bbox 1258 5508 1439 5576; x_wconf 86' lang='lat' dir='ltr'><strong>specie</strong></span> <span class='ocrx_word' id='word_1_704' title='bbox 1460 5523 1474 5573; x_wconf 91' lang='lat'><strong>;</strong></span> <span class='ocrx_word' id='word_1_705' title='bbox 1494 5508 1582 5577; x_wconf 91' lang='lat' dir='ltr'><strong>qui</strong></span> <span class='ocrx_word' id='word_1_706' title='bbox 1605 5508 1653 5562; x_wconf 91' lang='lat' dir='ltr'><strong>ei</strong></span> <span class='ocrx_word' id='word_1_707' title='bbox 1685 5509 1835 5562; x_wconf 78' lang='lat' dir='ltr'><strong>inco-</strong></span> 
     </span>
    </p>
   </div>
   <div class='ocr_carea' id='block_1_101' title="bbox 244 5599 1834 5671">
    <p class='ocr_par' dir='ltr' id='par_1_101' title="bbox 244 5599 1834 5671">
     <span class='ocr_line' id='line_1_101' title="bbox 244 5599 1834 5671; baseline 0.002 -19"><span class='ocrx_word' id='word_1_708' title='bbox 244 5600 449 5670; x_wconf 71' lang='lat' dir='ltr'><strong>gnitum</strong></span> <span class='ocrx_word' id='word_1_709' title='bbox 485 5599 738 5663; x_wconf 81' lang='lat' dir='ltr'><strong>Patrem,</strong></span> <span class='ocrx_word' id='word_1_710' title='bbox 786 5607 841 5652; x_wconf 90' lang='lat' dir='ltr'><strong>et</strong></span> <span class='ocrx_word' id='word_1_711' title='bbox 870 5612 966 5666; x_wconf 90' lang='lat' dir='ltr'><strong>per</strong></span> <span class='ocrx_word' id='word_1_712' title='bbox 993 5614 1113 5653; x_wconf 88' lang='lat' dir='ltr'><strong>cum</strong></span> <span class='ocrx_word' id='word_1_713' title='bbox 1148 5599 1371 5669; x_wconf 88' lang='lat' dir='ltr'><strong>reliquis</strong></span> <span class='ocrx_word' id='word_1_714' title='bbox 1400 5600 1714 5655; x_wconf 91' lang='lat' dir='ltr'><strong>hominibus</strong></span> <span class='ocrx_word' id='word_1_715' title='bbox 1740 5617 1834 5671; x_wconf 82' lang='lat' dir='ltr'><strong>pa-</strong></span> 
     </span>
    </p>
   </div>
   <div class='ocr_carea' id='block_1_102' title="bbox 338 5799 755 5870">
    <p class='ocr_par' dir='ltr' id='par_1_102' title="bbox 338 5799 755 5870">
     <span class='ocr_line' id='line_1_102' title="bbox 338 5799 755 5870; baseline 0.002 -16"><span class='ocrx_word' id='word_1_716' title='bbox 338 5799 376 5829; x_wconf 82' lang='lat'><strong><em>&quot;</em></strong></span> <span class='ocrx_word' id='word_1_717' title='bbox 403 5799 540 5870; x_wconf 85' lang='lat' dir='ltr'><strong>Cap.</strong></span> <span class='ocrx_word' id='word_1_718' title='bbox 574 5818 630 5861; x_wconf 74' lang='grc' dir='ltr'><strong>χ.</strong></span> <span class='ocrx_word' id='word_1_719' title='bbox 661 5801 755 5856; x_wconf 75' lang='lat' dir='ltr'><strong>2L</strong></span> 
     </span>
    </p>
   </div>
   <div class='ocr_carea' id='block_1_103' title="bbox 269 5866 1423 5949">
    <p class='ocr_par' dir='ltr' id='par_1_103' title="bbox 269 5866 1423 5949">
     <span class='ocr_line' id='line_1_103' title="bbox 269 5866 1423 5949; baseline 0.01 -28"><span class='ocrx_word' id='word_1_720' title='bbox 269 5866 357 5923; x_wconf 84' lang='lat' dir='ltr'><strong>lib.</strong></span> <span class='ocrx_word' id='word_1_721' title='bbox 386 5886 445 5935; x_wconf 84' lang='grc' dir='ltr'><strong>ιι,</strong></span> <span class='ocrx_word' id='word_1_722' title='bbox 471 5866 520 5927; x_wconf 73' lang='grc' dir='ltr'><strong>ὁ.</strong></span> <span class='ocrx_word' id='word_1_723' title='bbox 550 5874 609 5939; x_wconf 79' lang='grc'>5,</span> <span class='ocrx_word' id='word_1_724' title='bbox 644 5882 751 5927; x_wconf 86' lang='lat' dir='ltr'><strong>etc.</strong></span> <span class='ocrx_word' id='word_1_725' title='bbox 834 5873 877 5903; x_wconf 87' lang='grc'>⁷⁸</span> <span class='ocrx_word' id='word_1_726' title='bbox 917 5874 1021 5943; x_wconf 76' lang='lat'><strong>§6.</strong></span> <span class='ocrx_word' id='word_1_727' title='bbox 1098 5866 1145 5909; x_wconf 59' lang='grc' dir='ltr'>τά</span> <span class='ocrx_word' id='word_1_728' title='bbox 1174 5876 1274 5942; x_wconf 90' lang='lat' dir='ltr'><strong>ld.,</strong></span> <span class='ocrx_word' id='word_1_729' title='bbox 1312 5879 1341 5949; x_wconf 59' lang='grc' dir='ltr'>ᾗ</span> <span class='ocrx_word' id='word_1_730' title='bbox 1380 5879 1423 5932; x_wconf 91' lang='lat' dir='ltr'><strong>l.</strong></span> 
     </span>
    </p>
   </div>
   <div class='ocr_carea' id='block_1_104' title="bbox 1941 4672 3531 4744">
    <p class='ocr_par' dir='ltr' id='par_1_104' title="bbox 1941 4672 3531 4744">
     <span class='ocr_line' id='line_1_104' title="bbox 1941 4672 3531 4744; baseline -0.004 -14"><span class='ocrx_word' id='word_1_731' title='bbox 1941 4692 2130 4740; x_wconf 84' lang='lat' dir='ltr'><strong>causa,</strong></span> <span class='ocrx_word' id='word_1_732' title='bbox 2168 4674 2346 4744; x_wconf 90' lang='lat' dir='ltr'><strong>inquit</strong></span> <span class='ocrx_word' id='word_1_733' title='bbox 2374 4674 2664 4739; x_wconf 84' lang='lat' dir='ltr'><strong>Eusebius,</strong></span> <span class='ocrx_word' id='word_1_734' title='bbox 2699 4673 3077 4727; x_wconf 76' lang='lat' dir='ltr'><strong>Ebiomeorum</strong></span> <span class='ocrx_word' id='word_1_735' title='bbox 3123 4686 3313 4725; x_wconf 81' lang='lat' dir='ltr'><strong>nomen</strong></span> <span class='ocrx_word' id='word_1_736' title='bbox 3351 4672 3531 4725; x_wconf 87' lang='lat' dir='ltr'><strong>sortiti</strong></span> 
     </span>
    </p>
   </div>
   <div class='ocr_carea' id='block_1_105' title="bbox 1940 4762 3530 4837">
    <p class='ocr_par' dir='ltr' id='par_1_105' title="bbox 1940 4762 3530 4837">
     <span class='ocr_line' id='line_1_105' title="bbox 1940 4762 3530 4837; baseline -0.003 -16"><span class='ocrx_word' id='word_1_737' title='bbox 1940 4778 2084 4831; x_wconf 82' lang='lat' dir='ltr'><strong>sunt,</strong></span> <span class='ocrx_word' id='word_1_738' title='bbox 2116 4784 2219 4837; x_wconf 82' lang='lat' dir='ltr'><strong>quo</strong></span> <span class='ocrx_word' id='word_1_739' title='bbox 2249 4765 2612 4835; x_wconf 72' lang='lat' dir='ltr'><strong>intelligentia:</strong></span> <span class='ocrx_word' id='word_1_740' title='bbox 2633 4764 2851 4818; x_wconf 88' lang='lat' dir='ltr'><strong>illorum</strong></span> <span class='ocrx_word' id='word_1_741' title='bbox 2874 4764 3055 4831; x_wconf 81' lang='lat' dir='ltr'><strong>inapia</strong></span> <span class='ocrx_word' id='word_1_742' title='bbox 3080 4763 3210 4816; x_wconf 87' lang='lat' dir='ltr'><strong>satis</strong></span> <span class='ocrx_word' id='word_1_743' title='bbox 3232 4762 3530 4817; x_wconf 73' lang='lat' dir='ltr'><strong>indicatur.</strong></span> 
     </span>
    </p>
   </div>
   <div class='ocr_carea' id='block_1_106' title="bbox 1943 4854 3529 4927">
    <p class='ocr_par' dir='ltr' id='par_1_106' title="bbox 1943 4854 3529 4927">
     <span class='ocr_line' id='line_1_106' title="bbox 1943 4854 3529 4927; baseline -0.005 -13"><span class='ocrx_word' id='word_1_744' title='bbox 1943 4858 2033 4914; x_wconf 85' lang='lat' dir='ltr'><strong>Sic</strong></span> <span class='ocrx_word' id='word_1_745' title='bbox 2065 4861 2201 4913; x_wconf 83' lang='lat' dir='ltr'><strong>enim</strong></span> <span class='ocrx_word' id='word_1_746' title='bbox 2232 4860 2456 4913; x_wconf 78' lang='lat' dir='ltr'><strong>mendici</strong></span> <span class='ocrx_word' id='word_1_747' title='bbox 2507 4858 2650 4927; x_wconf 77' lang='lat' dir='ltr'><strong>apud</strong></span> <span class='ocrx_word' id='word_1_748' title='bbox 2701 4855 2950 4910; x_wconf 66' lang='lat' dir='ltr'><strong>Hebraea</strong></span> <span class='ocrx_word' id='word_1_749' title='bbox 3000 4867 3277 4909; x_wconf 81' lang='lat' dir='ltr'><strong>vocantur.</strong></span> <span class='ocrx_word' id='word_1_750' title='bbox 3323 4854 3529 4909; x_wconf 80' lang='lat' dir='ltr'><strong>Eadem</strong></span> 
     </span>
    </p>
   </div>
   <div class='ocr_carea' id='block_1_107' title="bbox 1937 4945 3529 5023">
    <p class='ocr_par' dir='ltr' id='par_1_107' title="bbox 1937 4945 3529 5023">
     <span class='ocr_line' id='line_1_107' title="bbox 1937 4945 3529 5023; baseline -0.005 -15"><span class='ocrx_word' id='word_1_751' title='bbox 1937 4954 2054 5008; x_wconf 80' lang='lat' dir='ltr'><strong>fere</strong></span> <span class='ocrx_word' id='word_1_752' title='bbox 2091 4953 2346 5023; x_wconf 83' lang='lat' dir='ltr'><strong>Origenis</strong></span> <span class='ocrx_word' id='word_1_753' title='bbox 2375 4952 2538 5006; x_wconf 90' lang='lat' dir='ltr'><strong>verba</strong></span> <span class='ocrx_word' id='word_1_754' title='bbox 2564 4959 2710 5006; x_wconf 88' lang='lat' dir='ltr'><strong>sunt.</strong></span> <span class='ocrx_word' id='word_1_755' title='bbox 2757 4949 2861 5002; x_wconf 83' lang='lat' dir='ltr'><strong>Alii</strong></span> <span class='ocrx_word' id='word_1_756' title='bbox 2891 4959 3072 5001; x_wconf 88' lang='lat' dir='ltr'><strong>tamen</strong></span> <span class='ocrx_word' id='word_1_757' title='bbox 3098 4945 3308 5019; x_wconf 81' lang='lat' dir='ltr'><strong>[LXVI]</strong></span> <span class='ocrx_word' id='word_1_758' title='bbox 3346 4947 3529 5017; x_wconf 82' lang='lat' dir='ltr'><strong>vulgo,</strong></span> 
     </span>
    </p>
   </div>
   <div class='ocr_carea' id='block_1_108' title="bbox 1945 5042 3531 5113">
    <p class='ocr_par' dir='ltr' id='par_1_108' title="bbox 1945 5042 3531 5113">
     <span class='ocr_line' id='line_1_108' title="bbox 1945 5042 3531 5113; baseline -0.003 -12"><span class='ocrx_word' id='word_1_759' title='bbox 1945 5049 2039 5102; x_wconf 87' lang='lat' dir='ltr'><strong>sed</strong></span> <span class='ocrx_word' id='word_1_760' title='bbox 2085 5048 2172 5101; x_wconf 76' lang='lat' dir='ltr'><strong>his</strong></span> <span class='ocrx_word' id='word_1_761' title='bbox 2220 5047 2578 5110; x_wconf 75' lang='lat' dir='ltr'><strong>recentiores,</strong></span> <span class='ocrx_word' id='word_1_762' title='bbox 2610 5060 2845 5113; x_wconf 86' lang='lat' dir='ltr'><strong>quorum</strong></span> <span class='ocrx_word' id='word_1_763' title='bbox 2892 5044 2999 5097; x_wconf 83' lang='lat' dir='ltr'><strong>dux</strong></span> <span class='ocrx_word' id='word_1_764' title='bbox 3047 5042 3405 5111; x_wconf 85' lang='lat' dir='ltr'><strong>Epiphanius,</strong></span> <span class='ocrx_word' id='word_1_765' title='bbox 3443 5057 3531 5096; x_wconf 78' lang='lat' dir='ltr'><strong>re-</strong></span> 
     </span>
    </p>
   </div>
   <div class='ocr_carea' id='block_1_109' title="bbox 1944 5134 3528 5210">
    <p class='ocr_par' dir='ltr' id='par_1_109' title="bbox 1944 5134 3528 5210">
     <span class='ocr_line' id='line_1_109' title="bbox 1944 5134 3528 5210; baseline -0.004 -16"><span class='ocrx_word' id='word_1_766' title='bbox 1944 5149 2228 5210; x_wconf 88' lang='lat' dir='ltr'><strong>pugnant,</strong></span> <span class='ocrx_word' id='word_1_767' title='bbox 2302 5136 2685 5206; x_wconf 83' lang='lat' dir='ltr'><strong>allirmautque</strong></span> <span class='ocrx_word' id='word_1_768' title='bbox 2759 5138 3170 5191; x_wconf 89' lang='lat' dir='ltr'><strong>tenebricosum</strong></span> <span class='ocrx_word' id='word_1_769' title='bbox 3238 5134 3528 5205; x_wconf 84' lang='lat' dir='ltr'><strong>quemdam</strong></span> 
     </span>
    </p>
   </div>
   <div class='ocr_carea' id='block_1_110' title="bbox 1946 5226 3532 5298">
    <p class='ocr_par' dir='ltr' id='par_1_110' title="bbox 1946 5226 3532 5298">
     <span class='ocr_line' id='line_1_110' title="bbox 1946 5226 3532 5298; baseline -0.006 -10"><span class='ocrx_word' id='word_1_770' title='bbox 1946 5234 2209 5287; x_wconf 85' lang='lat' dir='ltr'><strong>Ebionem</strong></span> <span class='ocrx_word' id='word_1_771' title='bbox 2259 5228 2543 5283; x_wconf 83' lang='lat' dir='ltr'><strong>exstitisse</strong></span> <span class='ocrx_word' id='word_1_772' title='bbox 2587 5228 2681 5298; x_wconf 92' lang='lat' dir='ltr'><strong>qui</strong></span> <span class='ocrx_word' id='word_1_773' title='bbox 2733 5226 3076 5297; x_wconf 81' lang='lat' dir='ltr'><strong>cognominis</strong></span> <span class='ocrx_word' id='word_1_774' title='bbox 3128 5236 3291 5280; x_wconf 63' lang='lat' dir='ltr'><strong>sectae</strong></span> <span class='ocrx_word' id='word_1_775' title='bbox 3337 5234 3532 5278; x_wconf 88' lang='lat' dir='ltr'><strong>auctor</strong></span> 
     </span>
    </p>
   </div>
   <div class='ocr_carea' id='block_1_111' title="bbox 1945 5318 3528 5387">
    <p class='ocr_par' dir='ltr' id='par_1_111' title="bbox 1945 5318 3528 5387">
     <span class='ocr_line' id='line_1_111' title="bbox 1945 5318 3528 5387; baseline -0.005 -10"><span class='ocrx_word' id='word_1_776' title='bbox 1945 5324 2131 5379; x_wconf 81' lang='lat' dir='ltr'><strong>fuerit.</strong></span> <span class='ocrx_word' id='word_1_777' title='bbox 2173 5321 2366 5377; x_wconf 79' lang='lat' dir='ltr'><strong>Mirum</strong></span> <span class='ocrx_word' id='word_1_778' title='bbox 2397 5332 2599 5382; x_wconf 88' lang='lat' dir='ltr'><strong>tamen,</strong></span> <span class='ocrx_word' id='word_1_779' title='bbox 2630 5320 2893 5375; x_wconf 73' lang='lat' dir='ltr'><strong>Irenaeum</strong></span> <span class='ocrx_word' id='word_1_780' title='bbox 2938 5328 3209 5381; x_wconf 89' lang='lat' dir='ltr'><strong>nostrum,</strong></span> <span class='ocrx_word' id='word_1_781' title='bbox 3242 5318 3337 5387; x_wconf 91' lang='lat' dir='ltr'><strong>qui</strong></span> <span class='ocrx_word' id='word_1_782' title='bbox 3375 5328 3528 5370; x_wconf 88' lang='lat' dir='ltr'><strong>vete-</strong></span> 
     </span>
    </p>
   </div>
   <div class='ocr_carea' id='block_1_112' title="bbox 1944 5410 3529 5481">
    <p class='ocr_par' dir='ltr' id='par_1_112' title="bbox 1944 5410 3529 5481">
     <span class='ocr_line' id='line_1_112' title="bbox 1944 5410 3529 5481; baseline -0.006 -9"><span class='ocrx_word' id='word_1_783' title='bbox 1944 5434 2065 5474; x_wconf 87' lang='lat' dir='ltr'><strong>rqu</strong></span> <span class='ocrx_word' id='word_1_784' title='bbox 2102 5418 2344 5470; x_wconf 88' lang='lat' dir='ltr'><strong>omnium</strong></span> <span class='ocrx_word' id='word_1_785' title='bbox 2377 5423 2656 5468; x_wconf 88' lang='lat' dir='ltr'><strong>sectarum</strong></span> <span class='ocrx_word' id='word_1_786' title='bbox 2688 5413 3074 5467; x_wconf 87' lang='lat' dir='ltr'><strong>Cnosticarum</strong></span> <span class='ocrx_word' id='word_1_787' title='bbox 3107 5410 3411 5481; x_wconf 89' lang='lat' dir='ltr'><strong>principes,</strong></span> <span class='ocrx_word' id='word_1_788' title='bbox 3437 5410 3529 5465; x_wconf 89' lang='lat' dir='ltr'><strong>ubi</strong></span> 
     </span>
    </p>
   </div>
   <div class='ocr_carea' id='block_1_113' title="bbox 1942 5506 3597 5581">
    <p class='ocr_par' dir='ltr' id='par_1_113' title="bbox 1942 5506 3597 5581">
     <span class='ocr_line' id='line_1_113' title="bbox 1942 5506 3597 5581; baseline -0.004 -16"><span class='ocrx_word' id='word_1_789' title='bbox 1942 5511 2080 5565; x_wconf 85' lang='lat' dir='ltr'><strong>certi</strong></span> <span class='ocrx_word' id='word_1_790' title='bbox 2113 5508 2335 5563; x_wconf 80' lang='lat' dir='ltr'><strong>fuerunt</strong></span> <span class='ocrx_word' id='word_1_791' title='bbox 2366 5516 2420 5563; x_wconf 88' lang='lat' dir='ltr'><strong>et</strong></span> <span class='ocrx_word' id='word_1_792' title='bbox 2458 5508 2597 5567; x_wconf 92' lang='lat' dir='ltr'><strong>noti,</strong></span> <span class='ocrx_word' id='word_1_793' title='bbox 2629 5507 2915 5561; x_wconf 90' lang='lat' dir='ltr'><strong>nominare</strong></span> <span class='ocrx_word' id='word_1_794' title='bbox 2947 5522 3214 5575; x_wconf 89' lang='lat' dir='ltr'><strong>nusquam</strong></span> <span class='ocrx_word' id='word_1_795' title='bbox 3252 5506 3529 5575; x_wconf 82' lang='lat' dir='ltr'><strong>neglexit;</strong></span> <span class='ocrx_word' id='word_1_796' title='bbox 3592 5576 3597 5581; x_wconf 11' lang='grc' dir='ltr'><em>ἡ</em></span> 
     </span>
    </p>
   </div>
   <div class='ocr_carea' id='block_1_114' title="bbox 1944 5598 3531 5666">
    <p class='ocr_par' dir='ltr' id='par_1_114' title="bbox 1944 5598 3531 5666">
     <span class='ocr_line' id='line_1_114' title="bbox 1944 5598 3531 5666; baseline -0.003 -8"><span class='ocrx_word' id='word_1_797' title='bbox 1944 5601 2170 5658; x_wconf 87' lang='lat' dir='ltr'><strong>Ebionis</strong></span> <span class='ocrx_word' id='word_1_798' title='bbox 2206 5598 2375 5666; x_wconf 88' lang='lat' dir='ltr'><strong>illius,</strong></span> <span class='ocrx_word' id='word_1_799' title='bbox 2409 5598 2496 5655; x_wconf 90' lang='lat' dir='ltr'><strong>ubi</strong></span> <span class='ocrx_word' id='word_1_800' title='bbox 2544 5600 2923 5655; x_wconf 74' lang='lat' dir='ltr'><strong>Ebiouzeorum</strong></span> <span class='ocrx_word' id='word_1_801' title='bbox 2964 5613 3184 5654; x_wconf 84' lang='lat' dir='ltr'><strong>errores</strong></span> <span class='ocrx_word' id='word_1_802' title='bbox 3235 5598 3426 5666; x_wconf 82' lang='lat' dir='ltr'><strong>rel‘ert,</strong></span> <span class='ocrx_word' id='word_1_803' title='bbox 3462 5614 3531 5653; x_wconf 90' lang='lat' dir='ltr'><strong>ne</strong></span> 
     </span>
    </p>
   </div>
   <div class='ocr_carea' id='block_1_115' title="bbox 837 5802 1871 5879">
    <p class='ocr_par' dir='ltr' id='par_1_115' title="bbox 837 5802 1871 5879">
     <span class='ocr_line' id='line_1_115' title="bbox 837 5802 1871 5879; baseline -0.004 -18"><span class='ocrx_word' id='word_1_804' title='bbox 1066 5822 1147 5869; x_wconf 88' lang='grc' dir='ltr'>ιιι,</span> <span class='ocrx_word' id='word_1_805' title='bbox 1174 5825 1220 5879; x_wconf 73' lang='grc' dir='ltr'><strong>ς’.</strong></span> <span class='ocrx_word' id='word_1_806' title='bbox 1264 5808 1342 5860; x_wconf 91' lang='grc' dir='ltr'>ιι.</span> <span class='ocrx_word' id='word_1_807' title='bbox 1375 5826 1425 5862; x_wconf 92' lang='lat' dir='ltr'><strong>n.</strong></span> <span class='ocrx_word' id='word_1_808' title='bbox 1466 5810 1513 5863; x_wconf 83' lang='grc'><strong>1.</strong></span> <span class='ocrx_word' id='word_1_809' title='bbox 1594 5812 1640 5842; x_wconf 87' lang='grc'><strong>⁷³</strong></span> <span class='ocrx_word' id='word_1_810' title='bbox 1662 5809 1815 5865; x_wconf 80' lang='lat' dir='ltr'><strong>Orat.</strong></span> <span class='ocrx_word' id='word_1_811' title='bbox 1850 5812 1871 5863; x_wconf 61' lang='lat' dir='ltr'><strong>ﬁ</strong></span> 
     </span>
    </p>
   </div>
   <div class='ocr_carea' id='block_1_116' title="bbox 1956 5802 3530 5879">
    <p class='ocr_par' dir='ltr' id='par_1_116' title="bbox 2014 5807 3530 5879">
     <span class='ocr_line' id='line_1_116' title="bbox 2014 5807 3530 5879; baseline 0 -17"><span class='ocrx_word' id='word_1_812' title='bbox 2014 5811 2061 5841; x_wconf 75' lang='grc'><strong>⁷⁸</strong></span> <span class='ocrx_word' id='word_1_813' title='bbox 2097 5810 2257 5870; x_wconf 77' lang='lat' dir='ltr'><strong>lren.,</strong></span> <span class='ocrx_word' id='word_1_814' title='bbox 2289 5810 2382 5868; x_wconf 88' lang='lat' dir='ltr'><strong>lib.</strong></span> <span class='ocrx_word' id='word_1_815' title='bbox 2419 5826 2455 5867; x_wconf 88' lang='lat' dir='ltr'><strong>I.</strong></span> <span class='ocrx_word' id='word_1_816' title='bbox 2485 5826 2533 5863; x_wconf 84' lang='lat' dir='ltr'><strong>r.</strong></span> <span class='ocrx_word' id='word_1_817' title='bbox 2564 5808 2655 5871; x_wconf 69' lang='lat'><strong>26,</strong></span> <span class='ocrx_word' id='word_1_818' title='bbox 2689 5810 2850 5879; x_wconf 37' lang='lat' dir='ltr'><strong>uri;</strong></span> <span class='ocrx_word' id='word_1_819' title='bbox 2888 5807 3082 5877; x_wconf 84' lang='lat' dir='ltr'><strong>Epiph.</strong></span> <span class='ocrx_word' id='word_1_820' title='bbox 3118 5808 3145 5879; x_wconf 82' lang='lat'>§</span> <span class='ocrx_word' id='word_1_821' title='bbox 3196 5810 3215 5863; x_wconf 87' lang='lat' dir='ltr'><strong>l</strong></span> <span class='ocrx_word' id='word_1_822' title='bbox 3248 5828 3259 5875; x_wconf 92' lang='lat'><strong>;</strong></span> <span class='ocrx_word' id='word_1_823' title='bbox 3298 5807 3530 5873; x_wconf 84' lang='lat' dir='ltr'><strong>Tlteod.,</strong></span> 
     </span>
    </p>
   </div>
   <div class='ocr_carea' id='block_1_117' title="bbox 1504 5879 3124 5955">
    <p class='ocr_par' dir='ltr' id='par_1_117' title="bbox 1504 5879 3124 5955">
     <span class='ocr_line' id='line_1_117' title="bbox 1504 5879 3124 5955; baseline -0.001 -22"><span class='ocrx_word' id='word_1_824' title='bbox 1504 5881 1544 5912; x_wconf 82' lang='lat'>”</span> <span class='ocrx_word' id='word_1_825' title='bbox 1579 5879 1825 5955; x_wconf 84' lang='lat' dir='ltr'><strong>Origcn.,</strong></span> <span class='ocrx_word' id='word_1_826' title='bbox 1855 5882 1944 5936; x_wconf 88' lang='lat' dir='ltr'><strong>lib.</strong></span> <span class='ocrx_word' id='word_1_827' title='bbox 1987 5896 2035 5934; x_wconf 79' lang='lat' dir='ltr'><strong>tv</strong></span> <span class='ocrx_word' id='word_1_828' title='bbox 2066 5879 2143 5936; x_wconf 86' lang='lat' dir='ltr'><strong>De</strong></span> <span class='ocrx_word' id='word_1_829' title='bbox 2169 5882 2342 5950; x_wconf 84' lang='lat' dir='ltr'><strong>princ.</strong></span> <span class='ocrx_word' id='word_1_830' title='bbox 2424 5882 2463 5913; x_wconf 82' lang='lat'>&quot;</span> <span class='ocrx_word' id='word_1_831' title='bbox 2492 5880 2715 5946; x_wconf 78' lang='lat' dir='ltr'><strong>Euscb.,</strong></span> <span class='ocrx_word' id='word_1_832' title='bbox 2744 5879 2837 5934; x_wconf 90' lang='lat' dir='ltr'><strong>lib.</strong></span> <span class='ocrx_word' id='word_1_833' title='bbox 2874 5896 2953 5946; x_wconf 88' lang='lat' dir='ltr'><strong>In,</strong></span> <span class='ocrx_word' id='word_1_834' title='bbox 2980 5896 3028 5934; x_wconf 89' lang='lat' dir='ltr'><strong>c.</strong></span> <span class='ocrx_word' id='word_1_835' title='bbox 3058 5879 3124 5931; x_wconf 71' lang='grc' dir='ltr'><strong>Ξῖ</strong></span> 
     </span>
    </p>
   </div>
   <div class='ocr_carea' id='block_1_118' title="bbox 2424 5878 3144 5946">
    <p class='ocr_par' dir='ltr' id='par_1_118' title="bbox 2424 5878 3144 5946">
     <span class='ocr_line' id='line_1_118' title="bbox 2424 5878 3144 5946; baseline -0.001 -12"><span class='ocrx_word' id='word_1_836' title='bbox 2424 5882 2463 5913; x_wconf 73' lang='grc'><strong>’³</strong></span> <span class='ocrx_word' id='word_1_837' title='bbox 2492 5880 2715 5946; x_wconf 78' lang='lat' dir='ltr'><strong>Euscb.,</strong></span> <span class='ocrx_word' id='word_1_838' title='bbox 2744 5878 2837 5934; x_wconf 91' lang='lat' dir='ltr'><strong>lib.</strong></span> <span class='ocrx_word' id='word_1_839' title='bbox 2874 5896 2953 5946; x_wconf 90' lang='grc' dir='ltr'>ιιι,</span> <span class='ocrx_word' id='word_1_840' title='bbox 2980 5896 3028 5934; x_wconf 86' lang='lat' dir='ltr'><strong>c.</strong></span> <span class='ocrx_word' id='word_1_841' title='bbox 3058 5879 3144 5933; x_wconf 71' lang='grc' dir='ltr'><strong>Ξῖ.</strong></span> 
     </span>
    </p>
   </div>
  </div>
