3954 6352
462 411 564 465 M7

1317 405 1428 463 Dl'S
1445 399 1926 462 SERTATIONES
1964 395 2266 453 PREVIE
2304 394 2369 449 IN
2412 390 2669 448 ΙΒΕΝᾹΞΙ
2708 388 2976 445 LlBROS.

3622 392 3712 447 “8

462 531 783 588 meminisse
828 532 1076 602 quidem.
1104 530 1379 600 Quidquid
1430 531 1523 596 sit,
1562 528 1729 584 veteri
1782 528 1922 578 fama
1986 521 2050 574 ad
2083 524 2131 582 Α
2161 519 2299 573 locis
2352 518 2737 586 depravatum,
2769 511 3135 580 recipiebant.
3187 506 3395 565 Caetera
3442 508 3710 576 Evangelia

460 641 522 682 se
583 626 858 697 perlatum
900 624 1097 680 scribit
1148 621 1491 693 Epiphanius
1518 623 1588 685 ⁷³,
1623 619 1883 674 Ebionem
1931 624 2052 685 post

463 718 740 773 excidium
787 715 1375 787 Hierosolymitanum,
1411 729 1535 768 cum
1571 711 1869 767 Christiani
1898 720 2051 765 trans

467 812 762 869 Jordanem
809 813 863 868 in
901 813 1092 867 urbem
1149 809 1376 870 Pellam,
1413 808 1749 873 'vicinasque
1802 806 2053 874 regiones

465 922 592 962 sese
634 907 997 977 recepissent,
1050 904 1103 957 in
1152 903 1274 957 vico
1316 900 1532 956 Coeabe
1587 898 1732 953 male
1787 906 2049 965 concepta

462 1001 722 1072 dogmata
770 1012 1075 1069 propagare
1106 994 1375 1063 cepisse;
1409 993 1645 1060 indeque
1685 990 1740 1044 in
1772 989 1924 1053 Asia,
1945 987 2054 1041 Ro-

465 1112 569 1151 mae
596 1096 764 1151 etiam
792 1102 846 1148 et
881 1094 936 1173 in
979 1092 1155 1146 insula
1186 1091 1365 1162 Cypro
1401 1086 1791 1143 disseminasse
1818 1085 1886 1139 3°.
1921 1083 2053 1137 Vul-

462 1201 592 1261 gata
624 1188 764 1259 apud
798 1197 1011 1241 veteres
1042 1184 1315 1240 sententia
1341 1190 1446 1248 est,
1473 1178 1741 1234 Joannem
1766 1179 2053 1246 scripsisse

464 1279 845 1350 Evangelinm,
868 1285 925 1330 ut
942 1275 1170 1346 hydram
1192 1282 1509 1327 nascentem
1538 1269 1837 1325 sutl‘ocaret
1863 1284 1877 1321 :
1907 1268 2051 1337 quod

463 1389 585 1426 cum
632 1384 779 1423 anno
810 1369 1037 1424 circiter
1070 1366 1137 1422 97
1170 1367 1435 1435 scriptum
1481 1362 1668 1427 fuerit,
1706 1374 1929 1415 necesse
1971 1367 2055 1413 est

461 1475 627 1519 antea
674 1464 926 1534 erupisse
955 1475 985 1515 e
1016 1461 1247 1516 latebris
1280 1458 1565 1515 Ebionem.

538 1594 662 1649 150.
691 1595 735 1628 ⁸⁸
763 1593 818 1648 Si
843 1592 1088 1650 Cerinthi
1115 1593 1333 1649 auditor
1367 1592 1551 1658 fuerit,
1588 1609 1619 1648 a
1646 1593 1892 1659 magistri
1933 1607 2057 1647 sen-

466 1687 639 1743 tentia
663 1686 883 1758 longius
928 1687 1202 1743 discessit.
1229 1686 1398 1742 Error
1435 1687 1556 1757 ejus
1588 1687 1894 1757 prmcipuus
1934 1685 2055 1745 fuit.

468 1782 613 1850 quod
651 1782 858 1836 veteris
890 1781 1026 1849 legis
1057 1782 1336 1836 studiosus
1369 1779 1717 1843 observator,
1763 1779 1926 1842 hanc,
1959 1784 2054 1831 sed

2162 625 2271 663 non
2308 608 2489 677 magni
2522 605 2816 664 faciebant.
2838 602 2947 657 τῶν
2966 601 3169 655 λοιπῶν
3197 599 3427 672 σμικρὸν
3457 600 3714 657 ἐποιοῦντο

2156 701 2336 770 λόγον,
2373 699 2451 753 ait
2478 698 2744 754 Eusebius
2779 697 2846 750 ⁸⁷.
2878 696 2935 751 Si
2968 695 3015 727 ⁸⁸
3047 704 3226 748 tamen
3250 693 3420 747 Mario
3449 692 3711 751 Mercatori

2155 795 2315 858 fides,
2348 792 2519 846 Marci
2544 800 2599 845 et
2627 791 2790 845 Luca:
2818 789 3147 843 auctoritate
3178 787 3447 841 interdum
3473 788 3547 841 usi
3571 798 3713 850 sunt;

2154 903 2279 943 cum
2333 884 2591 940 videlicet
2642 885 2694 939 id
2742 899 2773 938 e
2822 898 2881 937 rc
2928 897 3024 937 sua
3056 895 3180 935 esse
3229 879 3627 941 existimabant,
3663 888 3715 933 ut

2143 977 2488 1041 Catholicos,
2538 976 2583 1030 si
2618 985 2864 1045 possent,
2894 973 3136 1043 propriis
3166 972 3335 1027 armis
3380 970 3715 1026 debellarent.

2155 1069 2275 1124 Non
2310 1078 2522 1123 tantum
2565 1065 2717 1120 Pauli
2757 1064 3031 1134 Epistolas
3065 1061 3412 1131 respuebant,
3445 1060 3537 1114 sed
3580 1061 3714 1113 varia

2156 1163 2212 1217 in
2244 1162 2421 1230 ipsum
2454 1158 2703 1215 convicia
2748 1157 3052 1226 jaciebant.
3104 1155 3146 1208 E
3178 1153 3359 1208 Veteri
3389 1152 3715 1208 Testamento
3747 1137 3753 1143 ’

2161 1268 2486 1323 quacunque
2517 1250 2821 1319 prophetica
2849 1247 3263 1319 erant,|ca2leris
3292 1245 3546 1299 curiosius
3569 1261 3715 1310 expo-

2155 1360 2277 1398 nere
2308 1343 2632 1403 nitebantur,
2653 1341 2830 1410 inquit
2850 1340 3082 1395 Irenteus
3102 1355 3117 1403 ;
3140 1340 3191 1393 id
3214 1347 3320 1405 est,
3345 1338 3391 1391 si
3414 1338 3547 1392 bene
3566 1335 3720 1403 conji-

2156 1438 2318 1501 ciam,
2354 1437 2409 1491 in
2437 1435 2624 1490 varias
2642 1447 2923 1502 vanasque
2952 1431 3265 1501 allegorias,
3310 1444 3409 1499 pro
3452 1429 3718 1483 haeretico-

2157 1545 2276 1583 rum
2334 1543 2508 1593 more,
2560 1526 2877 1583 trahebant.
2928 1524 3092 1578 Plura
3139 1522 3402 1591 apostolis
3434 1533 3718 1589 supponere

2156 1619 2315 1674 veriti
2347 1634 2456 1673 non
2502 1617 2720 1673 fuerant
2763 1616 3069 1670 adulterina
3101 1616 3329 1683 scripta.
3363 1613 3478 1666 Alia
3520 1620 3718 1680 apostoo

2156 1712 2336 1767 lorum
2369 1711 2505 1765 Acta
2536 1708 3026 1771 circumferebant,
3060 1718 3115 1761 et
3154 1703 3303 1759 Petri
3324 1703 3603 1767 Circuitus,
3633 1717 3718 1756 seu

2158 1804 2332 1858 libros
2367 1800 2833 1871 Recognitionum,
2864 1798 3063 1867 quibus
3093 1796 3233 1850 falso
3263 1794 3580 1863 inscriptum
3607 1791 3718 1846 Cle-

464 1873 717 1942 pluribus
748 1872 1256 1951 superstitionibus,
1308 1871 1897 1938 Samaritanornmque
1934 1869 2053 1923 riti-

2162 1895 2363 1949 mentis
2392 1892 2627 1947 Romani
2662 1906 2882 1955 nomen,
2916 1888 3056 1944 fcede
3084 1895 3464 1957 corruperant.
3494 1884 3721 1939 Circum-

465 1967 569 2020 bus
597 1965 990 2029 intermistam,
1016 1980 1139 2020 cum
1162 1964 1475 2020 Christiana
1506 1962 1610 2017 fide
1633 1961 2050 2016 consociandam

464 2075 587 2116 esse
606 2058 964 2129 pertinaciter
982 2067 1274 2113 assereret.
1301 2055 1559 2109 Mundum
1584 2070 1613 2107 a
1634 2054 1746 2107 Deo
1769 2053 2049 2108 conditum

463 2166 571 2205 non
608 2151 861 2219 negabat.
899 2150 974 2204 De
1001 2146 1131 2203 Jesu
1163 2147 1386 2201 Christo
1427 2154 1606 2198 autem
1638 2159 1746 2198 non
1779 2156 1884 2195 una
1935 2150 2053 2194 erat

461 2240 841 2303 Ebionjtarum
887 2240 1095 2310 Opinio.
1140 2237 1343 2291 Purum
1392 2234 1669 2288 hominem
1721 2233 1912 2294 fuisse,
1948 2248 2051 2285 non

463 2335 657 2396 Deum,
681 2332 1104 2388 consentiebant
1133 2341 1347 2381 omnes.
1380 2326 1488 2379 Alii
1511 2325 1709 2394 quippe
1738 2324 2054 2378 fatebantur

461 2442 588 2481 eum
618 2442 649 2482 e
674 2424 902 2495 Virgine
926 2431 1117 2476 natum
1146 2434 1305 2483 esse;
1334 2419 1427 2473 sed
1454 2418 1724 2487 negabant
1754 2427 1883 2470 ante
1909 2416 2053 2470 hanc

463 2520 808 2575 nativitatem
838 2516 1122 2571 exstitisse
1146 2515 1342 2577 Deum,
1376 2528 1440 2567 ac
1478 2512 1576 2566 Dei
1602 2510 1839 2564 Verbum
1869 2518 1924 2564 et
1954 2511 2056 2564 Sa-

462 2614 753 2684 pientiam.
785 2609 891 2663 Alii
941 2622 1065 2663 cum
1116 2605 1326 2661 Ebione
1371 2606 1648 2668 dicebant,
1682 2618 1807 2658 eum
1851 2618 1919 2657 ex
1963 2603 2052 2658 lo-

462 2704 619 2775 sephi
651 2711 709 2757 et
739 2701 925 2756 Maria:
959 2699 1267 2764 consortio,
1314 2712 1467 2751 more
1507 2707 1830 2751 czeterorum
1875 2697 2053 2751 homi-

463 2814 620 2862 num,
656 2810 778 2853 esse
812 2794 1081 2865 genitum,
1113 2792 1579 2859 sanctitatemque
1609 2790 1771 2844 bonis
1795 2789 2054 2857 operibus

463 2888 831 2959 acquisivisse
878 2884 1007 2944 sibi.
1064 2885 1133 2939 Et
1190 2884 1307 2939 haec
1337 2882 1689 2937 communior
1722 2891 1841 2935 erat
1888 2880 2054 2934 Ebio-

464 2994 707 3037 meorum
746 2977 1042 3041 sententia,
1069 2990 1231 3043 quam
1266 2974 1400 3044 ipsis
1447 2973 1697 3027 tribuunt
1736 2971 1975 3025 lrenzens
2003 2971 2049 3001 ⁸¹

463 3085 519 3128 et
552 3070 930 3127 Tertullianus
960 3067 1032 3133 ⁸³,
1068 3066 1339 3122 Eusebius
1376 3063 1424 3095 “
1473 3073 1528 3119 et
1572 3063 1953 3118 Theodoretus
1982 3061 2049 3116 ⁸⁸.

463 3164 706 3232 indeque
731 3160 1029 3216 eruendam
1067 3173 1189 3211 esse
1211 3169 1345 3226 puto
1376 3156 1798 3225 explicationem
1825 3155 2052 3208 istorum

464 3255 659 3310 irenazi
690 3255 987 3309 verborum
1020 3268 1035 3307 :
1069 3250 1157 3304 Ea
1189 3261 1365 3304 autem
1398 3265 1518 3320 qua:
1564 3259 1689 3303 sunt
1714 3265 1837 3318 erga
1873 3248 2055 3302 Domi-

465 3360 619 3411 num,
650 3359 759 3397 non
788 3341 1044 3395 similiter
1078 3350 1134 3394 ut
1166 3339 1452 3394 Ceriutltus
1480 3350 1528 3392 et
1554 3337 1903 3407 Carpocrates
1944 3341 2056 3408 opi-

468 3445 702 3500 nantur;
752 3434 799 3489 si
835 3440 1014 3487 tamen
1055 3431 1291 3502 genuina
1336 3431 1408 3485 sit
1455 3430 1643 3495 lectio,
1686 3444 1787 3484 nec
1837 3446 2054 3501 expun-

466 3528 643 3597 genda
684 3527 758 3582 sit
787 3525 1058 3598 particula
1098 3524 1376 3595 negativa.
1409 3522 1479 3579 Ut
1505 3523 1650 3577 enim
1676 3523 1765 3577 hic
1804 3524 2052 3577 omittam

466 3620 611 3686 quod
664 3618 716 3671 in
756 3616 901 3673 notis
934 3616 1001 3671 ad
1034 3616 1178 3670 hunc
1210 3615 1389 3669 locum
1422 3613 1749 3679 observavi;
1804 3614 2056 3683 quamvis

464 3713 768 3769 Cerinthus
799 3722 857 3768 et
890 3712 1257 3781 Carpocrates
1286 3707 1472 3765 .lesum
1497 3724 1561 3764 ex
1592 3707 1830 3777 losepbo
1858 3716 1915 3761 et
1947 3707 2057 3760 Ma-

467 3809 549 3860 ria
602 3820 755 3861 more
803 3807 1037 3861 aliorum
1070 3805 1357 3861 hominum
1396 3805 1637 3874 genitum
1669 3815 1790 3857 esse
1828 3801 2054 3865 vellent,

468 3914 576 3951 non
598 3906 779 3953 tamen
803 3898 1170 3966 opinabantur
1187 3911 1309 3949 eum
1337 3894 1499 3949 bonis
1521 3894 1780 3964 operibus
1801 3894 2057 3949 sanctita-

471 4002 607 4055 tem,
643 3990 1143 4059 sanctitudinisque
1185 3987 1532 4045 conferendae
1556 3988 1664 4041 vim
1698 3986 2057 4057 acquisivisse

468 4081 616 4148 sibi;
668 4082 763 4136 sed
812 4080 1088 4152 delapsam
1123 4081 1176 4135 in
1224 4095 1349 4135 eum
1397 4095 1694 4150 supernam
1722 4079 1991 4134 Virtutem
2026 4095 2055 4129 a

468 4174 607 4239 Deo,
658 4175 1008 4229 sanctitatem
1060 4174 1160 4243 ipsi
1213 4188 1278 4228 ac
1329 4188 1427 4243 per
1474 4172 1651 4241 ipsum
1696 4172 1818 4227 aliis
1852 4172 2056 4240 imper-

472 4268 649 4332 tiisse,
701 4267 925 4336 vimque
974 4266 1228 4337 patrandi
1274 4264 1567 4321 miracula.
1628 4264 1871 4320 Ebionmi
1927 4280 2058 4319 vero

468 4360 611 4416 nihil
640 4359 819 4416 simile
847 4358 1167 4423 commenti,
1196 4372 1297 4413 nec
1320 4358 1570 4413 ﬁctitium
1597 4357 1747 4411 illum
1778 4358 2057 4413 Christum

468 4454 709 4523 desuper
751 4460 1125 4516 accersentes,
1165 4449 1473 4520 simplicius
1514 4458 1825 4504 statuerunt
1869 4449 2056 4506 Jesnni

467 4561 685 4601 merum
718 4545 1001 4602 hominem
1035 4542 1226 4605 fuisse,
1263 4539 1421 4607 cuius
1456 4556 1567 4595 una
1602 4540 1769 4597 fuerit
1806 4558 1918 4613 pra:
1955 4560 2061 4597 ρει·-

470 4641 607 4696 teris
638 4641 755 4695 haec
780 4636 1168 4708 praerogativa,
1202 4635 1347 4703 quod
1371 4632 1533 4689 bonis
1568 4635 1821 4702 operibus
1845 4638 2057 4691 studio-

469 4735 591 4787 sius
624 4734 966 4795 incumbens,
1019 4730 1280 4799 majorem
1314 4725 1419 4783 sibi
1451 4728 1802 4782 sanctitatem
1834 4743 2058 4799 compa-

471 4825 702 4879 raverit.
730 4825 823 4880 Sic
857 4825 999 4879 inter
1024 4833 1287 4891 utrosque
1321 4837 1430 4878 non
1462 4822 1579 4876 leve
1604 4828 1714 4876 stat
1738 4820 2058 4885 discrimen,

471 4926 531 4970 nt
566 4916 762 4972 merito
812 4917 1054 4973 scribere
1098 4919 1342 4988 potuerit
1378 4918 1637 4983 Irenaens,
1670 4936 1773 4972 non
1819 4919 2061 4973 similiter

469 5026 630 5078 opma
639 5024 703 5062 rt.

545 5148 670 5201 151.
703 5147 751 5179 ⁸⁸
783 5148 863 5201 Ex
908 5146 1047 5201 Novi
1079 5147 1329 5204 Fmderis
1380 5150 1536 5203 libris
1586 5147 1817 5211 nullum,
1866 5159 2064 5215 praeter

476 5236 834 5305 Evangelium
864 5236 1127 5299 Matthz‘ci,
1168 5240 1298 5292 illud
1332 5239 1589 5295 videlicet
1618 5240 1762 5307 quod
1798 5237 2064 5293 Hebraice

2158 1986 2410 2051 cisionis,
2442 1984 2812 2055 legaliumque
2846 1983 3231 2038 necessitatem
3263 1982 3341 2036 sic
3370 1979 3649 2050 urgebant,
3669 1987 3720 2029 ut

2158 2081 2279 2136 sine
2310 2080 2420 2136 illis
2446 2096 2572 2135 eum
2601 2080 2713 2134 sola
2760 2080 2867 2135 ﬁde
2895 2079 3207 2134 Christiana
3238 2077 3470 2131 salutem
3502 2071 3720 2127 obtineri

2159 2194 2268 2234 non
2299 2193 2461 2250 posse
2508 2177 2934 2240 contenderent;
2969 2174 3063 2229 sed
3113 2172 3331 2242 legalia,
3380 2178 3438 2223 ut
3480 2168 3609 2232 dixi,
3639 2181 3721 2219 va-

2161 2272 2283 2336 riis,
2320 2270 2496 2338 iisque
2524 2267 2772 2322 ridiculis
2803 2264 3290 2335 superstitionibus
3334 2258 3648 2315 miscebant.
3687 2255 3721 2309 li

2160 2370 2289 2415 sunt
2338 2360 2689 2429 potissimum
2740 2372 2972 2427 quorum
3018 2355 3306 2417 fervidius,
3359 2354 3470 2407 imo
3507 2364 3642 2419 sepe
3674 2356 3724 2402 et

2159 2451 2348 2506 furens
2397 2452 2661 2516 studium,
2695 2450 2897 2519 passim
2942 2448 3324 2519 perstringunt
3373 2461 3438 2499 ac
3485 2450 3723 2498 coercent

2161 2545 2415 2615 apostoli,
2450 2544 2655 2599 Paulus
2689 2544 2994 2613 praesertim
3039 2542 3092 2595 in
3126 2539 3409 2607 Epistolis.
3464 2536 3724 2607 Baptismo

2162 2654 2293 2692 suos
2338 2637 2652 2701 initiabant,
2703 2649 2890 2703 quem,
2934 2632 3247 2703 Hieronymi
3297 2632 3343 2663 ⁸⁸
3376 2630 3565 2684 saltem
3599 2642 3722 2688 avo,

2159 2730 2429 2786 catholica
2487 2743 2593 2782 non
2648 2728 2925 2796 improbat
2975 2724 3241 2779 Ecclesia.
3304 2721 3557 2795 Mysteria
3608 2735 3726 2775 vero

2159 2823 2456 2893 quotannis
2482 2820 2859 2881 celebrabant,
2896 2819 2949 2872 in
2997 2820 3197 2889 quibus
3225 2831 3398 2885 panes
3422 2827 3654 2884 azymos,
3678 2821 3726 2865 et

2161 2920 2230 2971 ad
2282 2916 2509 2971 alteram
2568 2913 2815 2984 mysterii
2867 2920 3076 2980 partem
3127 2923 3324 2979 aquam
3384 2905 3722 2960 adhibebant.

2163 3009 2486 3080 Significare
2517 3016 2696 3062 tamen
2722 3006 2935 3059 videtur
2972 3003 3238 3057 Eusebius
3268 3002 3341 3066 9°,
3365 3017 3429 3055 ea
3459 2998 3723 3068 mysteria,

2160 3118 2269 3159 non
2318 3100 2638 3171 quotannis,
2682 3098 2775 3153 sed
2822 3095 3051 3165 singulis
3104 3092 3405 3148 Dominicis
3446 3092 3631 3147 diebus
3666 3086 3728 3140 ab

2084 3228 2125 3281 ε
2163 3195 2233 3249 iis
2264 3193 2435 3247 fuisse
2463 3190 2760 3245 celebrata.
2792 3185 2951 3250 Nam,
2984 3184 3183 3254 inquit,
3223 3183 3525 3236 Sabbatum
3556 3190 3607 3235 et
3646 3191 3727 3230 re-

2161 3286 2366 3356 liquam
2406 3281 2689 3337 Judaicam
2722 3278 3126 3332 institutionem
3185 3274 3442 3330 similiter
3482 3285 3601 3327 cum
3640 3265 3726 3322 lu-

2158 3379 2291 3434 dazis
2315 3380 2647 3440 observant;
2672 3374 2795 3429 dies
2820 3386 2950 3425 vero
2978 3369 3292 3424 Dominieos
3310 3368 3431 3438 pari
3459 3364 3725 3420 nobiscum

2160 3472 2380 3527 ratione
2427 3469 2480 3523 in
2517 3466 2940 3523 resurrectionis
2986 3461 3297 3517 Salvatoris
3332 3461 3505 3517 nostri
3536 3471 3726 3512 memo-

2159 3566 2302 3620 riam
2337 3561 2608 3617 recolunt.
2644 3558 2806 3613 Plura
2840 3557 2944 3609 alia
2994 3556 3067 3610 de
3113 3553 3489 3610 Ebionitarum
3536 3548 3729 3605 errori-

2160 3661 2284 3722 bus,
2317 3656 2613 3725 pravisque
2659 3646 3148 3707 consuetudinibus
3175 3661 3239 3700 ac
3278 3646 3529 3699 moribus
3557 3639 3730 3695 videre

2158 3758 2244 3806 est
2289 3748 2433 3818 apud
2464 3745 2852 3817 Epiphanium,
2901 3756 3023 3810 qua:
3059 3754 3181 3795 eum
3234 3736 3372 3792 nihil
3419 3745 3514 3790 aut
3554 3747 3729 3803 parum

2159 3844 2228 3899 ad
2256 3856 2479 3910 scopum
2508 3848 2758 3895 nostrum
2787 3834 3094 3895 conferant,
3119 3832 3379 3900 nullaque
3404 3829 3731 3898 expositione

2161 3936 2463 4003 indigeant,
2510 3930 2763 3986 consulto
2794 3926 3179 3997 praetermitto.
3235 3923 3508 3980 Observet
3534 3929 3730 3974 tantum

2159 4007 2439 4082 studiosus
2487 4023 2679 4085 lector,
2726 4017 3087 4089 Epiphanium
3149 4027 3257 4068 non
3312 4013 3449 4068 satis
3493 4016 3733 4064 accurate

2160 4114 2482 4171 distinxisse
2512 4114 2657 4166 inter
2686 4110 2931 4181 priorum
2977 4116 3032 4161 et
3062 4105 3435 4174 posteriorum
3464 4100 3731 4157 Ebionita-

2164 4226 2285 4265 rum
2320 4221 2563 4269 errores,
2594 4217 2799 4271 eosque
2827 4199 3132 4272 permistim
3163 4198 3423 4289 clunibus
3464 4191 3731 4250 tribuisse,

2160 4302 2251 4373 qui
2278 4310 2459 4356 tamen
2496 4297 2551 4351 in
2582 4294 2797 4363 priores
2825 4308 2933 4346 non
2959 4284 3309 4351 conveniant,
3346 4287 3445 4342 sed
3485 4284 3537 4338 in
3568 4288 3735 4351 poste-

2167 4399 2343 4451 riores
2373 4394 2682 4447 duntaxat:
2715 4388 2783 4442 ab
2826 4386 2916 4440 his
2939 4383 3208 4452 siquidem
3241 4381 3456 4435 illorum
3488 4374 3734 4447 hypothe-

2163 4490 2265 4544 sim
2310 4501 2577 4547 novorum
2619 4483 2936 4553 dogmatum
2981 4488 3038 4533 et
3081 4474 3534 4544 superstitionum
3565 4480 3734 4522 acces-

2092 4568 2135 4622 Ῑ)
2169 4581 2328 4635 sione
2354 4577 2739 4647 interpolatum
2789 4574 2960 4628 fuisse
2989 4579 3120 4641 puto
3154 4586 3168 4622 :
3201 4577 3256 4622 et
3290 4568 3343 4621 in
3381 4580 3447 4621 eo
3480 4564 3591 4617 fere
3630 4556 3736 4613 solo

2166 4672 2380 4743 priores
2404 4683 2683 4740 peccasse,
2714 4667 2858 4736 quod
2888 4663 3133 4719 Judaicis
3160 4659 3527 4720 caeremoniis,
3556 4653 3735 4708 ritibus

2166 4781 2233 4820 ac
2269 4763 2755 4836 superstitionibus
2782 4759 2924 4813 ultra
2959 4758 3178 4811 modum
3212 4752 3415 4807 addicti
3448 4755 3648 4808 essent,
3686 4754 3735 4795 et

2166 4860 2235 4916 de
2267 4860 2467 4915 Christi
2513 4869 2747 4926 persona
2784 4850 3050 4907 humilius
3095 4849 3391 4904 sentirent.
3438 4842 3507 4897 Et
3550 4855 3613 4895 ea
3654 4852 3735 4889 ra—

2166 4959 2317 5009 tione
2368 4967 2465 5006 eos
2514 4950 2899 5005 Gnostieorum
2950 4941 3201 5011 catalogo
3249 4936 3447 4992 inserit
3477 4933 3732 4991 Irenzeus;

2167 5060 2275 5098 non
2306 5042 2453 5112 quod
2482 5039 2721 5094 Ᾰὲοιιιιιιι
2761 5034 3037 5091 ρΙιίιιιωιίε
3069 5041 3308 5087 mentem
3335 5027 3476 5099 pasti
3512 5022 3734 5082 fuerint;

2167 5138 2259 5191 sed
2287 5139 2433 5206 quod
2464 5136 2518 5188 in
2548 5133 2769 5188 Christo
2800 5130 2927 5185 Jesu
2959 5129 3091 5183 nihil
3125 5128 3227 5181 nisi
3267 5127 3586 5186 humanum,
3610 5112 3737 5173 nihil

2163 5223 2476 5281 substantia
2521 5222 2764 5275 divinum
2794 5228 3176 5289 agnoscentes,
3211 5217 3376 5274 Verbi
3412 5209 3733 5269 lncarnatio—

470 5326 769 5395 scriptum,
803 5331 1102 5382 secundum
1138 5328 1399 5383 Hebraeos
1426 5300 1735 5390 dicebat-ur,
1768 5331 1931 5398 idque
1958 5330 2067 5397 pri-
2162 5333 2287 5373 nem
2325 5332 2357 5371 e
2393 5315 2574 5369 medio
2611 5314 2890 5380 tollerent,
2932 5312 3253 5382 Christique
3294 5306 3567 5382 passionis
3590 5300 3739 5360 meri-

471 5418 580 5475 mis
627 5420 843 5476 duobus
891 5421 1167 5490 capitibus
1218 5420 1551 5488 mutilatum,
1592 5435 1657 5474 ac
1707 5421 1956 5489 pluribus
2008 5423 2059 5476 in

557 5670 602 5699 7’
637 5667 775 5721 Ilmr.
806 5682 937 5727 xxx,
964 5664 991 5733 ᾗ
1015 5664 1068 5717 2.

485 5755 532 5793 ο,
573 5740 638 5792 27
663 5757 677 5800 ;
705 5736 946 5805 Origen..
968 5730 1032 5788 "in
1063 5733 1239 5805 C915.
1262 5733 1296 5785 I.
1333 5730 1395 5795 v;
1434 5731 1653 5805 Euseb,
1701 5732 1815 5805 loc.._
1841 5730 1938 5805 ‘cit.

481 5827 593 5863 car.
628 5811 780 5870 Cbr.,
808 5802 862 5859 ’ἐκ
903 5805 982 5859 14.
1087 5804 1133 5835 ⁸⁵
1166 5802 1281 5856 Lib.
1323 5819 1396 5860 vt.
1436 5820 1484 5854 (τ.
1536 5802 1617 5854 l7.

484 5881 530 5911 "
558 5880 785 5940 Tltcotl.,
818 5878 918 5931 loc.
947 5876 1062 5942 cit.;
1097 5873 1287 5944 Epipb.
1322 5873 1346 5943 ἓ
1380 5874 1431 5939 5,
1471 5872 1553 5937 15,
1589 5872 1669 5925 16.

1149 5663 1194 5694 ⁸ο
1222 5660 1324 5723 Ιιι..
1359 5662 1386 5733 §
1416 5662 1514 5723 18;
1543 5659 1786 5722 Hicron.,
1824 5661 1889 5713 de
1917 5658 2027 5712 Vir.
2062 5659 2137 5710 ill.
2216 5659 2256 5689 ⁸¹
2288 5658 2381 5710 Phi

1149 5736 1230 5813 ls._.
1262 5733 1296 5785 I.
1333 5750 1395 5795 v;
1434 5731 1653 5791 EUSt‘it.,
1701 5732 1802 5784 loc.
1841 5730 1938 5812 cit.
2035 5730 2079 5759 “
2113 5728 2325 5796 Epiph..
2360 5727 2387 5849 ξ

1166 5802 1281 5849 Lth-
1323 5819 1395 5849 vr-
1436 5820 1484 5849 tt.
1536 5802 1617 5849 i7.
1718 5803 1761 5833 3"
1798 5800 1914 5849 LII).
1958 5816 2030 5849 tt.
2065 5815 2112 5849 c.
2146 5800 2194 5849 1.
2292 5798 2335 5829 ⁸⁸

1718 5803 1761 5833 BN
1798 5800 1815 5833 Ι
1841 5800 1894 5833 Ηι
1958 5816 1994 5833 η
2066 5815 2094 5833 n
2146 5800 2164 5833 νΙ
2292 5798 2335 5829 ⁸⁸
2366 5798 2481 5833 lrnn
2560 5798 2592 5833 Ιῖ

1754 5803 1761 5826 ¹
1797 5800 1914 5853 Lib.
1958 5816 2030 5861 ιι,
2065 5815 2112 5853 c.
2146 5794 2221 5851 lﬁ
2292 5798 2335 5829 ⁸⁸
2366 5794 2528 5860 lrcn.,
2560 5798 2653 5850 lib.
2697 5812 2734 5851 ι.
2767 5811 2814 5846 c.
2844 5795 2933 5849 9.6.
2974 5812 3029 5850 ιι.
3063 5794 3116 5847 2.

1754 5872 1799 5903 5"
1822 5870 1875 5923 ln
1907 5869 2101 5936 ἰ.ιιι”ι1”.⁷
2129 5885 2176 5923 c.
2209 5868 2261 5921 9.
2335 5866 2380 5899 ’θ
2404 5866 2519 5920 Lib.
2554 5883 2633 5932 ιιι,
2668 5882 2716 5921 c.
2747 5866 2834 5918 27.

2162 5426 2276 5470 tum
2310 5426 2473 5469 omne
2508 5409 2753 5464 funditus
2776 5414 3115 5464 everterent.

2216 5659 2256 5689 ⁸¹
2288 5657 2544 5713 Philastr.
2576 5655 2743 5710 lren..
2783 5655 2817 5710 l.
2863 5671 2904 5715 ι,
2936 5669 2983 5708 e.
3016 5652 3104 5711 26.
3143 5669 3197 5707 ιι.
3226 5652 3293 5715 2;
3323 5650 3539 5705 Euscb..
3575 5648 3610 5700 l.
3640 5660 3716 5701 ιιι.

2419 5729 2480 5791 ’5;
2515 5726 2677 5787 lren.,
2716 5727 2751 5778 1.
2808 5741 2887 5779 ιιι.
2920 5740 3039 5793 cap.
3071 5724 3163 5787 2i,
3209 5739 3260 5775 n.
3300 5722 3352 5775 1.
3441 5720 3484 5749 ⁸³
3511 5717 3623 5770 Lib.
3661 5715 3720 5761 de

2419 5813 2528 5851 rn..
2560 5798 2653 5850 lib.
2697 5812 2734 5851 ι.
2767 5811 2814 5846 c.
2844 5795 2933 5849 9.6.
2974 5812 3029 5850 ιι.
3063 5794 3116 5847 2.
3215 5795 3258 5825 ⁸⁷
3290 5791 3402 5845 Lib.
3441 5806 3522 5851 Ill,
3553 5802 3601 5841 ε.
3635 5783 3714 5836 27-
