3954 6352
312 289 420 344 149

811 409 946 465 VIII.
980 411 1054 465 De
1085 410 1137 465 Ν
1142 412 1394 466 ἱεοῑαὶιὸε.

387 500 503 556 £32.
539 500 853 559 Nicolaitas
889 520 918 558 a
950 504 1193 568 Nicolao,
1239 521 1347 560 uno
1377 520 1408 559 e
1440 511 1646 572 septem
1693 504 1895 575 priori-

304 592 411 646 bus
438 594 717 658 diaconis,
750 609 986 665 quorum
1021 597 1230 649 mentio
1263 594 1401 648 litin
1444 593 1598 649 Actis
1634 594 1900 663 apostolo-

304 701 424 746 rum
472 686 544 749 ⁸³,
578 702 787 741 nomen
831 689 1092 749 traxisse,
1129 687 1439 742 communis
1487 687 1734 740 omnium
1778 702 1901 741 sen-

304 777 474 829 tentia
522 786 646 844 est;
700 777 748 832 si
792 793 937 832 unus
981 778 1294 847 excipiatur
1340 777 1637 832 Cassianus
1683 779 1753 842 ",
1806 776 1897 846 qui

306 870 450 923 nulla
482 878 744 924 veterum
793 871 1127 925 auctoritate
1164 870 1340 925 fretus
1365 869 1663 935 existimat,
1690 884 1787 925 eos
1827 867 1901 925 ab

301 962 409 1015 alio
422 962 668 1032 quodam
690 960 917 1018 Nicolao
936 973 988 1019 et
1010 978 1205 1017 nomen
1228 971 1283 1018 et
1304 963 1568 1034 originem
1588 964 1894 1031 accepisse.

302 1055 385 1106 An
417 1069 555 1108 vero
585 1053 846 1109 Nicolaus
872 1054 966 1109 ille
993 1054 1260 1110 diaconus
1286 1056 1630 1125 prepudiosm
1656 1053 1902 1110 Nicolai-

305 1154 489 1195 tarum
545 1152 713 1197 sectae
771 1126 1123 1199 fundamenta
1164 1144 1382 1213 jecerit,
1424 1144 1537 1213 jam
1587 1145 1641 1197 in
1686 1145 1899 1199 diversa

299 1233 641 1287 scinduntur
699 1234 1005 1303 Opiniones.
1089 1232 1193 1288 Alii
1262 1248 1384 1289 eum
1451 1233 1612 1303 culpa
1700 1234 1899 1299 teneri,

301 1322 402 1376 alii
466 1339 673 1380 vacare
714 1325 983 1380 sentiunt.
1045 1325 1109 1380 Et
1159 1325 1386 1395 quidem
1453 1325 1738 1381 Nicolaum
1786 1327 1903 1397 pri-

305 1430 459 1468 mum
515 1416 729 1470 erroris
779 1425 1062 1471 auctorem
1106 1425 1163 1471 et
1209 1416 1529 1485 magistrum
1594 1416 1899 1483 exstitisse,

306 1506 521 1562 diserte
565 1516 825 1562 asserunt
871 1506 1110 1563 Irenzeus
1141 1508 1211 1573 ”,
1240 1518 1399 1561 vetus
1437 1518 1629 1562 auctor
1672 1508 1903 1561 Addita-

306 1595 484 1651 menti
522 1598 667 1664 quod
691 1596 756 1649 ad
784 1595 989 1650 calcem
1008 1595 1326 1650 Tertulliani
1356 1594 1479 1648 libri
1514 1593 1587 1647 De
1606 1595 1899 1662 prwscript.

302 1686 357 1717 ’⁸
427 1686 673 1756 legitur,
734 1686 1059 1758 Hippolytus
1112 1687 1254 1754 apud
1306 1686 1564 1741 Photium
1619 1688 1688 1751 ’⁵,
1756 1686 1906 1740 Hila-

302 1778 434 1831 rius
460 1779 530 1846 “,
595 1777 830 1851 [LXVII]
883 1778 1179 1849 Gregorius
1224 1778 1383 1849 Nyss.
1413 1780 1486 1843 ⁸⁷,

300 1870 681 1941 Bieronymus
710 1872 756 1903 ’⁸
816 1882 871 1924 et
926 1872 1222 1941 Gregorius
1292 1871 1520 1942 Magnus
1547 1872 1616 1924 ”.
1689 1870 1901 1937 Lapsus

300 1964 544 2018 occasio
573 1962 706 2029 fuit,
738 1963 782 2018 si
831 1962 1196 2032 Epiphanium
1248 1963 1537 2017 audiamus
1563 1965 1603 2029 ¹,
1661 1962 1903 2015 hominis

302 2056 746 2125 intemperantia
777 2094 793 2119 ,
852 2054 1207 2109 continentia:
1255 2054 1549 2124 propositi,
1603 2056 1748 2125 quod
1780 2068 1903 2108 sus-

302 2158 567 2218 ceperat,
600 2146 823 2203 minime
870 2156 1054 2202 tenax.
1100 2146 1234 2201 Cum
1269 2148 1411 2202 enim
1446 2162 1678 2203 uxorem
1736 2147 1902 2203 habe-

304 2249 427 2303 ret,
463 2240 695 2310 eleganti
725 2240 913 2309 specie
960 2240 1267 2302 mulierem,
1322 2253 1351 2291 a
1418 2252 1526 2307 qua
1581 2236 1900 2308 aliquandiu

302 2332 426 2388 sibi
451 2340 813 2401 temperasset
833 2331 1231 2394 {continentiae
1264 2328 1538 2396 longioris
1584 2328 1900 2397 impatiens,

302 2424 385 2479 Id
426 2423 687 2492 pristinos
732 2422 1023 2492 amplexus
1057 2422 1245 2478 rediit.
1315 2421 1390 2477 Ut
1422 2431 1603 2476 autem
1669 2421 1903 2490 probro-

302 2528 443 2568 sum
494 2511 709 2567 facinus
755 2512 1000 2580 quaesitis
1039 2512 1317 2568 coloribus
1349 2513 1667 2580 obducerct,
1719 2512 1905 2568 libidi«

304 2617 447 2657 nem
470 2606 807 2674 procacitate
854 2606 1164 2671 cutnulans,
1214 2607 1402 2662 docuit
1434 2622 1455 2660 τ
1487 2604 1610 2661 Nisi
1639 2608 1756 2677 quis
1796 2606 1904 2661 sin-

300 2693 461 2765 gulis
511 2696 691 2750 diebus
747 2697 979 2752 luxui-ite
1023 2709 1207 2765 vacet,
1261 2701 1637 2767 sempiternam
1675 2702 1900 2753 salutem

302 2788 568 2857 consequi
608 2804 709 2842 non
750 2805 921 2859 posse.
976 2789 1113 2844 Tum
1167 2790 1441 2860 zelotypia
1493 2790 1752 2846 incensus
1782 2832 1798 2858 ,
1845 2799 1903 2846 et

304 2882 450 2936 inde
480 2882 536 2935 in
579 2897 714 2936 nova
776 2883 991 2938 scelera
1021 2884 1330 2952 prolapsus,
1396 2882 1788 2938 Nicolaitarum
1837 2898 1902 2938 ac

301 2971 706 3027 G‘nosticorum
739 2985 903 3029 secta:
949 2974 1161 3028 initium
1198 2975 1374 3038 dedit,
1406 2989 1437 3030 e
1463 2974 1665 3043 quibus
1710 2973 1899 3044 plures

303 3065 458 3126 alia,
492 3080 723 3134 quarum
779 3065 1013 3120 obscura
1054 3066 1142 3122 vel
1171 3081 1401 3135 prorsus
1431 3067 1612 3136 ignota
1654 3065 1897 3131 nomina,

303 3157 477 3212 lovis
533 3157 730 3210 additis
784 3173 1033 3212 errorum
1093 3172 1157 3213 ac
1195 3159 1579 3228 spurcitiarum
1612 3159 1899 3221 monstris,

303 3247 646 3302 scaturiere.
674 3246 774 3314 Qui
828 3264 964 3303 vero
1006 3248 1294 3303 Nicolaum
1346 3264 1375 3302 a
1407 3250 1568 3318 culpa
1633 3247 1900 3312 liberant,

304 3352 419 3392 nec
454 3338 558 3407 ipsi
584 3339 739 3405 pauci
771 3348 922 3403 sunt,
956 3353 1054 3394 nec
1086 3339 1259 3392 intimi
1290 3339 1342 3393 in
1367 3338 1609 3394 Ecclesia
1639 3340 1897 3395 nominis.

302 3430 531 3497 Agmen
560 3428 714 3483 ducit
762 3428 1015 3485 Clemens
1067 3429 1475 3484 Alexandrinus
1496 3432 1540 3497 ',
1600 3445 1763 3500 quem
1808 3445 1901 3484 se-

302 3532 565 3589 quuntur
612 3523 876 3581 Eusebius
900 3526 943 3591 ³,
978 3525 1359 3581 Theodoretus
1392 3525 1437 3593 ⁵,
1488 3527 1829 3597 Augustinus
1856 3528 1900 3593 ',

304 3611 636 3665 Victorinus
673 3611 1084 3668 Petavionensis
1118 3614 1139 3645 ⁸
1165 3624 1219 3668 et
1253 3613 1345 3669 alii
1380 3632 1394 3668 :
1429 3616 1575 3669 inter
1622 3630 1759 3684 quos
1816 3632 1903 3671 re-

302 3704 532 3758 censeri
561 3714 746 3771 posset
796 3705 1038 3775 Ignatius
1087 3706 1143 3759 in
1176 3706 1437 3776 epistolis
1466 3708 1532 3761 ad
1594 3707 1903 3763 Trallianos

307 3808 371 3849 et
398 3795 939 3865 Philadelphienses,
969 3798 1013 3851 si
1038 3812 1099 3852 ea
1142 3813 1263 3867 quae
1312 3798 1364 3853 in
1398 3797 1605 3853 Nicolai
1664 3800 1902 3869 gratiam

304 3886 668 3940 adducuntur
724 3889 1056 3955 testimonia,
1093 3904 1161 3945 ex
1199 3890 1476 3962 genuinis,
1532 3906 1640 3945 non
1669 3907 1797 3947 vero
1835 3908 1903 3947 ex

301 3977 664 4047 interpolatis
721 3980 972 4049 epistolis
1029 3981 1513 4051 depromerentur.
1568 3983 1648 4038 Illi
1709 4000 1902 4040 omnes

303 4078 565 4128 censent.
623 4069 913 4125 luereticos
968 4070 1349 4138 Simonianos,
1402 4083 1462 4128 ut
1511 4075 1902 4131 auctoritatem

301 4161 414 4215 sibi
450 4174 523 4214 ex
562 4176 765 4231 magno
811 4164 1036 4218 nomine
1095 4165 1505 4233 conciliarent,
1547 4165 1772 4223 Nicolao
1816 4184 1901 4223 ca-

302 4250 634 4317 lumniatus,
691 4267 760 4308 eo
824 4262 1047 4309 auctore
1102 4257 1371 4325 gloriatos
1430 4257 1622 4324 fuisse,
1679 4268 1899 4328 arrepta

306 4359 607 4412 perperam
654 4347 947 4402 occasione
994 4363 1059 4402 ex
1102 4348 1247 4404 facto
1269 4352 1415 4417 quod
1459 4351 1716 4407 Clemens
1770 4353 1899 4408 Ale-

1025 283 1491 345 DISSERTATIO
1527 285 1569 350 Ι,
1612 284 1771 340 ART.
1805 282 1893 347 Ill,
1931 282 2020 336 DE
2058 282 2441 338 VALENTINI
2474 281 2870 339 MAGIM’RIS.

1544 1778 1898 1841 Philastrius,
1932 1775 1975 1830 B

3485 280 3593 335 ηο

1924 409 1973 468 Λ
2002 408 2179 478 zeloty
2196 406 2297 477 pia:
2326 447 2341 472 ,
2385 405 2674 477 palamque
2700 405 2913 460 faceret
2957 417 3019 458 se
3052 401 3124 457 ita
3157 399 3412 456 aﬂectum
3444 416 3587 466 esse,

2001 509 2080 562 ut,
2114 500 2157 553 si
2187 499 2269 554 fas
2329 507 2496 562 esset,
2554 499 2809 553 abdicata
2860 511 3055 561 uxore,
3111 493 3293 549 cuivis
3317 506 3440 548 eam
3490 492 3591 547 du-

2000 592 2156 647 cendi
2206 601 2533 655 potestatem
2582 591 2773 661 largiri
2810 597 3034 659 paratus
3070 596 3233 642 esset.
3275 584 3431 652 Quod
3463 585 3589 654 qui-

2000 687 2120 741 dem
2157 687 2242 741 vel
2265 702 2331 741 ex
2380 701 2447 740 eo
2476 686 2913 747 demonstratur,
2944 683 3089 751 quod
3118 696 3145 733 a
3173 678 3451 748 coniugali
3490 678 3593 732 title

1999 794 2277 848 nunquam
2312 778 2607 843 resiluerit,
2650 788 2707 831 et
2741 792 2809 831 ex
2855 774 2973 843 ejus
3029 772 3220 827 liberis
3253 770 3375 825 lili:e
3406 784 3594 825 consa-

2001 871 2225 924 nuerint
2256 870 2527 941 virgines,
2562 869 2706 923 [ilius
2730 877 2915 921 autem
2952 863 3155 919 ciclebs
3178 863 3351 916 vitam
3391 861 3590 929 egerit.

1999 962 2123 1018 Alio
2155 961 2360 1016 Nicolai
2394 961 2861 1031 apOphthegmate
2912 958 3289 1013 abutebantur
3315 953 3591 1018 lizeretici,

2000 1055 2236 1117 scilicet,
2269 1053 2444 1109 Carne
2466 1053 2789 1107 abutendum
2811 1068 2927 1106 esse
2954 1065 3103 1119 :quo
3130 1059 3308 1103 tamen
3337 1047 3390 1101 id
3425 1061 3592 1101 unum

2000 1147 2314 1217 signiﬁcare
2388 1147 2603 1200 animus
2658 1144 2871 1208 fuerat,
2946 1140 3099 1196 carni
3171 1137 3593 1208 haudquaquam

2003 1238 2394 1307 indulgendum
2446 1252 2567 1291 esse
2601 1276 2615 1301 ,
2674 1237 2767 1290 sed
2825 1249 2945 1288 eam
3008 1230 3434 1303 perdomandam
3472 1268 3488 1293 ,
3542 1238 3599 1282 et

2002 1332 2222 1387 assidua
2296 1330 2514 1385 virtutis
2580 1328 2981 1384 exercitatione
3042 1324 3424 1394 frangendum.
3484 1320 3594 1377 Sua

2004 1432 2116 1477 stat
2152 1421 2377 1492 utrique
2404 1420 2543 1490 parti
2578 1418 2878 1474 auctoritas
2904 1457 2919 1482 ,
2971 1415 3274 1486 graviaque
3332 1414 3595 1483 utrinque

2004 1514 2245 1568 militant
2300 1512 2577 1567 rationum
2654 1518 2951 1565 momenta.
3010 1506 3295 1561 Nicolaum
3368 1509 3599 1562 damnat

2003 1607 2239 1662 Irenaeus
2276 1605 2359 1659 vir
2408 1603 2789 1674 apostolicus,
2863 1601 3102 1657 absolvit
3151 1601 3405 1657 Clemens
3471 1599 3600 1653 huic

2004 1714 2254 1763 COthtlS;
2300 1708 2531 1769 uterque
2556 1712 2623 1751 ex
2668 1697 2736 1751 iis
2795 1711 2914 1765 qua:
2976 1696 3044 1750 ab
3088 1694 3466 1764 apostolorum
3517 1692 3601 1745 di-

2006 1794 2234 1863 scipulis
2279 1795 2467 1849 auditu
2528 1792 2818 1864 percipere
2863 1801 3161 1862 potuerat;
3226 1790 3363 1844 adeo
3398 1796 3456 1840 ut
3508 1787 3598 1841 hic

2006 1888 2324 1943 alterutrius
2352 1888 2489 1942 lides
2529 1887 2733 1943 elevari
2764 1903 2874 1943 non
2903 1888 3125 1942 debeat.
3168 1883 3370 1939 Tutius
3404 1881 3596 1949 igitur,

2006 1997 2074 2036 ne
2104 1991 2309 2036 temere
2356 1980 2708 2047 deliniamus,
2766 1995 2885 2035 rem
2938 1980 2991 2033 in
3049 1978 3231 2034 medio
3264 1977 3596 2046 relinquere.

2005 2073 2141 2126 Illud
2168 2086 2302 2128 vero
2333 2070 2700 2126 certissimum
2731 2080 2840 2135 est,
2873 2071 2968 2126 Dei
3006 2069 3183 2141 ipsius
3217 2084 3315 2124 ore
3376 2070 3603 2124 damna-

2007 2174 2090 2219 tos
2142 2163 2313 2218 fuisse
2380 2161 2700 2217 Nicolaitas.
2757 2161 2851 2215 Sic
2905 2162 3051 2217 enim
3099 2162 3154 2216 in
3214 2160 3541 2231 Apocalypsi
3578 2161 3601 2192 ⁸

2004 2256 2265 2311 Christus
2318 2255 2639 2325 episcopum
2690 2253 3028 2320 Ephesinum
3081 2254 3383 2323 alloquitur
3436 2252 3600 2308 :Sed

2004 2351 2103 2403 hoc
2154 2350 2335 2412 habet,
2377 2347 2506 2419 quia
2544 2346 2703 2400 odisti
2740 2346 2888 2417 facta
2924 2344 3321 2399 Nicolaitarum
3354 2387 3369 2412 ,
3399 2363 3519 2417 quia
3554 2358 3601 2399 et

2003 2460 2097 2514 ego
2121 2442 2241 2497 odi.
2274 2444 2353 2497 Ac
2382 2440 2613 2511 proinde
2646 2447 2765 2493 tum
2824 2438 3091 2507 temporis
3139 2438 3445 2493 Ecclesiam
3501 2438 3602 2493 de-

2005 2534 2343 2589 vastabatea
2365 2542 2542 2588 secta.
2577 2530 2700 2587 Cito
2733 2530 3071 2584 exstinctam
3099 2528 3599 2598 putatEusebius’.

2004 2623 2373 2685 Probabilius,
2428 2638 2540 2678 non
2604 2622 2779 2692 ipsam
2807 2628 3016 2676 sectam
3064 2621 3398 2674 exstinctam
3433 2659 3451 2686 ,
3507 2620 3603 2674 sed

2005 2729 2169 2774 scolae
2193 2732 2395 2772 nomen
2425 2714 3048 2771 duntaxatexstiuctum
3091 2728 3234 2769 esse.
3284 2715 3420 2768 Cum
3456 2712 3603 2767 enim

2004 2811 2459 2870 Scelestissimum
2517 2808 2693 2879 quid,
2748 2808 3001 2878 adeoque
3053 2817 3108 2862 et
3176 2807 3603 2870 exsecrandum,

2003 2904 2295 2960 catholicis
2332 2903 2561 2957 auribus
2600 2910 2865 2967 sonaret;
2916 2915 2983 2955 eo
3016 2898 3268 2969 deposito
3304 2912 3480 2953 novus
3502 2913 3603 2951 ex-

2003 2997 2278 3068 c0gitatus
2327 2994 2722 3051 Gnosticorum
2757 2993 2967 3059 titulus,
3002 2992 3095 3061 qui
3125 2993 3389 3047 ementita
3418 2990 3604 3047 scien-

2005 3089 2094 3143 tia:
2125 3088 2284 3144 laude
2306 3086 2494 3144 fucum
2522 3086 2728 3142 faceret
2751 3085 3045 3157 imperitis.
3353 3080 3360 3086 ’

2075 3248 2199 3304 155.
2237 3248 2504 3317 Dogmata
2528 3244 2926 3300 Nicolaitarum
2956 3241 3263 3297 theoretica
3304 3254 3603 3295 recensere

2004 3353 2475 3408 supervacaneum
2493 3336 2649 3391 duxit
2675 3335 2919 3391 lreuaeus
2952 3352 2967 3388 :
2997 3334 3185 3389 eadem
3202 3331 3405 3403 quippe
3430 3331 3605 3386 fuisse

2005 3445 2125 3499 qua:
2137 3440 2457 3485 cieterorum
2471 3427 2861 3484 Gnosticorum
2884 3426 3176 3496 perspicue
3198 3424 3383 3479 innuit
3400 3423 3495 3477 lib.
3515 3438 3599 3487 Ill,

2005 3536 2126 3590 cap.
2157 3521 2245 3586 ll,
2281 3531 2342 3575 ut
2368 3522 2481 3590 jam
2504 3521 2571 3575 de
2599 3519 2866 3575 Cerintho
2890 3526 3117 3588 agentes
3138 3516 3588 3572 observavimus.

2009 3614 2080 3668 Ea
2114 3613 2307 3669 fusiori
2331 3613 2473 3685 stylo
2500 3621 2831 3683 prosecutus
2859 3622 2944 3666 est
2967 3612 3306 3680 Epiphanius
3347 3610 3414 3673 ³⁸,
3443 3624 3601 3665 com-

2006 3706 2207 3775 pendio
2246 3720 2377 3761 vero
2424 3705 2733 3760 retulerunt
2781 3706 3126 3774 Augustinus
3160 3704 3202 3734 “
3263 3711 3319 3758 et
3355 3701 3598 3757 Pseudo-

2006 3800 2383 3855 Tertullianus
2403 3801 2470 3853 ”.
2532 3800 2640 3854 Sed
2698 3813 2819 3868 qua:
2865 3798 2902 3852 ii
2947 3797 3235 3852 Nicolaitis
3285 3796 3597 3858 ascribunt,

2006 3890 2121 3961 ipsa
2163 3899 2289 3945 sunt
2320 3906 2442 3960 quze
2464 3890 2624 3959 paulo
2653 3899 2780 3958 post
2810 3889 3006 3945 tribuit
3032 3886 3275 3942 Irenazus
3315 3885 3601 3943 Gnosticis
3662 3894 3679 3912 '

2005 3985 2058 4040 in
2120 3998 2345 4053 genere.
2392 3984 2529 4039 Cum
2596 3992 2779 4037 autem
2836 3998 2901 4038 eo
2956 3981 3181 4036 nomine
3227 3996 3341 4052 prie
3386 3980 3601 4034 ueteris

2006 4077 2376 4148 gloriarentur
2402 4075 2979 4144 Nicolaita:,illudque
3004 4074 3323 4144 fortcprimi
3350 4074 3598 4129 omnium

2005 4172 2108 4225 sibi
2138 4169 2546 4235 vindicassent,
2578 4185 2684 4224 non
2718 4169 2962 4223 dubitem
2992 4168 3126 4237 quin
3160 4171 3213 4221 in
3243 4182 3340 4221 cos
3370 4166 3597 4236 potissi-

2004 4278 2151 4317 mum
2172 4262 2502 4317 conveniant
2538 4276 2662 4332 qua:
2692 4263 2744 4316 in
2786 4260 3079 4317 Gnosticos
3128 4260 3243 4316 illic
3297 4259 3465 4314 refert
3500 4274 3597 4311 au-

2003 4368 2125 4412 ClOl‘
2167 4367 2369 4411 noster.
2406 4355 2513 4412 Sed
2565 4356 2755 4411 dehis
2814 4370 2913 4410 suo
2971 4356 3114 4410 loco.
3166 4354 3421 4408 Practica
3464 4367 3597 4407 vero

306 4432 479 4485 xand.
517 4432 723 4503 "longe
751 4437 917 4490 aliter
945 4448 1107 4506 atque
1154 4439 1494 4509 Epiphanius
1546 4452 1755 4498 narrat.
1808 4446 1902 4499 Ait
1930 4469 1979 4529 υ
2007 4449 2260 4519 dogmata
2286 4447 2639 4519 paucissimis
2669 4447 2876 4504 verbis.
2911 4446 3006 4501 sed
3038 4445 3442 4501 eﬂlcacissimis
3467 4458 3595 4512 per—

305 4541 528 4595 nempe.
559 4528 804 4583 audiisse
857 4545 937 4592 se,
973 4530 1279 4599 Nicolaum,
1319 4544 1381 4589 ut
1435 4537 1505 4590 ab
1537 4535 1753 4604 objecta
1786 4538 1897 4593 sibi

305 4618 374 4669 ab
405 4618 681 4686 apostolis
724 4619 994 4690 zelotypia
1031 4631 1290 4693 purgaret
1323 4639 1448 4680 sese
1478 4665 1493 4688 ,
1544 4641 1741 4691 uxore,
1775 4644 1898 4697 qua:

305 4706 552 4762 formosa
580 4720 720 4775 erat,
758 4713 810 4764 in
854 4713 1091 4767 medium
1130 4715 1385 4776 adducta.
1441 4718 1763 4786 permisisse
1806 4721 1896 4775 cui

302 4799 472 4854 vellet
499 4800 550 4852 ei
580 4803 810 4857 nubere.
856 4803 985 4858 Inde
1017 4821 1170 4874 vero,
1222 4809 1379 4877 quasi
1416 4824 1647 4865 uxorem
1676 4811 1896 4881 publice

306 4891 708 4959 prostituisset,
762 4894 991 4966 ejusque
1022 4900 1392 4967 promiscuum
1448 4918 1602 4956 usum
1658 4904 1893 4973 quibus-

304 4996 525 5050 cunque
548 4985 910 5053 permisisset,
938 4991 1292 5046 occasionem
1322 5002 1577 5062 captasse
1600 4995 1895 5053 haereticos

304 5074 729 5133 laxandi-frena
768 5080 1004 5137 libidini.
1060 5083 1270 5143 Nicolai
1327 5102 1460 5146 vero
1525 5089 1672 5145 hunc
1722 5107 1893 5150 unum

305 5162 479 5221 fuisse
528 5183 799 5239 scopum,
863 5183 979 5227 uta
1030 5191 1106 5231 se.
1135 5178 1461 5237 amoliretur
1520 5183 1893 5254 suSpicionem

376 5485 587 5559 ’A'MCap.
619 5504 699 5559 vi,
730 5488 789 5551 5,
819 5489 874 5544 5.
971 5489 1018 5521 ⁹¹
1052 5486 1189 5545 Coll.
1225 5491 1316 5559 18,
1353 5507 1402 5547 c.
1436 5493 1521 5548 I6.

306 5556 476 5629 c225.
577 5561 623 5599 ⁸⁷
658 5558 721 5613 L.
758 5575 836 5623 ιι,
866 5575 951 5629 ep.
986 5561 1037 5614 1.
1088 5556 1327 5620 Ειιιιηιιι.

316 5626 521 5708 χιι-ξεττ
553 5645 683 5708 xxx,
716 5628 746 5703 ᾗ
781 5631 869 5708 I_._
898 5626 911 5629 “
958 5634 977 5663 ³
1011 5632 1072 5708 ῐέ.
1107 5648 1165 5687 ιιι
1201 5632 1524 5708 Strom.,p.
1556 5626 1682 5708 456.

305 5696 683 5775 liihliothJ’P.
720 5696 742 5703 '
794 5701 814 5732 "
945 5719 982 5758 ιι
1016 5704 1245 5775 Strom.,
1299 5720 1354 5775 p.
1400 5696 1525 5761 HI.

310 5770 350 5798 ι’
386 5769 462 5825 De
492 5785 719 5841 praise”
754 5787 800 5827 c.
834 5771 922 5827 47.
1001 5774 1046 5806 ’³
1097 5769 1266 5845 Apoc.
1301 5769 1375 5844 ἰι,
1432 5777 1521 5832 Η.

1621 5496 1682 5575 "_
1698 5497 1817 5552 Lib.
1848 5515 1888 5575 ι,
1916 5514 1971 5575 ρ.
1997 5498 2106 5575 26.-
2139 5514 2194 5551 n.
2235 5498 2318 5575 3.“
2541 5496 2693 5575 4'7.-J

1423 5564 1469 5596 "
1498 5566 1551 5619 In
1599 5569 1759 5632 epist.
1794 5571 1861 5623 ad
1916 5569 2128 5625 Heliod.
2187 5578 2241 5621 et
2286 5562 2574 5622 Sabinian.
2630 5562 2790 5617 Diac.

1423 5677 1435 5698 .
1470 5651 1524 5700 ι).
1556 5635 1682 5692 456.
1786 5640 1806 5671 ³
1847 5640 1908 5695 L.
1942 5656 2024 5700 ιιι.
2057 5656 2108 5695 c.
2137 5638 2229 5692 29.
2306 5639 2327 5669 δ
2364 5636 2427 5696 L.
2461 5652 2544 5700 tu,
2573 5650 2625 5689 c.
2658 5634 2708 5689 i.
2787 5643 2790 5668 ¹

1625 5707 1645 5739 ⁸
1680 5709 1811 5782 Cap.
1875 5727 1932 5780 ιι,
1968 5711 2022 5771 6.

2003 4535 2228 4589 strinxit
2284 4536 2423 4589 idem
2453 4535 2739 4593 Irenzeus:
2776 4534 3070 4590 Indiscrete
3120 4537 3320 4598 vivunt,
3364 4534 3589 4602 inquit,

2002 4627 2053 4681 id
2089 4636 2173 4682 est
2224 4627 2534 4697 promiscua
2565 4627 2645 4681 eis
2676 4636 2805 4681 sunt
2829 4627 3012 4682 omnia
3046 4642 3060 4680 :
3092 4627 3241 4696 quod
3284 4626 3351 4679 ad
3388 4624 3594 4695 Carpo-

2001 4719 2168 4772 cratis
2194 4717 2523 4787 principium
2576 4718 2717 4773 redit
2753 4736 2767 4773 :
2800 4718 2934 4772 nihil
2991 4725 3187 4785 suapte
3236 4726 3432 4769 natura
3491 4716 3592 4769 bo-

2001 4827 2132 4867 uum
2164 4825 2286 4865 esse
2317 4812 2654 4876 autmalum,
2685 4810 2778 4867 sed
2812 4808 3181 4865 indin‘erentia
3204 4810 3409 4864 omnia.
3445 4807 3591 4864 Nihil

2001 4903 2200 4958 mirum
2250 4904 2433 4973 itaque
2482 4904 2527 4959 si
2595 4903 2915 4973 idolothytis
2966 4903 3159 4967 vesci,
3202 4909 3258 4956 et
3315 4900 3586 4955 fornicari

1999 4994 2224 5066 (quibus
2256 4996 2676 5051 characteribus
2715 4995 2969 5067 designat
3006 5008 3128 5050 eam
3172 5002 3380 5049 sectam
3423 4992 3589 5048 Chri-

1997 5095 2116 5142 stus
2166 5088 2241 5151 ⁸³,
2292 5086 2441 5141 nulla
2491 5086 2572 5141 eis
2621 5085 2813 5155 religio
2867 5092 3033 5138 esset.
3078 5081 3201 5137 Uno
3254 5083 3422 5137 verbo
3477 5092 3586 5136 tam

1994 5178 2213 5235 effrenis
2272 5178 2375 5232 fuit
2436 5179 2488 5231 in
2545 5179 2691 5231 omni
2752 5176 3197 5247 intemperantia}.
3238 5190 3438 5247 genere
3494 5191 3589 5229 eo-

2715 5492 2761 5523 "
2797 5491 2929 5547 Cod.
2985 5490 3114 5545 252.
3200 5487 3247 5520 ”
3288 5484 3345 5540 In
3382 5483 3581 5539 Matth.

2892 5560 2949 5592 ἰ
2976 5561 3132 5615 Ilotn.
3170 5557 3241 5611 '58
3278 5558 3331 5611 in
3371 5554 3576 5624 Evang.

2892 5647 2983 5680 ππ-
3021 5647 3074 5680 v.
3166 5628 3189 5659 ⁸
3220 5625 3276 5680 lu
3312 5628 3482 5680 Apoc.
3525 5628 3579 5678 In

3247 5648 3276 5681 ιι
3312 5644 3482 5693 Apoc.
3526 5644 3579 5678 ιιι

3256 5703 3298 5732 ¹¹
3342 5698 3489 5753 lber.
3525 5712 3579 5753 ι.

2368 5494 2415 5528 ⁸⁸
2448 5493 2509 5549 C.
2541 5492 2634 5547 47.

2787 5640 2808 5669 ⁸
2840 5632 2983 5697 Hrer.
3021 5647 3074 5685 ν.

2123 5720 2142 5751 υ
2176 5709 2295 5767 Lib.
2335 5726 2419 5773 ιιι.
2483 5727 2531 5764 c.
2564 5706 2654 5760 39.
2768 5703 2808 5736 "
2846 5702 2991 5758 Haer.
3027 5716 3153 5757 xxv.
