3954 6352
477 276 569 329 151

1299 282 1902 344 DISSERTA’I‘IONES
1936 289 2245 346 ΡΒᾸΞΥΙᾸΞ
2281 292 2349 347 ΙΝ
2380 292 2639 351 ΙΒΕΝΛΕΙ
2672 297 2937 357 LIBROS.

3611 320 3705 372 t5?

476 408 599 448 rum
659 394 861 465 libido,
924 409 981 452 ut
1039 399 1622 460 Pseudo-Tcrtulliano
1673 407 1847 475 pudor
1902 404 2065 460 fuerit
2089 423 2134 475 Α
2168 415 2289 469 nius
2315 417 2378 480 ",
2435 416 2778 488 frequentem
2811 425 2875 476 de
2912 438 2976 479 eo
3009 423 3209 482 famam
3240 434 3618 503 percrebuisse,
3642 455 3700 495 ex

475 486 680 543 dicere.

1003 571 1103 633 IX.
1144 580 1221 636 De
1272 584 1532 641 (Ierdone.

547 662 651 716 154
674 661 719 695 ¹⁶
778 663 996 724 Cerdon
1068 670 1364 728 Marcionis
1448 688 1751 743 praeceptor
1802 693 1833 731 e
1899 679 2055 748 Syria

474 755 740 809 oriundus
765 756 941 814 fuisse
980 760 1221 817 videtur.
1271 764 1402 818 Nam
1434 782 1464 820 e
1494 766 1646 837 Syria
1681 769 1910 824 Ilomam
1966 788 2056 825 ve-

475 846 643 910 nisse,
682 847 897 918 Hygino
926 853 1227 908 Romanam
1257 857 1560 912 Ecclesium
1594 873 1839 928 regente,
1862 865 2051 918 eodem

472 950 609 1003 pene
649 948 894 1009 tempore
920 958 1031 1012 quo
1065 942 1433 1015 Valentinum,
1465 949 1517 1002 id
1542 953 1791 1007 estcirca
1846 969 2050 1009 annum

467 1028 669 1084 Christi
724 1033 848 1098 HI,
909 1048 1230 1092 constanter
1269 1039 1545 1096 afﬁrmant
1586 1059 1779 1101 omnes
1812 1048 2047 1117 antiqui.

466 1116 542 1174 Ibi
603 1122 757 1176 dolos
805 1128 1089 1182 erroribus
1151 1131 1435 1200 miscens,
1500 1137 1660 1191 modo
1724 1138 2048 1193 catholicam

464 1211 623 1266 Iidem
649 1214 954 1284 professus,
1015 1220 1178 1273 modo
1223 1221 1513 1292 abjiciens,
1548 1229 1709 1283 modo
1748 1231 2045 1297 ptenitens,

461 1306 622 1358 modo
653 1319 905 1378 apostata
939 1350 955 1374 ,
997 1312 1079 1368 sic
1128 1311 1350 1370 Prothei
1386 1318 1557 1372 instar
1589 1334 1795 1374 mutata
1847 1324 2044 1391 saepius

456 1396 672 1463 I'orma,
715 1402 917 1459 nullius
967 1416 1130 1461 tenax
1162 1450 1177 1473 ,
1222 1408 1529 1465 Ecclesium
1605 1414 1694 1467 diu
1746 1414 2042 1482 fatigavit;

454 1488 628 1542 donec
662 1492 878 1549 tandem
917 1497 1243 1556 iteratorum
1280 1501 1529 1571 lapsuum
1588 1515 1823 1575 pertresa
1863 1509 2041 1579 impo-

450 1588 655 1633 storem
704 1586 880 1642 sacris
935 1588 1184 1646 ﬁdelium
1220 1594 1456 1649 cretibus
1501 1596 1554 1649 in
1585 1608 1915 1666 perpetuum
1949 1617 2039 1654 ar-

449 1670 580 1724 cuit.
610 1672 727 1739 llic,
775 1675 981 1733 Irenaeo
1038 1689 1204 1748 teste,
1266 1686 1471 1741 erroris
1506 1690 1794 1743 materiam
1833 1689 1904 1745 al)
1964 1692 2032 1748 iis

447 1761 540 1827 qui
588 1774 717 1818 sunt
776 1783 905 1836 erga
940 1770 1259 1840 Simonem,
1304 1777 1355 1830 id
1407 1788 1492 1833 est
1529 1795 1559 1833 a
1620 1781 1866 1847 Simone,
1916 1785 2032 1839 Me-
2065 1765 2105 1821 Β

446 1857 703 1925 nandro,
760 1858 1105 1932 Saturnino,
1155 1867 1390 1937 aliisque
1436 1872 1828 1929 Gnosticorum
1872 1892 2032 1949 cory-

444 1947 616 2011 plneis
647 1952 880 2019 accepit,
914 1955 1001 2007 cui
1040 1966 1246 2021 tamen,
1297 1969 1356 2013 ut
1380 1978 1577 2017 novum
1623 1966 1752 2034 quid
1780 1968 2028 2036 proferre

442 2032 744 2101 videretur,
783 2041 944 2108 paulo
984 2043 1257 2101 diversam
1315 2049 1548 2106 formam
1609 2032 1845 2109 induxit.
1909 2056 2027 2111 Duo

443 2140 629 2180 rerum
670 2130 941 2200 principia
978 2175 992 2200 ,
1049 2138 1299 2205 duosque
1348 2140 1477 2194 deos
1522 2142 1751 2208 statuit;
1810 2143 2022 2198 Bonum

437 2216 671 2271 alterum
706 2260 725 2285 ,
777 2231 831 2276 et
866 2224 1108 2295 ign0tum
1163 2231 1439 2295 omnibus,
1497 2248 1658 2302 quem
1706 2247 1762 2290 et
1802 2237 2021 2293 Patrem

436 2302 563 2361 Jesu
579 2311 881 2366 nominavit
902 2333 914 2379 ;
937 2315 1165 2371 alterum
1186 2323 1370 2375 mundi
1391 2307 1740 2381 Conditorem
1764 2328 2019 2397 ,justum,

436 2398 702 2457 immitem
763 2414 819 2458 et
869 2409 1194 2477 cognitum,
1251 2412 1503 2471 Mosaicae
1552 2418 1687 2489 legis
1711 2432 2018 2490 auctorem,

435 2493 527 2561 qui
560 2504 616 2549 et
674 2499 959 2567 prophetis
989 2504 1265 2572 apparuit,
1294 2521 1357 2560 ac
1408 2522 1467 2563 se
1496 2511 1793 2567 videndum
1844 2531 2018 2586 smpe-

432 2601 660 2642 numero
690 2590 941 2659 praebuit.
1008 2593 1133 2649 Haec
1156 2596 1198 2650 si
1223 2598 1353 2666 quid
1390 2615 1419 2655 a
1470 2601 1712 2660 Simonis
1742 2607 2014 2676 dogmati-

430 2680 533 2735 bus
570 2681 907 2751 discrepant,
963 2685 1015 2739 in
1063 2690 1246 2743 verbis
1289 2700 1502 2749 tantum
1565 2698 1742 2755 haeret
1806 2716 2014 2773 pugna.

426 2768 565 2825 Nam
594 2774 846 2842 quamvis
881 2774 970 2831 ille
1024 2778 1093 2833 ab
1139 2782 1348 2852 angelis
1389 2786 1667 2844 conditura
1723 2768 2012 2859 mundum,

428 2872 787 2934 veteremque
852 2867 1025 2938 legem
1098 2872 1367 2928 sancitam
1432 2882 1767 2947 asseruerit;
1830 2892 2010 2939 tamen

427 2951 549 3022 ejus
605 2968 960 3014 successores
1006 2962 1344 3030 peculiarem
1394 2978 1700 3025 creatorem
1764 2984 1820 3027 et
1877 2976 2015 3047 leg‘s

2161 522 2221 559 ea
2256 506 2411 561 Ponti
2443 519 2595 577 parte
2634 526 2757 579 quae
2785 510 3169 584 Hellespontus
3210 519 3422 589 dicitur,
3476 527 3600 582 urbe
3627 530 3703 584 Si-

2158 615 2302 668 nope
2330 601 2619 653 oriundum
2646 602 2841 670 fuisse,
2871 621 2933 659 ac
2957 620 3181 676 parente
3220 623 3402 668 natum
3442 618 3702 675 catholicae

2156 694 2558 749 cnunnunionis
2589 696 2874 768 episcopo.
2904 699 3134 756 Nautam
3160 716 3317 760 vocat
3340 706 3556 763 Rhodon
3574 717 3698 781 apud

2164 782 2456 838 Eusebium
2491 788 2554 851 “,
2581 789 2897 845 nauclerum
2938 794 3308 853 ‘I'ertullianus
3339 799 3377 830 "
3413 816 3428 853 :
3469 816 3533 853 an
3570 805 3698 868 quod

2154 884 2327 926 artem
2376 878 2648 932 nauticam
2733 882 2986 950 primitus
3051 889 3408 944 exercuerit?
3457 907 3523 944 an
3570 894 3698 961 quod

2152 978 2381 1034 uterque
2433 967 2626 1026 ludens
2672 972 2725 1025 in
2772 988 2905 1028 voce
2950 974 3171 1042 Pontus,
3209 978 3501 1036 Marcionis
3526 985 3699 1053 patria:

2152 1060 2391 1123 nomine,
2431 1077 2553 1129 quae
2586 1066 2803 1120 etAsia:
2822 1070 3117 1138 regionem,
3155 1080 3211 1125 et
3236 1087 3382 1127 mare
3419 1074 3698 1142 signiﬁcat,

2151 1151 2298 1207 illum
2325 1166 2540 1210 nautam
2565 1167 2659 1211 aut
2689 1160 3007 1216 nauclerum
3044 1172 3224 1228 vocet,
3264 1166 3418 1234 quasi
3444 1166 3695 1221 marinum

2149 1246 2444 1309 hominem,
2477 1249 2526 1301 in
2556 1250 2689 1302 mari
2732 1261 2920 1305 natum
2953 1253 2976 1306 ?
3010 1254 3173 1308 Forte
3218 1253 3358 1310 hanc
3381 1254 3542 1312 fuisse
3576 1257 3697 1313 Ter-

2147 1335 2375 1396 tulliani,
2414 1338 2678 1406 ejusmodi
2719 1344 3051 1412 argutiarum
3122 1346 3507 1411 amantissimi,
3554 1365 3691 1403 men-

2146 1435 2253 1480 lem
2271 1429 2640 1496 deprehendet
2665 1432 2915 1500 quisquis
2965 1434 3090 1488 libri
3131 1434 3290 1502 primi
3335 1443 3518 1487 contra
3557 1434 3694 1487 Mar.

2137 1519 2337 1574 cionem
2393 1521 2542 1574 initia
2596 1534 2804 1578 attente
2836 1525 3029 1593 legerit
3068 1527 3132 1580 ¹⁸.
3161 1524 3219 1580 In
3255 1525 3562 1595 virginitate
3588 1527 3691 1595 pri-

2140 1627 2311 1677 mum,
2375 1614 2653 1667 hominum
2723 1616 3141 1671 contubernium
3201 1616 3693 1690 iugiens,p.ovd§wu

2137 1705 2266 1773 (non
2310 1708 2703 1761 monachorum
2754 1709 3042 1774 instituta,
3094 1726 3215 1779 qua:
3265 1710 3504 1765 nondum
3552 1724 3691 1779 nota,

2134 1799 2433 1867 professus,
2448 1811 2509 1853 ut
2528 1802 2709 1856 minus
2725 1810 2966 1857 attentus
2988 1807 3149 1856 vertit
3172 1804 3298 1858 Puta
3311 1803 3692 1874 vius),laudabi-

2132 1892 2255 1946 liter
2270 1893 2426 1947 vixit.
2446 1894 2551 1948 Sed
2568 1910 2693 1949 cum
2712 1904 2898 1964 postea
2912 1896 2982 1950 oh
2996 1905 3241 1964 stuprum
3264 1898 3455 1969 virgini
3474 1896 3691 1966 illatum,

2129 1983 2373 2037 Ecclesia
2392 1987 2460 2039 ab
2490 1986 2606 2052 ipso
2620 1994 2795 2055 patre,
2810 1985 3065 2056 episc0po
3079 2004 3200 2042 cum
3221 1989 3412 2057 primis
3428 1990 3689 2059 religioso,

2128 2091 2191 2127 ac
2217 2076 2468 2130 veritatis
2501 2086 2555 2131 et
2584 2079 2890 2133 sanctitatis
2920 2095 3106 2134 amore
3136 2079 3551 2151 ﬂagrantissimo
3584 2080 3691 2150 pul-

2125 2181 2241 2231 sus,
2260 2168 2473 2222 veniam
2492 2177 2543 2221 et
2565 2184 2750 2238 pacem
2764 2168 3028 2225 eblandiri
3056 2172 3215 2225 nullis
3231 2173 3482 2242 precibus
3498 2184 3667 2243 posset

2126 2259 2335 2325 (procul
2385 2259 2550 2315 dubio
2592 2261 2718 2329 quia
2772 2260 3017 2315 sincerus
3055 2278 3127 2315 ex
3176 2262 3377 2317 delicto
3410 2264 3561 2317 dolor
3588 2279 3686 2319 non

2123 2349 2521 2420 erat),Romam
2560 2367 2618 2406 se
2640 2363 2764 2420 post
2796 2353 2990 2425 Hygini
3018 2370 3175 2424 papa:
3191 2356 3404 2411 obitum
3444 2357 3685 2415 contulit.

2121 2439 2367 2510 Cumque
2391 2442 2563 2497 nihilo
2602 2446 2775 2512 magis
2805 2447 2911 2499 illic
2949 2448 3095 2515 quod
3140 2448 3397 2517 cupiebat
3427 2449 3685 2503 obtineret

2120 2548 2149 2586 a
2176 2533 2530 2603 presbyleris,
2565 2551 2793 2592 vacante
2829 2549 2965 2605 tum,
2993 2542 3067 2594 uti
3093 2540 3352 2611 conjicio,
3379 2540 3528 2607 sede,
3549 2542 3686 2611 quod

2118 2625 2295 2678 inscio
2325 2624 2488 2680 Patre
2530 2627 2714 2683 facere
2740 2630 2879 2685 istud
2920 2631 3179 2688 Ecclesiae
3221 2633 3370 2702 leges
3402 2651 3506 2688 non
3548 2636 3683 2689 sine.

2118 2726 2266 2784 rent;
2311 2722 2566 2789 superbia
2606 2733 2659 2777 et
2691 2725 2889 2779 invidia
2922 2726 3150 2793 fractus,
3170 2728 3315 2798 quod
3350 2745 3448 2784 nec
3486 2729 3683 2800 princi-

2114 2828 2235 2881 pem
2280 2814 2388 2869 illic
2413 2815 2617 2884 locum,
2652 2834 2750 2872 nec
2772 2818 3033 2874 Ecclesiae
3070 2821 3288 2890 quidem
3318 2824 3524 2877 aditum
3583 2822 3679 2877 im-

2114 2913 2403 2971 petrasset,
2446 2907 2511 2959 ad
2564 2909 2867 2962 Cerdonem
2905 2924 2964 2965 se
3007 2911 3276 2981 adjunxit.
3330 2912 3501 2978 Quem
3539 2914 3682 2983 priu-

2112 2995 2289 3064 cipem
2328 2996 2521 3062 locum,
2575 3000 2886 3071 προεδρίαν,
2933 3001 2988 3056 in
3017 3002 3262 3059 Ecclesia
3291 3004 3540 3059 Romana
3570 3020 3681 3058 am-

422 3056 709 3101 auctorem
758 3049 1224 3120 introduxerunt,
1266 3071 1431 3126 quem
1475 3063 1567 3116 alii
1623 3060 2004 3139 Demiurgum,

425 3138 517 3168 -I::
564 3137 880 3168 1..1,1..ι...λιι.
925 3146 1198 3168 -.Α-..1.....
1232 3166 1242 3168 μ
1296 3166 1345 3168 _,,
1431 3167 1438 3168 ,
1530 3153 1567 3168 λ

2169 3049 2181 3064 .
2365 3049 2401 3050 η
2431 3049 2440 3050 κ
2583 3049 2886 3071 ε-,γ-ηι---π
3017 3049 3262 3059 --ν-ν---
3292 3049 3540 3059 --ν-------
3570 3049 3651 3058 ----

2120 3088 2257 3143 biret
2304 3089 2543 3146 Marcion
2573 3134 2589 3160 ,
2632 3094 2903 3149 incertum
2949 3096 3194 3150 omnino.
3227 3095 3343 3151 Nisi
3384 3098 3525 3153 forte
3570 3097 3682 3167 jam

422 3138 518 3193 alii
556 3137 883 3197 Jaldabaoth
925 3146 1245 3216 vocabant;
1286 3166 1478 3207 omnes
1530 3153 1699 3211 Deum
1728 3137 1874 3227 esse,
1908 3178 2007 3219 suo

422 3230 608 3295 modo,
661 3232 956 3298 dicebant,
988 3245 1099 3292 tam
1140 3241 1284 3308 quod
1328 3245 1525 3314 sapius
1565 3261 1634 3301 eo
1668 3253 1893 3309 nomine
1917 3270 2009 3310 ve-

420 3318 539 3373 niat
568 3320 624 3374 in
673 3320 858 3378 Veteri
915 3324 1303 3396 Testamento,
1358 3344 1471 3389 tum
1510 3340 1654 3406 quod
1688 3357 2005 3413 supremum

418 3410 522 3464 sibi
563 3412 617 3467 in
657 3430 749 3470 res
806 3417 1094 3476 inferiores
1171 3425 1504 3485 vindicasset
1553 3410 1864 3504 imperium.
1935 3444 2007 3498 At

418 3515 610 3558 verum
647 3505 840 3571 Deum,
873 3511 976 3566 nisi
1043 3513 1097 3568 in
1141 3528 1388 3585 apertam
1451 3523 1724 3580 insaniam
1762 3532 2003 3602 prolapsi

420 3593 643 3648 insitam
680 3600 1005 3657 mortalibus
1049 3607 1307 3664 omnibus
1351 3611 1659 3672 divinitatis
1685 3593 1861 3675 ideam
1902 3593 2003 3679 cx-

416 3685 763 3753 stinxissent,
790 3689 946 3746 fateri
984 3710 1093 3750 non
1133 3708 1404 3766 poterant,
1450 3722 1518 3760 ex
1564 3723 1673 3778 quo
1723 3724 1999 3781 creatum,

416 3791 682 3834 asumma
720 3782 830 3837 Deo
871 3784 1220 3854 debellatum,
1275 3803 1331 3847 et
1385 3796 1613 3867 imperio
1638 3845 1657 3869 ,
1692 3807 1837 3874 quod
1894 3810 1999 3864 sibi

417 3869 561 3924 male
599 3885 979 3943 usurpaverat,
1016 3883 1371 3939 exturbatum
1418 3903 1539 3945 esse
1567 3894 1806 3952 aiebant.
1852 3901 1996 3956 Idem

414 3957 585 4026 igitur
624 3975 684 4015 re
711 3960 812 4016 fuit
837 3964 1049 4022 Simoni
1089 3978 1145 4023 et
1180 3970 1421 4027 Cerdonis
1457 3980 1644 4033 mundi
1674 3981 2005 4055 fabricator,

413 4046 654 4118 Angelus
712 4053 1009 4123 videlicet,
1058 4059 1213 4129 isque
1254 4062 1473 4134 iniquus
1525 4084 1592 4125 ac
1644 4046 1995 4142 tyrannidem

411 4154 715 4211 exercens;
740 4145 881 4201 idem
910 4165 1156 4208 summus
1196 4154 1338 4211 Deus
1380 4169 1433 4212 et
1455 4160 1617 4217 Pater
1640 4203 1655 4228 ,
1683 4168 1775 4235 qui
1825 4185 1998 4239 usque

410 4233 480 4288 ad
526 4232 731 4289 Christi
771 4236 981 4294 Domini
1037 4253 1280 4315 tempora
1311 4250 1529 4318 ignotus
1564 4232 1847 4317 manserit.
1882 4232 1996 4316 Ea-

410 4323 533 4379 dem
565 4327 793 4394 proinde
837 4330 1080 4398 ejusdem
1122 4339 1441 4407 hypothesis
1475 4352 1843 4415 consectaria,
1888 4355 1997 4409 sci-

409 4412 540 4470 licet
572 4417 938 4487 rejectaneam
967 4423 1225 4501 [LXVIII]
1256 4446 1380 4486 esse
1412 4444 1654 4491 veterem
1691 4412 1889 4510 legem,
1933 4458 1991 4503 ut
2024 4456 2067 4511 D

408 4516 439 4554 a
477 4518 610 4560 vero
638 4507 744 4562 Deo
786 4511 1059 4581 alienam;
1118 4528 1457 4576 mortuorum
1517 4507 1985 4591 resurrectionem

408 4593 611 4650 nullam
669 4614 824 4669 esse;
877 4606 1159 4663 Christum
1209 4609 1394 4667 Maria:
1433 4616 1631 4673 Filium
1674 4639 1780 4678 non
1845 4641 1985 4692 esse,

404 4686 502 4738 sed
552 4694 809 4748 ementita
865 4700 1049 4754 carnis
1089 4703 1275 4770 specie
1334 4710 1594 4765 vestitum
1643 4727 1676 4767 e
1708 4717 1851 4773 coelo
1890 4722 1988 4776 de-

404 4778 709 4846 scendisse,
750 4798 807 4840 ut
851 4793 1039 4845 mundi
1083 4794 1295 4864 opificis
1334 4799 1629 4870 imperium
1678 4822 1743 4862 ac
1796 4820 1987 4882 tyran-

404 4868 584 4923 nidem
625 4885 913 4933 everteret.
969 4883 1100 4950 Quae
1146 4868 1660 4964 dogmata—utrique
1700 4916 1767 4954 ex
1806 4868 1969 4972 aaquo

404 4964 651 5019 tribuunt
680 4983 958 5026 auctores.

936 5066 1000 5121 Χ.
1050 5069 1124 5124 De
1152 5073 1449 5135 Marciane.

474 5145 599 5208 135.
632 5151 909 5222 Quotquot
934 5176 997 5212 ex
1035 5164 1277 5233 antiquis
1319 5170 1613 5230 Marcionis
1655 5182 1978 5247 meminere.

399 5255 524 5295 eum
552 5253 609 5296 et
648 5245 917 5304 Cerdonis
972 5254 1295 5324 discipulum
1354 5280 1415 5320 ac
1469 5284 1884 5341 successorem,
1926 5288 1981 5332 et

397 5329 682 5389 Ponticum
748 5355 949 5409 genere
997 5346 1167 5403 fuisse
1220 5354 1463 5409 tradunt.
1534 5362 1701 5416 Addit
1739 5329 1979 5437 Epipha-

2110 3177 2253 3233 inter
2277 3180 2511 3235 clericos
2538 3184 2808 3249 ascriptus
2834 3224 2849 3247 ,
2907 3200 3169 3255 reutnque
3232 3202 3292 3241 se
3337 3191 3511 3259 stupri
3550 3204 3678 3258 pra:-

2109 3270 2281 3325 iracte
2313 3288 2541 3343 negans,
2593 3274 2660 3327 ad
2694 3276 2931 3343 primum
2982 3278 3126 3332 inter
3173 3279 3413 3349 mquales
3456 3281 3679 3349 gradum

2106 3364 2396 3432 aspiraret.
2438 3364 2622 3434 Neque
2678 3368 2824 3420 enim
2873 3367 3154 3435 probabile
3212 3378 3349 3435 est,
3404 3371 3677 3424 hominem

2106 3464 2391 3508 externum
2422 3495 2436 3519 ,
2464 3456 2664 3524 vixque
2692 3467 2900 3521 notum,
2946 3459 3118 3514 sacris
3165 3462 3420 3516 omnibus
3458 3460 3674 3515 interdi-

2104 3552 2280 3611 ctum,
2316 3560 2378 3598 ac
2413 3546 2638 3614 proinde
2667 3550 2819 3615 gravi
2859 3547 3050 3602 saltem
3102 3552 3403 3618 perpetrati
3435 3552 3676 3607 criminis

2105 3634 2426 3703 suspicione
2452 3637 2823 3705 laborantem,
2853 3643 2989 3697 adeo
3021 3643 3347 3712 desipuisse,
3377 3654 3436 3698 ut
3474 3645 3538 3698 ad
3564 3646 3674 3711 epi-

2107 3734 2386 3793 scopatum
2443 3728 2617 3797 ipsum
2655 3731 2897 3786 animum
2947 3733 3234 3802 adjiceret.
3281 3732 3411 3789 Vult
3460 3735 3673 3804 quidem

2104 3812 2334 3884 Optatus
2349 3815 2755 3875 Milevitanus"
2776 3820 3110 3877 Marcionem
3144 3840 3210 3878 ex
3243 3825 3500 3895 episcOpo
3544 3843 3670 3896 apo-

2104 3916 2304 3959 statam
2343 3907 2583 3975 laetum;
2614 3911 2708 3965 Sed
2754 3911 2849 3981 qui
2907 3913 3198 3985 episcOpus
3232 3914 3277 3969 is
3327 3931 3450 3970 esse
3478 3917 3667 3987 potuit,

2102 3996 2195 4065 qui
2219 3996 2521 4053 solitariam
2550 4001 2716 4054 vitam
2748 4018 2918 4070 usque
2946 4004 3014 4057 ad
3037 4003 3251 4074 lapsum
3278 4007 3432 4073 egit?

2172 4088 2295 4143 156.
2337 4089 2555 4145 Certum
2593 4102 2675 4146 est
2705 4092 3208 4159 Marcionem,cum
3234 4096 3466 4151 Rutulam
3503 4096 3669 4162 venit,

2100 4180 2367 4236 catholica
2417 4183 2522 4238 fide
2578 4187 2818 4240 nondum
2892 4188 3187 4243 excidisse.
3224 4189 3279 4243 Id
3330 4206 3396 4244 ex
3450 4192 3516 4245 iis
3552 4206 3669 4259 qua:

2100 4272 2261 4327 modo
2282 4288 2349 4327 ex
2386 4273 2691 4343 Epiphanio
2720 4277 2959 4333 diximus
3006 4279 3215 4350 liquido
3246 4292 3437 4349 patet;
3472 4283 3671 4337 clarius

2101 4362 2277 4417 adhuc
2305 4379 2371 4418 ex
2411 4365 2750 4421 Tertulliano
2772 4369 2841 4434 ²⁰,
2871 4370 2963 4440 qui
3000 4370 3207 4426 diserte
3233 4372 3457 4435 asserit,
3486 4373 3541 4425 in
3575 4387 3665 4424 ca-

2099 4451 2355 4506 tholicam
2375 4456 2546 4524 primo
2575 4458 2875 4512 doctrinam
2899 4461 3185 4515 credidisse
3210 4464 3351 4530 apud
3379 4462 3668 4515 Ecclesium

2099 4543 2506 4601 llomauensem.
2535 4547 2659 4605 Non
2699 4553 2981 4622 negabunt,
3010 4555 3087 4606 ait
3118 4554 3245 4608 alibi
3277 4556 3321 4585 ²¹
3352 4595 3367 4620 ,
3418 4554 3665 4623 discipuli

2096 4633 2235 4701 ejus,
2260 4636 2490 4701 primum
2521 4637 2601 4690 illi
2620 4638 2780 4706 ﬁdem
2809 4641 3081 4696 nobiscum
3107 4643 3292 4712 fuisse,
3318 4646 3486 4713 ipsius
3529 4644 3666 4697 liue-

2098 4724 2170 4774 ris
2193 4725 2410 4779 testibus
2443 4742 2461 4780 :
2493 4728 2687 4783 uthinc
2712 4730 2821 4793 iant
2863 4732 3122 4786 destinari
3168 4736 3335 4804 possit
3361 4739 3659 4801 hwreticus,

2092 4816 2185 4883 qui
2210 4818 2416 4873 deserto
2439 4828 2578 4890 quod
2601 4824 2748 4891 prius
2771 4824 2973 4894 fuerat,
2998 4828 3050 4879 id
3091 4838 3270 4896 postea
3300 4830 3403 4884 sibi
3427 4831 3661 4900 elegerit,

2090 4911 2231 4977 quod
2263 4920 2401 4966 retro
2423 4930 2526 4968 non
2553 4926 2688 4971 erat.
2725 4917 3099 4975 Desertionem
3138 4933 3320 4977 autem
3348 4927 3488 4981 hanc
3523 4927 3660 4980 acci-

2090 5003 2235 5059 disse
2284 5017 2543 5074 constat,
2597 5020 2707 5064 tum
2751 5027 2872 5067 cum
2921 5030 2950 5067 a
3004 5019 3346 5088 presbyteris
3396 5018 3659 5073 Romanis

2094 5096 2362 5165 repulsam
2402 5115 2616 5168 passus,
2659 5105 2724 5157 ad
2755 5104 3081 5173 Cerdonem,
3127 5122 3254 5165 tunc
3289 5111 3475 5166 Romae
3511 5128 3658 5167 com-

2090 5200 2416 5257 morantem,
2453 5193 2716 5266 confugit.
2755 5196 2943 5267 Neque
2975 5203 3120 5257 enim
3156 5204 3260 5258 ulla
3308 5205 3520 5261 ratione
3565 5207 3659 5260 de-

2090 5280 2234 5334 fendi
2270 5297 2429 5350 posse
2483 5295 2613 5355 puto
2665 5290 2810 5357 quod
2846 5291 3195 5348 doctissimus
3234 5295 3449 5365 conjicit
3502 5299 3656 5353 Peta-

2089 5371 2210 5424 vius
2232 5373 2278 5404 “
2303 5413 2319 5438 ,
2353 5374 2461 5427 duo
2490 5376 2869 5448 distinguenda
2899 5396 3024 5437 esse
3050 5382 3343 5438 Marcionis
3376 5396 3614 5454 tempora
3638 5399 3655 5436 :

471 5494 767 5609 ἓἹΕςξριέοτ
796 5502 1548 5609 ἐξέξὶῑ.ιιὲ1,⁴δ.1¹¹Ξ¹Ε1ιιί¹11ίιειξὲ
1581 5536 1704 5589 cap.
1731 5524 1832 5590 4.5;
1866 5526 2033 5609 hem,
2066 5528 2158 5609 lib.
2193 5546 2318 5609 t,_c.
2351 5532 2445 5609 I7,
2475 5551 2537 5609 _n.
2570 5538 2631 5597 I;
2665 5537 2760 5591 lib.
2795 5555 2877 5604 tn,
2909 5557 2960 5595 c.
2995 5541 3049 5605 4,
3088 5559 3141 5598 n.
3179 5543 3242 5605 5;
3278 5543 3420 5597 Idem
3450 5585 3467 5609 ,
3490 5544 3581 5598 lib.
3616 5561 3651 5607 I,

396 5579 448 5640 ς.
466 5564 569 5640 _‘27,
594 5564 721 5640 full
748 5587 765 5634 ;
795 5571 990 5640 Epiplt.

398 5632 426 5700 ς
462 5634 510 5686 ι.
634 5632 766 5693 ιιι..
801 5632 857 5705 v',
888 5632 939 5699 ὁ.
971 5632 1061 5700 13’.

1158 5651 1199 5723 1⁷
1238 5653 1312 5707 De
1343 5670 1562 5723 ιρι-ωδε..
1594 5651 1643 5714 e.
1678 5663 1766 5718 5t).

397 5718 612 5771 praesa,
648 5725 699 5764 c.
726 5710 817 5765 '50.

899 5714 941 5745 ²¹
969 5715 1072 5784 ιιι,
1109 5720 1202 5775 lib.
1262 5740 1277 5776 ι
1336 5714 1483 5782 cont.
1519 5714 1712 5797 hiare,
1831 5737 1881 5794 I.

1023 5576 1050 5647 §
1085 5576 1145 5644 1';
1181 5581 1436 5643 Tertull.,
1473 5576 1547 5643 De
1598 5576 2033 5665 pt:arsc.,'c—.—

1023 5650 1061 5700 5.
1111 5651 1199 5741 “:7
1238 5653 1312 5741 De
1343 5670 1565 5741 pineae;2
1594 5679 1643 5714 e.
1678 5663 1766 5718 50.
1836 5668 1893 5741 _“’
1924 5668 2033 5739 Ερίι

2120 5576 2590 5668 ῐιὶ»‹’›ῖι‹ἷιτεὶ.ζίει›’.ἰζ
2606 5576 2769 5671 é.'2'i';
2792 5576 2960 5681 Χὶἶκῗξ
2974 5576 3242 5668 ιζῖἑτῗὲιῗ
3278 5576 3651 5676 ﬂuenta:

2128 5712 2141 5735 ,
2177 5670 2204 5741 ς
2238 5673 2288 5726 1.
2369 5676 2412 5706 ¹⁹
2445 5675 2502 5729 L.
2539 5692 2622 5741 III,
2651 5695 2710 5741 ι).
2742 5679 2831 5741 79,
2857 5684 2989 5738 edit.
3024 5682 3197 5738 Paris.
3260 5686 3417 5741 1651.
3496 5685 3542 5717 ’⁸
3578 5686 3651 5739 De

2369 5676 2412 5706 ’”
2445 5675 2502 5729 L.
2539 5692 2622 5742 III,
2651 5695 2710 5748 ι).
2742 5679 2831 5743 79.
2857 5675 2989 5738 edit.
3024 5682 3197 5738 Paris.
3260 5686 3417 5741 1651.
3496 5685 3542 5717 ’⁸
3578 5686 3657 5739 De

1984 5741 2028 5771 ³³
2060 5741 2114 5795 In
2144 5743 2428 5800 Animadv.
2467 5748 2534 5802 ad
2566 5741 2699 5804 hac}.
2748 5741 2899 5815 xm,
2932 5762 2971 5807 t.
2997 5751 3037 5807 II
3094 5755 3367 5826 Epiphan.
