3954 6352
212 358 317 415 153

924 356 1382 414 DISSERTATIO
1415 359 1456 426 Ι,
1491 357 1658 418 ART.
1694 359 1786 427 Ill,
1825 360 1913 416 DE
1951 360 2323 417 VALENTINI
2361 362 2759 422 MAGISTRIS.

3360 359 3466 415 ιε).

206 487 278 530 tta
318 485 372 530 ut
392 479 497 533 sub
534 478 787 535 Adriano
826 479 1058 549 primum
1087 481 1139 535 in
1173 481 1348 538 Ponto
1396 492 1451 538 et
1484 483 1612 539 Asia
1642 484 1782 539 dun-
1810 485 1859 545 Δ
1885 482 2185 553 ctrinajam
2199 483 2320 555 plus
2334 486 2749 553 satisimbutus,
2770 485 2898 541 inde
2913 483 3234 539 discessisse
3248 481 3468 536 videtur

206 577 346 622 taxat
385 568 665 624 nefarium
704 571 899 642 dogma
956 574 1341 638 pradicaverit
1379 592 1393 628 :
1428 585 1614 645 postea
1651 592 1782 633 vero

203 665 299 717 sub
317 664 601 718 Antonino
620 666 856 735 majores
880 667 1102 722 trahens
1128 669 1373 737 spiritus,
1404 670 1785 727 vehementius

202 758 252 811 in
288 757 512 811 eosdem
564 759 690 812 illos
745 774 966 814 errores
1018 762 1247 828 coeperit
1289 762 1629 818 incumbere.
1680 764 1782 831 Qui

200 849 413 902 enimio
456 848 640 904 Ponto
677 861 733 904 et
752 851 880 905 Asia
912 851 1182 905 nefarium
1229 852 1425 922 dogma
1480 854 1785 923 praedicare

198 940 435 1008 potuerit
467 941 576 993 sub
616 942 896 1005 Adriano,
936 957 1099 1010 quem
1139 957 1170 996 e
1227 941 1400 998 Ponto
1450 945 1783 1000 catholicum

198 1032 499 1102 profectum
531 1032 818 1088 Antonino
866 1034 1191 1101 imperante,
1219 1035 1406 1090 Romae
1449 1038 1783 1092 catholicum

195 1124 513 1192 aliquandiu
574 1124 784 1179 vixisse
820 1135 1072 1179 asserunt
1102 1124 1478 1182 Tertullianus
1499 1128 1545 1159 ’⁸
1571 1137 1625 1184 et
1655 1127 1786 1197 Epi-

196 1215 450 1282 phanius,
497 1233 609 1271 non
675 1218 876 1272 video:
934 1218 1115 1273 minus
1177 1220 1356 1274 adhuc
1404 1235 1512 1287 qua
1572 1220 1785 1275 ratione

198 1308 576 1363 Tertullianus
634 1308 966 1364 Marcionem
1024 1310 1143 1380 plus
1188 1312 1354 1366 semel
1417 1314 1785 1367 Antonianum

195 1402 522 1457 ltzereticum
577 1404 878 1473 appellare,
910 1416 965 1460 et
1009 1406 1109 1460 sub
1162 1407 1426 1461 Antonini
1475 1408 1785 1478 principatu

196 1495 494 1549 emersisse
530 1504 642 1548 tam
699 1496 1041 1552 conﬁdenter
1092 1497 1365 1551 allirmarc
1395 1499 1658 1567 potuerit,
1692 1498 1786 1567 qui

198 1585 401 1639 dudum
451 1596 614 1640 antea
663 1587 765 1641 sub
790 1589 1031 1642 Adriano
1057 1590 1375 1657 prodiisset.
1407 1590 1608 1645 Deinde
1662 1590 1785 1659 qui-

197 1692 416 1746 cunque
455 1677 624 1732 feree
666 1681 946 1735 veteribus
975 1680 1271 1735 Marcionis
1318 1683 1648 1737 mentionem
1698 1685 1784 1737 in—

190 1769 471 1837 jecerunt,
510 1771 657 1824 hunc
710 1770 980 1826 Cerdonis
1032 1781 1087 1827 et
1124 1771 1448 1840 discipulum
1479 1781 1533 1825 et
1571 1788 1789 1827 succes-

196 1877 385 1917 sorem
426 1865 711 1918 exstitisse
758 1873 1112 1929 asseverant;
1169 1863 1314 1933 quod
1360 1862 1611 1931 profecto
1641 1877 1787 1917 Stare

194 1973 309 2011 non
336 1966 520 2026 potest
554 1972 677 2011 cum
714 1957 920 2011 Petavii
962 1956 1289 2028 hypothesi;
1342 1972 1468 2009 nam
1508 1971 1572 2011 ex
1623 1973 1786 2026 snpe-

194 2052 317 2105 rius
353 2051 524 2105 dictis
573 2063 781 2106 certum
810 2060 929 2115 est,
958 2051 1263 2106 Cerdonem
1297 2065 1327 2104 e
1359 2049 1582 2104 latebris
1636 2051 1790 2119 prius

194 2154 372 2213 caput
416 2159 524 2197 non
554 2142 831 2207 estulisse,
877 2158 1037 2212 quam
1076 2140 1305 2194 Romam
1337 2141 1645 2195 advenisset
1680 2142 1789 2210 lly-

193 2238 335 2306 εἰηο
367 2235 693 2296 Ecclesiam,
735 2236 1015 2289 Antonino
1053 2236 1151 2291 Pio
1212 2236 1497 2305 imperium
1540 2243 1786 2303 regente.

196 2326 301 2384 Vel
338 2343 471 2395 ergo
507 2339 751 2382 veterum
783 2330 1056 2393 omnium,
1119 2328 1265 2382 nulla
1310 2329 1567 2397 adigente
1596 2342 1791 2382 neces-

194 2423 396 2481 sitate,
428 2421 689 2473 elevanda
738 2418 915 2483 ﬁdes;
957 2421 1041 2474 vel
1099 2420 1415 2485 dicendum,
1453 2419 1791 2475 Marcionem

195 2529 228 2567 ι
265 2512 545 2567 catholica
583 2512 686 2566 ﬁde
711 2513 864 2581 prius
902 2528 1007 2567 non
1047 2512 1330 2571 defecisse.
1353 2527 1514 2580 quam
1546 2527 1793 2565 commu-

196 2606 394 2660 uionis
416 2619 516 2673 spe
546 2604 791 2674 dejectns
843 2603 1145 2658 Cerdonem
1200 2602 1384 2657 Roma:
1429 2612 1484 2657 et
1520 2603 1705 2655 videre
1738 2612 1795 2657 et

196 2699 406 2753 audire
442 2698 705 2767 potuerit.
739 2695 852 2751 Nec
892 2697 1201 2766 quempiam
1254 2695 1457 2749 morari
1489 2695 1651 2748 debet
1684 2709 1790 2748 una

201 2791 496 2845 Pbilastrii
526 2791 572 2823 ’⁵
619 2791 949 2854 auctoritas,
987 2791 1079 2859 qui
1134 2788 1468 2844 Marcionem
1511 2802 1540 2841 a
1578 2785 1793 2842 Joanne

200 2884 257 2937 in
279 2882 418 2936 Asia
473 2882 765 2945 devictum,
819 2881 1035 2951 Epheso
1077 2880 1298 2949 pulsum
1364 2895 1487 2935 esse
1540 2880 1792 2934 scribit:

203 2985 319 3028 tam
370 2974 681 3028 immaniter
714 2973 898 3041 lapsus
919 2982 1031 3034 est.
1074 2983 1131 3025 ιιι
1171 2972 1329 3039 hujus
1365 2974 1655 3027 sententiae
1685 2971 1795 3026 cal-

194 3065 391 3121 culum
424 3063 663 3132 adjicere
704 3063 943 3119 voluisse
970 3062 1249 3117 Petavium
1297 3078 1405 3117 non
1436 3072 1641 3131 putem.
1670 3060 1790 3116 Non

1880 578 2069 635 eodem
2106 593 2253 634 anno
2288 578 2413 645 “2,
2446 580 2531 634 vel
2566 577 2837 648 sequenti,
2870 584 2930 632 ut
2970 577 3279 648 provincias
3341 594 3464 647 per-

1881 679 2114 743 agraret.
2162 668 2299 725 Nam
2327 671 2519 727 scribit
2558 670 2923 743 Hieronymus
2965 672 3044 734 “,
3094 668 3461 733 Marciunem,

1880 778 2007 819 cum
2040 765 2141 818 iter
2165 762 2395 819 Romam
2421 776 2779 834 suscepturus
2803 771 2968 824 esset,
3000 761 3127 817 illuc
3148 761 3468 831 prcemisisse

1882 858 2187 923 mulierem,
2226 874 2341 930 qua:
2373 858 2706 927 decipiendos
2740 855 2842 909 sibi
2879 856 3083 909 animos
3109 864 3468 923 prtepararet;

1885 948 2029 1016 quod
2070 962 2192 1001 cum
2234 956 2383 1001 certe
2412 946 2480 1001 de
2511 945 2685 1017 prima
2728 945 2973 1015 ejusdem
3025 942 3472 1013 peregrinatione

1887 1039 2112 1110 intelligi
2130 1055 2239 1095 non
2258 1041 2446 1109 possit,
2462 1040 2527 1093 ad
2546 1040 2841 1094 secundam
2857 1038 3097 1105 aliquam
3127 1033 3469 1089 referendum

1886 1142 1988 1193 est.
2028 1148 2133 1202 qua
2158 1132 2388 1187 Romam
2431 1116 2683 1187 reversus
2715 1132 2809 1195 sit,
2861 1130 3191 1185 utibilatins
3227 1140 3470 1182 errorem

1888 1222 2098 1297 [LXIX]
2156 1224 2573 1287 disseminaret,
2626 1239 2786 1294 quem
2843 1222 2897 1275 in
2953 1221 3123 1291 prima
3180 1219 3316 1272 satis
3374 1232 3473 1285 pro

1889 1315 2029 1370 votis
2055 1315 2354 1385 praedicare
2375 1332 2480 1370 non
2509 1323 2781 1383 potuerat.
2810 1314 2873 1368 Et
2902 1312 2954 1367 in
2979 1310 3288 1366 secundum
3316 1307 3470 1360 illum

1888 1405 2181 1460 Marcionis
2240 1406 2292 1459 in
2321 1405 2517 1463 Urbem
2569 1404 2888 1466 adventum,
2923 1418 3032 1471 quo
3060 1400 3174 1469 jam
3229 1398 3475 1467 apertius

1890 1498 2088 1555 ibidem
2135 1500 2356 1568 prodire
2414 1500 2582 1567 coepit
2629 1496 2745 1565 ejus
2792 1510 2972 1557 error,
3014 1505 3293 1560 utcunque
3330 1504 3473 1559 qua-

1890 1593 2047 1648 drare
2076 1602 2254 1663 potest
2297 1592 2441 1662 quod
2475 1593 2554 1645 ait
2611 1591 2982 1646 Tertulliauus
3008 1588 3050 1619 ’⁷
3083 1602 3097 1641 :
3134 1586 3177 1639 A
3255 1582 3472 1639 Tiberio

1890 1702 2052 1754 usque
2085 1685 2153 1739 ad
2201 1686 2527 1740 Antoninum
2578 1684 2704 1736 anni
2757 1682 2867 1752 fere
2933 1696 3061 1743 cxv,
3099 1688 3148 1732 et
3192 1679 3476 1731 dimidium

1892 1780 2017 1832 anni
2062 1796 2179 1832 cum
2237 1780 2460 1832 dimidio
2529 1777 2772 1831 mensis:
2826 1774 3155 1829 tantumdem
3224 1770 3477 1839 temporis

1890 1883 2084 1941 ponunt
2106 1873 2244 1925 inter
2270 1870 2541 1925 Christum
2569 1881 2615 1924 et
2650 1868 2982 1923 Marcionem
3257 1864 3347 1934 qui
3381 1866 3476 1917 sub

1891 1964 2154 2017 Antonino
2178 1967 2405 2032 primum
2436 1964 2714 2027 processit.
2752 1962 2852 2028 Qui
2881 1978 2908 2014 a
2936 1958 3166 2013 Tiberio
3208 1971 3384 2025 usque
3408 1954 3475 2009 atl

1890 2056 2221 2109 Antoninum
2255 2070 2429 2107 annos
2463 2065 2671 2108 tantum
2714 2054 2814 2108 115
2874 2051 3246 2107 numeraverit
3299 2047 3482 2117 Septi-

1892 2146 2056 2209 mius,
2104 2146 2245 2199 baud
2284 2142 2441 2199 facile
2493 2144 2764 2197 divinabit
2817 2146 3135 2213 quisquam,
3187 2142 3291 2195 nisi
3340 2140 3482 2195 forte

1892 2236 2096 2291 Tiberii
2140 2235 2428 2304 imperium
2466 2233 2718 2300 pluribus
2756 2235 2917 2289 annis
2966 2234 3358 2289 decurtaverit.
3420 2232 3480 2287 Si

1895 2339 2073 2384 tamen
2119 2327 2187 2382 ab
2235 2340 2380 2379 anno
2435 2324 2648 2379 decimo
2680 2326 2876 2393 quittto
2930 2325 3149 2393 imperii
3201 2327 3341 2395 ejus,
3375 2341 3482 2393 quo

1892 2421 2145 2477 Christus
2188 2418 2368 2487 palam
2399 2416 2600 2472 docere
2632 2417 2823 2485 coepit,
2883 2432 3178 2471 numerare
3224 2417 3482 2481 velimus;

1894 2529 2002 2567 non
2026 2510 2251 2563 multum
2291 2508 2523 2562 decedet
2560 2508 2626 2562 de
2665 2524 2877 2562 summa
2908 2507 3031 2571 115,
3066 2516 3301 2577 tuncque
3336 2507 3483 2562 Mar-

1893 2605 2105 2659 cionetn
2142 2601 2369 2655 Romam
2415 2616 2536 2655 esse
2568 2615 2851 2655 reversum
2879 2639 2894 2663 ,
2945 2611 3000 2654 et
3042 2600 3243 2654 bellum
3296 2610 3486 2670 aperte

1894 2711 2017 2751 cum
2043 2692 2287 2748 Ecclesia
2338 2692 2582 2747 Romana
2614 2708 2808 2763 gerere
2852 2692 3111 2760 coepisse,
3147 2690 3283 2746 nihil
3321 2707 3487 2761 repu-

1894 2799 2042 2859 gnaL

1965 2882 2091 2937 157.
2142 2879 2217 2936 Ut
2262 2889 2320 2934 ut
2366 2880 2461 2946 sit,
2493 2893 2562 2932 ex
2598 2878 2866 2932 hactenus
2917 2876 3080 2931 dictis
3132 2876 3483 2945 perspicuum

1895 2985 1981 3033 est
2012 2975 2123 3029 falli
2156 2982 2439 3026 auctorem
2490 2969 2764 3025 Carminis
2793 2977 2990 3024 contra
3042 2966 3376 3022 Marcionem
3416 2968 3484 3031 ",

1897 3072 2025 3126 dum
2079 3067 2280 3123 asserit
2325 3066 2468 3118 hunc
2496 3064 2597 3118 sub
2645 3062 2880 3117 Aniceto
2932 3060 3197 3131 pontiﬁce
3250 3060 3487 3115 Romam

194 3156 465 3211 ωοηῢοι·
499 3154 662 3210 Ellam
707 3155 1041 3210 Clementem
1076 3153 1504 3208 Alexandrinum
1534 3156 1603 3221 ’⁸,
1635 3156 1791 3224 cuius
1821 3181 1863 3237 α
1898 3164 2138 3233 primum
2175 3159 2395 3215 venisse
2424 3166 2478 3212 et
2517 3157 2842 3212 innotuisse.
2905 3155 3116 3209 Dudum
3168 3163 3322 3209 certe
3367 3150 3484 3219 jam

206 3247 378 3300 verba
421 3244 750 3300 Marcionem
802 3260 908 3299 non
952 3247 1114 3299 modo
1169 3245 1438 3308 Basilidi,
1480 3245 1574 3299 sed
1625 3246 1791 3300 etiam

205 3336 423 3393 Simoni
484 3334 639 3406 Mago
672 3345 833 3390 aetate
889 3336 1169 3404 prmivisse
1216 3352 1327 3405 prte
1366 3351 1428 3392 se
1477 3337 1681 3394 lerunt.
1735 3337 1793 3393 ln

206 3428 325 3485 haec
352 3428 579 3497 quidem
609 3428 931 3495 explicanda
958 3427 1225 3482 desudant
1247 3429 1448 3484 eruditi
1476 3470 1492 3496 ,
1537 3430 1631 3485 sed
1682 3429 1799 3485 fru-

204 3531 319 3579 stra
351 3541 367 3577 :
398 3537 533 3575 mss.
568 3520 817 3575 codicum
868 3536 972 3590 ope
1010 3522 1255 3575 sananda
1308 3531 1457 3585 sunt,
1488 3538 1593 3576 non
1616 3523 1795 3591 expli-

206 3616 404 3673 unda.
460 3614 613 3669 Unus
642 3614 890 3669 Justinus
928 3623 1136 3684 martyr
1169 3615 1597 3668 eruditissimum
1638 3614 1797 3671 Peta-

208 3708 354 3761 vium
377 3707 433 3759 in
459 3721 556 3760 eas
587 3706 846 3775 ambages
886 3705 1120 3773 coniecit
1149 3722 1165 3759 :
1192 3705 1327 3760 alios
1373 3706 1593 3761 Petavio
1618 3708 1798 3765 minus

207 3797 411 3867 peritos
460 3794 741 3866 conjicere
797 3805 1001 3865 potest.
1087 3796 1183 3852 llle
1229 3797 1374 3850 enim
1432 3797 1484 3851 in
1536 3796 1795 3869 Apologia

208 3890 376 3960 priori
408 3887 613 3942 nedum
643 3886 939 3943 Marcionis
972 3888 1240 3954 meminit,
1273 3888 1365 3942 sed
1390 3899 1443 3942 et
1466 3885 1590 3955 ejus
1625 3889 1796 3943 barre-

207 3984 306 4037 sim
322 3981 436 4049 jam
473 3982 634 4050 longe
658 3979 881 4048 lateque
936 3987 1291 4049 propagatam
1344 3995 1467 4035 esse
1512 3980 1792 4050 supponit.

209 4078 275 4129 At
332 4091 440 4127 non
489 4074 627 4127 adeo
682 4074 903 4141 premit.
939 4071 1049 4127 imo
1109 4066 1327 4141 penitus
1385 4073 1668 4127 evanescit
1731 4088 1794 4127 ea

211 4167 516 4233 diiﬁcultas,
578 4167 623 4220 si
671 4166 916 4219 dicamus
942 4206 958 4231 ,
997 4165 1138 4234 quod
1171 4166 1236 4219 de
1295 4164 1586 4219 Valentino
1629 4165 1797 4220 disse-

213 4268 391 4314 rentes
425 4256 664 4327 probare
690 4257 872 4310 conati
913 4271 1117 4317 sumus.
1143 4256 1406 4324 scriptam
1443 4257 1584 4310 hanc
1645 4253 1790 4323 Apo-

214 4353 399 4422 logiam
433 4352 607 4406 fuisse
636 4351 861 4405 circiter
900 4367 1100 4405 annum
1136 4347 1405 4419 reparatae
1447 4349 1642 4405 salutis
1668 4349 1789 4414 145,

212 4446 466 4501 Antonini
512 4460 643 4498 vero
672 4443 751 4497 Pii
785 4441 839 4497 8.
868 4442 1252 4510 Quinquenniu
1289 4442 1498 4497 tardius
1520 4444 1787 4510 scriptam

1899 3255 2239 3311 innotuerat.
2282 3249 2393 3319 qui.
2439 3246 2647 3302 Irenaeo
2695 3256 2835 3302 teste
2859 3250 2925 3311 ",
2980 3247 3081 3301 sub
3115 3261 3182 3301 eo
3220 3245 3483 3316 pontitice

1896 3343 2146 3409 invaluit,
2195 3342 2246 3396 id
2279 3351 2363 3396 est
2408 3354 2682 3393 summum
2732 3340 2993 3409 nequitia:
3032 3338 3293 3393 verticem
3344 3339 3479 3392 adc-

1897 3447 2027 3508 ptus
2058 3447 2164 3490 est.
2208 3434 2375 3502 ldque
2421 3435 2629 3504 liquido
2665 3434 2866 3504 probat
2921 3433 2973 3487 id
3013 3435 3158 3501 quod
3192 3432 3339 3487 idem
3371 3430 3485 3484 lre-

1899 3544 2046 3582 naeus
2070 3527 2231 3582 refert
2255 3528 2318 3590 ³⁸,
2345 3526 2753 3582 sanctissimum
2773 3537 3073 3594 martyrem
3100 3521 3483 3593 Polycarpum.

1898 3620 2084 3674 Romae
2118 3630 2230 3673 tum
2276 3620 2563 3691 degentem
2595 3636 2608 3672 :
2644 3615 2909 3671 Marciani
2955 3616 3252 3668 occurrenti
3281 3614 3403 3673 sibi.
3435 3624 3485 3667 et

1900 3713 2099 3767 dicenti
2131 3727 2149 3765 :
2176 3711 2466 3782 Cognoscis
2504 3727 2597 3764 nos
2620 3710 2646 3764 1’
2685 3708 3019 3778 respondisse
3055 3723 3075 3762 :
3114 3707 3384 3777 Cognosce
3432 3717 3484 3762 te

1896 3807 2302 3879 primogenitum
2350 3805 2611 3869 Satanw;
2647 3804 2944 3874 multosque
2969 3802 3329 3857 Marcionitas
3358 3819 3487 3857 con-

1897 3899 2116 3954 uertisse
2163 3898 2216 3951 in
2264 3896 2560 3950 Ecclesium
2596 3894 2711 3950 Dei.
2745 3894 2820 3949 Ex
2881 3896 3002 3965 ipso
3048 3908 3233 3949 autem
3279 3894 3485 3950 Irenaeo

1897 4000 2109 4046 certum
2154 3997 2257 4051 est,
2312 3986 2677 4057 Polycarpum
2712 3988 2766 4041 itt
2791 3988 2992 4042 Urbem
3039 4003 3147 4041 non
3194 3987 3486 4042 advenisse

1900 4083 2003 4138 nisi
2033 4085 2135 4137 sub
2172 4082 2432 4137 Aniceto.
2470 4079 2703 4134 Fallitur
2729 4080 2957 4149 proinde
3001 4090 3056 4134 et
3102 4079 3485 4135 Tertullianus

1899 4175 2147 4231 scribens
2182 4175 2250 4240 ³¹,
2289 4172 2635 4228 Valentinum
2669 4182 2723 4227 et
2752 4175 3109 4240 Marcionem,
3144 4192 3310 4245 neque
3349 4176 3485 4229 adeo

1897 4269 2021 4322 olim
2054 4268 2237 4337 fuisse,
2269 4267 2524 4322 Antonini
2541 4268 2650 4335 fere
2670 4269 2997 4337 principatu,
3023 4279 3070 4322 et
3089 4270 3143 4322 in
3166 4268 3485 4323 catholicam

1896 4363 2069 4433 primo
2099 4364 2396 4416 doctrinam
2428 4363 2719 4416 credidisse
2754 4363 2898 4429 apud
2937 4360 3229 4415 Ecclesiam
3287 4358 3483 4412 Itoma-

1899 4470 2139 4518 nensem;
2175 4455 2339 4508 donec
2367 4455 2462 4507 sub
2502 4455 2804 4521 episcopatu
2869 4452 3169 4507 Eleutlterii
3203 4452 3483 4516 benedicti,

213 4540 386 4593 volunt
426 4539 547 4608 ipse
581 4535 838 4591 Petavius
889 4545 944 4589 et
992 4534 1062 4590 cl.
1099 4532 1502 4589 Tillemontius.
1547 4534 1604 4588 Si
1649 4534 1786 4601 jam,

1897 4548 1959 4601 ob
1994 4548 2285 4617 inquietam
2319 4563 2518 4615 semper
2550 4563 2731 4601 eorum
2756 4548 3138 4608 curiositatem,
3166 4563 3271 4615 qua
3291 4545 3485 4610 fratres

210 4642 265 4685 ut
315 4643 532 4686 certum
589 4639 693 4693 est,
732 4628 961 4682 Romam
1010 4626 1227 4683 venerit
1263 4625 1532 4692 Marcion,
1576 4638 1792 4680 mortuo

214 4722 436 4795 Hygino,
472 4725 711 4792 sedeque
733 4732 845 4776 tum
864 4729 1113 4783 vacante,
1135 4722 1237 4775 hoc
1262 4730 1345 4774 est
1368 4735 1433 4773 ex
1455 4720 1655 4774 nostris
1702 4734 1790 4772 ra-

212 4818 466 4879 tionibus.
500 4831 645 4869 anno
680 4813 803 4876 142.
863 4814 1124 4882 brevique
1162 4822 1354 4883 postea
1413 4813 1655 4865 animum
1702 4812 1793 4863 de-

208 4912 477 4980 spondens
501 4908 771 4964 Certlonis
789 4908 1038 4962 haeresim
1063 4911 1345 4978 amplexus
1371 4907 1565 4973 fuerit;
1590 4906 1788 4960 exinde

208 5018 371 5070 usque
395 5004 469 5056 ad
498 5017 704 5055 annum
733 5000 855 5066 145,
884 5016 992 5070 quo
1018 5001 1296 5057 scribebat
1322 4999 1592 5062 Justinus,
1643 4999 1784 5053 satis

206 5110 478 5163 superque
499 5094 662 5163 spatii
699 5092 864 5147 fuerit
907 5103 963 5145 ιιι
1000 5110 1094 5161 per
1120 5111 1272 5147 omne
1294 5094 1565 5147 hominum
1596 5109 1782 5160 genus,

206 5187 504 5240 demersum
576 5185 743 5253 [retas
803 5186 1055 5250 auxilio,
1104 5186 1347 5255 plurimis
1400 5196 1591 5240 auctor
1667 5201 1786 5241 esse

206 5280 488 5345 potuerit,
543 5288 602 5331 ut
644 5277 948 5346 blaspltenta
998 5280 1277 5346 dicerent,
1326 5279 1781 5348 quemadmodum

205 5368 439 5439 loquitur
484 5368 760 5425 Justinus.
794 5369 957 5440 quue
1003 5386 1068 5425 eo
1106 5372 1342 5427 similius
1377 5387 1509 5425 vero
1546 5372 1780 5435 videtur,

206 5487 305 5543 quo
359 5475 555 5530 Romae
606 5490 716 5529 non
771 5472 865 5526 uiu
917 5481 1316 5535 commoratus,
1378 5470 1643 5527 Cerdonis
1687 5471 1786 5525 do-

268 5651 315 5682 “
358 5654 435 5709 De
469 5668 699 5720 praesa,
732 5666 786 5705 c.
824 5648 915 5714 30,
967 5657 1021 5703 et
1057 5648 1168 5720 7|.7t
1227 5656 1374 5702 cont.
1407 5646 1574 5720 Marc.
1608 5660 1658 5699 c.
1696 5645 1779 5700 l9.

205 5721 288 5783 ιδ,
361 5728 401 5776 t.
465 5720 537 5778 Ν
602 5736 733 5775 nov.
792 5721 927 5774 edit.

208 5791 259 5857 ι.
293 5810 349 5850 ιι.
380 5795 435 5848 3.
539 5791 590 5826 ³⁸
618 5793 685 5849 C.
731 5792 788 5854 5.
826 5807 885 5846 n.
920 5789 978 5847 4.
1075 5790 1117 5823 ³⁸
1153 5788 1228 5845 De
1269 5802 1465 5859 praesc.
1503 5802 1556 5843 c.
1588 5787 1678 5843 50.

1879 5644 1925 5677 ’⁸
1977 5646 2119 5698 liter.
2156 5646 2248 5700 L5.

1020 5719 1064 5751 ’⁷
1110 5719 1171 5773 ι..
1209 5735 1223 5772 ι
1278 5727 1423 5774 cont.
1473 5716 1663 5780 Mare,
1694 5732 1746 5771 c.
1779 5714 1864 5769 19.
1964 5716 2010 5746 ’⁸
2046 5715 2104 5768 L.
2140 5714 2433 5779 ttt,inftne,

1075 5790 1117 5823 ³⁸
1153 5788 1228 5845 De
1271 5802 1465 5851 praesc.
1503 5802 1556 5843 c.
1588 5787 1678 5843 50.
1776 5785 1822 5818 "
1854 5785 1973 5842 Lib.
2007 5802 2089 5851 Ill,
2122 5803 2173 5842 c.
2204 5787 2258 5851 4,
2293 5803 2348 5839 ιι.
2380 5785 2436 5842 3.

1895 4657 2099 4711 quoque
2152 4640 2430 4702 vitiabant,
2482 4639 2643 4693 semel
2692 4650 2740 4692 et
2783 4640 2975 4693 iterum
3013 4638 3185 4708 ejecti,
3236 4635 3489 4692 Marcion

1894 4731 2103 4801 quidem
2136 4748 2253 4784 cum
2295 4730 2531 4784 ducentis
2561 4731 2812 4784 sestertiis
2838 4732 2950 4783 suis
2982 4747 3099 4798 quat
3130 4728 3385 4782 Ecclesitz
3409 4729 3484 4781 in-

1892 4824 2122 4888 tulerat;
2173 4824 2452 4878 uovissime
2483 4824 2541 4877 in
2589 4835 2897 4892 perpetuum
2928 4823 3214 4875 discidium
3241 4821 3487 4889 relegati,

1891 4934 2088 4971 venena
2124 4918 2490 4971 doctrinarum
2532 4932 2753 4969 suarum
2785 4916 3282 4968 disseminaverunt.
3319 4912 3482 4967 Post-

1888 5011 2101 5063 modum
2135 5009 2379 5063 Marcion
2414 5008 2771 5077 paenitentiam
2805 5007 3097 5074 confessus,
3153 5024 3269 5060 cum
3298 5007 3483 5059 condi—

1890 5103 2021 5156 tioni
2047 5103 2310 5156 sibidataz
2337 5101 2591 5163 occurrit,
2627 5100 2704 5152 ita
2730 5116 2912 5167 pacem
2954 5110 3280 5167 recepturus,
3310 5100 3356 5152 si
3378 5116 3482 5153 ra:-

1892 5204 2030 5247 teros
2051 5209 2257 5263 quoque
2281 5208 2412 5262 quos
2453 5191 2742 5260 perditioni
2780 5192 3061 5252 erudisset,
3111 5190 3364 5244 Ecclesia’
3404 5206 3481 5241 re-

1891 5287 2325 5349 stitueretpnorte
2349 5293 2640 5354 prwventus
2684 5291 2783 5337 est.
2820 5281 2946 5335 llaec
2976 5283 3225 5350 apprime
3252 5294 3483 5334 conseno

1893 5377 2035 5430 tiunt
2059 5391 2181 5430 cum
2209 5375 2276 5428 iis
2299 5391 2418 5443 qnze
2442 5375 2509 5428 de
2537 5372 2790 5429 Cerdone
2822 5374 2991 5427 refert
3012 5370 3253 5425 lrenreus
3284 5371 3350 5434 ³³,
3385 5371 3479 5439 qui

1891 5484 2027 5537 sirpe
2076 5469 2132 5523 in
2190 5468 2485 5523 Ecclesium
2535 5469 2769 5531 veniens,
2811 5473 2861 5520 et
2904 5463 3332 5534 exitumologesin
3388 5462 3477 5531 fa-

2944 5658 2996 5710 p.
3040 5642 3162 5697 764.
3283 5640 3330 5672 "
3372 5634 3486 5706 περ.

3115 5713 3160 5745 ³⁸
3198 5711 3265 5769 ι..
3295 5728 3382 5777 ιιι,
3417 5727 3470 5765 c.

2355 5644 2400 5677 ⁸⁸
2449 5643 2508 5701 Ι..
2543 5660 2616 5698 vn
2665 5642 2900 5706 Strom.,

1964 5716 2010 5746 ’⁸
2046 5715 2104 5768 L.
2140 5711 2513 5779 tu,inltne,ati
2543 5716 2750 5771 calcem
2784 5714 3014 5771 Tertull.
