3954 6352
523 367 629 424 155

1282 348 1285 351 γ
1346 356 1941 418 DISSERTATIONES
1971 355 2277 411 PRJ‘JVUE
2311 355 2378 410 IN
2412 353 2669 411 ιιιΕΜῖι
2708 351 2975 409 LIBROS.
3652 352 3737 408 ιισ

519 493 682 555 ciens,
718 490 794 545 sic
826 489 1241 548 consummavit,
1272 486 1430 541 modo
1484 478 1697 555 quidem
1755 482 1980 535 latenter
2015 480 2107 533 do-‘
2141 485 2186 538 Α
2216 480 2244 532 a
2274 476 2525 533 Cerdone
2551 474 2816 530 traditum
2853 480 3147 543 acceperat
3176 469 3453 537 Marcion;
3494 472 3578 527 ille
3603 490 3738 540 vero,

518 600 661 650 cens,
687 585 845 637 modo
869 600 987 638 vero
1012 581 1438 651 exltomologesin
1467 579 1691 649 faciens,
1715 575 1869 631 modo
1896 590 2014 629 vero
2038 571 2103 626 ab

516 675 784 745 aliquibus
815 677 1094 729 traductus
1120 674 1173 728 in
1213 674 1293 727 his
1322 689 1439 738 qtae
1465 671 1685 724 docebat
1712 668 1869 731 male,
1903 676 1950 719 et
1974 667 2099 718 abs—

517 777 688 819 tentus
719 776 794 819 est
824 784 855 819 a
894 766 1263 834 religiosorum
1304 765 1574 817 hominum
1622 769 1917 824 conventu;
1948 766 2000 810 al
2049 756 2103 809 in

518 855 874 911 Valentinum
901 868 955 911 et
990 856 1321 911 Marcionem
1352 868 1697 923 nequaquam
1740 850 2101 905 conveniunt.

516 950 647 1014 Qua:
693 950 807 1020 jam
841 964 904 1003 ea
938 948 1006 1005 de
1044 964 1103 1003 re
1128 949 1195 1002 ad
1235 945 1509 1000 Valentini
1543 944 1795 999 haeresim
1836 944 2102 1007 diximus,

516 1040 606 1094 hic
639 1051 885 1108 repetere
914 1040 1047 1094 nihil
1078 1040 1259 1109 juvat;
1308 1038 1402 1091 scd
1445 1035 1777 1091 Marcionem
1809 1053 1983 1107 usque
2033 1043 2100 1096 ad

514 1130 824 1185 Eleutherii
865 1141 1112 1200 tempora
1144 1130 1309 1183 vitam
1337 1142 1665 1198 prorOgassc
1695 1144 1804 1183 non
1850 1131 2101 1187 credide-

513 1225 654 1289 rim;
690 1223 741 1277 id
771 1222 919 1276 enim
952 1238 1059 1277 non
1081 1224 1325 1277 siluisset
1356 1222 1592 1277 Irenatus
1621 1222 1714 1291 qui
1748 1231 1875 1277 tunc
1900 1224 2098 1279 librum

514 1330 675 1369 suum
736 1315 958 1369 tertium
1007 1315 1309 1370 scribebat.
1347 1314 1481 1371 Cum
1530 1314 1700 1386 igitur
1753 1316 1905 1371 illum
1953 1318 2101 1372 inva-

512 1407 676 1460 luisse
699 1408 793 1459 sub
819 1407 1040 1462 Aniceto
1070 1409 1273 1463 ibidem
1320 1419 1555 1473 asserat,
1592 1424 1691 1464 nec
1719 1409 1890 1480 ipsius
1939 1410 2097 1479 quasi

516 1509 632 1553 tum
673 1499 913 1554 viventis
968 1501 1309 1567 meminerit,
1354 1501 1670 1571 signiﬁcare
1718 1502 1936 1557 videtur
1980 1500 2096 1571 jam

508 1591 611 1645 sub
638 1592 868 1647 Aniceto
899 1593 1114 1647 vivendi
1154 1593 1321 1647 linem
1351 1593 1570 1650 fecisse.
1624 1594 1829 1649 Deinde
1865 1608 1970 1649 non
1997 1594 2099 1648 ob-

509 1698 672 1738 scure
724 1683 901 1737 innuit
953 1683 1347 1752 Tertullianus,
1412 1685 1744 1740 Marcionem
1799 1684 1989 1738 tandiu
2040 1686 2095 1737 in

506 1775 825 1827 catholicam
896 1775 1196 1831 doctrinam
1253 1777 1543 1832 credidisse
1593 1775 1737 1846 apud
1796 1775 2094 1830 Ecclesium

503 1863 915 1929 Romanensem,
956 1868 1121 1921 donec
1154 1869 1250 1923 sub
1293 1870 1597 1937 episcopatu
1624 1868 1917 1923 Eleutherii
1945 1868 2097 1923 bene-

505 1956 638 2009 dicti
661 1958 945 2011 novissime
974 1959 1030 2012 in
1064 1973 1371 2028 perpetuum
1397 1960 1681 2015 discidium
1703 1961 1990 2029 relegatus,
2020 1976 2098 2015 ve-

504 2063 643 2099 nena
670 2049 927 2103 doctrina:
976 2067 1084 2103 sua:
1124 2050 1595 2115 disseminaverit;
1637 2060 1695 2105 et
1727 2059 1910 2104 tamen
1948 2051 2094 2105 hunc

502 2152 649 2205 saepe
676 2148 839 2192 vocat
864 2141 1186 2195 harreticum
1219 2140 1583 2194 Antuniniani
1621 2142 1902 2210 temporis,
1937 2140 2093 2211 cujus

499 2227 729 2282 haeresis
754 2230 1035 2284 Antonino
1068 2229 1376 2297 imperante
1408 2232 1715 2300 prodierit;
1751 2246 1873 2301 quae
1903 2247 2089 2287 secum

498 2329 689 2383 aperte
736 2328 984 2389 pugnant
1023 2334 1190 2374 :nam
1219 2319 1482 2372 Antonini
1506 2320 1585 2374 Pii
1615 2335 1764 2374 mors
1789 2322 1950 2376 annis
1986 2322 2092 2375 sal-

499 2420 610 2463 tem
629 2410 1051 2480 quatuurdecim
1073 2411 1356 2476 prtcvertit
1386 2410 1685 2466 Eleutherii
1721 2413 2086 2483 episcopatui.

497 2502 568 2555 Et
614 2501 708 2571 qui
753 2502 798 2554 is
841 2501 1149 2555 catholicus
1181 2517 1355 2571 usque
1386 2504 1452 2556 ad
1479 2503 1849 2559 Eleutherium
1886 2506 2091 2561 vixisse

496 2592 700 2663 potuit,
728 2592 822 2661 qui
859 2592 971 2661 jam
1012 2603 1138 2665 post
1169 2593 1368 2665 llygini
1405 2606 1638 2649 mortem
1671 2611 1700 2649 a
1738 2596 1847 2652 lide
1875 2598 2090 2653 defece-

496 2661 1007 2747 rat,invalescchat
1037 2661 1169 2741 ver‘o
1202 2687 1304 2742 sub
1349 2688 1621 2742 Aniceto?
1678 2688 1923 2759 Denique
1976 2700 2086 2745 tota

494 2776 612 2831 hac
642 2775 968 2832 Tertulliani
996 2780 1244 2835 narratio
1278 2780 1345 2833 de
1381 2779 1600 2835 iteratis
1630 2780 1894 2850 lapsibus,
1922 2799 2085 2853 repe-

497 2868 709 2939 titaque
763 2869 1063 2923 Marcionis
1096 2870 1447 2938 poenitentia,
1492 2873 1776 2927 conciliari
1807 2873 1959 2927 nulla
1997 2890 2088 2927 ra-

494 2961 648 3016 tione
700 2971 883 3032 potest
907 2979 1031 3017 cum
1086 2964 1155 3017 iis
1186 2980 1308 3033 qua:
1340 2965 1434 3018 alii
1481 2980 1672 3021 omnes
1716 2967 2083 3038 scripserunt,

490 3054 644 3107 illum
668 3069 766 3124 Spe
788 3056 1201 3110 communionis
1224 3056 1494 3123 dejectutn
1528 3059 1713 3114 statim
1745 3061 1798 3114 in
1820 3060 2085 3116 Cerdonis

490 3156 677 3199 castra
718 3147 1061 3215 convolasse,
1100 3156 1164 3204 ac
1205 3150 1468 3221 deinceps
1497 3153 1757 3207 mundum
1796 3152 2081 3208 erroribus
2108 3183 2151 3241 ο

491 3237 719 3291 inlicere
746 3252 852 3291 non
878 3239 1174 3295 destitisse.
1219 3241 1287 3296 Et
1317 3243 1556 3298 absurda
1588 3259 1821 3314 prorsus
1852 3244 2078 3299 videtur

489 3343 553 3382 ea
580 3328 779 3382 oblatae
802 3329 1063 3386 Marcioni
1098 3335 1249 3401 pacis
1272 3336 1538 3407 conditio,
1561 3339 1606 3390 si
1633 3346 1853 3391 creteros
1873 3354 2080 3407 quoque

487 3435 621 3492 quos
648 3422 1233 3490 perditionierudisset,
1267 3427 1522 3483 Ecclesia:
1545 3431 1862 3483 restitueret.
1893 3429 2081 3498 Neque

489 3512 635 3567 enim
665 3512 928 3569 Marciani
968 3518 1239 3587 integrum
1272 3521 1452 3575 adhuc
1479 3530 1623 3587 erat,
1660 3532 1772 3577 toto
1804 3523 1938 3577 orbe
1966 3521 2078 3589 jam

490 3605 782 3659 erroribus
815 3607 1044 3673 imbulo,
1077 3618 1285 3664 tantam
1337 3612 1622 3666 hominum
1674 3612 2077 3666 multitudinem

490 3713 557 3753 cx
587 3699 843 3754 omnibus
886 3702 1074 3755 mundi
1123 3704 1377 3771 partibus
1421 3704 1702 3774 colligere,
1728 3713 1785 3758 et
1820 3702 2081 3758 Ecclesia:

490 3777 815 3847 restituere.
890 3793 1078 3863 Itaque
1130 3794 1508 3849 Tertullianus
1558 3797 1823 3851 memoria
1884 3796 2078 3866 lapsus

489 3882 821 3939 Marciouem
848 3902 948 3956 pro
973 3887 1245 3953 Cerdone,
1296 3889 1628 3958 discipulum
1676 3904 1775 3958 pro
1820 3890 2079 3959 magistro

489 3979 778 4045 scripserit
815 3995 1041 4034 necesse
1076 3990 1180 4038 est.

560 4071 687 4125 158.
718 4071 1055 4127 Marcionem
1092 4073 1291 4129 Stoicae
1320 4074 1680 4145 philosorihim
1726 4080 2074 4146 potissimum

487 4162 792 4229 studuisse,
844 4173 899 4219 et
950 4175 1061 4218 tum
1103 4166 1170 4219 ab
1198 4181 1288 4233 ea,
1322 4175 1433 4219 tum
1469 4167 1638 4220 etiam
1683 4169 1753 4223 ab
1807 4169 2076 4239 Epicurea

484 4266 740 4305 errorum
789 4265 1110 4323 argumenta
1143 4257 1369 4325 petiisse
1413 4258 1584 4312 tradit
1608 4258 1981 4315 Tertullianus
2005 4263 2074 4318 ³³.

483 4341 738 4399 Clemens
787 4355 968 4399 autem
1005 4348 1415 4404 Alexandrinus
1453 4360 1640 4406 censet
1669 4350 1717 4383 “
1748 4350 2074 4408 Marcionem

481 4447 822 4493 externorum
873 4440 1278 4511 alienorumque
1304 4442 1614 4512 dogmatum
1650 4446 1957 4499 occasiones
1987 4446 2075 4500 in-

2213 569 2548 639 utsnperius
2608 565 3049 631 observavimus,
3097 565 3166 621 ab
3218 565 3339 622 aliis
3390 564 3659 631 Gnosticis,
3714 585 3738 621 τι

2210 662 2411 726 quibus
2453 659 2641 716 verbis
2665 668 2905 724 tantum,
2950 672 3059 712 non
3095 658 3261 712 rebus
3290 657 3635 728 discrepabat.
3683 660 3740 716 Et

2210 753 2337 808 hinc
2366 751 2666 824 Gregorius
2712 750 3095 805 Nazianzenus
3124 748 3194 815 ³⁸,
3219 756 3274 804 et
3319 759 3435 819 post
3470 764 3585 805 eunt
3616 751 3742 807 Elias

2207 844 2509 908 Cretensis,
2541 842 2803 898 Marcioni
2859 841 3050 896 tribuit
3101 838 3341 896 Simonis
3370 840 3523 913 Magi,
3552 852 3745 897 caetero-

2208 952 2435 1007 rumque
2481 935 2870 993 Gnosticorum
2922 933 3143 999 deliria,
3203 933 3435 1007 Bythum
3493 934 3743 997 videlicet,

2208 1030 2392 1099 Sigea,
2428 1043 2535 1083 uno
2584 1030 2754 1084 verbo
2812 1029 3035 1100 triginta
3067 1027 3343 1083 Valentini
3393 1025 3610 1082 mones.
3652 1026 3745 1082 Nec

2207 1122 2481 1178 immerito
2510 1138 2524 1175 :
2553 1122 2794 1178 lrenaeus
2825 1122 2871 1153 “
2903 1123 3173 1192 siquidem
3207 1136 3330 1177 eum
3360 1128 3598 1176 recenset
3622 1121 3745 1174 inter

2206 1214 2351 1281 illos,
2376 1215 2468 1281 qui
2516 1214 2610 1269 Dei
2638 1212 2783 1286 Logo
2816 1216 3026 1269 tertiam
3056 1213 3404 1293 prolationem
3436 1228 3466 1265 a
3498 1211 3650 1265 Patre
3668 1212 3748 1263 do-

2202 1308 2424 1374 nabant,
2458 1308 2599 1361 unde
2656 1321 2703 1362 et
2750 1308 2966 1377 ignorat
3010 1306 3430 1377 magnitudinem
3474 1304 3619 1374 ejus;
3653 1305 3750 1374 qui-

2203 1416 2308 1472 que
2329 1417 2488 1470 porro
2535 1410 2583 1455 et
2624 1401 2778 1471 longe
2824 1401 3007 1471 Logon
3055 1419 3088 1455 a
3131 1401 3242 1456 Deo
3273 1402 3600 1471 separabant,
3622 1411 3666 1456 et
3695 1418 3748 1455 ea

2201 1491 2513 1561 cogitatione
2534 1501 2581 1546 et
2610 1508 2768 1546 sensu
2788 1532 2803 1555 ,
2834 1494 2891 1546 id
2923 1502 2998 1547 est
3022 1493 3233 1547 Ennma
3262 1502 3315 1547 et
3338 1492 3419 1546 Nu
3442 1492 3605 1546 emitti
3632 1491 3750 1545 dice.

2200 1584 2376 1638 bant:
2409 1580 2505 1652 qui
2558 1584 2897 1654 garriebant,
2946 1599 3220 1640 summum
3259 1585 3427 1640 Deum
3475 1584 3517 1616 "
3541 1593 3678 1638 extra
3704 1600 3749 1637 ss

2201 1677 2391 1730 habere
2420 1677 2699 1744 subjacens
2746 1676 2975 1747 aliquid,
3018 1677 3157 1748 quod
3196 1692 3420 1731 vacuum
3460 1686 3508 1731 et
3534 1676 3747 1729 umbram

2198 1776 2404 1832 vocant,
2454 1767 2509 1820 in
2558 1783 2663 1836 quo
2690 1766 3014 1837 fabricatum
3053 1777 3128 1823 est
3172 1769 3270 1822 hoc
3296 1767 3436 1838 quod
3461 1777 3532 1821 est
3561 1764 3761 1820 Univer-

2199 1874 2340 1923 sum,
2371 1857 2515 1926 infra
2545 1858 2787 1927 spiritale
2820 1857 3073 1914 Pleroma
3120 1880 3140 1919 :
3179 1861 3468 1915 secundum
3504 1875 3625 1929 quos
3655 1872 3750 1911 erat

2197 1958 2245 2003 et
2271 1947 2423 2001 aliud
2449 1950 2599 2019 quid,
2615 1951 2756 2021 quod
2778 1951 2987 2020 quidem
3003 1962 3153 2006 extra
3177 1950 3428 2007 Pleroma
3447 1968 3556 2006 esse
3574 1952 3749 2015 dicunt,

2196 2038 2252 2092 in
2274 2039 2414 2107 quod
2437 2049 2486 2093 et
2513 2043 2841 2110 superiorem
2868 2046 3154 2098 erraticum
3181 2046 3422 2099 virtutem
3446 2045 3753 2099 descendisse

2195 2130 2485 2199 apinantur
2514 2145 2533 2184 .'
2565 2134 2656 2201 qui
2685 2134 2921 2203 denique
2946 2137 3193 2189 nituntur
3222 2137 3411 2191 docere
3437 2154 3587 2206 super
3615 2137 3755 2205 fabri-

2193 2230 2423 2277 catorem
2447 2225 2562 2278 caeli
2583 2234 2634 2279 et
2659 2236 2813 2280 terrae
2839 2243 2951 2281 esse
2969 2229 3189 2291 aliquod
3215 2229 3463 2283 Pleroma
3482 2240 3568 2283 aut
3585 2228 3752 2282 Deum.

2192 2312 2321 2380 Qua:
2345 2317 2527 2370 omnia
2548 2333 2669 2372 cum
2702 2322 2813 2374 sint
2845 2320 3119 2390 ipsissima
3138 2321 3416 2377 Valentini
3443 2330 3753 2384 commenta.

2192 2408 2487 2464 manifeste
2530 2412 2913 2467 detuonsuant
2964 2413 3325 2480 Marcionem,
3359 2417 3449 2488 qui
3487 2415 3751 2470 Valentino

2192 2514 2427 2565 coaevus,
2457 2502 2621 2570 paulo
2649 2506 2929 2573 posterior
2960 2514 3141 2562 tamen
3173 2507 3297 2575 fuit,
3332 2518 3505 2563 totam
3540 2507 3756 2562 Valenti-

2191 2590 2338 2644 niani
2369 2595 2689 2662 systcmatis
2722 2595 2961 2651 fabulam
2992 2599 3383 2668 ingeminasse.
3418 2600 3571 2668 Quod
3604 2599 3752 2653 etiam

2186 2697 2254 2737 ex
2286 2682 2352 2737 lis
2377 2692 2529 2752 patet
2577 2700 2698 2753 quae
2740 2687 2833 2740 alii
2865 2696 3119 2744 auctores
3164 2689 3432 2747 Marciani
3469 2690 3753 2747 ascribunt.

2189 2773 2300 2828 Sua
2345 2784 2488 2839 erat,
2539 2773 2885 2833 Tertulliano
2943 2789 3078 2836 teste
3107 2781 3177 2847 ³⁸,
3214 2797 3433 2839 summo
3482 2798 3576 2838 seu
3631 2782 3756 2836 bono

2189 2864 2486 2921 Marcionis
2502 2866 2614 2922 Deo
2638 2870 2892 2937 conditio,
2924 2881 2972 2926 et
3001 2889 3130 2927 suus
3158 2875 3414 2940 mundus,
3440 2883 3485 2928 et
3510 2888 3654 2927 suum
3676 2886 3757 2927 cot-

2185 2956 2334 3023 lum;
2384 2965 2621 3017 mundus
2653 2972 2843 3019 nostro
2891 2968 3140 3034 superior
3177 2974 3233 3020 et
3264 2983 3426 3034 super
3456 2963 3756 3020 Creatorem.

2186 3049 2492 3108 Creatorem
2517 3055 2571 3108 in
2602 3055 2717 3109 loco
2746 3055 2894 3125 fecit,
2918 3059 3100 3126 utique
3128 3058 3311 3112 eadem
3334 3058 3634 3112 conditione
3659 3071 3759 3109 cen-

2184 3145 2371 3211 sendo,
2412 3156 2461 3199 et
2508 3148 2789 3202 materiam
2837 3150 2885 3201 ei
2938 3148 3185 3218 subjecit.
3242 3149 3468 3207 Clarius
3504 3148 3751 3205 Valentini

2184 3236 2456 3301 Plcroma,
2484 3238 2841 3308 ejusdemque
2865 3239 3197 3312 Demiurgus
3228 3241 3507 3313 designari
3540 3257 3641 3296 non
3680 3254 3757 3311 po-

2185 3338 2350 3384 terat.
2382 3329 2678 3400 Dionysius
2705 3331 3110 3389 Alexandrinus
3135 3336 3278 3403 apud
3313 3335 3669 3390 Athanasium
3696 3331 3756 3399 ",

2184 3429 2239 3473 et
2266 3428 2388 3489 post
2417 3434 2541 3473 eum
2568 3419 2810 3492 Cyrillus
2831 3421 3360 3495 Hierosolymitanus
3377 3428 3426 3464 ⁸ο
3447 3435 3502 3481 et
3538 3424 3755 3494 Epipha-

2184 3512 2314 3569 nius
2350 3513 2394 3545 “
2440 3524 2784 3581 asseverant,
2808 3515 3145 3572 Marcionem
3181 3517 3284 3572 tria
3320 3519 3597 3587 principia
3645 3530 3761 3572 con-

2184 3605 2468 3673 stituisse;
2525 3605 2716 3680 [LXX]
2784 3622 3017 3677 quorum
3075 3625 3244 3664 unum
3300 3611 3378 3665 sit
3428 3623 3756 3682 supremum.

2183 3697 2327 3766 quod
2360 3712 2535 3767 neque
2588 3700 2809 3754 nomine
2834 3699 3254 3766 comprehendi,
3291 3716 3474 3774 neque
3505 3704 3619 3759 visu
3649 3716 3760 3772 per-

2183 3790 2290 3859 cipi
2320 3792 2519 3859 possit,
2554 3807 2717 3862 quem
2748 3803 2802 3848 ct
2845 3794 3047 3850 bonum
3082 3793 3247 3848 Deum
3278 3797 3544 3866 appellat,
3587 3810 3615 3849 a
3656 3808 3756 3866 quo

2182 3881 2321 3936 nihil
2351 3882 2425 3937 sit
2454 3899 2645 3938 eorum
2668 3899 2791 3954 qua:
2824 3886 2877 3940 in
2911 3888 3115 3942 mundo
3143 3898 3296 3955 sunt,
3335 3890 3654 3954 conditum;
3684 3886 3757 3940 al-

2181 3981 2359 4026 terum
2397 3987 2527 4028 vero
2556 3974 2725 4029 Deum
2750 3975 2881 4030 dicit
2906 3991 3033 4032 esse
3064 3979 3461 4045 aspectabilem
3518 3993 3583 4033 ac
3620 3991 3759 4031 crea-

2182 4075 2386 4135 torem;
2446 4070 2669 4123 tertium
2730 4069 2969 4138 denique
3039 4068 3319 4124 diabolum
3377 4073 3527 4126 inter
3583 4069 3759 4123 ambos

2182 4161 2325 4219 illos.
2354 4161 2745 4229 aspectabilem
2767 4161 2997 4229 scilicet,
3020 4171 3076 4217 et
3104 4176 3231 4218 eum
3255 4164 3345 4233 qui
3367 4165 3539 4234 aspici
3564 4161 3758 4231 nequit,

2182 4252 2525 4321 interiectum
2556 4270 2570 4320 ;
2609 4270 2676 4309 ex
2705 4255 2797 4321 iis,
2829 4256 2922 4324 qui
2955 4265 3175 4311 creator
3198 4264 3358 4311 estet
3388 4258 3595 4326 Opilex,
3622 4256 3762 4309 vide-

2180 4346 2336 4415 rique
2365 4353 2563 4415 potest,
2624 4344 2941 4401 Iudaeorum
2987 4360 3108 4402 esse
3157 4348 3349 4414 Deum,
3406 4350 3761 4411 eumdemque

2176 4435 2420 4505 judicetn
2456 4453 2468 4488 :
2503 4437 2708 4491 bonum
2754 4437 2924 4493 Deum
2960 4437 3137 4508 (addit
3163 4449 3359 4493 auctor
3390 4438 3608 4508 Dialogi
3639 4451 3762 4492 con-

480 4540 630 4597 grate
659 4541 703 4582 et
728 4531 937 4585 indocte
969 4533 1235 4598 accepisse
1261 4551 1293 4584 ιι
1320 4532 1573 4588 Platone.
1610 4533 1720 4589 Sed
1766 4538 2074 4607 praecipuus

2189 4538 2265 4582 tra
2313 4528 2690 4595 Marcionitas,
2738 4526 2962 4599 Origeni
3022 4528 3165 4585 falso
3211 4530 3465 4601 ascripti)
3499 4530 3760 4598 imperare

481 4619 630 4674 illius
654 4637 832 4687 error,
861 4634 1024 4692 caput
1048 4634 1394 4690 cancrorum,
1425 4626 1489 4680 de
1516 4627 1718 4696 duplici
1750 4628 2071 4687 Deo.altero

479 4711 625 4764 bono
656 4722 711 4764 et
737 4710 943 4766 Christi
975 4712 1157 4780 Patre,
1198 4713 1374 4767 altero
1406 4716 1611 4770 veteris
1662 4718 1799 4789 legis
1844 4728 2069 4775 auctore

483 4812 541 4857 et
571 4800 839 4855 malorum
866 4803 1151 4870 eil‘ectore,
1178 4804 1334 4859 ﬂuxit
1365 4816 1479 4860 tum
1504 4823 1532 4860 a
1553 4808 1799 4864 doctrina
1822 4810 2069 4868 Platonis

478 4895 571 4964 qui
600 4895 785 4948 mundi
823 4898 1165 4953 conditorem
1217 4913 1247 4952 a
1286 4914 1546 4970 supremo
1591 4900 1703 4956 Deo
1757 4904 2067 4975 distinguit,

476 4996 534 5039 ut
566 4985 695 5040 alibi
721 4988 1106 5058 ostendimus;
1159 4991 1403 5062 duasque
1456 4992 1646 5047 mundi
1676 4996 1889 5052 animas
1915 5014 2067 5053 com-

476 5078 791 5133 miniscitur
837 5080 936 5134 lib.
982 5096 1015 5135 κ
1063 5081 1141 5137 De
1170 5085 1356 5154 legib.,
1398 5087 1707 5144 beneﬁcam
1736 5089 1966 5155 scilicet,
2013 5101 2069 5147 et

475 5186 596 5225 eam
635 5186 757 5241 qua:
782 5182 963 5240 potest
988 5172 1208 5231 ellicere
1241 5180 1516 5233 contraria
1548 5198 1562 5247 ;
1606 5191 1719 5236 tum
1755 5184 1993 5238 maxime
2036 5200 2066 5238 a

474 5266 839 5318 vetustiorum
872 5264 1088 5319 illorum
1117 5269 1567 5341 philosophorum
1601 5274 1878 5343 Opinione,
1909 5292 1939 5330 a
1977 5292 2069 5331 no-

474 5354 557 5411 bis
588 5356 871 5411 Plutarchi
905 5358 1090 5413 verbis
1115 5361 1412 5431 explicata,
1451 5366 1722 5436 duplicem
1757 5368 1923 5424 Deum
1957 5371 2062 5423 lin-

475 5450 743 5521 gentium,
778 5451 1013 5505 alterum
1043 5452 1246 5509 bonum
1272 5467 1328 5510 et
1352 5457 1642 5526 bonorum,
1685 5461 1918 5516 alterum
1955 5478 2065 5516 ma-

476 5544 585 5597 lum
620 5552 674 5597 et
704 5542 973 5598 malorum
998 5542 1339 5603 effectorem.
1375 5547 1530 5605 Hunc
1555 5552 1778 5621 quidem
1809 5567 2055 5609 errorem

546 5682 593 5713 ³⁸
622 5684 697 5736 De
729 5699 947 5753 praesc.,
976 5703 1028 5742 c.
1060 5687 1090 5739 7
1126 5698 1181 5741 et
1211 5690 1300 5753 50,
1329 5701 1381 5743 et
1416 5691 1453 5743 l.
1496 5709 1524 5743 v
1581 5705 1727 5747 cont.
1761 5695 1954 5763 Mare,
1990 5711 2043 5748 ι’.
2082 5721 2084 5725 ι

547 5763 622 5808 et.
655 5755 706 5807 iu
732 5768 875 5811 orat.
902 5759 995 5811 ‘25.
1072 5756 1118 5789 ³⁵
1150 5760 1270 5814 Lih.
1306 5778 1362 5821 Il,
1395 5780 1513 5821 «ap.
1544 5764 1634 5821 23.
1671 5783 1726 5821 ιι.
1759 5767 1812 5821 5.
1846 5768 1897 5820 6.
1979 5767 2020 5797 ³⁷
2056 5767 2084 5821 Ι‹

2252 5695 2299 5726 ³⁸
2337 5694 2394 5748 L.
2435 5710 2492 5748 ιιι
2550 5691 2783 5755 Strom.,
2811 5708 2869 5763 p.
2898 5692 3025 5747 454.

2193 5783 2245 5820 c.
2282 5766 2334 5821 ι.
2372 5783 2424 5821 ιι.
2468 5766 2521 5821 5.
2555 5764 2613 5819 6.
2693 5765 2737 5797 ³⁸
2766 5766 2826 5818 L.
2858 5780 2873 5818 ι
2935 5780 3025 5819 cor:

2080 5783 2157 5829 u.,
2193 5783 2245 5820 c.
2282 5783 2334 5828 ι,
2372 5783 2424 5821 ιι.
2468 5783 2521 5832 o,
2555 5783 2613 5819 ι.

2104 5840 2148 5870 ⁸³
2182 5837 2320 5892 liter.
2349 5836 2441 5890 ‘22.

472 5753 622 5808 Cret.
655 5755 706 5807 iu
732 5768 875 5811 orat.
902 5759 995 5811 ‘25.

1072 5756 1118 5789 ³⁵
1150 5760 1270 5814 Lih.
1306 5778 1362 5824 ιι,
1395 5780 1513 5829 «τιν,
1544 5764 1634 5826 23,
1671 5783 1726 5821 ιι.
1759 5767 1812 5828 5,
1846 5768 1897 5820 6.

476 5825 679 5879 decret.
716 5824 830 5882 Nic.

932 5830 975 5861 ὀ
1021 5828 1161 5884 llatr.
1203 5848 1330 5898 XLII,
1369 5832 1398 5904 ς
1433 5828 1483 5888 5.
1584 5836 1625 5865 ⁵⁸
1660 5837 1882 5892 (latcch.
1922 5838 2004 5892 l6.

2181 4622 2514 4678 Christianis
2544 4639 2559 4688 ;
2607 4622 2886 4677 diabolum
2926 4622 3242 4693 gentilibus.
3286 4623 3385 4678 His
3416 4625 3571 4679 addit
3601 4622 3763 4677 Theo-

2179 4716 2407 4771 doretus
2434 4716 2723 4770 materiam
2758 4730 2880 4784 qua:
2911 4715 3053 4770 mala
3082 4718 3177 4782 sit,
3209 4726 3265 4772 et
3294 4717 3384 4772 alii
3407 4718 3554 4772 malo
3573 4716 3758 4773 subsit.

2180 4822 2432 4877 quaeque,
2484 4806 2820 4862 Tertulliano
2873 4816 3031 4875 teste,
3060 4817 3269 4862 aeterna
3315 4809 3387 4863 sit
3433 4819 3492 4865 et
3540 4808 3756 4862 inlecta.

2179 4898 2444 4965 Quamvis
2472 4899 2738 4963 Justinus,
2761 4899 3022 4965 tremens,
3058 4909 3113 4955 et
3136 4899 3365 4956 Rhodon
3404 4902 3556 4971 apud
3602 4899 3763 4954 Euse-

2177 4990 2351 5062 bium,
2380 4994 2611 5049 duorum
2649 5002 2862 5047 tantum
2890 4992 3187 5049 Marcionis
3223 4994 3451 5049 deorum
3479 5008 3576 5048 seu
3613 4990 3760 5062 prin-

2179 5087 2472 5155 cipiorum,
2524 5086 2669 5140 tertii
2720 5100 2790 5141 ne
2840 5085 3006 5140 verbo
3058 5086 3301 5155 quidem,
3367 5085 3756 5142 meminerint;

2179 5179 2289 5233 imo
2338 5179 2406 5234 ab
2454 5192 2646 5233 errore
2687 5176 2918 5246 triplicis
2969 5177 3288 5234 Divinitatis
3338 5180 3688 5249 Augustinus
3716 5174 3758 5205 “

2170 5272 2503 5327 Marcionem
2575 5270 2858 5340 absolvat;
2922 5272 3153 5328 Rhodon
3202 5272 3249 5304 “
3302 5274 3544 5343 primum
3603 5272 3759 5340 hujus

2170 5372 2447 5416 auctorem
2513 5360 2681 5417 fuisse
2753 5362 3006 5433 Syuerou
3064 5362 3363 5418 Marcionis
3425 5359 3758 5431 discipulum

2166 5455 2403 5522 scribat;
2444 5455 2576 5508 nihil
2607 5464 2877 5525 repugnat
2908 5454 3239 5512 Marcionem
3272 5454 3556 5510 Valentini
3590 5452 3759 5507 vesti-

2166 5547 2271 5616 giis
2289 5547 2657 5615 insistentem,
2683 5560 2882 5617 prater
2902 5563 3177 5604 summum
3202 5548 3373 5603 Deum
3398 5546 3759 5608 invisibilem,

3108 5692 3152 5723 ³⁸
3183 5691 3337 5746 Orat.
3365 5688 3442 5744 25
3468 5700 3523 5742 et
3550 5689 3642 5744 ss.
3676 5686 3757 5741 El.

2693 5765 2737 5797 ³⁸
2766 5758 2827 5818 Ι..
2858 5780 2873 5818 1
2935 5772 3085 5819 cont.
3114 5762 3310 5826 Mare,
3346 5777 3392 5814 ιτ.
3432 5761 3525 5815 15.
3607 5760 3649 5790 ³⁸
3688 5758 3760 5811 Ds

2522 5838 2566 5868 ⁸³
2594 5837 2748 5906 Apud
2802 5836 3022 5902 Euseb,
3068 5835 3102 5889 ι.
3135 5850 3185 5901 v,
3215 5849 3263 5889 c.
3305 5834 3402 5887 ιδ.
