3954 6352
243 380 348 436 157

943 379 1401 438 DISSERTATIO
1442 383 1484 449 1,
1524 384 1688 442 ΛΒΤ.
1721 384 1804 452 Ill,

1913 388 1934 441 Ξ
1969 388 2344 447 νΑιιεΝτιΝι
2384 392 2781 451 MAGISTRIS.

3404 398 3509 454 i58

239 505 295 549 et
359 494 717 565 Demittrgum
777 494 1031 552 Uuiversi
1103 500 1469 563 conditorem,
1545 502 1818 558 diabolum
1848 506 1893 562 Α
1922 525 2129 579 operas,
2155 529 2319 583 neque
2361 512 2501 566 mala
2543 513 2733 567 bonas.
2767 512 3048 583 Languens
3075 516 3212 568 enim
3244 516 3420 585 (quod
3454 526 3507 567 et

239 587 494 641 statuisse
523 585 1035 654 Cosmocratorem,
1085 591 1139 646 id
1180 603 1268 646 est
1310 592 1591 648 inferioris
1634 596 1819 650 mundi

238 678 587 748 Principem;
646 691 701 736 et
767 685 1079 747 materiam,
1142 688 1386 741 erraticte
1435 688 1665 751 virtutis,
1724 704 1820 744 seu

236 772 479 841 Sophia,
526 773 613 827 vel
667 774 1061 846 Enthymeseos
1103 779 1506 832 emanationem
1556 790 1819 834 aeternam

235 866 436 920 dixisse
486 884 503 919 :
543 881 863 936 quanquam
899 879 1080 924 tamen
1119 886 1223 924 non
1247 880 1481 937 constet,
1516 888 1585 925 an
1627 872 1821 928 Valen-

234 960 373 1012 tinus
390 961 689 1013 materiam
713 971 973 1015 aeternam
1006 976 1129 1017 esse
1160 963 1489 1030 crediderit;
1524 966 1630 1020 imo
1660 966 1817 1036 longe

230 1050 569 1120 probabilius
602 1053 855 1105 videatur
886 1069 1009 1107 eum
1056 1055 1108 1108 in
1146 1064 1392 1126 tempore
1422 1060 1697 1114 conditam
1755 1062 1822 1115 il-

231 1142 328 1196 lam
365 1142 701 1199 aﬂirmasse.
752 1145 818 1199 Et
870 1162 931 1200 ea
973 1148 1189 1202 ratione
1231 1147 1394 1203 facile
1444 1152 1815 1220 consentient,

230 1235 317 1302 qui
368 1236 523 1289 inter
545 1251 608 1289 se
634 1252 881 1307 pugnare
916 1239 1171 1294 videntur
1200 1252 1479 1298 auctores.
1513 1242 1659 1298 Nihil
1687 1260 1818 1315 ergo

231 1325 475 1378 Marcion
515 1342 546 1379 a
585 1326 879 1383 Valentino
925 1329 1216 1386 differebat
1267 1350 1280 1386 :
1330 1341 1562 1403 uterque
1589 1337 1819 1392 docebat

230 1421 357 1472 duos
387 1435 517 1473 esse
551 1420 708 1483 deos,
744 1437 935 1486 nempe
982 1422 1216 1494 Bytbum
1268 1434 1437 1493 caput
1484 1425 1818 1483 Pleroniatis

229 1512 515 1579 spiritalis,
576 1522 633 1568 et
686 1514 1033 1583 Demiurgum
1056 1526 1213 1570 extra
1252 1515 1504 1571 Plcroma
1539 1517 1822 1575 illudexsi-

226 1618 482 1663 stentem.
517 1605 634 1661 Hoc
660 1617 865 1661 tantum
892 1608 1153 1663 Marcioni
1185 1611 1466 1680 proprium
1500 1622 1643 1678 erat,
1670 1613 1811 1683 quod

228 1704 337 1767 ipse
372 1703 596 1770 primus
647 1702 1022 1772 Demiurgum,
1057 1704 1173 1758 sive
1221 1706 1407 1759 mundi
1440 1708 1812 1771 conditorem,

1926 620 2066 658 nunc
2088 606 2267 671 multi,
2287 614 2335 657 et
2362 607 2589 659 maxime
2618 608 2875 675 hwretici)
2908 608 3051 662 circa
3092 610 3223 662 mali
3252 611 3506 678 qua'stio-

1924 698 2232 760 nem;b’nde
2260 698 2497 752 malum?
2522 708 2572 753 et
2618 699 2822 753 obtusis
2855 700 3094 754 sensibus
3127 701 3242 768 ipsa
3271 702 3507 755 euomi-

1921 803 2027 845 tate
2056 794 2383 846 curiositatis
2406 794 2670 847 inveniens
2698 794 3001 848 Creatorem
3032 795 3462 863 pronuntiantem
3482 810 3503 848 :

1927 903 1946 935 ι
1977 882 2089 952 Ego
2114 901 2227 937 sum
2268 887 2355 953 qui
2383 888 2551 939 condo
2584 886 2724 939 mala
2757 885 2838 950 ⁸⁸ς
2879 906 2897 939 ι
2936 895 3134 956 quanto
3161 889 3331 956 ipsum
3366 901 3509 955 prae-

1919 986 2217 1044 sumpserat
2266 977 2396 1030 mali
2441 988 2738 1041 auctorem,
2782 989 2831 1033 et
2876 996 2941 1033 ea:
2978 980 3100 1034 aliis
3146 980 3502 1048 argumentis,

1921 1072 2128 1138 qiueita
2149 1069 2463 1135 persuadent
2501 1085 2743 1138 perverso
2774 1071 2999 1140 cuique;
3029 1079 3178 1123 tanto
3203 1072 3255 1123 in
3280 1067 3503 1122 Creato-

1920 1180 2029 1217 rem
2076 1165 2469 1228 interpretatus,
2523 1167 2720 1219 malam
2775 1168 3019 1218 arborem
3068 1166 3238 1219 malos
3290 1164 3503 1233 fructus

1920 1256 2245 1316 condentem.
2300 1256 2498 1309 scilicet
2545 1256 2711 1323 mala,
2743 1258 2908 1311 alium
2958 1258 3115 1311 deum
3164 1257 3500 1325 praesumpsit

1920 1363 2029 1400 esse
2058 1348 2245 1400 debere
2294 1348 2348 1401 in
2393 1358 2595 1414 partem
2646 1348 2796 1402 bonae
2828 1348 3035 1401 arboris
3086 1348 3249 1401 bonos
3293 1348 3499 1416 fructus

1920 1437 2130 1508 (supple
2174 1441 2525 1507 condentem).
2579 1439 2645 1494 Et
2684 1442 2758 1493 ita
2782 1442 2836 1493 in
2870 1439 3084 1493 Christo
3133 1442 3289 1509 quasi
3334 1441 3501 1493 aliam

1917 1530 2184 1587 inveniens
2217 1535 2615 1602 dispositionem
2646 1534 2813 1587 solius
2845 1544 2893 1587 et
2936 1550 3085 1601 pura:
3134 1533 3497 1601 benignitatis.

1919 1634 1974 1677 ut
2003 1626 2223 1680 diuersae
2248 1644 2281 1681 a
2312 1625 2583 1687 Creatore.
2612 1627 2768 1696 facile
2812 1644 2996 1679 nonam
3028 1638 3074 1679 et
3118 1626 3379 1695 hospitam
3411 1641 3503 1677 ar-

1916 1729 2253 1790 gumentatus
2282 1731 2357 1775 est
2376 1722 2708 1774 divinitatem
2743 1723 2795 1773 in
2824 1716 3036 1774 Christo
3054 1736 3149 1773 suo
3183 1718 3499 1774 revelatam:

226 1804 411 1863 aperta
467 1804 663 1863 petere
708 1794 1047 1865 blasphemia
1101 1812 1268 1852 ausus
1330 1797 1518 1864 fuerit,
1584 1801 1804 1854 dicendo

1918 1814 2225 1881 modicoque
2246 1814 2435 1868 exinde
2462 1814 2711 1881 fermento
2742 1823 2903 1867 totam
2926 1813 3051 1881 fidei
3083 1829 3309 1865 massam
3336 1814 3503 1865 haere-

226 1888 396 1955 ipsum
421 1903 552 1943 esse
590 1889 817 1950 malum,
843 1890 1081 1958 malique
1112 1901 1417 1945 auctorem.
1453 1892 1667 1947 Cerdon
1691 1894 1814 1962 qni-

222 1979 341 2034 dem
384 1997 512 2034 cum
563 1983 737 2036 Deum
786 1983 924 2051 legis
954 1991 1007 2038 et
1042 1984 1432 2053 prophetarum
1462 1985 1662 2039 bonum
1695 2000 1818 2040 esse

222 2073 468 2142 negavit,
498 2073 716 2141 justum
750 2085 931 2130 tamen
964 2076 1247 2131 confessus
1277 2087 1401 2141 est;
1457 2087 1513 2131 at
1550 2078 1815 2145 Marcion,

220 2174 282 2219 ut
308 2181 439 2219 cum
475 2165 684 2221 Irenzeo
712 2168 761 2199 “
786 2168 1003 2249 loquar,
1029 2164 1280 2237 magistri
1309 2172 1605 2224 doctrinam
1630 2173 1819 2225 adam-

219 2256 430 2323 pliatit,
462 2257 735 2310 malorum
766 2259 1043 2326 factorem,
1069 2273 1116 2314 et
1162 2260 1417 2314 bellorum
1445 2265 1819 2329 concupiscen-

220 2360 347 2412 tem,
382 2360 431 2403 et
482 2350 865 2405 inconstantem
892 2368 1091 2423 quoque
1112 2355 1393 2415 sententia,
1418 2364 1468 2408 et
1488 2356 1817 2409 contrarium

219 2440 322 2494 sibi
347 2441 527 2507 ipsum
578 2443 783 2501 dicens.
820 2444 1185 2500 Valentiniani
1223 2448 1452 2517 quidem
1501 2449 1816 2503 nominilms

224 2533 513 2589 honestius
546 2536 864 2602 utebantur,
898 2545 956 2591 ut
983 2538 1247 2593 observat
1290 2540 1431 2594 idem
1469 2540 1708 2595 lrenmus
1731 2540 1811 2607 “;

224 2624 396 2681 Deum
448 2627 601 2681 enim
648 2629 920 2683 malorum
971 2628 1291 2685 ell'ectorem
1328 2641 1517 2700 aperte
1561 2632 1813 2702 proﬁteri

227 2718 419 2786 religio
443 2728 593 2773 erat.
633 2718 705 2772 At
745 2729 896 2773 certe
923 2718 1167 2789 ejusdem
1200 2722 1436 2779 sceleris
1484 2732 1605 2778 erat
1646 2725 1813 2777 Deum

224 2812 599 2881 ignorantem,
649 2822 814 2882 atque
850 2812 1013 2868 Deum
1056 2816 1255 2869 malum
1299 2826 1353 2871 et
1387 2816 1655 2872 malorum
1686 2816 1815 2871 effe-

224 2913 431 2958 ctorem
466 2913 718 2957 statuere
766 2921 779 2957 ;
834 2906 943 2957 imo
975 2904 1105 2959 illud
1149 2922 1216 2961 eo
1248 2907 1488 2975 gravius,
1520 2923 1628 2978 quo
1660 2911 1813 2978 igno-

224 2997 401 3049 rantia
447 2997 568 3066 ipsa
610 2996 922 3051 refunditur
951 2998 1003 3051 in
1040 2998 1217 3068 ipsum
1253 3014 1563 3069 supremum
1617 3001 1807 3068 Deum,

223 3086 507 3159 Demiurgi
542 3103 769 3143 causam
798 3088 990 3142 saltem
1021 3100 1313 3154 remotam,
1342 3099 1401 3144 ut
1438 3091 1507 3145 ad
1538 3091 1808 3147 Valentini

1918 1907 2020 1958 tico
2054 1922 2209 1959 arare
2238 1906 2458 1972 decepit.
2493 1905 2567 1959 Ex
2603 1921 2670 1959 eo
2696 1915 2965 1960 venenato
2995 1903 3141 1958 fonte
3178 1904 3348 1957 ﬂuunt
3385 1920 3499 1959 om-

1918 1998 2007 2052 nia
2036 2011 2176 2066 pene
2200 2010 2451 2049 errorum
2484 2006 2743 2065 portenta.
2765 1998 2965 2067 quibus
2998 1997 3166 2051 miser
3194 1995 3284 2049 ille
3314 1994 3497 2048 deludi

1917 2104 1977 2142 se
2008 2102 2205 2156 passus
2236 2096 2339 2141 est.
2375 2088 2574 2142 Totum
2607 2088 2777 2141 Vetus
2807 2088 3217 2143 Testamentum
3242 2087 3501 2155 repudia-

1918 2179 2007 2232 bat
2032 2177 2101 2241 δ’,
2131 2186 2321 2248 utpote
2364 2178 2508 2245 quod
2538 2178 2806 2246 originem
2844 2178 3043 2233 ducere
3093 2178 3438 2232 existimaret
3469 2193 3497 2229 ιι

1919 2267 2065 2321 malo
2093 2270 2223 2333 Deo,
2268 2282 2429 2336 quem
2458 2267 2579 2319 ideo
2603 2268 2986 2321 inconstantem
3012 2271 3271 2322 sententia
3295 2278 3342 2322 et
3374 2286 3501 2322 con-

1918 2360 2144 2412 trarium
2173 2360 2277 2412 sibi
2302 2359 2405 2425 ipsi
2430 2356 2864 2426 hlaspbemabat,
2892 2361 3035 2425 quod
3070 2360 3226 2427 plura
3253 2374 3376 2414 esse
3409 2375 3501 2412 ve-

1920 2450 2053 2504 teris
2106 2449 2245 2518 legis
2300 2447 2613 2504 testimonia
2687 2448 3064 2511 contenderet.
3118 2466 3240 2519 qua:
3312 2465 3498 2503 secum

1919 2549 2105 2607 aperte
2136 2549 2473 2609 pugnarent;
2521 2552 2641 2605 qua:
2679 2537 2900 2607 quidem
2950 2540 3193 2594 studiose
3231 2540 3499 2606 colligens

1917 2636 2115 2692 librum
2147 2631 2512 2692 Antitheseon.
2554 2644 2648 2683 seu
2697 2629 3181 2684 contradictiouum
3226 2632 3396 2685 edidit
3428 2632 3498 2692 '°.

1918 2728 1971 2783 in
2010 2743 2119 2797 quo
2167 2724 2469 2779 sententias
2520 2722 2810 2776 sententiis
2856 2722 3186 2791 opponebat.
3235 2723 3503 2791 Quamvis

1915 2826 2097 2871 autem
2124 2818 2322 2869 bonum
2346 2815 2513 2868 Deum
2537 2811 2670 2867 Novi
2698 2812 3033 2866 Testameuti
3057 2824 3341 2869 auctorem
3374 2830 3503 2869 esse

1915 2908 2191 2971 crederet,
2220 2923 2327 2961 non
2352 2905 2539 2959 omnia
2574 2913 2755 2959 tamen
2789 2905 3226 2973 amplectebatur
3250 2904 3497 2973 ejusdem

1916 2998 2256 3052 Testainenti
2284 2997 2514 3065 scripta,
2549 3011 2669 3064 qua:
2694 2995 2968 3051 catholica
2999 2996 3191 3065 recipit
3226 2996 3495 3050 Ecclesia.

1914 3090 2048 3145 Nam
2080 3092 2423 3159 ex‘quatuor
2454 3089 2783 3161 Evangeliis.
2814 3090 3117 3157 repudiatis
3166 3090 3366 3152 tribus.
3402 3105 3495 3142 so-

224 3180 480 3234 baresim
530 3180 909 3248 probavimus.
956 3178 1022 3232 Et
1045 3179 1211 3234 Deum
1248 3180 1611 3251 ignorantem,
1662 3198 1806 3236 caeco
1836 3220 1877 3277 ε
1913 3183 2023 3237 lum
2048 3182 2233 3247 Lucae,
2259 3181 2372 3236 imo
2399 3181 2522 3249 ejus
2550 3192 2761 3252 partem
2795 3182 3062 3236 duntaxat
3113 3183 3378 3251 probabat
3409 3184 3495 3249 ³¹;

223 3271 434 3340 impetu
469 3281 751 3341 agentem,
779 3281 832 3325 et
866 3271 1175 3333 animalem,
1204 3271 1257 3325 id
1296 3281 1378 3327 est
1403 3274 1657 3328 omnibus
1690 3275 1809 3328 ani-

222 3362 292 3416 mi
325 3362 864 3431 perturbationibus,
898 3377 1034 3431 quas
1066 3363 1175 3417 ciet
1212 3366 1486 3433 appetitus
1529 3366 1804 3429 sentiens,

219 3452 520 3506 obnoxium
554 3453 999 3521 inducere;quid
1028 3452 1175 3507 aliud
1199 3463 1304 3519 est,
1341 3470 1502 3523 quam
1538 3456 1805 3509 malorum

220 3545 495 3607 omnium,
560 3544 764 3611 quibus
822 3541 1187 3597 labefactatur
1242 3545 1416 3612 orbis,
1477 3546 1691 3616 culpam
1755 3550 1805 3602 iu

218 3638 396 3707 ipsum
428 3634 721 3691 conferre?
762 3633 936 3697 Unde,
967 3633 1067 3687 etsi
1100 3633 1275 3703 prima
1300 3633 1483 3691 fronte
1518 3636 1809 3707 impuden-

220 3732 330 3785 tius
373 3730 767 3798 blasphemare
817 3729 1067 3782 videatur
1118 3727 1387 3795 Marcion,
1420 3745 1517 3785 sua
1558 3734 1804 3789 emollire

216 3824 385 3877 verba
446 3820 873 3890 haudquaquam
913 3828 1170 3889 satagens
1228 3837 1243 3874 :
1299 3838 1403 3876 non
1440 3826 1619 3880 minus
1640 3842 1803 3882 exse-

217 3913 421 3967 cranda
458 3911 741 3967 Valentini
778 3911 1114 3980 blasphemia
1145 3923 1287 3975 crat,
1336 3911 1463 3967 licet
1496 3917 1798 3972 nominibus

217 4005 495 4057 honestius
549 4003 631 4055 uti
683 4003 980 4057 videretur.
1038 4001 1181 4069 Quid
1238 4002 1307 4057 sit
1356 4014 1535 4061 autem
1586 4010 1803 4079 utrique

223 4097 363 4149 Deus
395 4094 509 4159 ille,
539 4108 635 4149 seu
662 4093 947 4164 ignorans,
976 4108 1069 4148 seu
1099 4092 1367 4148 malorqu
1395 4095 1642 4164 ell'ector,
1683 4103 1798 4171 jam

216 4205 321 4243 non
354 4188 528 4245 semel
560 4187 822 4251 diximus,
862 4197 915 4241 et
948 4186 1110 4257 paulo
1140 4193 1266 4239 ante
1293 4185 1360 4239 ad
1383 4188 1649 4249 Cerdonis
1690 4196 1802 4249 hae-

215 4282 378 4336 resim
417 4280 790 4343 iteravimus;
848 4295 1036 4335 merus
1086 4284 1300 4340 scilicet
1326 4284 1589 4353 Angelus.
1633 4299 1796 4353 quem

213 4373 309 4428 Dei
371 4372 538 4427 titulo
578 4387 644 4426 ac
702 4373 923 4427 nomine
977 4375 1345 4431 cobonestare
1404 4376 1641 4446 placuit;
1702 4377 1796 4431 sed

212 4468 305 4537 qui
340 4480 536 4521 revera
582 4480 613 4517 a
644 4480 777 4519 vero
814 4464 923 4520 Deo
981 4466 1309 4522 immensum
1340 4467 1591 4534 distaret,
1624 4480 1678 4523 et
1702 4485 1796 4522 ea-

1913 3293 2206 3349 suppresso
2232 3286 2411 3331 tamen
2432 3276 2674 3332 auctoris
2696 3276 2938 3340 nomine,
2960 3276 3168 3331 nullum
3195 3278 3339 3332 enim
3367 3278 3497 3334 huic

1914 3372 2142 3427 inscribi
2183 3371 2378 3426 voluit.
2417 3370 2681 3439 Discipuli
2714 3385 2847 3425 vero
2879 3372 2999 3440 ejus
3029 3372 3107 3425 sic
3141 3370 3239 3441 ipsi
3275 3372 3496 3426 Christo

1910 3463 2279 3529 ascribebant,
2311 3473 2369 3517 ut
2400 3471 2582 3517 tamen
2610 3462 2857 3531 pluribus
2893 3472 3137 3527 auctum,
3166 3472 3224 3516 ut
3267 3463 3493 3518 historia

1910 3556 2245 3624 passionis,a
2266 3556 2328 3612 D.
2364 3555 2533 3610 Paulo
2554 3553 2725 3610 fuisse
2760 3554 3062 3625 garrirent.
3088 3553 3231 3619 Quin
3258 3564 3311 3608 et
3341 3565 3494 3609 tanta

1907 3658 2029 3703 erat
2064 3663 2250 3702 eorum
2306 3647 2557 3709 audacia,
2604 3656 2665 3702 ut
2719 3648 2770 3700 id
2825 3647 3072 3717 quotidie
3132 3647 3492 3717 interpolare,

1908 3740 2153 3810 pluribus
2209 3738 2430 3803 additis,
2486 3737 2568 3791 vel
2620 3739 2867 3799 resectis,
2915 3746 3075 3807 prout
3126 3753 3156 3792 a
3193 3738 3494 3795 Catholicis

1907 3826 2264 3897 urgebantur,
2303 3843 2409 3881 non
2441 3836 2790 3881 vererentur.
2838 3826 3116 3882 Abscissis
3146 3843 3492 3899 quaecunque

1910 3937 1976 3975 ex
2009 3917 2196 3976 Veteri
2242 3919 2592 3973 Testamento
2622 3918 2867 3973 citantur
2908 3920 3264 3984 testimoniis,
3314 3921 3492 3989 iisque

1904 4011 2157 4066 omnibus
2193 4010 2348 4073 locis,
2390 4011 2442 4064 in
2486 4009 2685 4079 quibus
2712 4008 2971 4064 Christus
3013 4012 3199 4065 mundi
3232 4012 3488 4066 condito-

1905 4118 2017 4157 rem
2046 4100 2263 4156 Patrem
2296 4116 2452 4154 suum
2505 4116 2627 4155 esse
2675 4101 3002 4166 conlitetur;
3038 4111 3322 4171 amputato
3374 4112 3490 4157 toto

1905 4192 2082 4256 initio,
2113 4192 2255 4261 quod
2306 4192 2379 4245 ibi
2430 4191 2735 4246 Salvatoris
2772 4192 2824 4245 in
2870 4202 3027 4246 utero
3070 4195 3377 4262 generatio,
3434 4205 3489 4250 et

1900 4281 2146 4351 ejusdem
2176 4282 2440 4335 adventus
2485 4296 2610 4335 cum
2650 4294 2883 4350 corpore
2913 4283 3199 4350 perspicue
3241 4299 3487 4337 comme-

1901 4383 2189 4440 moretur;
2229 4383 2283 4429 et
2331 4389 2430 4429 nec
2462 4388 2529 4429 ex
2578 4374 2734 4427 initio
2785 4377 2966 4442 modo,
2997 4377 3093 4431 sed
3140 4386 3194 4430 et
3246 4392 3276 4431 e
3306 4379 3486 4432 medio

1902 4466 2134 4521 sublatis
2173 4465 2416 4536 pluribus
2450 4466 2759 4528 sententiis,
2788 4465 3023 4535 aliisque
3056 4483 3156 4536 pro
3208 4467 3321 4522 illis
3350 4468 3483 4522 sub-

212 4563 329 4614 dem
353 4558 679 4614 conditione
706 4573 827 4612 cum
858 4559 1077 4614 caeteris
1112 4560 1279 4615 rebus
1304 4562 1507 4616 creatis
1544 4576 1797 4616 censere—
1829 4575 1873 4629 ι)
1902 4560 2131 4623 Stitutis,
2188 4574 2293 4612 non
2347 4557 2459 4627 jam
2524 4556 2909 4628 Evangelium,
2963 4557 3058 4611 sed
3116 4556 3483 4612 adulterinam

213 4660 317 4715 tur,
349 4661 411 4706 ut
440 4653 518 4705 ait
554 4664 685 4703 mox
723 4650 923 4704 citatus
951 4648 1354 4709 Tertullianus.

278 4745 403 4799 159.
438 4742 616 4797 Porro
648 4741 1025 4797 Tertullianus
1060 4742 1105 4773 “
1136 4754 1327 4797 auctor
1353 4753 1459 4810 est,
1487 4744 1629 4798 lianc
1652 4742 1793 4797 Mar-

212 4835 348 4891 cioni
408 4835 583 4889 fuisse
631 4834 977 4888 occasionem
1028 4834 1263 4904 duplicis
1320 4850 1497 4889 rerum
1534 4835 1791 4905 Principii

208 4927 694 4983 comminiscendi.
747 4924 951 4980 Passus
1010 4936 1109 4991 est,
1152 4926 1347 4995 inquit,
1398 4926 1587 4994 infelix
1633 4928 1791 4992 hujus

206 5020 633 5091 pra-sumptionis
666 5019 993 5084 instinctum,
1019 5019 1083 5073 de
1110 5019 1335 5087 simplici
1355 5019 1584 5085 capitulo
1605 5018 1793 5073 Domi-

207 5118 335 5171 tiae
357 5115 834 5185 pronuntiationis,
864 5114 920 5167 in
950 5115 1213 5179 homines,
1246 5130 1348 5168 non
1377 5114 1429 5165 in
1457 5114 1586 5167 deos
1658 5114 1773 5166 dis-

205 5209 443 5277 ponentis
472 5205 713 5276 exempla
747 5204 842 5258 illa
889 5206 1036 5259 bona:
1084 5211 1134 5258 et
1178 5204 1332 5258 mala:
1375 5204 1604 5268 arboris,
1645 5204 1787 5273 quod

207 5314 364 5368 neque
400 5299 542 5351 bona
576 5297 769 5363 malos,
799 5313 961 5366 neque
1000 5297 1145 5349 mala
1176 5296 1335 5349 bonos
1373 5296 1609 5365 proferat
1667 5295 1786 5364 [ru-

203 5404 308 5444 ctus
332 5392 421 5456 ‘7;
454 5392 510 5443 id
537 5399 613 5445 est
646 5405 815 5457 neque
841 5405 982 5442 mens
1012 5390 1090 5443 vel
1139 5389 1271 5456 ﬁdes
1299 5387 1434 5442 bona
1467 5386 1636 5440 malas
1664 5386 1785 5439 edat

267 5704 315 5735 ⁵⁵
340 5702 462 5755 Lib.
498 5716 539 5763 ι,
569 5713 622 5752 c.
674 5696 769 5761 27,
812 5713 865 5751 ιι.
896 5697 950 5750 2.
1054 5697 1099 5728 ⁸⁵
1129 5697 1254 5752 Lib.
1283 5715 1364 5761 in,
1397 5712 1446 5751 c.
1484 5696 1569 5763 12,
1602 5714 1656 5754 η.
1702 5697 1782 5753 l3.

201 5776 377 5827 ‘lsai.
404 5787 531 5834 ην,
557 5770 610 5823 7.

201 5860 244 5896 c.
274 5844 329 5898 2.
363 5847 596 5897 Auctor.
648 5838 787 5893 Dial.
835 5849 975 5893 cont.
1018 5838 1207 5906 Marc;
1238 5838 1491 5899 Tertull..
1543 5855 1591 5895 c.
1635 5840 1689 5893 5.

690 5768 923 5832 "irem,
948 5769 1043 5824 lib.
1067 5769 1351 5838 t,cap.27,
1377 5770 1503 5823 ".2.
1574 5768 1620 5799 '°
1648 5767 1901 5831 Tertull.,
1935 5770 1969 5821 1.
1992 5784 2041 5822 tv
2070 5780 2218 5823 cont.
2250 5770 2501 5838 Mai-e.,_c.
2535 5766 2578 5817 Ι.

1792 5840 1848 5909 ⁵³,
1886 5839 2000 5894 Iren
2034 5880 2049 5903 ,
2088 5840 2189 5893 lue.
2226 5841 2341 5902 cit.,
2382 5833 2600 5905 Epiph.,
2654 5837 2783 5890 hzer.
2822 5851 2954 5898 xui,
2989 5833 3017 5905 ς
3050 5836 3103 5891 9.

1908 4651 2185 4721 Evangelii
2215 4652 2449 4719 speciem
2481 4651 2596 4705 suis
2618 4650 2945 4704 obtrudebat
2979 4649 3247 4705 Marcion.
3271 4650 3485 4716 Quous-

1903 4758 2009 4813 que
2042 4743 2369 4813 processerit
2416 4743 2742 4811 sacrilegum
2777 4743 3015 4798 hominis
3058 4742 3296 4805 facinus.
3331 4743 3484 4813 sigil—

1904 4836 2056 4889 latim
2088 4835 2322 4905 explicat
2355 4835 2690 4905 Epiphanius
2723 4835 2864 4891 Haer.
2898 4850 3030 4890 χιιι.
3060 4835 3257 4889 Decem
3290 4835 3485 4889 dunta-

1904 4938 1996 4981 Xal
2020 4927 2169 4981 Pauli
2202 4926 2477 4993 Epistolas
2503 4928 2830 4981 admittebat
2860 4927 2928 4991 ⁸⁸,
2962 4941 3161 4997 easque
3193 4943 3299 4981 non
3332 4928 3477 4982 inte-

1901 5035 2044 5088 gras,
2088 5020 2180 5073 sed
2214 5020 2316 5071 alia
2350 5036 2415 5073 ex
2454 5020 2557 5071 illis
2589 5020 2767 5087 capita
2802 5019 3147 5079 detrahebat.
3188 5020 3293 5073 alia
3323 5035 3476 5074 com-

1902 5112 2179 5175 tuutabat;
2227 5112 2517 5179 respuebat
2555 5124 2685 5163 vero
2728 5120 3018 5178 utramque
3049 5110 3352 5180 Epistulam
3406 5111 3473 5165 ad

1900 5204 2264 5269 Timotheum,
2288 5218 2405 5257 eam
2450 5217 2571 5271 quae
2595 5212 2680 5257 est
2708 5201 2777 5256 ad
2805 5200 2987 5256 Titum
3014 5211 3069 5258 et
3092 5202 3159 5256 ad
3195 5202 3471 5267 llebrmos,

1897 5311 2018 5350 cum
2048 5296 2392 5365 Apocalypsi,
2420 5296 2744 5363 caeterisque
2785 5295 3068 5351 canonicis
3087 5295 3363 5364 Epistolis.

1967 5385 2088 5439 MO.
2138 5387 2333 5439 Eadem
2380 5394 2538 5438 erant
2596 5383 2917 5450 Marcionis,
2970 5402 3090 5456 quae
3139 5394 3464 5441 cmterorum

1896 5696 1941 5728 “
1970 5697 2027 5752 L.
2079 5712 2093 5750 ι
2152 5706 2298 5751 cont.
2349 5694 2541 5756 Marc.,
2576 5694 2710 5746 αἳ.
2827 5693 2870 5725 ⁸⁷
2903 5694 3036 5749 Luc.
3081 5710 3151 5758 νι,
3208 5696 3298 5758 45,
3358 5695 3450 5751 46.

2656 5764 2699 5794 ⁵⁸
2730 5765 2896 5829 lren.,
2923 5767 3024 5817 lor.
3053 5766 3171 5831 cit.;
3203 5766 3455 5825 'l‘ertul-..
