3954 6352
511 383 614 441 159
1349 378 1944 436 DlSSEIlTATlON’ES
1977 377 2126 432 Pii}!

2204 376 2284 432 le
2322 377 2386 431 IN
2423 376 2679 432 ιιιΕΝΑςι
2717 375 2982 432 LIBROS.
3663 386 3747 440 l60

510 502 924 566 Gnosticorum,
960 502 1027 554 de
1052 499 1276 555 Christo
1309 503 1538 568 deliria;
1569 502 1796 557 missum
1829 501 2035 555 scilicet
2071 515 2100 552 a
2132 503 2176 559 Α
2207 499 2340 553 tioni
2371 497 2876 566 calnmniabantnr,
2906 500 3052 568 quod
3102 499 3303 552 malam
3351 517 3460 554 esse
3505 514 3744 572 naturam,

509 591 671 646 Patre
722 591 893 646 fuisse
929 595 1193 648 ementita
1250 595 1438 648 carnis
1478 595 1664 664 specie
1713 594 1986 656 indutum,
2047 602 2105 646 ut
2209 610 2275 648 ex
2301 591 2442 646 mala
2469 593 2786 657 materia,et
2821 609 2852 644 a
2888 595 3030 656 iusto
3063 591 3265 660 Opiﬁce
3295 609 3355 646 ac
3387 590 3622 651 Creatore
3671 600 3745 666 [a-

511 685 698 738 tnttndi
729 685 943 754 Opilieis
981 701 1147 754 opera
1183 697 1238 739 et
1261 687 1408 757 leges
1432 687 1764 742 dissolveret
1791 687 1859 752 ⁵³,
1893 689 2105 739 anitna-
2207 701 2348 739 ctam
2381 686 2690 755 e/futirent;
2719 703 2822 755 qua
2853 687 3059 756 quidem
3085 689 3290 741 ratione
3315 686 3534 741 nolentes
3561 690 3749 757 implere

511 777 723 846 hasque
749 777 878 830 solis
901 779 1132 832 salutem
1160 778 1846 848 impertiret;corporibus
1871 780 2106 845 proinde
2209 780 2468 834 mundum
2506 781 2596 850 qui
2633 779 2808 849 {actus
2853 789 2931 832 est
2981 797 3012 832 a
3059 780 3333 847 Creatore,
3375 781 3685 836 abstinebant
3723 803 3748 838 a

509 877 719 922 teterno
780 870 1027 924 interitui
1082 872 1338 926 obnoxiis
1380 874 1729 928 manentibus
1766 872 1834 927 “.
1887 870 2102 943 [LXXI]
2209 872 2430 939 nuptiis,
2469 872 2765 925 resistentes
2797 888 2896 924 suo
2922 870 3182 925 Creatori.
3238 871 3539 940 Philosophi
3576 885 3747 940 autem,

513 960 658 1014 Duos
694 971 900 1025 tamen,
955 963 998 1016 si
1059 962 1400 1018 Tertulliano
1437 965 1712 1019 credimus
1741 965 1812 1029 ”,
1856 965 2104 1020 Christus
2207 981 2430 1035 quorum
2456 966 2771 1018 mentionem
2795 965 3298 1034 fecimus,aquibus
3325 981 3438 1019 cum
3461 966 3643 1020 malam
3658 985 3751 1022 esse

517 1051 742 1107 tinxisse
773 1055 1013 1120 videtur,
1045 1056 1207 1108 alium
1243 1059 1334 1126 qui
1378 1057 1677 1112 Tiberiani:
1708 1058 2027 1127 temporibus
2071 1076 2105 1112 a
2207 1056 2598 1126 generationem
2631 1055 2789 1124 impie
2810 1055 3117 1109 didicissent
3150 1055 3501 1122 Marcionita',
3529 1067 3749 1123 tanquam

516 1145 627 1199 Deo
651 1149 880 1215 quodam
905 1148 1084 1216 ignoto
1119 1150 1381 1205 rerelatus
1413 1152 1505 1217 sit,
1535 1152 1589 1204 in
1616 1150 1843 1206 salutem
1867 1153 2103 1205 omnium
2207 1165 2305 1202 suo
2335 1151 2579 1218 dogmate
2602 1146 2926 1217 gloriantur,
2958 1164 3062 1201 non
3105 1164 3220 1202 eam
3257 1149 3434 1202 volunt
3459 1164 3562 1202 esse
3585 1159 3750 1201 natura

511 1238 779 1306 gentium;
816 1241 1002 1300 alium,
1053 1243 1143 1310 qui
1191 1260 1220 1294 a
1251 1242 1360 1297 Deo
1392 1253 1626 1298 creatore
1649 1246 1702 1298 in
1721 1244 2103 1297 restitutionem
2207 1240 2444 1306 malam;
2475 1245 2568 1296 sed
2601 1243 2746 1311 quod
2777 1257 2861 1306 ea,
2911 1243 3091 1296 anima
3145 1257 3266 1311 quae
3321 1242 3502 1296 divina
3541 1251 3638 1304 est,
3669 1240 3750 1294 deo

507 1328 730 1383 Judaici
776 1340 949 1386 status
989 1337 1059 1386 sit
1097 1337 1416 1402 destinatus,
1463 1339 1779 1409 quandoque
1827 1349 2100 1397 venturus.
2210 1333 2463 1386 ιτιιάθιυτ
2499 1332 2551 1386 in
2598 1347 2817 1403 corpus.
2857 1342 3116 1401 laminam
3163 1333 3216 1386 i"
3269 1333 3450 1388 locum
3508 1333 3750 1402 5"PPIiCii-

512 1423 648 1488 Quze
677 1424 926 1478 Cerinthi
961 1425 1172 1483 fabulas
1205 1431 1271 1483 de
1315 1439 1533 1483 terreno
1565 1432 1769 1485 Christi
1806 1447 1974 1502 regno
2010 1448 2103 1485 sa-
2208 1423 2262 1476 1η
2292 1424 2531 1494 0j||5dem
2561 1423 2841 1479 Creatoris
2873 1425 3056 1479 οάῖυηι
3100 1435 3335 1480 mortem
3379 1425 3479 1480 Sibi
3511 1426 3751 1479 ίηιετάυηι

511 1530 641 1584 pere
672 1517 952 1582 videntur,
983 1534 1286 1590 ansamque
1319 1523 1605 1576 Gennadio
1627 1523 1844 1577 dedisse
1873 1523 2106 1578 Mareio-
2207 1517 2626 1571 εοηεοίεεθὶπιηι
2653 1516 2986 1572 Mammium
3011 1518 3076 1579 ⁶¹ο
3106 1518 3348 1573 omam"
3379 1533 3482 1572 ηοη
3516 1525 3755 1572 σείτεεω⁸

509 1609 655 1663 nitas
689 1611 831 1665 inter
856 1612 1195 1668 Millenarios
1239 1618 1584 1672 recensendi.
1618 1619 1847 1673 Animas
1878 1620 1946 1674 ab
1981 1619 2102 1674 aliis
2206 1609 2336 1664 bam
2361 1621 2445 1665 εει
2477 1611 2605 1665 hinc
2633 1620 2841 1666 580mm
2869 1627 3022 1666 suam
3082 1613 3417 1684 martyribus
3453 1626 3554 1666 "0"
3594 1612 3754 1680 Pa"eis

509 1699 561 1752 in
586 1702 695 1754 alia
728 1719 955 1773 corpora
984 1706 1317 1774 migraturus
1341 1724 1404 1762 ae
1430 1709 1757 1764 transituras
1782 1711 2058 1767 statuebat
2086 1732 2100 1767 :
2207 1705 2460 1758 decorari
2517 1705 2922 1774 gloriabantur-
2991 1704 3236 1760 sabbato
3263 1705 3598 1775 ieiunabam:
3632 1705 3754 1774 (ιιιοά

509 1796 656 1862 quod
686 1797 752 1847 ad
775 1811 870 1849 eos
909 1799 1134 1866 quidem
1165 1802 1423 1856 homines
1456 1805 1673 1870 ειεξιιει,
1708 1805 1800 1875 qui
1845 1806 1896 1860 in
1947 1806 2103 1874 igno-
2137 1868 2172 1875 ⁸
2207 1811 2269 1851 ea
2302 1797 2391 1852 die
2414 1797 2601 1852 mundi
2626 1797 2928 1852 fabricator
2947 1797 3602 1867 requievisset.Animatis
3629 1796 3755 1850 vesci

509 1887 724 1940 ratione
753 1902 1066 1944 versantur.
1121 1893 1194 1947 De
1233 1896 1432 1963 quibus
1481 1898 1628 1951 hanc
1675 1897 1912 1953 fabulam
1948 1915 2103 1955 com-

2207 1889 2594 1958 prohibebant,
2624 1905 2687 1944 ac
2725 1905 2848 1945 reos
2883 1904 3004 1945 esse
3024 1890 3253 1960 judicio,
3316 1890 3392 1943 ait
3435 1887 3756 1958 Epiphanius,

509 1991 727 2037 intentus
767 1995 884 2038 erat
940 2004 951 2038 :
999 1988 1196 2042 ltedire
1239 1991 1493 2045 videlicet
1548 1994 1812 2058 animam,
1848 2009 1912 2049 ac
1945 2008 2005 2048 se
2046 1996 2099 2049 in

2207 1985 2471 2052 putabant
2533 1983 2653 2040 illos
2703 1985 2795 2055 qui
2872 1999 3072 2039 carnes
3114 1987 3493 2054 degustarent,
3526 1992 3757 2048 tanquam

506 2078 940 2146 unumquodque
981 2080 1346 2134 animantimn
1406 2083 1658 2147 induere,
1692 2085 1865 2139 donec
1894 2101 2100 2157 purga-
2207 2078 2419 2131 animas
2452 2079 2831 2134 ('OInedcrcnl.
2870 2077 3060 2131 Fidem
3112 2086 3287 2132 ιδιηθη
3329 2078 3460 2131 lac"
3495 2073 3759 2129 Τθτιιιηῖπ-

509 2161 711 2215 tionem
747 2164 942 2234 adepta
986 2170 1079 2231 sit,
1115 2177 1276 2236 atque
1315 2169 1384 2222 ita
1425 2182 1678 2239 purgata,
1725 2174 2102 2246 dissolutoque
2207 2185 2328 2231 nus,
2357 2169 2604 2238 piscibus
2639 2184 2765 2224 usos
2798 2169 3122 2244 l'uissehimo
3146 2171 3467 2223 sanctiorem
3487 2169 3649 2222 cibum
3682 2168 3760 2220 de-

507 2253 561 2308 in
611 2256 855 2311 caelestia
914 2262 1030 2313 loca
1065 2260 1411 2329 commigret.
1487 2261 1936 2320 Mareinnitarum
1972 2284 2102 2322 vero

2204 2269 2438 2330 putasse.
2471 2261 2639 2314 Addit
2670 2261 3037 2331 Epiphanius,
3103 2262 3439 2330 baptismum
3475 2261 3609 2330 apud
3657 2259 3759 2314 illos

505 2349 718 2404 animas
752 2352 819 2416 ⁸⁸,
869 2367 963 2405 seu
999 2366 1189 2404 eorum
1230 2354 1324 2420 qui
1367 2353 1659 2410 Marcionis
1691 2360 1986 2413 doctrinam
2014 2364 2097 2415 di-
2206 2368 2381 2421 usque
2433 2353 2596 2406 ιετιίο
2675 2355 2884 2422 τεροιί,
2955 2354 3387 2423 baptizandique
3457 2362 3756 2421 Ροιθεῑδιθηι

503 2442 784 2509 dit-issent,
821 2445 960 2497 adeo
999 2447 1218 2513 purgari
1253 2454 1306 2500 et
1345 2463 1374 2499 a
1399 2463 1664 2518 corporea
1685 2448 1820 2506 faece
1849 2452 2099 2520 liberari,
2205 2445 2544 2500 mulierculis
2571 2446 2800 2501 concedi
2834 2463 2848 2498 :
2911 2446 3176 2517 mysteria
3227 2444 3632 2500 catechumenis
3660 2459 3762 2498 cer-

505 2546 564 2588 ut
597 2545 720 2603 post
754 2547 983 2589 mortem
1021 2538 1342 2592 immediate
1367 2548 1572 2594 aeterna
1617 2542 1793 2597 salute
1823 2543 2097 2600 fruantur.

2204 2537 2460 2591 ncntibus
2510 2537 2781 2591 celebrari
2833 2551 2848 2601 ;
2891 2539 2958 2592 ad
3018 2537 3134 2591 haec
3188 2551 3322 2590 vero
3375 2551 3572 2606 aquam
3629 2537 3764 2588 adhi-

512 2626 645 2692 ane
674 2629 855 2678 omnia
890 2626 1178 2682 Platonica
1212 2639 1267 2682 et
1297 2628 1729 2698 Carpocratiana
1757 2644 1900 2686 sunt.
1950 2633 2015 2687 Et
2045 2635 2097 2689 in
2204 2628 2342 2693 beri.
2375 2629 2547 2682 50‘8"!
2581 2629 2827 2699 (ιυίάωηι
2857 2637 2914 2683 ut
2951 2629 3173 2683 Videtur
3201 2645 3218 2696 ἱ
3269 2630 3362 2698 qni
3424 2629 3762 2699 Ᾱίίυπίοτυιη

505 2717 557 2770 id
587 2716 880 2772 Marcionis
915 2720 1110 2791 dogma
1145 2722 1334 2790 procul
1369 2722 1534 2776 dubio
1577 2723 1805 2792 digitum
1842 2727 2098 2781 intende-

2204 2735 2360 2774 error
2388 2718 2510 2775 luit.

505 2807 601 2861 bat
639 2808 903 2879 Origenes
937 2813 1003 2878 ⁸⁷,
1043 2827 1162 2866 cum
1197 2813 1476 2868 scribebat
1517 2817 1732 2870 animas
1775 2834 1990 2882 omnes,
2033 2836 2096 2874 ex

505 2903 800 2958 Marcionis
833 2905 1126 2971 sententia,
1157 2921 1260 2959 non
1285 2921 1407 2962 esse
1446 2909 1608 2963 unius
1642 2920 1696 2963 et
1731 2910 1974 2980 ejusdem
2008 2928 2101 2982 ge-

506 2997 679 3060 neris,
731 2998 825 3050 sed
880 2997 1020 3051 alias
1075 2998 1142 3052 ab
1177 2998 1301 3052 aliis
1353 3010 1550 3053 natura
1603 3001 1849 3056 differre.
1889 3005 1964 3057 Ex
1993 3022 2099 3073 quo
2275 3020 2401 3074 με,
2445 3021 2708 3074 Τεηὶῃηυε
2733 3019 2910 3089 seipse
2973 3020 3198 3072 natione
3261 3018 3548 3090 Assyrium
3611 3017 3761 3070 fuisse

503 3089 671 3142 etiam
704 3089 863 3143 ﬂuxit
908 3089 1078 3143 altera
1114 3092 1429 3160 impostoris
1461 3093 1825 3164 blasphemia,
1861 3096 2019 3162 Cain,
2048 3107 2098 3150 et

2207 3122 2438 3168 testatur
2468 3114 2534 3170 ".
2572 3113 2774 3184 Syrum
2812 3112 3088 3167 exstitisse
3111 3113 3364 3166 scribunt
3415 3112 3765 3166 Theodoretus

500 3196 590 3233 eos
631 3183 721 3250 qui
755 3181 957 3235 similes
983 3193 1104 3235 sunt
1133 3185 1203 3249 ei,
1260 3195 1306 3238 et
1341 3185 1669 3251 Sodomitas,
1701 3202 1748 3243 et
1772 3207 1948 3245 omnes
1979 3209 2098 3245 om-
2129 3209 2168 3264 (ζ
2205 3217 2259 3260 ει
2289 3181 2627 3276 Epiphaniae
2648 3207 2725 3258 68;
2754 3220 3069 3274 quanquam
3111 3205 3197 3259 hic
3225 3204 3354 3259 alibi
3395 3207 3448 3259 in
3481 3205 3767 3274 Mesopota-

504 3273 630 3326 πίηο
673 3282 1019 3343 θεηιεεοιιιιίε
1077 3278 1131 3328 in
1186 3279 1328 3331 οηιηὶ
1369 3283 1717 3349 permisliom
1747 3285 2097 3355 malignitatis
2204 3298 2310 3349 mia
2335 3273 2535 3350 natum
2575 3273 2810 3348 asserat.
2846 3273 2978 3361 Quae
3032 3305 3214 3350 tamen
3271 3296 3434 3350 facile
3498 3295 3764 3350 conciliari

501 3365 931 3430 ambulaverunt,
962 3369 1196 3424 salvatus
1222 3387 1334 3424 esse
1382 3389 1413 3424 a
1445 3372 1700 3439 Domino,
1732 3392 1850 3429 cum
1885 3381 2099 3431 descen-

2768 2882 2858 2936 Xl.
2891 2881 2964 2936 De
2995 2882 3242 2935 Taliane.

501 3455 670 3508 disset
698 3456 768 3508 ad
820 3455 1044 3525 inferos,
1087 3469 1135 3512 et
1186 3462 1531 3518 occurrissent
1559 3466 1626 3520 ei.
1663 3467 1914 3531 Quandiu
1948 3472 2096 3526 enim

504 3547 892 3605 damnatorum
948 3553 1149 3607 animae
1195 3556 1529 3623 cognitionis
1584 3559 1745 3614 istius
1791 3561 2096 3618 Marcioni-

505 3637 626 3692 ticze
656 3650 908 3695 exsortes
942 3640 1184 3707 fuerunt,
1219 3659 1413 3715 poenas
1451 3647 1602 3703 luere
1651 3649 1995 3719 debuerunt;
2029 3669 2096 3709 ex

503 3745 612 3798 quo
646 3745 776 3784 vero
811 3747 875 3786 ea
915 3734 1205 3790 illustrata:
1241 3737 1480 3806 luerunt,
1521 3741 1743 3797 Christo
1779 3745 1895 3799 viso
1924 3746 1976 3799 in
2016 3747 2099 3800 in-

505 3823 664 3888 feris,
699 3826 973 3881 mundatze
1020 3827 1091 3882 ab
1137 3830 1254 3898 ipso
1288 3831 1536 3898 fuerunt,
1586 3844 1646 3888 et
1679 3848 1980 3906 assumpta:
2044 3839 2096 3893 in

506 3932 736 3987 regnum
773 3919 912 3988 ejus.
986 3921 1178 3976 Iisdem
1229 3923 1518 3994 principiis
1565 3927 1783 3984 innixus
1837 3933 2095 4001 addebat,

503 4010 754 4076 Abelem,
792 4012 1001 4078 Enoch,
1051 4013 1189 4081 Noe,
1220 4028 1274 4070 et
1328 4019 1572 4088 reliquos
1609 4022 1808 4091 justos,
1845 4023 2100 4079 Abraha-

507 4117 658 4170 mum
704 4119 830 4158 cum
890 4106 1149 4160 omnibus
1187 4110 1495 4178 prophetis,
1532 4122 1589 4166 et
1637 4113 1721 4167 his
1750 4117 1842 4184 qui
1870 4116 2096 4185 placue-

506 4203 638 4250 runt
704 4195 836 4260 Deo,
898 4213 1006 4252 non
1060 4199 1427 4269 participasse
1494 4204 1771 4273 salutem;
1837 4208 2096 4277 quoniam

503 4288 768 4359 suspicati
826 4306 884 4346 se
939 4294 1143 4347 tentari
1206 4311 1235 4348 a
1299 4298 1482 4352 mundi
1535 4299 1842 4368 conditore,
1899 4311 1956 4355 ut
2006 4318 2093 4356 so-

504 4381 681 4449 lebat,
706 4382 894 4440 Jesum
930 4388 1118 4441 audire
1153 4404 1220 4442 ac
1270 4390 1455 4446 verbis
1486 4391 1604 4460 ejus
1634 4394 1863 4448 credere
1895 4410 2098 4450 renue-

503 4485 655 4531 runt.

2203 3398 2471 3458 pOSsunt;
2509 3403 2631 3441 nam
2663 3385 2937 3440 interdum
2970 3388 3231 3458 Assyriae,
3259 3388 3439 3459 Syriae
3467 3399 3520 3445 et
3545 3388 3770 3454 Mesopo-

2207 3482 2387 3535 tamia:
2442 3481 2665 3534 nomina
2731 3481 3040 3550 promiscue
3091 3491 3446 3547 nsurpantur.
3513 3480 3602 3535 Sic
3647 3480 3767 3535 Gen.

2203 3587 2399 3637 xxvttt,
2432 3572 2485 3634 5,
2524 3571 2616 3640 qui
2660 3568 2831 3626 Jacob
2892 3570 3162 3641 profectus
3202 3572 3336 3624 venit
3385 3573 3442 3626 in
3489 3573 3768 3640 MesOpota-

2202 3667 2364 3718 miam
2417 3665 2627 3736 Syriae,
2672 3664 2705 3733 ᾗ
2761 3663 2814 3726 7,
2875 3663 3033 3716 ivisse
3075 3664 3127 3714 in
3167 3662 3378 3732 Syriam
3437 3665 3654 3720 dicitur.
3693 3663 3771 3718 Sic

2201 3759 2366 3814 etiam
2407 3758 2670 3812 Arrianus
2707 3757 2902 3813 scribit
2950 3758 3019 3822 “,
3061 3759 3338 3827 Euphrate
3368 3772 3426 3816 et
3479 3761 3624 3830 Tigri
3674 3778 3772 3813 nte-

2203 3851 2347 3906 diam
2377 3848 2661 3918 Assyriam
2694 3847 3001 3903 contineri:
3035 3850 3193 3910 unde,
3223 3850 3424 3919 inquit,
3462 3861 3511 3905 et
3540 3852 3603 3904 ab
3639 3850 3769 3903 indi-

2200 3945 2346 4014 genis
2381 3941 2769 4010 Mesopotamia
2831 3951 3073 3996 vocatur.
3119 3943 3441 3998 Graecorum
3495 3945 3696 4000 artibus
3717 3957 3772 3995 ac

2203 4031 2399 4089 studiis
2431 4049 2542 4088 non
2609 4031 2970 4087 mediocriter
3029 4034 3287 4090 excultus
3335 4036 3566 4092 Romam
3602 4035 3770 4096 venit:

2200 4126 2292 4179 ubi
2327 4141 2447 4180 cum
2481 4125 2534 4179 in
2588 4141 2775 4180 sacras
2823 4124 3142 4196 Scripturas
3199 4125 3511 4196 incidisset,
3545 4129 3614 4185 iis
3651 4142 3774 4198 quos

2206 4232 2317 4286 prce
2363 4233 2423 4272 se
2473 4217 2674 4284 ferunt,
2707 4219 3012 4273 divinitatis
3049 4220 3463 4276 characteribus
3490 4233 3772 4292 permotus,

2203 4309 2407 4364 Christi
2447 4311 2604 4365 (idem
2643 4311 2927 4380 amplexus
2958 4321 3066 4368 est.
3101 4310 3302 4368 Justini
3369 4313 3625 4386 Martyris
3677 4314 3776 4382 pri-

2207 4417 2352 4454 mum
2384 4402 2603 4457 auditor
2637 4403 2681 4434 ⁸⁵
2708 4445 2723 4469 ,
2760 4403 3002 4472 quandiu
3045 4421 3168 4458 cum
3198 4420 3263 4460 eo
3301 4407 3474 4460 vitam
3513 4406 3646 4477 egit,
3677 4405 3773 4458 illi—

2207 4494 2389 4545 batam
2446 4493 2607 4547 ﬁdem
2650 4496 2926 4560 servavit;
2961 4505 3030 4560 lat
3076 4496 3169 4550 illo
3215 4511 3314 4566 pro
3347 4498 3451 4553 ﬁde
3472 4513 3612 4552 caeso
3641 4499 3773 4552 circa

578 4572 705 4625 Ml.
766 4571 962 4627 Odium
1004 4573 1147 4642 quod
1173 4573 1557 4629 inCreatorem
1583 4589 1916 4646 conceperat
1949 4579 2094 4635 Mar-
2133 4550 2176 4604 Β
2207 4602 2406 4638 annum
2434 4585 2559 4650 167,
2591 4603 2711 4640 cum
2741 4588 2854 4655 jam
2891 4588 3043 4642 solus
3073 4590 3281 4643 schola:
3309 4605 3336 4643 a
3383 4589 3602 4646 Justino
3633 4591 3775 4645 insti-

505 4665 656 4730 eion,
715 4679 780 4718 eo
824 4679 996 4734 usque
1043 4666 1376 4734 eruperat",
1414 4676 1472 4720 ut
1523 4671 1739 4736 nuptias
1784 4673 2096 4740 damnaret,

506 4757 895 4827 neminemque
955 4759 1022 4811 ad
1078 4759 1335 4829 baptismi
1404 4760 1638 4830 gratiam
1699 4764 2096 4820 admittendum

506 4864 782 4920 censeret,
813 4857 916 4911 nisi
955 4857 1250 4927 virginem,
1304 4859 1388 4913 vel
1453 4859 1685 4931 conjuge
1733 4863 1953 4928 orbum,
2005 4876 2098 4920 aut

505 4950 902 5007 continentem.
934 4953 1072 5008 Nam
1102 4972 1353 5021 carnem,
1379 4973 1501 5026 qum
1533 4961 1890 5028 generatione
1919 4963 2098 5017 nasci-

509 5053 622 5106 tur,
647 5044 774 5098 mali
813 5046 1028 5114 Opiﬁcis
1063 5063 1197 5116 opus
1231 5065 1352 5104 esse
1382 5049 1779 5105 contendebat.
1823 5051 1974 5108 lluue
2006 5069 2096 5108 er-

507 5151 710 5203 rorem,
741 5137 786 5191 si
820 5138 1086 5192 Clementi
1142 5140 1525 5196 Alexandrino
1557 5142 1693 5198 tides
1734 5145 1800 5208 ⁵³,
1841 5147 2098 5201 hauserat

507 5246 536 5281 ρ
582 5229 990 5284 Platonicorum
1096 5231 1684 5304 Pythagoreorumque
1731 5236 1962 5301 lacunis,
2002 5240 2096 5308 qui

506 5321 708 5376 malam
741 5337 859 5377 esse
880 5324 1292 5393 generationem
1319 5329 1738 5394 existimabant,
1781 5345 2093 5400 quanquam

508 5429 614 5468 non
646 5415 838 5469 eadem
875 5417 1086 5470 ratione
1114 5428 1278 5487 atque
1319 5419 1652 5477 Marcionita:
1676 5425 1742 5476 ⁶⁰.
1787 5423 1847 5476 lli
1873 5440 2097 5495 genera-

581 5532 628 5563 ⁸³
661 5532 911 5611 Tertull:
941 5551 1009 5611 _c.
1066 5537 1149 5611 5._
1183 5535 1349 5611 lren.,
1391 5538 1519 5611 loe‘.‘
1556 5540 1672 5611 cit.,
1737 5541 1998 5607 Tertull,
2045 5546 2081 5599 Ι.
2120 5564 2157 5611 ι,
2215 5562 2264 5598 c.
2293 5544 2340 5598 6.

510 5620 585 5666 Iv,
618 5619 670 5658 c.
701 5603 753 5658 6.
857 5605 902 5636 “
941 5606 1106 5666 |ren.,
1139 5607 1243 5660 loc.
1277 5610 1372 5661 cit.
1413 5620 1423 5628 ‘

511 5675 743 5739 Stront.,
776 5691 830 5743 p.
871 5675 999 5739 451,
1031 5677 1159 5732 85⁸2.

1474 5609 1519 5639 ⁵⁷
1554 5609 1710 5684 llont.
1854 5615 1905 5667 in
1942 5615 2038 5684 Ep.
2072 5609 2152 5671 ad
2177 5618 2357 5683 Reub;
2399 5609 2568 5667 lren.'
2601 5609 2655 5668 tl.
2698 5617 2750 5669 5.

1287 5679 1616 5758 Tertull,
1666 5679 2099 5758 iti_blare.,_'lih.
2149 5705 2185 5753 ι,
2225 5703 2275 5741 c.
2317 5679 2412 5748 lis;
2447 5685 2664 5758 Epipb.,
2708 5687 2821 5758 §3.

2205 4688 2335 4732 tntae
2369 4689 2629 4748 praeesset
2651 4718 2668 4746 ,
2701 4681 3014 4751 magisterio
3045 4683 3240 4746 elatus,
3290 4684 3339 4737 in
3373 4685 3604 4738 exitium
3633 4685 3754 4737 ruit.

2203 4767 2365 4824 Prius
2396 4779 2578 4825 tamen
2598 4786 2761 4840 quam
2796 4787 2824 4824 a
2859 4772 3133 4826 catholica
3167 4775 3269 4828 ﬁde
3302 4776 3774 4846 deseisceret,post

2203 4861 2405 4920 Justini
2431 4876 2687 4930 mortem,
2722 4880 2874 4918 suam
2915 4866 3179 4922 adversus
3205 4867 3424 4925 Graecos
3459 4871 3773 4934 orationem,

2202 4972 2339 5025 opus
2391 4969 2544 5013 certe
2573 4955 2929 5022 catholicum,
2981 4961 3220 5016 edidisse
3273 4973 3485 5018 certum
3523 4973 3626 5019 est.
3676 4963 3775 5018 Sed

2206 5068 2314 5107 non
2347 5055 2517 5108 multo
2545 5062 2664 5124 post
2723 5052 2895 5107 Roma
2950 5056 3231 5124 prolectus
3291 5059 3344 5113 in
3393 5059 3695 5124 Orientem,
3726 5061 3773 5112 in

2206 5148 2472 5201 absurdas
2501 5147 2888 5202 Gnosticorum
2914 5152 3202 5220 opiniones
3231 5152 3449 5216 incidit,
3477 5167 3776 5222 novamque

2207 5249 2416 5293 sectam
2443 5240 2690 5294 condidit
2747 5241 2894 5296 circa
2939 5260 3142 5298 annum
3200 5261 3279 5299 xu
3317 5245 3387 5303 M.
3414 5247 3619 5301 Aurelii
3653 5246 3774 5310 (non

2207 5333 2465 5386 Antonini
2491 5330 2598 5397 Pii,
2631 5344 2688 5386 ut
2739 5349 3030 5404 perperam
3076 5337 3215 5405 apud
3252 5338 3616 5409 Epiphanium
3652 5337 3776 5407 legi-

2209 5424 2544 5486 turi,Christi
2575 5439 2706 5479 vero
2738 5425 2861 5491 172,
2898 5443 3018 5497 qua:
3052 5428 3432 5492 Taliannrum.
3469 5430 3775 5486 Encratila-

2439 5544 2484 5575 “
2513 5544 2731 5613 Epiph.,
2765 5545 2792 5617 ᾗ
2824 5546 2877 5608 4ς
2909 5545 3140 5612 Theod.,
3173 5547 3209 5600 I.
3243 5564 3279 5612 ι,
3315 5565 3362 5602 c.
3396 5549 3487 5604 9.4.
3585 5548 3630 5579 "
3663 5545 3772 5600 Lib.

2854 5617 2900 5648 ⁸⁸
2943 5617 3059 5670 lren
3093 5659 3107 5680 ,
3157 5636 3277 5688 cap.
3324 5621 3415 5676 ‘28.
3517 5621 3563 5651 ⁵⁹
3608 5619 3666 5674 L.
3718 5631 3774 5669 Ill

2928 5687 2969 5716 ⁶¹
3003 5691 3174 5742 (llum.
3208 5687 3320 5756 AL,
3377 5693 3410 5743 I.
3454 5707 3506 5744 tv
3552 5690 3774 5745 Slrom.,

511 5759 566 5831 ηε
598 5743 696 5820 481
723 5745 1001 5831 ;ρΕυξςι›ὧη
1033 5749 1070 5802 Ι.
1105 5765 1155 5831 γ,
1190 5765 1242 5831 e.
1279 5751 1380 5831 liii
1414 5752 1694 5831 ΕρίρΙιἊΛξ
1722 5754 1775 5831 73,
1809 5754 1906 5831 i2;
1933 5743 2188 5831 Tertull.,
2228 5758 2264 5810 l.
2299 5771 2313 5809 ι
2348 5743 2737 5831 _‘iit_t\lar_c.,'_c:
2766 5743 2874 5831 ib;
2909 5758 3126 5831 Epipln,
3165 5759 3194 5831 §
3370 5764 3413 5794 "
3445 5743 3599 5831 Orat,
3629 5743 3772 5831 cont.

523 5810 616 5860 Gr.
656 5810 706 5863 in
741 5811 794 5864 li.

941 5813 1291 5889 Ibeodoret.,
1318 5817 1420 5889 lib.
1458 5813 1572 5889 i,
1603 5813 1699 5889 ⁸2.οξ
1732 5813 1955 5888 Epiph..
1992 5821 2120 5876 hmr.
2168 5813 2315 5884 int,
2345 5823 2398 5888 5,
2438 5823 2496 5888 l;
2535 5813 2731 5889 ld.,'iu
2765 5813 2968 5888 Indice:
2998 5813 3089 5882 lib.
3114 5813 3159 5882 ἰ.

3236 5831 3281 5861 ⁸⁵
3313 5829 3428 5882 Lib.
3455 5843 3526 5880 \‘ll
3558 5827 3756 5892 Exped.

522 5880 780 5934 Alexand.
862 5883 904 5914 ει
941 5883 1182 5954 Tatian.,
1220 5902 1270 5951 p.
1311 5887 1432 5954 165,
1479 5887 1594 5950 no.
1626 5880 1754 5944 edit.
1780 5880 1951 5958 '16-'36,
1983 5891 2044 5946 ad
2079 5891 2208 5948 cale.
2245 5880 2408 5960 ωειλ
2443 5880 2674 5961 ιίριι.,ἰ.
2709 5912 2743 5961 l,
2779 5913 2827 5952 ς.
2856 5880 3085 5965 seuit
3116 5880 3493 5971 έειιῖιιιίῗςκ
3525 5880 3760 5959 Tatiae,
