3954 6352
214 336 302 390 iiii
906 334 1363 392 DISSERTATIO
1399 338 1442 401 i,
1480 334 1639 392 AltT.
1681 334 1768 399 Ill,
1806 334 1894 388 DE
1929 334 2299 392 VALENTINI
2340 336 2740 394 MAGISTRIS.

3367 347 3470 399 162

209 473 316 510 rmn
343 471 436 512 seu
477 455 916 519 Continentinm,
969 467 1024 513 et
1089 458 1626 529 Hydroparastarum
1683 473 1776 512 seu
1811 470 1857 516 Α
1889 459 2086 512 nedum
2151 457 2288 512 alios
2341 458 3097 526 Christianosdespicerent,
3158 463 3251 516 sed
3301 464 3468 518 etiam

202 548 561 616 Aquariorum
598 551 742 603 dicta
769 561 872 604 est.

265 640 385 694 M5.
421 641 691 711 Dogmata
719 645 906 696 eadem
944 641 1096 696 fuere
1120 659 1238 712 qnze
1267 642 1570 708 Saturnini,
1592 639 1787 694 Valen-

200 735 285 786 tini
312 745 366 787 et
391 733 715 790 Marcionis.
738 737 954 804 Ubique
983 745 1260 791 recantata
1281 737 1509 791 ridicula
1541 736 1782 791 Eanum

196 825 388 891 fabula,
423 828 780 898 duplicisque
829 831 1110 900 principii,
1158 845 1222 884 ac
1255 831 1530 884 ementita),
1576 829 1782 882 Christi

194 921 366 974 carnis
405 931 748 976 commenta.
787 921 967 977 Unum
1005 923 1205 993 adjecit
1232 924 1522 985 Tatianns,
1561 923 1781 977 scilicet

192 1011 456 1065 Adamum
490 1014 727 1067 salutem
782 1025 1138 1069 consecutum
1196 1033 1302 1070 non
1357 1015 1549 1078 fuisse,
1579 1016 1674 1069 sed
1709 1017 1780 1070 0b

196 1105 393 1172 lapsum
458 1114 673 1157 mterna
756 1105 1105 1160 damnatione
1166 1108 1448 1176 punitum.
1505 1105 1780 1161 Caeterum

194 1204 404 1272 nuptias
437 1219 568 1258 cum
596 1203 879 1258 Marciane
914 1203 1252 1257 damnabat:
1305 1202 1781 1257 animatisetvino

195 1296 580 1349 abstinendum
623 1298 901 1358 censebat,
938 1310 1248 1365 aquamque
1284 1295 1456 1349 solam
1492 1295 1544 1348 in
1583 1306 1780 1364 myste-

195 1391 283 1443 riis
305 1387 606 1443 olferebat.
653 1388 876 1443 Utvero
915 1387 1016 1457 legi
1053 1389 1222 1442 veteri
1265 1388 1527 1442 invidiam
1567 1386 1780 1442 confla-

197 1493 291 1544 ret,
341 1479 777 1545 Problematum,
814 1494 909 1534 seu
944 1479 1311 1546 Quwstionum
1342 1480 1544 1534 librum
1575 1479 1775 1544 edidit,

197 1584 251 1626 ut
284 1576 746 1628 obscurissimam
808 1588 930 1628 esse
958 1588 1021 1627 ac
1058 1571 1375 1642 imperviam
1406 1570 1683 1641 probaret,
1721 1585 1784 1624 ac

199 1665 422 1733 proinde
474 1680 506 1719 a
550 1665 700 1719 malo
743 1663 852 1718 Deo
885 1662 1202 1733 profectam.
1234 1662 1429 1718 Plures
1477 1663 1617 1717 alios
1649 1661 1784 1716 scri-

199 1757 320 1826 psit,
351 1756 420 1811 de
445 1757 654 1826 quibus
685 1772 809 1811 cum
845 1755 979 1808 nihil
1011 1755 1244 1824 speciale
1267 1755 1557 1809 dicendum
1587 1752 1784 1807 habea-

199 1866 316 1904 mus
337 1891 354 1913 ,
386 1849 623 1904 consule
646 1848 1073 1902 eruditissimum
1102 1846 1530 1912 Tillemontium,
1567 1854 1699 1899 tom.
1738 1844 1783 1901 ll

196 1942 498 1996 Comment.
539 1942 596 1994 in
635 1940 778 1994 Hist.
818 1939 1042 2005 Eccles.,
1080 1941 1133 1992 in
1167 1938 1479 1993 Encratitis.

467 2029 582 2082 Xll.
620 2030 698 2083 De
729 2030 852 2082 aliis
886 2030 1198 2099 quibusdam
1227 2028 1510 2082 hcereticis.

261 2120 633 2176 HLTatiano
657 2122 935 2191 subjungit
949 2124 1083 2175 alios
1099 2122 1380 2176 haereticos
1399 2120 1632 2175 lrenaaus
1645 2119 1782 2185 “"7;

199 2230 334 2283 quos
365 2231 395 2267 a
435 2213 677 2270 Basilide
708 2225 761 2269 et
801 2215 1131 2284 Carpocrate
1168 2214 1484 2268 occasiones
1509 2212 1785 2280 accepisse

200 2307 347 2361 dicit.
400 2305 617 2361 Nomen
654 2307 979 2377 suppressit,
1016 2307 1109 2361 sed
1153 2307 1298 2361 scire
1342 2321 1532 2375 parum
1570 2303 1736 2357 refert
1767 2318 1780 2353 :

202 2401 332 2452 nihil
387 2400 595 2469 quippe
651 2417 682 2453 a
748 2399 1030 2470 magistris
1075 2398 1424 2462 differebant,
1482 2397 1586 2450 nisi
1638 2396 1784 2466 quod

197 2507 386 2544 eorum
426 2491 726 2560 spurcitias
749 2501 912 2560 atque
936 2490 1136 2560 ﬂagitia
1172 2490 1356 2544 minus
1380 2489 1782 2556 erubescerent,

198 2585 545 2651 promiscuos
579 2584 828 2638 videlicet
853 2592 907 2637 et
952 2584 1074 2653 plus
1101 2599 1264 2653 quam
1299 2581 1502 2638 ferinos
1527 2583 1786 2638 concubi-

197 2685 300 2736 tus,
325 2675 720 2744 polygamiam,
748 2674 1142 2730 indifferentem
1166 2674 1589 2745 idolothytorum
1605 2689 1783 2741 esum,

197 2774 246 2818 et
270 2765 376 2818 alia
411 2763 713 2832 ejusmodi.
745 2762 840 2815 llis
857 2763 1002 2817 enim
1029 2762 1200 2817 Deum
1232 2764 1459 2819 minime
1481 2764 1784 2834 tangiblas—

197 2858 558 2926 phemabant,
596 2864 782 2923 utpote
811 2869 970 2922 quem
1020 2856 1134 2909 otio
1179 2864 1510 2923 torpentem,
1549 2855 1781 2909 inferio-

199 2963 421 3018 rumque
455 2961 640 2999 rerum
681 2946 1105 3012 haudquaquam
1138 2943 1432 2998 sollicitum
1483 2942 1775 3013 ﬁngerent.

441 3039 584 3092 XIII.
615 3037 694 3090 De
726 3037 890 3089 variis
925 3035 1295 3090 Gnosticorum
1336 3036 1515 3089 sectis.

1892 550 2165 616 apostolos
2197 551 2342 620 ipsos
2371 552 2598 606 scicntia
2625 567 2886 620 superare
2933 567 2992 606 se
3027 553 3294 608 audacter
3321 557 3472 610 allir—

1891 650 2124 694 ntarenl.

1967 732 2082 785 M6.
2114 734 2246 800 Quis
2290 734 2498 802 primus
2521 734 2815 803 superbum
2844 734 3090 792 Gnostici
3125 756 3322 796 nomen
3367 743 3471 798 sibi

1889 840 2068 879 snaave
2085 836 2246 880 secta:
2277 827 2556 889 indiderit,
2586 843 2692 881 non
2735 840 2975 883 constat.
3033 831 3089 884 Si
3143 833 3362 901 quidem
3401 837 3471 889 de

1889 917 2057 984 ipsius
2087 918 2360 973 haereseos
2389 919 2604 989 origine
2636 922 2864 988 quzestio
2911 932 3081 986 esset,
3133 925 3294 980 facile
3326 926 3467 980 diri-

1889 1015 2128 1059 meretur
2156 1023 2171 1072 ;
2205 1024 2373 1063 nama
2405 1009 2741 1066 Simonianis
2771 1013 2899 1080 falsi
2925 1017 3156 1068 nominis
3187 1018 3471 1071 scientiam

1884 1101 2142 1167 accepisse
2164 1099 2314 1153 initia
2341 1101 2545 1157 diserte
2569 1105 2736 1159 tradit
2767 1105 3006 1160 Irenzcus
3024 1107 3090 1162 ⁸⁸.
3115 1107 3257 1161 Alibi
3285 1118 3470 1165 tamen

1884 1191 2062 1242 vocari
2093 1189 2368 1245 Cnosticos
2393 1209 2425 1245 a
2452 1191 2747 1247 Menandro
2795 1193 3029 1250 Simonis
3071 1199 3380 1267 discipulo;
3415 1209 3472 1254 ct

1881 1281 2381 1350 Carpocratianos,
2440 1283 2718 1341 Gnosticos
2776 1305 2830 1341 se
2880 1305 3068 1343 vocare
3122 1296 3466 1360 pronuntiat.

1885 1373 2316 1444 Hieronymus"
2353 1391 2484 1430 vero
2539 1378 2831 1434 Gnosticos
2881 1381 3094 1438 derivat
3128 1399 3157 1436 a
3193 1384 3467 1443 Basilide:

1883 1467 2250 1535 Epiphanius,
2282 1468 2614 1525 Pbilastrius
2643 1481 2699 1524 et
2751 1471 3092 1540 Augustinus
3117 1489 3146 1527 a
3180 1475 3472 1532 Nicolaitis

1881 1556 2178 1611 deducunt.
2206 1556 2338 1623 Quae
2362 1561 2546 1614 omnia
2590 1577 2716 1616 vera
2772 1573 2938 1628 sunt;
2974 1580 3102 1618 nam
3149 1565 3237 1620 isti
3275 1582 3469 1622 omnes

1881 1647 2124 1702 haretici
2157 1647 2549 1705 Gnosticorum
2584 1667 2782 1707 nomen
2807 1655 2910 1708 sibi
2939 1657 3322 1712 vindicabant.
3357 1660 3470 1714 Sed

1885 1740 1976 1807 qui
2010 1740 2174 1795 exiis
2216 1740 2349 1795 illud
2385 1742 2622 1811 primum
2688 1745 2791 1799 sibi
2838 1746 3158 1812 tribuerint,
3191 1763 3296 1800 non
3334 1750 3471 1803 adeo

1888 1840 2126 1886 certum.
2151 1831 2205 1886 Id
2237 1831 2434 1887 fecisse
2467 1833 2683 1902 priores
2727 1836 2970 1891 Simonis
3031 1847 3128 1891 aut
3180 1837 3470 1894 Menandri

1888 1921 2186 1991 discipulos
2237 1924 2398 1979 facile
2447 1927 2802 1989 crediderim,
2855 1937 2912 1980 ut
2962 1929 3246 1992 invidiam,
3302 1945 3470 1999 qnam

1886 2010 1987 2064 sibi
2015 2010 2225 2066 fecerat
2255 2015 2582 2082 probrosum
2637 2018 3030 2086 magistrorum
3085 2035 3313 2084 nomen,
3345 2037 3372 2073 a
3409 2035 3472 2076 se

1885 2101 2245 2156 amolirentur
2276 2119 2292 2157 :
2321 2119 2482 2172 quam
2505 2107 2652 2160 enim
2683 2109 2816 2161 illud
2835 2109 3474 2165 exhorrescercnthri-

1885 2192 2051 2245 stiani
2077 2208 2290 2257 omnes,
2324 2209 2432 2248 non
2469 2209 2563 2249 eos
2605 2196 2835 2251 latebat.
2871 2199 3053 2264 Quare
3094 2202 3339 2270 deposita
3377 2202 3469 2256 δίκ-

1886 2283 2266 2336 monianorum
2300 2294 2392 2337 aut
2428 2283 2974 2357 Menandrianorum,
3017 2293 3185 2346 indita
3215 2294 3317 2348 sibi
3346 2310 3470 2363 spe-

1885 2377 2029 2430 ciosa
2089 2375 2479 2432 Gnosticorum
2537 2379 2924 2448 appellatione,
2967 2385 3070 2437 sub
3119 2400 3184 2438 ea
3233 2386 3380 2440 larva
3413 2396 3470 2442 et

1887 2469 2056 2522 tutius
2083 2469 2255 2524 latere
2291 2481 2344 2524 et
2362 2470 2526 2524 latius
2559 2485 2786 2540 serpere
2813 2489 2872 2528 se
2903 2489 3066 2542 posse
3088 2479 3465 2538 crediderunt.

1885 2559 2097 2630 Quippe
2151 2563 2410 2632 deinceps
2464 2564 2517 2618 in
2581 2565 2955 2630 resarcienda,
3011 2571 3325 2638 amplianda
3375 2585 3475 2630 aut

1884 2655 2233 2723 propaganda
2291 2652 2538 2709 Simonis
2589 2655 2795 2721 ,bzeresi
2859 2673 3086 2726 operam
3145 2677 3470 2733 posuerunt,

1884 2757 2196 2813 quanquam
2230 2749 2342 2800 suis
2370 2746 2743 2816 peculiaribus
2777 2751 3092 2805 nominibus
3123 2755 3232 2806 noti
3260 2768 3468 2822 essent,

1884 2833 2132 2891 Gnostici
2181 2847 2362 2893 tamen
2419 2840 2524 2894 dici
2572 2841 2911 2896 maluerunt.
2974 2842 3134 2898 Certe
3182 2846 3474 2906 Cnosticos

1885 2938 2077 2984 notare
2110 2930 2330 2985 videtur
2366 2931 2566 2987 Paulus
2590 2933 2658 2996 7",
2696 2933 2784 2986 ubi
2813 2933 3163 2992 Timotheum
3211 2941 3471 2996 hortatur

1882 3021 2129 3075 devitarc
2161 3021 2463 3087 ἀντιθέσεις
2489 3026 2585 3096 τῆς
2611 3024 2966 3097 ψευδωνύμου
3005 3028 3281 3098 γνώσεως,
3309 3051 3472 3103 oppo-

263 3129 510 3204 [Lxxm
547 3129 672 3184 ηδ.
706 3127 1001 3196 postquam
1027 3130 1095 3181 de
1122 3127 1778 3197 Sinwnianis’variisque
1806 3137 1848 3195 ο
1885 3117 2101 3169 sitiones
2130 3117 2256 3186 falsi
2286 3121 2514 3172 nominis
2547 3123 2805 3177 scientiw.
2861 3123 2953 3179 Sic
2989 3126 3185 3181 saltem
3230 3130 3474 3198 Aposto-

197 3225 639 3278 Siinonianorum
656 3221 928 3276 classibus
951 3219 1224 3290 sigillatim
1245 3219 1503 3273 disseruit
1526 3219 1784 3287 lrenzcus,

197 3323 302 3364 tum
341 3312 408 3364 de
443 3311 681 3363 diversis
712 3309 988 3363 hmreticis
1016 3309 1149 3380 agit,
1173 3323 1312 3379 quos
1351 3309 1500 3362 nullo
1532 3310 1784 3377 speciali,

196 3405 285 3457 sed
316 3401 568 3470 generali
622 3404 889 3455 duntaxat
941 3400 1333 3455 Gnosticorum
1390 3401 1609 3455 nomine
1640 3402 1784 3456 desi-

194 3506 347 3565 gnat.
383 3493 595 3548 Omnes
628 3495 849 3563 quidem
883 3502 994 3546 tum
1033 3492 1299 3556 Simonis,
1355 3499 1468 3546 tum
1509 3490 1781 3548 Valentini

194 3592 440 3653 asseclaz,
468 3591 862 3647 Gnosticnrum
895 3588 1048 3642 titulo
1079 3603 1138 3643 se
1191 3587 1516 3643 insolentius
1588 3587 1785 3643 eﬂere-

194 3685 338 3747 bant,
371 3682 623 3736 scientiae
649 3680 1032 3735 excellentiam
1051 3681 1346 3748 jactantes.
1382 3678 1586 3742 Γνῶσις
1631 3679 1781 3732 enim

192 3774 490 3835 scientiam,
522 3781 582 3824 et
615 3773 922 3838 γνωστικός
973 3772 1221 3824 scientem
1269 3769 1352 3822 vel
1382 3769 1602 3822 scientia
1645 3783 1783 3834 prte-

193 3868 355 3918 ditum
389 3865 695 3934 signiﬁcat.
747 3864 824 3917 Eo
858 3863 1078 3917 nomine
1130 3863 1388 3917 eximiam
1426 3873 1481 3916 et
1537 3860 1782 3931 singula-

192 3969 337 4014 rem,
390 3967 501 4021 qua
565 3968 676 4021 prce
736 3955 945 4010 caeteris
1003 3956 1202 4025 pollere
1257 3955 1359 4009 sibi
1418 3954 1774 4020 videbantur,

192 4063 368 4099 rerum
412 4046 730 4100 divinarum
790 4048 1036 4102 notitiam
1089 4048 1356 4118 imperitis
1402 4049 1773 4106 venditabant.

193 4138 320 4190 Cum
351 4138 502 4191 enim
534 4137 626 4189 alii
680 4136 978 4190 Christiani
1016 4152 1127 4192 suae
1157 4139 1322 4192 sortis
1359 4137 1526 4207 probe
1573 4138 1776 4193 conscii

195 4230 364 4282 divina
401 4229 674 4298 mysteria
713 4242 744 4281 a
782 4228 985 4283 saeculo
1019 4229 1362 4293 abscondita,
1387 4231 1454 4285 de
1484 4229 1774 4295 Trinitate,

192 4323 252 4375 de
284 4321 533 4386 Christo,
571 4321 640 4373 de
693 4323 997 4389 creatione,
1023 4333 1158 4388 etc.,
1213 4323 1484 4387 curiosius
1519 4338 1778 4392 perscru-

191 4418 285 4469 tari
311 4416 415 4470 sibi
459 4431 572 4469 non
621 4415 811 4482 licere,
847 4416 947 4470 sed
977 4431 1038 4470 ea
1070 4417 1308 4487 simplici
1342 4427 1397 4472 et
1446 4417 1635 4472 bnmili
1671 4418 1774 4470 fide

1890 3207 2000 3260 lum
2039 3207 2357 3278 intelligunt
2383 3210 2635 3266 Clemens
2657 3213 3084 3283 Alexandrinus,
3116 3229 3171 3273 et
3229 3220 3472 3292 Chryso-

1888 3310 2098 3355 stomus
2129 3317 2143 3353 :
2179 3316 2411 3366 quorum
2445 3307 2722 3359 sententia
2751 3322 2815 3360 eo
2837 3309 3197 3377 probabilior,
3216 3330 3324 3382 quo
3352 3317 3468 3370 ire-

1889 3407 2039 3447 nmus
2092 3392 2160 3446 iis
2209 3394 2429 3447 omnino
2487 3397 2698 3460 verbis,
2757 3397 2855 3468 τῆς
2906 3398 3262 3473 ψευδωνύμου
3320 3407 3468 3474 γνώο

1889 3500 2047 3550 σεως,
2073 3485 2462 3542 Gnosticorum
2503 3490 2752 3544 haeresim
2786 3493 2989 3559 passim
3027 3495 3309 3565 designat;
3359 3501 3469 3554 imo

1886 3586 1939 3631 et
1971 3577 2252 3632 librissuis
2275 3579 2807 3650 tituluminscripsit,
2825 3583 3088 3656 Ἔλεγχος
3116 3590 3210 3642 καὶ
3227 3591 3465 3665 ἀνατρο-

1886 3667 1960 3737 πὴ
1994 3667 2094 3737 τῆς
2125 3666 2481 3737 ψευδωνύμου
2506 3667 2780 3736 γνώσεως.

1957 3758 2080 3810 147.
2119 3758 2504 3812 Gnosticorum
2541 3762 2722 3828 itaque
2767 3769 2998 3830 nomen',
3034 3782 3139 3822 non
3169 3771 3467 3838 peculiaris

1883 3849 2114 3918 alicujus
2133 3862 2296 3906 secta:
2313 3861 2407 3904 aut
2431 3853 2722 3918 haereseos,
2744 3858 2835 3910 sed
2856 3859 3166 3914 communis
3188 3864 3433 3918 omnium
3448 3905 3463 3927 ,

1883 3952 2147 4011 quotquot
2179 3944 2420 3998 Simonis
2457 3960 2522 3998 ac
2566 3945 2850 4002 Menandri
2893 3951 3102 4006 deliriis
3152 3953 3306 4008 illudi
3357 3957 3465 4013 sibi

1882 4036 2145 4096 siverant,
2179 4035 2473 4104 appellatio
2500 4037 2619 4090 fuit.
2664 4038 3029 4105 Quamobrem
3058 4060 3160 4100 nec
3204 4046 3463 4104 Tlteodoo

1883 4140 2056 4194 retus,
2092 4145 2191 4185 nec
2217 4130 2837 4189 Pseudo-Tertullianus
2872 4135 3150 4191 Gnostica:
3181 4140 3459 4198 haereseos

1884 4233 2136 4291 tanquam
2169 4224 2428 4293 specialis
2456 4234 2620 4293 atque
2648 4239 2678 4276 a
2711 4227 2924 4281 caeteris
2959 4228 3242 4284 distincta:
3273 4234 3462 4287 memi-

1881 4326 2104 4370 nerunt.
2140 4314 2250 4370 Cur
2277 4332 2406 4371 vero
2439 4315 2679 4372 [renatus
2722 4321 3057 4384 econtrario,
3094 4321 3458 4392 Epiphanius,

1879 4411 2212 4480 Augustinus
2243 4420 2298 4465 et
2322 4411 2440 4473 alii,
2477 4421 2683 4466 certam
2712 4415 3002 4481 quamdam
3037 4431 3102 4470 ac
3137 4417 3457 4484 specialem,

190 4507 440 4561 venerari
479 4507 587 4561 sibi
618 4508 890 4561 satisesse
920 4508 1114 4562 merito
1143 4511 1577 4577 persuaderent:
1606 4509 1773 4562 baere-
1804 4484 1849 4538 D
1878 4511 2045 4570 atque
2075 4517 2104 4555 8
2162 4501 2526 4566 Simoniallisi
2589 4502 3017 4572 Μθηθηάνίίὶηίει
3078 4506 3458 4575 Βθείιίάίὶιηίεο

191 4599 620 4654 tieiecontrario
655 4600 972 4665 temeraria
1025 4601 1347 4656 curiositate
1399 4600 1541 4654 ultra
1600 4615 1771 4656 evan-

189 4691 364 4759 gelica
417 4690 794 4760 simplicitatis
829 4702 1003 4747 metas
1038 4692 1253 4762 longius
1295 4693 1533 4762 abrepti,
1582 4692 1671 4746 illa
1703 4708 1766 4747 ex

1872 4593 2295 4660 Valentinianis,
2327 4604 2458 4662 etc.,
2483 4595 2798 4652 distinctam
2842 4608 3048 4652 sectam
3089 4604 3454 4669 consﬁtuant,

1871 4689 1924 4742 in
1957 4699 2208 4759 promptu
2243 4690 2358 4745 hazc
2385 4692 2525 4746 ratio
2551 4702 2658 4746 est.
2697 4692 2944 4762 Duplicis
2967 4695 3187 4762 generis
3210 4694 3457 4752 Gnostici

187 4781 464 4838 Platonica
516 4782 863 4853 phil050phia
927 4798 1123 4840 eruere
1169 4795 1224 4840 et
1276 4786 1679 4851 demonstrare,
1714 4795 1770 4840 et
1866 4793 2045 4837 erant.
2081 4783 2188 4840 Alii
2225 4799 2335 4841 non
2365 4785 2604 4840 modoex
2634 4785 3001 4854 peculiaribus
3023 4786 3127 4840 sibi
3160 4789 3458 4857 dogmatis,

187 4889 299 4927 rum
330 4889 395 4929 ea
446 4875 754 4928 conciliare
811 4884 1119 4934 tentarunt.
1169 4876 1322 4944 Quod
1381 4877 1602 4947 quidem
1638 4877 1769 4932 licet

186 4964 560 5020 infelicissimo
591 4974 816 5032 conatu,
858 4974 1058 5022 etcum
1088 4969 1262 5039 ipsius
1297 4971 1419 5025 fidei
1471 4971 1764 5042 naufragio

185 5061 376 5110 factum
421 5057 516 5124 sit,
546 5057 764 5112 miseris
800 5066 980 5114 tamen
1010 5062 1177 5115 varia:
1201 5062 1545 5131 gloriationis
1573 5079 1761 5118 ansam

181 5151 446 5215 praebuit;
485 5152 648 5220 quasi
684 5150 791 5205 sibi
828 5153 984 5219 solis,
1023 5155 1069 5209 si
1129 5157 1342 5226 superis
1368 5158 1567 5226 placet,
1602 5158 1764 5213 Chri-

181 5240 358 5294 stiana:
387 5241 675 5310 religionis
705 5245 1035 5312 penetralia,
1088 5247 1395 5319 intimaque
1424 5253 1641 5306 viscera
1675 5268 1765 5307 re-

181 5347 353 5388 serare
373 5335 567 5387 datum
601 5346 770 5391 esset.
803 5335 870 5389 Et
904 5338 1028 5393 hinc
1052 5354 1120 5395 eo
1147 5341 1377 5398 insaniae
1404 5346 1671 5414 prolapsi,
1699 5355 1757 5400 ut

1867 4877 1959 4930 sed
1990 4877 2160 4932 etiam
2192 4891 2260 4931 ex
2294 4876 2519 4932 famosis
2573 4877 2904 4946 quibusdam
2947 4889 3116 4932 sectae
3143 4894 3258 4934 sua:
3282 4897 3454 4953 cory-

1873 4971 2043 5040 phzeis
2072 4985 2136 5025 ac
2165 4970 2394 5027 ducibus
2435 4972 2546 5026 noti
2604 4979 2761 5024 erant
2795 4987 2809 5036 ;
2837 4971 2930 5026 alii
2971 4987 3100 5027 vero
3130 4974 3261 5029 licet
3293 4991 3454 5029 erro-

1872 5062 2021 5117 ribus
2054 5063 2157 5118 sibi
2204 5065 2441 5135 propriis
2492 5065 2760 5134 insignes,
2803 5064 2888 5120 vel
2939 5067 3161 5121 obscuri
3214 5068 3456 5122 nominis

1873 5158 2042 5214 duces
2079 5156 2380 5221 habebant,
2435 5156 2518 5211 vel
2560 5157 2743 5213 nullos
2791 5151 2974 5214 certos
3029 5168 3086 5213 et
3140 5158 3452 5229 singulares

1870 5251 2258 5320 agnoscebant.
2285 5248 2509 5305 Priores
2537 5265 2646 5304 non
2683 5259 2896 5306 tantum
2925 5253 3201 5307 communi
3230 5252 3452 5308 Gnosti-

1871 5361 2059 5401 corum
2091 5346 2248 5401 titulo
2271 5347 2411 5412 noti,
2443 5345 2539 5400 sed
2574 5345 2989 5416 magistrorum,
3017 5357 3291 5417 sectaque
3319 5362 3451 5403 con-

184 5591 227 5641 p.
259 5576 390 5640 l58;
431 5573 657 5643 Epipb.,
706 5569 1087 5644 §71;_Euseb.,
1122 5571 1352 5644 (Ἄποιιά
1389 5571 1827 5644 lren..__loc_cit.;
1864 5571 2096 5644 Epipb.,_
2122 5572 2148 5641 ᾗ
2178 5571 2246 5634 2;
2292 5571 2678 5644 C_lcm.Alex.,
2722 5572 2952 5635 Strom.,
2983 5572 3077 5644 lib.
3123 5589 3203 5639 ιιι,
3236 5589 3288 5643 p.
3316 5573 3442 5637 565,

181 5658 226 5698 rt
263 5641 517 5712 Excerpt.
541 5641 604 5712 Vp.
652 5641 791 5703 806;
822 5641 1073 5705 Tertull.,
1117 5642 1183 5694 de

185 5735 210 5752 η
251 5718 283 5752 ο
380 5716 558 5752 ιειιι.
615 5731 627 5752 .
682 5731 710 5752 ,ι
758 5714 830 5752 93
881 5728 911 5752 n
964 5711 1028 5752 Α·
1072 5713 1143 5752 lih

185 5735 228 5768 η.
252 5735 302 5769 2.
380 5735 426 5749 ’τ’
455 5735 579 5769 LII).
615 5735 651 5772 Ι,
682 5735 730 5767 c.
759 5735 850 5775 2.),
881 5735 934 5764 ll.
964 5735 1030 5777 4;
1072 5735 1161 5764 ιιυ.
1203 5735 1282 5773 III,
1311 5735 1359 5766 (ι.
1396 5735 1450 5774 ιι,
1483 5735 1537 5764 ιι.
1565 5735 1582 5764 ί

185 5793 296 5839 har.
335 5803 464 5847 xxv,
503 5802 690 5845 xxv";
726 5783 950 5837 Pliilast.
983 5792 1035 5837 et
1059 5784 1312 5851 Angust.,
1352 5781 1424 5836 De
1453 5783 1582 5836 liter.

1229 5657 1443 5710 praesa,
1471 5658 1520 5694 c.
1552 5641 1654 5707 51;
1691 5641 1935 5698 Hieron.
1975 5643 2026 5693 in
2061 5641 2178 5695 Gal.
2209 5658 2274 5709 v;
2304 5642 2537 5708 Tlieod.,
2585 5644 2690 5697 loc.
2730 5645 2822 5697 cit.

380 5711 579 5769 “Lib.
615 5731 651 5772 i,
682 5731 730 5767 c.
758 5714 850 5775 9.3,
881 5728 934 5764 n.
964 5711 1030 5777 4;
1072 5713 1161 5764 lib.
1201 5727 1282 5773 Ill,
1311 5729 1359 5766 c.
1396 5713 1450 5774 4,
1483 5727 1537 5764 ιι.
1565 5712 1627 5777 5;
1665 5712 1757 5766 lib.

1885 5728 1927 5766 ε.
1961 5712 2052 5778 23,
2083 5728 2135 5764 ιι.
2166 5713 2217 5767 5.

1662 5782 1704 5813 ⁷⁸
1738 5780 1755 5833 l
1784 5781 1928 5836 Tim.
1961 5796 2029 5851 vr,
2064 5781 2152 5835 ΞΟ.

2903 5644 3021 5684 ⁶⁶ο⁶⁷
3053 5643 3169 5698 Lib.
3206 5659 3243 5706 ι,
3275 5661 3323 5698 c.
3351 5645 3442 5705 28.

2296 5714 2338 5746 ⁶⁹
2369 5713 2424 5768 1η
2455 5713 2572 5768 Cat.
2607 5722 2662 5769 et
2690 5711 2791 5782 Ep.
2827 5714 2893 5770 ad
2929 5713 3146 5785 Ctesipb
3182 5735 3195 5784 ;
3227 5715 3444 5784 Epiph.,
