3954 6352
542 340 647 399 163

1355 338 1951 399 DlSSERTATlONES
1988 341 2299 397 PREVUE
2337 341 2404 397 ΙΝ
2440 341 2697 398 IREMEI
2733 341 3011 401 LIBROS.
3681 349 3770 405 liii

537 461 776 516 ditorum
807 463 1070 532 singulari
1118 463 1348 521 nomine
1379 466 1644 521 “notiores
1675 465 1848 530 fuere,
1880 463 2119 533 dictique
2147 468 2193 525 Α
2225 479 2342 517 rum
2369 463 2731 532 plurimorum
2759 462 3025 517 sententia
3052 459 3176 515 fuit.
3212 459 3347 515 llnic
3381 476 3505 515 vero
3538 464 3769 533 subjicie-

538 555 868 621 Simoniani,
890 557 1232 622 Basilidiani,
1270 555 1657 621 Valentiniani,
1683 565 1813 621 etc.,
1845 570 1941 609 seu
1966 554 2113 609 Gno-

537 650 660 703 stici
695 648 1025 712 Siniuniani,
1066 648 1312 704 Gnostici
1364 647 1747 711 Valentiniani,
1784 656 1920 711 etc.,
1954 655 2012 700 ut
2037 645 2115 700 sic

538 740 707 794 variae
735 739 836 794 sub
868 739 1060 794 eodem
1094 740 1333 810 generali
1362 740 1584 794 nomine
1634 737 1950 793 scholarum
1988 754 2115 806 spc-

537 828 673 892 cies,
707 845 736 882 a
772 829 1087 883 seinvicem
1155 826 1415 894 distingui
1462 836 1519 880 et
1576 826 1815 880 discerni
1870 831 2112 894 possent.

536 918 944 975 Posteriorihus
975 929 1186 983 autem,
1222 920 1370 986 quod
1421 917 1570 972 nulla
1622 918 1915 986 peculiaris
1966 925 2115 970 esset

537 1012 847 1081 appellatio,
876 1025 997 1079 qua:
1026 1025 1093 1063 ex
1143 1008 1461 1063 auctoribus
1504 1010 1748 1063 derivata
1783 1010 1947 1063 tribui
1982 1023 2111 1078 pos—

536 1114 642 1166 set,
677 1104 846 1157 indita
876 1104 1183 1158 communis
1222 1102 1637 1158 Gnosticoruni.
1669 1103 1737 1157 Et
1768 1103 1839 1156 ita
1889 1100 2114 1155 Gnosli-

536 1211 725 1253 corum
763 1210 958 1249 nomen
997 1193 1079 1248 vel
1103 1209 1391 1250 commune
1427 1205 1533 1259 est,
1566 1195 1708 1263 quod
1739 1192 1994 1248 omnibus
2034 1192 2116 1245 Si-

536 1270 714 1342 monis
744 1287 1021 1356 discipulis
1056 1289 1315 1343 convenit
1349 1306 1363 1351 ;
1394 1287 1480 1342 vel
1520 1286 1776 1355 speciale,
1815 1286 1958 1355 quod
1995 1300 2115 1340 cer-

534 1382 603 1434 tis
630 1381 954 1451 quibusdam
1005 1384 1274 1435 duntaxat
1341 1381 1788 1434 Simonianorum
1838 1378 2113 1433 classibus

531 1487 664 1528 usus
717 1474 999 1542 proprium
1058 1474 1205 1528 fecit;
1253 1473 1319 1527 Et
1346 1473 1400 1542 ;ii
1436 1481 1566 1526 sunt
1592 1486 1823 1541 quorum
1854 1471 2109 1539 ineptias,

531 1567 822 1636 descriptis
862 1565 976 1633 jam
1040 1566 1407 1620 celebriorum
1473 1563 1715 1617 Simonis
1772 1560 2111 1615 asseclarum

529 1660 831 1724 erroribus,
859 1658 1137 1729 sigillatim
1177 1658 1344 1711 refert
1370 1655 1627 1719 lrenieus,
1671 1656 1765 1709 lib.
1794 1671 1836 1717 t,
1861 1669 1911 1708 c.
1941 1652 2011 1707 29
2059 1660 2114 1705 et

529 1766 708 1819 seqq.,
736 1761 790 1804 et
828 1761 949 1819 post
987 1766 1109 1804 enin
1140 1746 1503 1818 Epiphanius,
1559 1746 1693 1800 hier.
1730 1759 1885 1798 xxvr.
1937 1742 2113 1810 Super

528 1843 624 1895 Ito:
654 1853 853 1903 autem,
888 1842 1065 1909 inquit
1096 1841 1208 1903 ille,
1240 1856 1305 1893 ea:
1334 1840 1418 1892 Itis
1459 1840 1549 1908 qui
1601 1836 1844 1903 prtedicti
1874 1844 1997 1889 sunt
2028 1833 2115 1889 Si-

528 1934 784 1996 moniani,
817 1934 1099 1986 multitudo
1119 1932 1511 1995 Gnosticorum,
1539 1930 1762 1985 Barbelo
1788 1927 2110 1991 exsurrexit,

528 2035 580 2079 et
614 2030 750 2079 velut
780 2042 811 2078 a
847 2033 989 2078 terra
1019 2025 1171 2094 [ungi
1223 2024 1550 2091 manifestati
1603 2030 1749 2075 sunt.
1793 2018 1961 2073 Recte
1986 2018 2112 2085 qui-

528 2117 675 2170 dem.
714 2117 847 2170 Cum
902 2116 1085 2181 enim,
1142 2125 1201 2168 ut
1256 2118 1436 2181 capite
1487 2111 1819 2180 praecedenti
1876 2108 2109 2173 monuit,

528 2213 684 2267 multi
712 2228 775 2266 ea:
810 2212 873 2264 iis
921 2210 1012 2280 qui
1074 2208 1461 2263 Gnosticorum
1502 2204 1660 2258 titulo
1691 2205 2108 2273 superbiebant,

527 2306 635 2359 imo
665 2320 843 2358 omnes
874 2303 1058 2357 vellent
1087 2304 1329 2355 doctores
1351 2316 1479 2363 esse,
1513 2309 1562 2353 et
1590 2299 1869 2353 abscedere
1897 2300 2109 2369 quidem

530 2397 595 2451 ab
629 2396 820 2450 luci—esi
867 2396 920 2448 in
969 2410 1072 2464 qua
1128 2392 1365 2461 fuerant,
1417 2392 1567 2444 aliud
1607 2402 1781 2444 autem
1824 2392 2015 2461 dogma
2046 2391 2110 2445 ab

528 2489 640 2542 alia
670 2486 961 2548 sententia,
991 2494 1038 2537 et
1064 2484 1304 2549 deinceps
1336 2483 1561 2536 alteram
1604 2483 1668 2535 ab
1702 2481 1868 2535 altera
1901 2497 2115 2550 compo-

526 2588 708 2633 nentes
742 2593 867 2631 nove
887 2582 1079 2629 docere
1107 2576 1430 2641 insisterent,
1495 2575 1798 2645 semetipsos
1857 2575 2113 2627 adiuven-

526 2683 665 2726 tores
688 2674 980 2736 sententiw,
1018 2684 1389 2739 quamcunque
1429 2671 1827 2738 compegissent.
1850 2683 2110 2722 enarran-

527 2762 972 2827 tes;innunieraz
999 2762 1419 2832 propemodum,
1464 2775 1603 2829 quas
1628 2762 1716 2814 vix
1772 2776 1838 2815 ac
1894 2775 1964 2815 ne
2019 2761 2111 2813 vix

526 2853 745 2922 quidem
780 2853 1067 2907 nominare
1094 2863 1260 2917 esset,
1294 2852 1605 2922 propagines
1632 2852 1920 2905 multarum
1942 2852 2113 2905 fratre-

526 2962 641 2998 sum
670 2944 828 3014 factw
851 2944 1087 3014 fuerant.
1113 2941 1317 2998 Omnes
1340 2944 1560 3013 quidem
1583 2943 1851 2998 Ennmam
1877 2958 2111 2997 venera-

526 3034 775 3100 bantur;
802 3036 897 3089 sed
929 3049 1049 3103 qua:
1091 3034 1213 3087 aliis
1250 3032 1479 3098 llelena,
1513 3033 1635 3088 aliis
1671 3033 1797 3103 Sige
1827 3042 1926 3087 aut
1971 3033 2113 3087 Cha-

2217 557 2351 609 haut
2380 552 2608 608 .IEonem
2634 556 2915 625 quemdam
2944 571 3209 625 nunquam
3236 564 3574 608 senescentem
3606 558 3656 610 in
3680 560 3772 611 vir-

2217 649 2385 716 ginali
2447 648 2661 717 spiritu,
2694 664 2853 719 quem
2888 649 3176 712 Barbelon,
3219 648 3501 714 Ennoeam,
3550 652 3768 707 omnium

2217 742 2472 806 Matrem,
2508 751 2564 797 et
2618 757 2874 810 magnum
2907 742 3083 797 Eona
3134 741 3258 796 κατ’
3325 740 3510 813 ἐξοχὴν
3554 744 3771 798 nomina-

2217 845 2370 900 bant.
2412 843 2503 898 Isti
2539 844 2721 912 l.ogon
2773 843 3120 912 capulahant.
3164 841 3313 896 Hanc
3361 843 3770 910 conjugationem

2219 934 2566 1004 excipiebant
2629 944 2737 988 tres
2780 933 2921 998 aliae,
2942 929 3300 1001 Aphtharsiie,
3325 934 3374 985 id
3428 941 3509 985 est
3546 931 3768 985 incorru-

2218 1027 2396 1096 ptelaa,
2447 1034 2496 1080 et
2531 1024 2767 1089 Christi;
2807 1023 2943 1077 Zoes
2991 1032 3047 1078 et
3093 1020 3443 1088 Thclematis,
3472 1023 3571 1077 hoc
3599 1033 3675 1077 est
3702 1022 3771 1074 vi-

2162 1186 2163 1189 η
2221 1127 2286 1173 ιω
2327 1126 2381 1173 et
2410 1117 2739 1181 voluntatis;
2783 1115 3125 1185 Prognoseos
3158 1123 3213 1169 et
3248 1113 3353 1179 Nu,
3413 1115 3514 1170 hoc
3559 1125 3637 1171 est
3662 1134 3771 1189 pro-

2220 1210 2477 1264 videntiae
2515 1210 2827 1265 et’mentis.
2862 1208 3141 1262 Christum
3199 1216 3384 1262 autem
3445 1208 3620 1264 lumen
3667 1228 3772 1267 esse

2219 1301 2663 1369 dicebant,qnod
2704 1299 2873 1353 Pater
2906 1306 3142 1351 unxerat
3196 1313 3295 1353 sua
3356 1299 3771 1370 benignitate,‘ut

2216 1395 2528 1467 perfectum
2565 1394 2721 1447 ﬁeret
2755 1410 2769 1446 :
2822 1392 2963 1447 male
2997 1392 3211 1446 scilicet
3243 1391 3548 1447 alludentes
3580 1403 3683 1447 tum
3712 1397 3769 1449 ad

2217 1487 2454 1543 nominis
2488 1485 2901 1556 etymologiam,
2944 1485 3088 1552 quod
3124 1484 3313 1540 Grarce
3352 1496 3563 1538 unctum
3586 1487 3770 1558 signiti-

2215 1588 2469 1643 cat,tum
2502 1578 2569 1632 ad
2608 1592 2669 1631 ea
2703 1576 2981 1646 Evangelii
3032 1577 3150 1631 loca
3188 1581 3242 1633 in
3286 1578 3487 1645 quibus
3543 1578 3771 1634 Christus

2216 1674 2459 1739 scipsum
2484 1669 2727 1739 appellat
2781 1668 2951 1721 lucem
3003 1669 3207 1733 mundi,
3257 1679 3371 1723 tum
3413 1673 3477 1724 ad
3504 1671 3586 1724 illa
3614 1671 3770 1725 Patris

2216 1762 2411 1817 Filium
2436 1761 2818 1830 compellantis
2847 1763 3008 1818 verba
3039 1781 3052 1817 :
3102 1761 3201 1815 Hic
3225 1775 3301 1814 est
3330 1760 3507 1816 Filius
3544 1780 3678 1817 meus
3700 1766 3770 1816 di-

2213 1854 2400 1920 lectus,
2426 1856 2479 1907 in
2500 1869 2603 1923 quo
2628 1854 2758 1907 milii
2783 1853 2907 1907 bene
2929 1854 3217 1921 complacui
3243 1854 3308 1907 ⁷⁸.
3336 1854 3460 1909 Haec
3484 1856 3644 1924 prima
3663 1856 3773 1909 isto-

2215 1962 2332 2000 rum
2352 1947 2575 2015 ogdoas,
2597 1950 2758 2014 quam
2783 1946 2954 2000 fusius
2973 1946 3250 2014 erplicare
3274 1945 3409 1999 nihil
3435 1946 3611 2015 juvat,
3631 1947 3770 2000 facile

2214 2038 2538 2108 intelligitur
2560 2054 2624 2092 ex
2662 2038 2726 2092 iis
2761 2052 2882 2107 qua:
2912 2039 2977 2092 de
3008 2037 3394 2092 Valentiniana
3433 2038 3676 2093 diximus.
3704 2038 3772 2091 Ab

2214 2130 2419 2184 Ennoia
2437 2141 2492 2184 et
2505 2129 2652 2201 Logo
2667 2129 3003 2199 Autogcnem
3023 2145 3116 2184 seu
3138 2129 3570 2200 Monogenem.id
3586 2141 3774 2200 est,per

2216 2237 2276 2277 se
2305 2225 2573 2293 genitum,
2606 2238 2703 2277 seu
2722 2223 3064 2292 unigenitum
3091 2223 3435 2277 derivabaut.
3462 2227 3773 2292 Autogenetn

2214 2306 2639 2385 ct‘Monogenem
2657 2315 3023 2385 appellabant,
3038 2314 3163 2384 quia
3178 2330 3300 2368 eum
3317 2315 3578 2385 singulari
3594 2330 3772 2384 praero-

2215 2410 2394 2478 gativa
2410 2409 2647 2476 genitum
2662 2406 3011 2468 asserebant;
3029 2414 3213 2473 utpote
3233 2408 3415 2475 magni
3436 2406 3666 2466 luminis.
3683 2405 3774 2459 En-

2217 2501 2355 2553 noizc
2374 2498 2604 2561 scilicet,
2628 2496 2857 2566 eﬁigietn
2886 2507 2943 2551 et
2971 2496 3286 2567 imaginem,
3315 2500 3546 2553 summis
3568 2498 3772 2568 proinde

2216 2589 2531 2650 honoribus.
2544 2589 2899 2656 omniumque
2915 2602 3092 2641 rerum
3115 2589 3445 2657 praefectura
3463 2591 3768 2645 decoratum.

2217 2680 2389 2748 Hujus
2422 2677 2618 2746 conjnx
2685 2680 2901 2735 Alethia
2938 2682 3053 2736 sive
3083 2684 3306 2736 veritas.
3331 2683 3379 2734 A
3404 2683 3627 2747 lumine,
3648 2680 3772 2752 quod

2215 2783 2298 2828 est
2320 2772 2593 2838 Christus,
2620 2774 3078 2843 etincorruptela,
3111 2784 3347 2843 quatuor
3402 2776 3594 2830 emissa
3635 2774 3773 2827 lumi-

2218 2866 2397 2929 naria,
2441 2866 2547 2919 hoc
2573 2874 2657 2919 est
2684 2874 2925 2935 quatuor
2975 2867 3201 2936 angelos
3240 2866 3542 2936 ﬁngebant,
3566 2869 3651 2936 qui
3675 2867 3772 2920 Au-

2219 2969 2468 3027 togenem
2496 2958 2653 3026 quasi
2695 2958 2963 3015 satellites
2991 2962 3282 3028 stiparcnt,
3319 2972 3553 3026 quorum
3578 2958 3770 3012 nomina

2217 3053 2376 3105 erant
2425 3049 2823 3119 Harmogenes,
2857 3065 2953 3104 seu
3008 3050 3172 3106 Soter
3211 3050 3294 3103 vel
3351 3049 3630 3114 Servatur,
3679 3046 3773 3099 Ra-

527 3127 1004 3229 riszfliisqiqos
1035 3126 1595 3229 ngvandifergdijnala
1639 3125 1867 3229 prgrisq
1913 3125 2114 3229 exfde-
2140 3171 2183 3229 ε
2218 3143 2361 3212 guel,
2398 3142 2567 3196 David
2595 3153 2648 3197 et
2680 3142 2924 3207 Eleleth;
2961 3142 3159 3211 quibus
3197 3142 3384 3196 itidem
3418 3154 3775 3213 quatuorcon-

528 3217 1044 3286 bat,Barbelo,dicla
1070 3218 1240 3273 fuit".
1272 3217 1402 3272 lnde
1424 3216 1554 3273 dicti
1584 3233 1611 3271 a
1637 3219 1958 3289 quibusdam
1982 3218 2113 3272 Bar-

531 3310 765 3372 belimae,
799 3326 829 3363 a
862 3310 1101 3365 barbaro
1134 3311 1355 3364 nomine
1383 3310 1527 3376 quod
1558 3310 1657 3378 ipsi
1688 3311 2070 3365 conﬁnxerant
2098 3326 2113 3371 ;

531 3399 602 3454 ab
634 3399 757 3455 aliis
790 3400 1138 3468 Borboriani,
1192 3400 1276 3454 vel
1327 3400 1623 3455 Coddiani.
1644 3400 1965 3455 Borboriani
1993 3402 2115 3469 qui-

532 3491 679 3555 dem,
705 3491 807 3545 lioc
836 3502 925 3547 est
982 3492 1214 3557 cmuosi,
1254 3507 1295 3546 a.
1322 3493 1699 3548 sordidissima
1739 3503 1902 3562 atque
1958 3490 2115 3567 ﬂagi-

535 3583 626 3634 tiis
659 3584 913 3638 omnibus
971 3584 1237 3639 lutulenta
1288 3584 1507 3638 vivendi
1563 3584 1815 3640 ratione:
1849 3586 2114 3641 Coddiani

534 3687 667 3727 vero
698 3689 728 3727 a
755 3689 884 3727 voce
915 3673 1119 3738 Codda,
1158 3690 1299 3743 quit,
1326 3676 1403 3729 ait
1447 3675 1808 3745 Epiphanius,
1838 3677 1977 3731 idem
2032 3685 2116 3732 est

534 3764 764 3835 Syriace
796 3768 940 3836 quod
998 3768 1270 3836 paropsis,
1308 3776 1403 3821 aut
1462 3770 1678 3824 catinus
1715 3786 1729 3821 :
1766 3770 1911 3839 quod
1958 3779 2109 3823 tanta

534 3867 683 3913 esset
703 3874 893 3913 eorum
916 3860 1203 3929 spurcitia,
1236 3870 1297 3915 ut
1326 3876 1487 3917 nemo
1511 3863 1791 3917 communi
1837 3879 1959 3918 cum
2005 3863 2115 3919 illis

536 3950 614 4003 uti
644 3951 768 4005 cibo
791 3950 970 4017 vellet,
1006 3952 1098 4005 sed
1133 3954 1431 4021 separatim
1456 3955 1852 4012 contaminatis
1883 3956 1991 4011 illis
2016 3972 2114 4027 ap-

536 4041 662 4108 poni
689 4042 913 4096 soleret.
949 4042 1115 4097 Iidem
1152 4044 1204 4097 in
1238 4043 1476 4115 Egypto
1509 4045 1809 4101 Stratiotici
1841 4063 1932 4102 seu
1970 4047 2115 4102 Mili-

539 4147 706 4198 lares,
730 4134 853 4188 aliis
891 4135 944 4189 in
980 4135 1113 4189 locis
1140 4134 1401 4202 Floriani,
1442 4136 1792 4202 Phibionitae,
1817 4146 1871 4191 et
1900 4137 2113 4194 Zachaci

536 4228 716 4283 vocati
746 4236 895 4281 sunt.
923 4227 1249 4298 Quanquam
1295 4239 1504 4296 tamen,
1529 4230 1576 4283 si
1610 4229 1973 4300 Epiphanium
2013 4246 2113 4285 au-

539 4322 773 4385 diamus,
810 4321 1115 4376 Stratiotici
1166 4332 1221 4375 et
1249 4319 1596 4386 Pbibionitte,
1634 4321 1836 4391 quibus
1869 4321 2117 4393 adjungit

537 4413 786 4476 Levitas,
819 4422 932 4467 tres
963 4421 1169 4466 tantum
1201 4421 1389 4466 essent
1418 4411 1471 4466 in
1502 4426 1609 4466 una
1633 4422 1685 4467 et
1725 4413 1911 4467 eadem
1967 4424 2115 4468 secta

2212 3236 2371 3303 juges
2428 3232 2812 3303 assignabant,
2849 3230 3079 3296 Charin,
3132 3232 3413 3298 Thelesin,
3467 3233 3689 3302 Synesin
3727 3239 3775 3285 et

2216 3332 2545 3397 Phronesin,
2578 3332 2681 3385 hoc
2720 3339 2806 3385 est
2854 3330 3125 3394 Gratiam,
3178 3331 3549 3395 Voluntatem,
3588 3329 3775 3386 Intelli-

2217 3426 2451 3493 gentiam
2480 3434 2533 3477 et
2564 3422 2938 3478 Prudentiam.
2970 3423 3283 3491 Autogenes
3316 3434 3500 3478 autem
3545 3420 3776 3492 produxit

2217 3517 2450 3570 alterum
2480 3514 2719 3572 AEonum
2749 3531 2871 3586 par,
2902 3514 3153 3568 videlicet
3173 3512 3465 3569 Hominem
3497 3516 3775 3583 perfectum

2217 3620 2273 3665 et
2311 3624 2524 3671 verum,
2555 3622 2715 3679 quem
2758 3607 3141 3671 Adamantcm,
3183 3606 3253 3660 ob
3297 3607 3565 3661 invictam
3624 3607 3777 3659 virtu-

2220 3712 2350 3770 tem,
2378 3702 2747 3772 appellabant,
2778 3710 2833 3753 et
2862 3697 3073 3754 Gnosia
3110 3714 3208 3753 seu
3241 3698 3576 3766 agnitionem
3614 3696 3778 3767 perfe-

2217 3805 2396 3862 ctam;
2432 3796 2575 3849 unde
2632 3795 2705 3848 illi
2749 3794 2937 3848 datum
2977 3805 3037 3847 ut
3091 3807 3408 3863 supremum
3457 3792 3666 3846 Patrem
3696 3803 3777 3842 co-

2218 3898 2529 3952 gnosceret.
2588 3886 2681 3942 Sic
2735 3886 3143 3941 manifestatum
3211 3900 3487 3937 summum
3558 3883 3776 3944 Patrem,

2220 3980 2466 4045 Matrem,
2506 3987 2561 4033 et
2587 3977 2782 4031 Filium
2822 3978 3078 4031 dicebant
3105 3983 3400 4045 nugatores
3440 3975 3549 4029 isti.
3584 3973 3656 4026 Ex
3680 3969 3777 4022 An-

2220 4072 2413 4138 thropo
2468 4078 2646 4123 autem
2697 4078 2752 4122 et
2795 4066 2964 4122 Gnosi
3025 4078 3213 4122 natum
3266 4067 3470 4136 lignum
3526 4063 3776 4122 dicebant,

2217 4166 2361 4236 quod
2406 4176 2461 4218 et
2496 4164 2673 4232 ipsum
2720 4159 2949 4215 Gnosim
2992 4161 3362 4229 appellabant,
3400 4158 3696 4212 alludentes
3720 4152 3777 4205 ad

2218 4257 2419 4326 lignum
2444 4255 2687 4311 scientia:
2721 4254 2849 4309 boni
2879 4262 2935 4307 et
2963 4252 3112 4316 mali,
3152 4252 3218 4306 de
3259 4268 3366 4321 quo
3406 4252 3603 4306 Genes.
3633 4265 3689 4310 ll,
3727 4247 3774 4302 9.

2220 4351 2423 4405 Deinde
2445 4350 2707 4417 ex‘primo
2730 4347 2933 4417 Angclo
2953 4346 3253 4414 Autogenis
3275 4345 3533 4407 satellite,
3553 4342 3775 4412 genitum

2219 4436 2480 4508 Spiritum
2518 4446 2786 4501 sanctum,
2827 4450 2987 4505 quem
3017 4444 3072 4490 et
3113 4433 3375 4502 Suphiam
3407 4442 3465 4489 et
3490 4432 3775 4503 ,Prnnicum

540 4504 822 4558 hominum
868 4505 1115 4569 classes;
1137 4518 1371 4572 quarum
1424 4504 1599 4572 prima
1656 4514 1803 4559 esset
1850 4505 2114 4575 incipien-

2223 4504 2602 4598 appellabant;
2632 4504 2955 4597 quiquidem
2975 4541 3098 4580 cum
3128 4523 3777 4580 videretcaeterosEoncs

544 4598 707 4661 tinni,
735 4597 976 4651 secunda
1016 4594 1448 4665 proﬁcientium,
1504 4596 1663 4650 tertia
1721 4596 1957 4667 denique
1987 4612 2116 4651 con-

539 4696 939 4743 summatorum
964 4687 1019 4741 in
1050 4690 1200 4741 omni
1252 4688 1510 4755 nequitite
1530 4698 1588 4742 et
1613 4689 1992 4746 abominanda:
2015 4690 2115 4747 fa:-

540 4780 732 4834 ditatis
756 4796 975 4851 genere.
1028 4782 1154 4836 Illos
1186 4783 1478 4838 haereticos
1508 4799 1537 4837 a
1564 4782 1846 4840 Nicolaitis
1879 4801 2118 4855 progna-

543 4881 629 4926 tos
656 4872 770 4925 vult
804 4873 943 4927 idem
979 4873 1361 4945 Epiphanius;
1400 4893 1431 4929 ει
1486 4876 1887 4933 Valentinianis
1942 4877 2119 4932 Theo-

541 4964 767 5016 doretus
795 4964 861 5015 ⁷³.
925 4962 1232 5035 Utrumque
1281 4967 1419 5022 forte
1469 4983 1692 5036 verum;
1759 4984 1883 5023 nam
1937 4971 2005 5025 ab
2034 4970 2120 5025 his

548 5053 788 5109 Eonum
830 5056 1044 5125 deliria,
1071 5059 1141 5113 ab
1170 5060 1278 5114 illis
1296 5060 1420 5129 plus
1443 5076 1605 5130 quam
1630 5062 1913 5130 porcinum
1933 5063 2123 5118 viven-

541 5149 596 5202 di
623 5162 829 5202 morem
862 5151 1097 5204 mutuari
1134 5161 1451 5221 potuerunt.
1495 5154 1505 5163 ’

612 5260 875 5334 [LXXIII]
912 5262 1042 5318 MS.
1080 5264 1342 5334 Dogmata
1388 5268 1723 5337 speculativa
1763 5270 1952 5324 eadem
2013 5269 2127 5324 fere

2226 4621 2545 4689 conjugibus
2568 4621 2683 4674 suis
2723 4618 3026 4688 copulatus,
3058 4632 3118 4672 se
3147 4629 3329 4671 autem
3362 4619 3589 4687 conjuge
3624 4612 3778 4668 desti-

2227 4717 2424 4769 tutum,
2452 4709 2611 4762 anxie
2646 4707 2896 4777 quaesivit
2916 4708 3002 4761 cui
3039 4707 3293 4775 conjungi
3324 4716 3539 4775 posset;
3566 4714 3779 4759 temera-

2226 4801 2417 4869 rioque
2452 4800 2676 4869 impetu,
2709 4798 3017 4855 inconsulto
3040 4797 3222 4864 Patre,
3248 4798 3387 4854 latus
3416 4800 3644 4869 primum
3671 4808 3780 4847 ver-

2226 4908 2319 4948 sus
2379 4894 2692 4963 superiores
2751 4902 2955 4962 partes,
3026 4900 3138 4945 tum
3207 4906 3401 4946 versus
3453 4891 3776 4945 inferiores.

2228 4984 2540 5053 nullamque
2582 5000 2702 5053 qua:
2738 4985 2841 5040 sibi
2874 4984 3214 5048 conveniret,
3270 4985 3582 5048 inveniens;
3639 4979 3780 5035 tzdio

2227 5078 2473 5141 affectus,
2507 5078 2574 5130 ab
2606 5078 2817 5145 incepto
2870 5089 3177 5141 revocatus,
3214 5078 3443 5131 destitit.
3475 5077 3581 5133 Sed
3604 5091 3664 5130 ex
3698 5083 3780 5125 tat-

2226 5170 2315 5223 dio
2339 5167 2455 5237 ejus
2489 5176 2675 5222 natum
2705 5181 2865 5236 opus,
2898 5168 2949 5221 in
2989 5184 3098 5239 quo
3130 5179 3249 5222 erat
3281 5168 3583 5237 ignorantia
3618 5176 3669 5220 et
3695 5180 3781 5216 au-

2225 5262 2399 5316 dacia.
2448 5257 2560 5313 lloc
2592 5269 2769 5312 autem
2793 5274 2949 5327 opus,
2982 5260 3433 5321 Proarchontem,
3472 5259 3652 5311 mundi
3686 5257 3777 5308 hu-

538 5365 717 5419 erant,
754 5369 875 5424 quae
911 5355 1520 5424 Valentinianorum";
1552 5360 1647 5414 sed
1678 5358 1915 5415 Eanum
1940 5360 2124 5431 appet-
2216 5354 2307 5423 jus
2332 5352 2658 5421 principem,
2691 5354 3031 5407 conditorem
3060 5362 3115 5407 et
3141 5352 3526 5406 fabricatorem
3560 5348 3781 5418 appella-

539 5445 617 5499 lat
642 5462 799 5509 ones,
825 5447 1014 5511 series,
1047 5458 1211 5517 atque
1228 5449 1646 5520 conjugationes
1675 5451 1835 5521 paulo
1867 5451 2120 5505 diversa.

542 5536 756 5593 Patrem
785 5539 1217 5593 innominabilem
1248 5541 1423 5610 primo
1465 5542 1585 5597 loco
1610 5544 1943 5607 statuebant,
1979 5557 2126 5597 eum-

539 5646 644 5698 que
702 5631 770 5683 ab
791 5630 937 5685 omni
970 5631 1355 5702 conjugatione
1403 5631 1678 5699 solutum;
1714 5648 1835 5702 quae
1894 5642 1949 5687 et
1985 5632 2124 5685 alio-

2221 5446 2383 5507 haut;
2420 5444 2512 5514 qui
2552 5444 2805 5498 virtutem
2848 5460 3101 5514 magnam
3158 5460 3188 5498 a
3226 5454 3403 5498 matre
3448 5441 3677 5501 furatus.
3717 5436 3779 5489 a-:l

2223 5538 2485 5594 inferiora
2521 5538 2824 5610 digressus,
2877 5538 3181 5593 condiderit
3218 5540 3615 5591 ﬁrmamentum
3644 5531 3776 5592 cmli,

2224 5634 2279 5685 in
2305 5647 2415 5702 quo
2449 5631 2805 5699 inhabitaret,
2859 5630 3184 5695 Potestates,
3240 5630 3497 5700 Angelos,
3550 5626 3709 5683 oculos
3728 5628 3773 5676 et

606 5790 648 5821 ⁷³
685 5790 903 5860 Epiph.,
938 5792 966 5865 ς
1009 5795 1063 5848 5.
1139 5796 1209 5839 ι⁷²
1247 5794 1461 5865 Epiph.,
1508 5793 1536 5865 ς
1577 5796 1641 5862 l;
1686 5794 1918 5859 Theud.,
1954 5795 1987 5848 I.
2027 5810 2067 5861 ι,

2217 5794 2282 5847 η’ὀ.
2360 5794 2406 5825 ⁷³
2437 5792 2602 5858 lren.,
2634 5791 2731 5847 lib.
2772 5806 2819 5847 c.
2850 5791 2942 5847 29.
3018 5791 3065 5825 ⁷³
3101 5790 3289 5846 Matth.
3325 5804 3457 5851 xvn,
3488 5786 3541 5842 5.
