3954 6352
220 366 318 420 165

924 353 1379 412 DlSSERTATlO
1413 353 1452 416 ι,
1488 350 1648 405 ART.
1685 348 1773 412 Ill,
1808 347 1897 402 DE
1933 347 2303 404 VALENTI?“
2340 348 2742 405 MAGISTRIS.

3370 348 3476 403 166

220 495 422 536 terrena
480 480 705 545 omnia;
762 476 1122 544 omniumque
1175 473 1464 531 malorum.
1528 472 1796 534 rixarum,
1826 470 1875 527 Α
1906 464 2228 521 Viennensis
2255 468 2308 521 in
2344 469 2576 537 cpistola
2626 482 2749 530 sna,
2802 469 2945 535 apud
2977 466 3267 521 Eusebium
3295 463 3391 523 lib.
3421 481 3478 528 ν,

218 573 649 637 contentionum,
678 580 816 631 etc..
846 578 1037 623 auctor
1086 567 1276 620 fuerit.
1333 565 1429 620 llis
1466 565 1793 619 contristata

221 673 383 719 uiator
408 663 621 732 Sophia
646 662 719 716 ab
771 675 837 715 eo
885 658 1129 722 secessit,
1165 658 1458 725 sedemque
1491 654 1597 708 sibi
1630 669 1793 723 supra

220 761 617 811 ﬁrmamentum
657 770 754 809 seu
787 754 1074 821 septimum
1108 753 1306 805 omium
1351 748 1553 818 delegit
1588 766 1601 801 :
1634 757 1692 800 ut
1716 746 1797 801 sic

218 849 488 905 inferioris
515 845 786 916 ogdoadis
811 852 977 913 caput
998 845 1273 897 evaderet.
1300 840 1359 894 In
1390 841 1475 895 his
1502 849 1669 895 totam
1699 836 1799 890 Va-

216 942 637 997 lentiniannrum
668 936 930 996 fabulam,
966 933 1246 1003 paululum
1277 933 1555 986 duntaxat
1597 932 1797 984 immu-

218 1038 333 1089 tatis
365 1033 713 1097 nominibus,
739 1040 1011 1086 recoctam
1033 1030 1262 1099 quisque
1288 1026 1457 1079 videt.
1488 1023 1696 1079 Cretera
1731 1027 1799 1076 de

214 1128 427 1182 Christo
490 1124 648 1193 Jesu,
688 1124 1111 1184 resurrectione.
1146 1120 1305 1176 bouis
1350 1117 1631 1187 operibus,
1663 1124 1797 1180 etc.,

216 1222 484 1289 dogmata,
516 1220 715 1274 eadem
741 1225 904 1273 erant
931 1232 1049 1286 quae
1091 1213 1620 1269 Valentinianorum.
1651 1210 1802 1265 Gno-

212 1317 369 1369 sticos
386 1328 540 1382 saepe
564 1314 618 1366 in
635 1312 755 1366 suis
768 1310 1017 1380 epistolis
1035 1308 1405 1375 perstringunt
1424 1304 1802 1371 Joannesapo-

216 1404 438 1471 stolus,J
449 1406 612 1468 udas,
629 1402 889 1463 Iacobus.
915 1402 1155 1473 lgnatius
1172 1407 1225 1453 et
1248 1398 1604 1469 Polycarpus.
1627 1395 1804 1450 maxi-

217 1512 293 1550 me
318 1497 473 1565 quod
509 1494 909 1549 lucarnationis
932 1491 1175 1563 mystcrii
1197 1492 1485 1544 veritatem
1514 1494 1801 1557 negarent.

282 1591 403 1644 149.
440 1589 487 1642 Ε
516 1588 802 1643 Gnosticis
837 1586 1057 1656 quidam
1090 1583 1272 1637 Veteri
1310 1582 1517 1651 pariter
1546 1592 1604 1635 et
1650 1579 1803 1634 Novo

215 1684 572 1737 Testamento
630 1681 950 1744 utebantur,
991 1680 1087 1735 sed
1144 1677 1348 1732 inutilis
1392 1678 1459 1731 ⁷³.
1494 1676 1624 1743 Qua
1653 1675 1801 1730 enim

214 1778 305 1831 sibi
328 1776 522 1829 favere
543 1773 836 1843 putabant,
870 1774 987 1827 hate
1015 1771 1511 1840 amplectebantur,
1564 1784 1738 1839 eaque
1770 1783 1800 1821 a

216 1870 418 1940 Spiritu
451 1870 709 1923 veritatis
739 1869 1091 1939 pronuntiata
1120 1868 1484 1931 dictitabant;
1520 1880 1643 1935 qua:
1668 1881 1798 1921 vero

210 1964 309 2018 sibi
338 1965 601 2028 adversa,
622 1962 1043 2028 rejiciebant,et
1076 1977 1105 2014 a
1137 1961 1321 2014 mundi
1354 1958 1517 2027 hujus
1547 1958 1802 2028 Principe

210 2055 454 2123 profecta
500 2054 952 2124 pronuntiabant.
1002 2052 1154 2107 Pauli
1203 2052 1472 2122 Epistolas
1514 2051 1581 2105 ad
1613 2051 1800 2106 Timo-

205 2148 393 2200 theum
422 2146 819 2213 repudiabant,
842 2146 986 2215 quod
1018 2145 1072 2199 in
1116 2144 1186 2199 iis
1217 2144 1537 2199 nominatim
1575 2142 1805 2196 damna-

213 2250 424 2294 rentur.
468 2238 581 2293 Sed
608 2238 700 2292 alii
733 2252 924 2294 omnes
950 2236 1195 2293 Gnostici
1229 2236 1404 2306 legem
1430 2243 1485 2291 et
1510 2233 1803 2305 prophetas

215 2332 547 2401 spernebant
588 2330 634 2361 "
695 2349 709 2385 :
776 2331 885 2386 imo
941 2345 1043 2385 nec
1083 2329 1283 2384 multos
1331 2328 1516 2382 dicere
1545 2327 1803 2396 pudebat,

216 2432 571 2480 Servatorem
608 2432 857 2477 nostrum
897 2424 1130 2492 primum
1156 2421 1546 2492 Spurcitiarum
1576 2432 1801 2472 suarum

217 2526 377 2586 atque
420 2516 781 2585 impietatum
837 2524 1119 2568 auctorem
1164 2514 1358 2568 fuisse.
1410 2507 1804 2579 Quamplurimi

218 2622 380 2676 penes
411 2607 535 2661 illos
558 2606 883 2677 apocryphi,
919 2606 1265 2674 anilibusque
1294 2604 1518 2667 fabulis,
1550 2600 1806 2657 obsceni-

219 2700 415 2752 tatibus
446 2709 503 2752 et
534 2698 894 2768 blasphemiis
942 2697 1129 2753 referti
1190 2697 1318 2752 libri
1361 2705 1541 2758 erant,
1568 2710 1803 2766 quorum

217 2792 524 2863 catalogum
558 2794 805 2863 reperies
862 2793 1005 2863 apud
1040 2792 1426 2862 Epiphaniam,
1477 2791 1612 2845 hair.
1653 2804 1803 2844 xxvt.

222 2885 290 2938 De
314 2884 712 2952 perditissimis
744 2899 934 2939 eorum
982 2884 1227 2938 moribus
1259 2881 1398 2936 nihil
1424 2882 1599 2937 dicam
1630 2897 1644 2934 :
1679 2894 1807 2949 por-

220 2994 309 3031 cos
341 2986 399 3032 et
426 2991 602 3030 canes
658 2985 903 3045 putares,
934 2990 1040 3029 non
1070 2973 1358 3039 homines;
1414 2973 1551 3029 adeo
1591 2972 1803 3027 abhor-

221 3080 339 3124 rent
366 3071 438 3123 ab
470 3069 714 3123 humana
734 3078 926 3121 natura
970 3083 1091 3138 qua:
1120 3068 1186 3123 de
1219 3069 1286 3123 iis
1316 3065 1485 3122 refert
1530 3080 1655 3121 mox
1682 3065 1804 3119 lau-

1898 572 2024 626 cap.
2064 558 2122 621 ‘2,
2158 560 2380 613 disertis
2403 560 2586 614 verbis
2610 568 2886 624 asserunt,
2920 568 3017 612 aut
3044 559 3259 613 nescire
3281 572 3359 619 se,
3387 566 3483 612 aut

1898 665 2004 703 non
2054 650 2281 704 credere
2337 648 2539 719 ﬂagitia
2574 650 2690 704 hate
2729 649 2798 703 ab
2829 650 3121 712 haereticis,
3160 656 3252 703 aut
3278 664 3308 701 a
3343 662 3485 717 quo-

1898 756 2061 810 quam
2089 741 2404 795 mortalium
2461 756 2692 811 usquam
2722 756 2842 795 esse
2890 751 3128 809 patrata.
3165 740 3271 795 Sed
3300 738 3485 794 facilis

1901 832 2204 901 responsio.
2268 829 2402 902 Ipsae
2460 833 2579 886 ista:
2638 832 2925 887 calumniae
2984 849 3106 902 quin
3150 831 3485 887 Christianis

1900 926 2277 991 struebantur,
2339 926 2897 996 ostemluntgentiles
2952 926 3156 995 aliquid
3187 925 3382 980 saltem
3415 923 3485 979 de

1904 1019 2221 1087 turpissima
2274 1019 2665 1074 Gnostieorum
2693 1022 2802 1073 vita
2856 1020 3171 1086 iuaudisse;
3218 1019 3361 1089 quod
3390 1033 3487 1072 ca-

1902 1110 2230 1165 lumniarum
2261 1114 2482 1167 occasio
2534 1112 2656 1168 fuit.
2683 1112 2818 1167 Cum
2867 1114 3014 1167 enim
3048 1127 3147 1166 eos
3201 1127 3231 1165 a
3267 1110 3487 1165 caneris

1903 1205 2233 1260 Christianis
2268 1222 2374 1259 non
2407 1207 2825 1275 distinguerent,
2870 1205 3123 1259 ontnibus
3151 1204 3487 1259 indiscrimi-

1904 1295 2073 1349 natim
2106 1295 2433 1357 tribuerunt,
2469 1298 2611 1364 quod
2642 1296 2983 1350 larvatorum
3013 1298 3276 1349 duntaxat
3308 1295 3489 1349 scelus

1907 1387 2026 1442 fuit.
2054 1388 2189 1443 Hinc
2218 1390 2283 1444 de
2306 1389 2749 1457 Carpocratianis
2798 1405 2964 1459 agens
2993 1386 3232 1443 lrenteus
3256 1387 3325 1443 ⁷⁸.
3351 1404 3488 1442 cun-

1904 1481 2153 1549 queritur
2178 1482 2318 1548 ipsos
2349 1484 2417 1533 ad
2470 1480 2847 1533 detractionem
2905 1478 3071 1533 diuini
3112 1476 3366 1531 Ecclesia:
3385 1494 3487 1532 no—

1905 1572 2061 1625 minis
2098 1589 2131 1625 a
2162 1571 2365 1626 Satana
2401 1572 2702 1641 praemissos
2726 1585 2745 1623 :
2789 1572 2866 1624 uti
2892 1570 3175 1624 secundum
3221 1566 3485 1641 [LXXIV]

1905 1665 2071 1719 alium
2093 1673 2145 1719 et
2176 1666 2342 1718 alium
2392 1665 2625 1727 modum,
2651 1681 2768 1735 qua:
2809 1673 2931 1718 sunt
2960 1664 3176 1716 illorum
3206 1662 3489 1715 audientes

1908 1758 2165 1826 homines,
2203 1768 2252 1812 et
2295 1766 2543 1829 putantes
2599 1774 2780 1812 omnes
2805 1774 2898 1811 nos
2927 1755 3057 1809 tales
3084 1772 3219 1819 esse,
3250 1762 3490 1808 avertant

1906 1867 2062 1905 aures
2103 1867 2224 1904 suas
2264 1867 2297 1903 a
2318 1851 2585 1918 praeconio
2622 1851 2858 1903 veritatis
2881 1865 2901 1914 ;
2926 1859 3017 1901 aut
3043 1859 3091 1900 et
3119 1848 3347 1900 videntes
3373 1862 3491 1917 qua

1905 1952 2028 1997 sunt
2066 1942 2307 2007 illorum,
2333 1959 2511 1997 omnes
2532 1959 2627 1997 nos
2685 1943 3068 2006 blasphement.
3124 1942 3185 1994 Et
3222 1939 3492 1994 Eusebius

1907 2038 2001 2091 lib.
2030 2052 2082 2091 tv
2110 2034 2278 2099 Hist.,
2332 2050 2455 2103 cap.
2505 2036 2557 2099 7,
2600 2020 2853 2089 similiter
2902 2033 3115 2099 scribit,
3164 2036 3489 2089 miserorum

1908 2128 2127 2185 illorum
2168 2128 2372 2199 ﬂagitia
2410 2127 2707 2197 gentilibus
2746 2141 2933 2181 ansam
2983 2125 3288 2195 praebuisse
3311 2139 3493 2179 sacro-

1906 2228 2098 2275 sancto
2124 2217 2217 2273 Del
2240 2218 2407 2272 verbo
2438 2215 2748 2286 petulanter
2790 2216 3061 2285 impieque
3098 2215 3437 2269 obtrectandi
3473 2230 3490 2268 :

1907 2327 1972 2369 eo
2002 2309 2163 2380 plane
2186 2308 2441 2371 consilio,
2471 2317 2530 2362 ut
2553 2306 2698 2361 fama
2741 2306 2808 2361 de
2832 2307 3066 2361 scelesta
3095 2307 3334 2375 ipsorum
3368 2308 3494 2361 vita)

1906 2403 2124 2459 ratione
2152 2402 2359 2471 passim
2383 2400 2669 2469 dissipata.
2701 2409 2916 2468 turpem
2947 2399 3265 2468 ignominiae
3300 2411 3493 2459 notam

1908 2496 2181 2550 universae
2209 2493 2645 2548 Christianorum
2674 2490 3006 2545 multitudini
3034 2492 3295 2546 inureret.
3334 2492 3495 2546 Unde

1908 2598 2062 2643 certe
2090 2586 2310 2648 accidit,
2343 2585 2548 2655 inquit,
2576 2591 2632 2638 ut
2660 2582 2874 2637 nefaria
2921 2584 3173 2651 quaedam
3216 2585 3403 2654 opinio
3428 2585 3496 2639 de

1909 2678 2073 2733 nobis
2099 2678 2365 2744 excitata,
2394 2690 2565 2746 eaque
2607 2674 2676 2728 ab
2698 2678 2851 2729 omni
2888 2674 3104 2729 ratione
3132 2675 3491 2741 alienissima,

1907 2784 2006 2841 per
2051 2769 2346 2825 infidelium
2379 2768 2593 2823 animos
2647 2766 2806 2838 longe
2858 2766 3072 2837 lateque
3120 2767 3494 2838 pervaderet:

1907 2862 2052 2933 quod
2104 2862 2357 2916 videlicet
2391 2871 2503 2915 tum
2558 2855 2797 2916 nefando
2850 2860 3144 2915 concubitu
3203 2872 3408 2915 matres
3440 2869 3498 2915 et

1909 2971 2129 3012 sorores
2182 2956 2407 3018 violare.
2437 2965 2549 3010 tum
2590 2955 2759 3009 etiam
2795 2954 3063 3009 scelerato
3117 2958 3353 3027 quodam
3393 2957 3496 3011 ali-

1912 3050 2075 3106 menti
2116 3050 2444 3119 generetuti
2472 3063 2581 3102 non
2632 3062 2972 3103 vereremur.
3004 3046 3157 3102 Unde
3209 3063 3339 3102 vero
3384 3058 3493 3103 tam

221 3168 373 3219 datus
412 3163 778 3233 Epiphanius,
815 3160 939 3216 Hm
968 3163 1058 3215 vix
1085 3160 1248 3215 ﬁdem
1281 3159 1532 3216 obtinere
1560 3170 1804 3229 possem,
1833 3161 1884 3224 ο
1916 3143 2175 3198 immania
2203 3141 2473 3196 scelerum
2506 3150 2756 3210 portenta
2811 3140 2867 3194 in
2901 3139 3340 3195 Christianorum
3375 3157 3497 3195 om-

222 3257 320 3310 nisi
348 3255 579 3309 aliunde
628 3263 910 3308 constaret
939 3253 1254 3308 necessaria
1301 3253 1707 3322 principiorum
1740 3252 1808 3305 ab

222 3348 284 3401 iis
304 3354 646 3401 statutorum
698 3345 1040 3399 consectaria
1099 3346 1510 3413 esse;ipseque
1562 3342 1801 3412 Epipha-

220 3441 339 3492 nius
362 3439 409 3468 "
450 3451 518 3492 ea
556 3446 673 3490 tum
706 3450 774 3490 ex
803 3435 961 3489 libris
985 3449 1197 3499 eorum,
1228 3443 1339 3487 tum
1368 3448 1435 3487 ex
1463 3433 1686 3503 proprio
1711 3447 1809 3488 ore

220 3532 447 3584 duarum
477 3528 774 3583 mulierum
806 3526 968 3595 hujus
997 3536 1172 3595 secta:
1211 3526 1549 3597 κορυφαίων,
1579 3540 1698 3594 quae
1721 3524 1809 3593 ju—

221 3636 407 3675 venem
434 3621 622 3675 adhuc
678 3626 1033 3673 tentaverant
1060 3618 1273 3672 retibus
1318 3619 1434 3672 suis
1483 3618 1807 3685 illaqueare,

220 3714 477 3767 didicisse
517 3728 577 3765 se
599 3720 1036 3766 contestaretur.
1076 3710 1405 3780 Castiganda
1436 3709 1665 3779 proinde
1716 3722 1807 3763 re-

220 3806 526 3859 centiorum
580 3808 947 3873 quorumdam
1007 3806 1239 3859 audacia
1269 3814 1325 3857 et
1378 3804 1682 3867 temeritas,
1713 3803 1805 3872 qui

220 3905 274 3947 ut
325 3894 911 3957 Gttosticos,fntilibtts
964 3895 1481 3963 ducliconjecturis,
1516 3893 1584 3948 ab
1618 3894 1808 3946 imma-

222 3989 396 4051 nibus,
418 3988 623 4057 quibus
641 3996 990 4050 accusantur,
1021 3985 1323 4040 sceleribns
1347 3986 1651 4051 vindicent,
1677 3984 1808 4052 Epi-

220 4079 423 4148 phanii,
456 4080 923 4148 antiquorumque
971 4079 1216 4132 omnium
1266 4078 1424 4132 ﬁdem
1453 4077 1670 4132 elevare
1698 4090 1805 4129 non

219 4180 499 4235 verentur,
542 4169 701 4239 quasi
753 4170 873 4223 haec
908 4168 975 4223 ah
1004 4168 1317 4223 hominibus
1346 4169 1487 4222 male
1511 4168 1802 4237 religiosis,

221 4262 269 4314 iu
308 4262 496 4315 odium
526 4259 699 4329 ipsius
722 4267 887 4314 secta:
915 4258 1154 4314 conﬁcta
1181 4269 1387 4315 essent.
1425 4260 1591 4326 Quasi
1623 4260 1805 4327 potior

219 4356 465 4408 habenda
492 4354 629 4407 fides
653 4359 799 4405 esset
832 4351 991 4404 vanis
1029 4351 1435 4405 neotericorum
1461 4351 1675 4406 illorum
1705 4349 1803 4405 ob-

220 4447 631 4502 scurinominls
688 4443 1036 4509 ratiunculis,
1086 4458 1250 4513 quam
1280 4443 1595 4513 Epipltanii,
1648 4444 1802 4498 testis

217 4563 319 4599 non
352 4555 579 4598 tantum
610 4538 797 4604 auriti,
832 4538 929 4593 sed
960 4538 1125 4590 etiam
1181 4536 1406 4602 oculati,
1456 4536 1799 4605 aliorumque

219 4652 461 4694 veterum
482 4633 769 4690 Gnosticis
794 4646 1103 4687 comvorum
1129 4628 1477 4689 testimoniis.
1508 4627 1600 4697 qui
1631 4628 1803 4681 luere-

219 4735 348 4785 ticos
376 4732 530 4800 ipsos
586 4727 871 4789 viderunt,
918 4724 1237 4788 audierunt,
1292 4734 1591 4788 eorumque
1628 4718 1798 4773 libros

217 4824 565 4878 evolverunt.
614 4820 721 4883 At,
782 4816 1058 4885 inquiunt,
1120 4829 1280 4868 nemo
1348 4810 1796 4880 apologistarum,

216 4916 337 4967 dum
392 4909 706 4966 Eeclesiam
752 4906 1124 4963 Christianam
1174 4920 1203 4958 a
1252 4902 1541 4958 calumniis
1566 4900 1803 4970 (Edipo-

215 5008 441 5059 deorum
496 5001 919 5064 concubituum,
966 5007 1023 5052 et
1050 4998 1445 5069 Thyestearum
1494 4994 1802 5063 epularum,

211 5098 406 5169 quibus
438 5110 564 5151 eam
587 5094 951 5163 aspergebant
973 5090 1225 5162 gentiles,
1254 5097 1470 5159 purgat,
1504 5095 1654 5141 tanta
1678 5100 1801 5142 sce-

216 5192 320 5245 lera
399 5188 659 5245 meminit
707 5200 739 5239 a
791 5182 1368 5255 pseudo-Christianis
1413 5186 1730 5251 perpetrata
1782 5193 1797 5230 :

214 5292 351 5355 quod
407 5298 594 5340 tamen
644 5296 767 5339 ere
824 5296 1015 5337 eorum
1075 5277 1267 5331 fuisset
1329 5288 1440 5328 non
1505 5270 1798 5335 omittere,

214 5380 451 5434 maxime
508 5392 634 5433 cum
676 5376 1065 5432 ementitorum
1101 5371 1318 5425 illorum
1354 5365 1559 5436 ﬂagitia
1590 5363 1799 5418 calum-

215 5474 332 5536 niis,
359 5471 565 5544 quibus
592 5469 705 5524 veri
730 5467 934 5523 Christi
985 5464 1170 5519 fideles
1194 5461 1571 5517 onerabantur
1606 5458 1799 5511 innue-

215 5567 319 5627 riti,
354 5580 552 5619 ansam
603 5562 987 5633 prtebuissent.
1035 5557 1145 5611 lino
1205 5554 1454 5609 Justinus
1495 5550 1708 5620 Martyr
1737 5549 1791 5602 in

215 5661 465 5730 Apotogia
518 5677 622 5716 sua
682 5658 875 5728 priori,
920 5666 974 5710 et
1012 5653 1270 5710 Ecclesia:
1314 5647 1797 5719 Lugdunensisot

1829 4504 1880 4563 D

1913 3236 2065 3290 nium
2092 3243 2256 3303 caput
2292 3233 2644 3304 intorquendi
2695 3247 2885 3287 ansam
2924 3242 3148 3301 captare
3192 3233 3497 3304 potuissent

1909 3326 2138 3393 ethnici,
2180 3326 2281 3379 nisi
2314 3325 2505 3380 saltem
2560 3339 2755 3379 eorum
2791 3324 2997 3394 aliquid
3030 3325 3112 3379 vel
3144 3341 3209 3379 ex
3240 3342 3494 3381 verorum

1909 3419 2114 3475 Christi
2161 3417 2399 3472 fidelium
2437 3416 2698 3487 querelis,
2731 3416 2817 3470 vel
2848 3431 2914 3471 es
2947 3417 3337 3472 ementitorum
3364 3435 3498 3474 cou-

1909 3512 2167 3576 fessione,
2203 3510 2290 3565 vel
2320 3524 2388 3565 ex
2426 3509 2570 3564 fama
2619 3510 2995 3579 percepissent
3024 3511 3047 3564 ‘l
3087 3510 3221 3565 Tam
3255 3512 3498 3567 insolens

1910 3604 2215 3659 criminatio
2245 3602 2405 3657 ﬁdem
2440 3617 2718 3671 nunquam
2739 3602 2879 3671 apud
2913 3601 3312 3657 infensissimos
3341 3603 3498 3658 Chri-

1909 3697 2219 3751 stianorum
2269 3697 2454 3749 hostes
2509 3695 2866 3758 obtinuisset,
2910 3695 3017 3749 nisi
3067 3696 3195 3751 huic
3252 3696 3495 3766 aliquam

1909 3791 2022 3845 veri
2049 3790 2289 3859 speciem
2319 3788 2640 3844 obduxisset
2670 3789 2938 3860 ﬂagitiosa
2964 3791 3324 3859 quorumdam
3358 3793 3493 3843 vita.

1911 3884 2018 3957 Nec
2046 3899 2378 3954 queinquam
2421 3896 2644 3938 movere
2666 3883 2827 3937 debet
2863 3882 3207 3937 laudatorum
3233 3883 3494 3953 Apologi-

1908 3990 2119 4035 starum
2174 3977 2472 4042 silentium,
2508 3986 2605 4030 aut
2636 3975 2860 4038 Justiui.
2903 3987 2961 4031 et
2994 3976 3362 4031 Ecclesiarum
3392 3975 3497 4032 Lu-

1907 4069 2204 4142 gdunensis
2228 4079 2281 4123 et
2303 4068 2628 4123 Viennensis
2656 4069 2947 4137 ignoratio.
2981 4068 3036 4121 lit
3063 4084 3160 4122 eos
3193 4069 3366 4124 latere
3397 4085 3497 4140 po-

1910 4165 2033 4229 tuit,
2068 4164 2232 4231 quod
2278 4160 2515 4224 occulte,
2555 4160 2797 4223 etclam,
2847 4176 2954 4214 non
3009 4170 3162 4215 certe
3215 4163 3394 4230 palam
3439 4172 3497 4217 et

1905 4256 2118 4328 publice
2143 4254 2600 4324 perpetrabatur;
2638 4266 2737 4307 nec
2770 4253 2969 4307 mirum
3002 4253 3045 4306 si
3090 4255 3318 4309 credere
3348 4253 3497 4308 refu-

1905 4350 2106 4421 gerint,
2140 4347 2283 4415 quod
2310 4346 2544 4399 immane
2564 4350 2830 4411 quantum
2865 4342 3214 4397 ahltorretab
3250 4343 3489 4395 humana

1908 4451 2126 4500 natura,
2158 4440 2354 4507 vixque
2380 4436 2621 4505 porcina:
2646 4433 2919 4503 congruit.
2947 4432 3151 4486 Deinde
3175 4430 3226 4485 id
3256 4432 3493 4501 agebant

1908 4532 2243 4604 apologistat,
2274 4536 2334 4583 ut
2362 4525 2734 4591 Christianos,
2766 4539 3001 4595 quorum
3018 4537 3235 4577 causam
3264 4524 3492 4576 tueban-

1909 4634 2021 4689 tur,
2057 4627 2360 4692 purgarent
2385 4632 2417 4671 a
2469 4614 2795 4671 criminibus
2830 4612 3029 4681 quibus
3065 4623 3350 4679 perperam
3403 4609 3492 4661 in-

1908 4718 2289 4782 fatnahautur;
2330 4712 2476 4785 quod
2491 4722 2541 4767 et
2562 4708 2940 4782 praestiterunt
2962 4704 3015 4756 in
3047 4701 3325 4771 Apologiis
3349 4700 3487 4757 suis.

1907 4810 2053 4865 Nihil
2092 4820 2276 4864 autem
2322 4805 2594 4862 attinebat
2640 4802 2744 4855 hac
2775 4796 3065 4853 occasione
3096 4793 3505 4855 Gnosticorum,

1906 4903 2295 4965 obscenitates,
2347 4909 2555 4953 aeterno
2593 4890 2809 4949 silentio
2854 4886 3216 4957 sepeliendas,
3249 4900 3492 4942 commeo

1906 5010 2123 5052 morare
2157 5012 2171 5049 :
2202 5010 2325 5049 cum
2375 4991 2523 5047 veris
2555 4985 2885 5045 Christianis
2938 4984 3074 5038 nihil
3105 4998 3227 5035 cum
3264 4980 3492 5033 larvatis

1906 5090 2048 5149 istis.
2086 5090 2188 5143 nisi
2216 5087 2391 5143 solum
2429 5099 2652 5147 nomen,
2680 5095 2971 5136 commune
3010 5086 3176 5139 esset,
3214 5084 3274 5128 ut
3320 5070 3489 5126 Justi-

1904 5194 2007 5234 nus
2029 5180 2324 5243 obserVat;
2360 5175 2552 5242 illique
2584 5172 2689 5236 his,
2718 5179 2777 5226 ut
2799 5171 2999 5226 citatus
3026 5168 3265 5222 lrenazus
3292 5162 3392 5226 ait,
3429 5162 3487 5213 in

1904 5274 2051 5327 nullo
2085 5271 2554 5330 communicarent,
2591 5281 2756 5334 neque
2812 5264 2868 5317 in
2914 5261 3180 5321 doctrina,
3225 5269 3389 5325 neque
3429 5252 3488 5307 in

1903 5362 2160 5425 moribus,
2214 5372 2379 5428 neque
2407 5358 2460 5410 in
2503 5346 3279 5425 quotidianaconuersatione.
3338 5339 3486 5394 Satis

1903 5468 2020 5514 erat
2074 5456 2120 5511 si
2176 5469 2368 5510 eorum
2400 5489 2416 5517 ,
2469 5462 2708 5520 quorum
2760 5443 3032 5500 vindicias
3073 5442 3482 5505 susceperant,

1904 5548 2218 5604 innocentia
2278 5545 2797 5600 demonstraretur;
2854 5537 2991 5590 alios
3046 5542 3315 5586 accusare
3375 5540 3482 5580 non

1906 5642 2156 5705 decebat,
2191 5636 2317 5691 etin
2348 5634 2544 5705 capitis
2570 5630 2874 5703 periculum
2910 5625 3201 5680 adducere.

278 5777 333 5860 ’ξ
354 5777 582 5848 Epiph.,
612 5776 641 5849 §
685 5777 739 5833 6.
817 5774 863 5807 ⁷⁸
897 5774 1067 5829 Clem.
1103 5770 1283 5834 Alcm,
1318 5767 1546 5829 διΐστη..
1584 5764 1675 5821 lib.
1713 5779 1772 5830 ll,
1807 5779 1858 5833 p.
1888 5762 2021 5828 583;
2055 5757 2275 5828 Epipli.,
2311 5753 2341 5827 §
2377 5753 2437 5811 8.
2515 5751 2560 5783 "
2600 5747 2818 5819 Epiph.,
2853 5742 2882 5815 δ
2920 5740 3058 5795 l7."
3088 5737 3211 5793 Lib.
3247 5750 3285 5803 ι,
3316 5731 3480 5799 ο.9.5,

219 5862 266 5899 Ι.
306 5866 358 5903 0.
