3954 6352
538 360 643 413 Hi7

882 465 1023 522 XIV.
1061 466 1134 519 De
1159 464 1366 528 Opltitis
1391 474 1437 518 et
1464 463 1752 520 Setltt'am's.

502 543 506 557 ’
589 559 711 615 150.
727 559 884 613 Aliud
899 559 1285 614 Gnosticorum
1305 573 1474 626 genus
1492 565 1754 611 memorat
1769 554 2102 622 lrerrtensw,

543 668 670 721 quos
717 652 847 716 alii,
902 661 957 705 ut
1011 651 1405 713 Theodoretus,
1444 647 1668 716 Ophitas
1716 655 1766 700 et
1811 647 2106 701 Sethianos

535 746 845 813 promiscue
887 751 1085 796 vocant
1143 758 1157 794 :
1193 741 1440 810 quamvis
1497 739 1611 800 alii,
1659 749 1718 790 ut
1747 738 2102 806 Epiphanius,

535 841 678 893 inter
701 850 964 907 utrosque
1007 836 1361 905 distinguant,
1402 834 1755 900 diversasque
1787 849 1850 885 ex
1883 834 1962 885 eis
1999 834 2108 885 ha:-

532 934 824 986 reticormn
889 939 1065 984 sectas
1114 928 1479 989 constituant;
1512 925 1607 977 sed
1667 935 1863 993 printer
1919 924 2104 978 Irentei

532 1032 790 1086 mentem,
837 1021 930 1089 qui
984 1021 1119 1074 alios
1150 1019 1219 1071 ab
1260 1018 1381 1071 aliis
1430 1017 1848 1084 haudquaquam
1907 1016 2102 1069 distin-

530 1115 666 1184 guit,
697 1114 898 1184 unique
923 1122 976 1167 et
1025 1113 1207 1165 eidem
1244 1119 1428 1173 sectte,
1461 1110 1651 1163 eadem
1706 1125 1825 1176 qua:
1854 1109 1943 1162 alii
1981 1124 2105 1176 par-

532 1210 760 1272 tiuntur,
802 1208 1054 1275 dogmata
1110 1203 1381 1257 attrilmit.
1432 1202 1641 1271 Ophita:
1686 1218 1779 1257 seu
1834 1202 2103 1270 Anguinei

530 1303 870 1361 dicebantur,
907 1302 975 1353 ab
1002 1315 1172 1369 angue
1222 1311 1317 1351 seu
1353 1308 1608 1366 serpente,
1647 1311 1808 1363 quem
1863 1296 2101 1349 numinis

531 1393 702 1444 instar
733 1393 1156 1453 venerabantur,
1199 1390 1340 1457 quod
1374 1389 1684 1443 hominibus
1714 1389 1958 1443 scientia:
1986 1404 2103 1442 om-

528 1484 611 1536 nis
660 1495 936 1536 auctorem
965 1481 1250 1537 exstitisse
1305 1483 1617 1545 crederent;
1671 1481 1913 1535 Sethiani
1949 1496 2098 1542 vero,

522 1576 666 1644 quod
699 1575 830 1628 Seth
888 1573 1079 1627 Adami
1136 1572 1308 1625 lilium
1343 1575 1597 1626 virtutem
1632 1573 1924 1641 quamdam
1957 1574 2100 1625 divi-

523 1684 648 1721 nam
678 1667 848 1722 fuisse
880 1668 1304 1720 arbitrarentur.
1358 1665 1556 1718 Eorum
1592 1666 1816 1720 liceresis
1861 1681 1925 1719 ex
1960 1665 2100 1720 male

523 1772 806 1826 compacta
846 1761 1168 1829 placitorum
1227 1758 1615 1812 Nicolaitarum
1666 1767 1723 1811 et
1754 1758 2098 1812 Valentinia-

523 1869 718 1906 norum
754 1851 1038 1922 farragine
1077 1855 1298 1908 condita
1333 1861 1414 1906 est
1446 1869 1458 1904 :
1490 1862 1543 1905 et
1570 1859 1862 1918 eapropter
1885 1866 1913 1903 a
1934 1852 2100 1904 Pseu-

522 1945 962 2000 do-Tertulliano
1011 1963 1132 2000 cmn
1165 1949 1250 2001 illa
1291 1946 1678 2002 Nicolaitarum
1713 1942 2097 2008 cnnfttnditur;

522 2037 592 2089 ab
635 2038 837 2094 Irenaeo
881 2055 1012 2094 vero
1035 2043 1102 2103 ⁷³,
1133 2041 1441 2110 Epiphanio
1468 2048 1522 2094 et
1563 2036 1906 2092 Theodoreto
1936 2050 1966 2088 a
1991 2034 2099 2089 Va-

517 2125 819 2181 lentiniano
851 2129 1035 2183 schola
1061 2131 1338 2183 derivatur
1363 2131 1430 2190 ⁸ο,
1467 2126 1612 2194 quod
1663 2122 2098 2178 Valentinianum

519 2218 797 2288 quidpiam
831 2220 1124 2274 admistnm
1164 2221 1387 2273 habeat.
1451 2218 1643 2271 Natam
1685 2216 1917 2284 proinde
1977 2226 2100 2283 post

518 2303 867 2363 Valentinum
928 2326 1154 2364 necesse
1203 2320 1307 2364 est.
1363 2309 1550 2364 Primo
1611 2308 1728 2362 loco
1779 2311 2102 2362 statuebant

518 2402 783 2468 quoddam
807 2404 1034 2467 primum
1065 2402 1239 2454 lumen
1285 2401 1338 2453 in
1363 2402 1549 2454 virtute
1581 2399 1763 2469 Bythi,
1807 2401 2015 2452 beatum
2047 2407 2097 2451 et

517 2491 940 2558 incorruptibile,
973 2501 1022 2544 et
1075 2493 1492 2555 iulerminatum,
1537 2493 1680 2560 quod
1749 2489 1962 2545 Patrem
1995 2509 2100 2545 om-

519 2584 666 2635 nium
687 2593 732 2634 et
755 2585 980 2649 primum
1021 2582 1282 2635 hominem
1327 2583 1614 2636 vocabant.
1647 2580 2000 2650 Progressam
2029 2584 2098 2636 ab

519 2673 624 2726 hoc
657 2672 943 2734 Enntnam,
997 2673 1164 2724 ﬁlium
1195 2672 1521 2734 emitteutis,
1571 2671 1739 2724 ﬁlium
1778 2672 2020 2725 hominis
2041 2681 2097 2725 et

519 2766 816 2818 secundum
855 2763 1126 2817 hominem
1153 2762 1428 2816 dicebant.
1457 2761 1599 2815 Infra
1634 2771 1923 2829 utrumque
1953 2762 2097 2830 posi-

519 2862 635 2905 tum
668 2853 922 2905 volebant
952 2851 1216 2919 Spiritum
1245 2841 1520 2916 Sanctum,
1552 2867 1711 2921 quem
1760 2853 1990 2920 primam
2017 2851 2098 2907 fe-

519 2944 721 2998 minam
753 2953 808 2997 et
835 2955 1063 3000 matrem
1095 2944 1395 2997 viventium
1421 2945 1721 3009 vocabant;
1757 2945 1845 3013 qtti
1875 2943 2094 3013 quidem

516 3050 680 3104 super
704 3035 1007 3104 segregata]
1026 3035 1292 3088 elementa
1313 3075 1328 3100 ,
1378 3051 1598 3104 aquam,
1635 3036 1907 3098 tenebras,
1932 3037 2095 3105 abys-

517 3142 665 3191 sum,
688 3127 856 3179 chaos
879 3128 1136 3181 lerretur.
1169 3126 1248 3180 Ex
1302 3127 1692 3196 conjunctione
1739 3129 1899 3196 primi
1926 3137 1980 3181 et
2014 3143 2102 3184 se-

517 3219 678 3272 cundi
727 3219 966 3272 hominis
995 3219 1231 3289 Spiritus
1255 3230 1499 3284 sanctus,
1561 3221 1728 3274 radiis
1759 3221 1996 3288 supremi
2021 3220 2103 3273 lu-

518 3312 686 3363 minis
734 3310 1143 3381 impraagnatus,
1192 3329 1389 3366 novum
1449 3313 1629 3366 lumen
1684 3313 2101 3382 incorruptibile

518 3402 781 3472 profudit,
822 3405 1038 3457 tertium
1061 3404 1385 3466 masculum,
1410 3403 1711 3470 Christum,
1738 3404 1905 3458 ﬁlium
1937 3407 2100 3474 primi

517 3503 572 3544 et
597 3493 822 3548 secundi
856 3495 1114 3560 hominis,
1145 3506 1200 3549 et
1230 3496 1468 3564 Spiritus
1508 3496 1702 3558 sancti.
1731 3498 1917 3566 primae
1947 3498 2102 3551 lenti-

521 3600 624 3638 nte.
664 3586 864 3640 Verum
910 3603 1031 3640 cum
1089 3587 1344 3642 universa
1397 3588 1617 3642 luminis
1655 3588 1879 3658 Spiritui
1912 3599 2101 3644 sancto

519 3678 685 3732 inlusi
747 3679 1024 3746 plenitudo
1078 3683 1198 3748 capi
1251 3682 1319 3734 ab
1364 3696 1429 3735 eo
1477 3697 1579 3734 non
1640 3687 1861 3752 jpoSSet,
1908 3699 2101 3754 magna

518 3772 638 3839 ejus
665 3771 820 3838 copia
855 3771 1295 3840 superebulliens
1341 3775 1638 3826 secundum
1676 3775 1930 3829 sinistras
1972 3792 2101 3845 par-

522 3875 606 3920 tes
646 3865 899 3918 deorsnm
954 3865 1207 3928 decidit;
1258 3863 1477 3918 Christo
1533 3865 1752 3920 interim
1801 3869 2100 3922 secundum

515 3955 746 4009 dextras
790 3971 1008 4009 sursum
1064 3970 1189 4010 cum
1241 3966 1418 4009 matre
1462 3971 1558 4009 sua
1599 3959 2022 4020 conscendente,
2049 3969 2103 4012 et

517 4045 575 4097 in
631 4045 1096 4114 incorruptibilem
1156 4046 1386 4101 Eonem
1435 4060 1680 4116 recepto.
1753 4049 1877 4105 Haec
1921 4051 2099 4120 prima

516 4137 754 4194 Eanum
809 4148 997 4202 tetras,
1033 4139 1289 4192 adunatio
1341 4137 1590 4192 videlicet
1641 4137 1822 4194 Patris
1854 4142 2096 4194 onmium

515 4230 679 4298 primi
712 4228 968 4292 hominis,
1009 4229 1131 4281 Filii
1163 4229 1384 4282 secundi
1420 4229 1680 4293 hominis,
1712 4229 1947 4298 Spiritus
1970 4245 2098 4286 san-

517 4321 590 4373 cti
641 4321 828 4389 prima:
869 4319 1103 4385 feminae,
1158 4330 1214 4374 et
1255 4322 1457 4375 Christi
1519 4321 1611 4375 filii
1637 4336 1846 4390 eorum,
1890 4339 2014 4378 vera
2044 4335 2098 4378 et

517 4421 703 4466 sancta
755 4409 993 4464 Ecclesia
1054 4412 1122 4464 ab
1167 4410 1377 4466 insanis
1407 4412 1538 4476 illis,
1597 4412 1936 4483 Scripturam
1997 4432 2096 4487 pro

521 4518 674 4557 more
709 4503 1157 4570 depravantibus,
1192 4504 1590 4572 appellabatur.

591 4595 715 4649 151.
748 4596 936 4652 Virtus
964 4613 1092 4651 vero
1118 4597 1206 4650 illa
1231 4611 1567 4666 exsuperans
1608 4612 1729 4666 qum
1755 4599 1807 4651 in
1837 4599 2094 4655 inferiora

517 4688 739 4752 delapsa
792 4698 897 4752 est,
935 4703 1209 4758 quamque
1258 4689 1571 4754 Sinistram,
1624 4690 1946 4755 Prunicum,
1994 4692 2097 4746 So-

516 4779 704 4844 phiam
728 4789 784 4832 et
806 4780 1347 4835 masculo-feminam
1372 4778 1663 4848 appellant,
1682 4796 1802 4835 cum
1831 4785 1884 4836 in
1923 4797 2094 4849 aquas

519 4868 784 4921 hactenus
815 4867 1122 4922 immobiles
1153 4866 1544 4928 descendisset,
1575 4882 1790 4921 movere
1815 4869 1979 4936 cmpit
2003 4884 2096 4923 eas

520 4960 592 5012 ab
639 4960 749 5012 imo
780 4957 847 5010 ad
887 4975 1177 5025 summum,
1219 4958 1628 5027 assumpsitque
1656 4973 1722 5013 ex
1753 4959 1834 5014 eis
1872 4975 2092 5028 corpus.

518 5045 654 5100 Cum
701 5055 883 5099 autem
930 5047 998 5101 ad
1030 5049 1189 5115 hujus
1247 5048 1428 5104 lumen
1485 5051 1861 5106 accurrissent
1887 5055 2088 5120 omnia,

517 5141 680 5208 eique
704 5140 1084 5205 adhresissent,
1133 5151 1282 5196 tanta
1318 5141 1462 5199 mole
1480 5154 1730 5213 gravata,
1767 5154 1822 5201 et
1877 5155 2088 5201 tantum

521 5247 627 5286 non
653 5233 933 5299 absorpta,
993 5231 1199 5286 frustra
1268 5234 1549 5290 nitebatur
1617 5252 1881 5306 aquarum
1938 5254 2093 5294 com-

521 5324 710 5391 plexus
738 5334 1016 5388 excutere,
1048 5334 1105 5377 et
1160 5325 1226 5379 ad
1256 5329 1444 5383 matris
1474 5330 1653 5384 sinum
1710 5345 1971 5386 remeare.
2013 5332 2093 5385 In-

519 5415 679 5470 terim
711 5417 928 5483 superni
959 5415 1179 5470 luminis
1206 5416 1461 5487 reliquias
1507 5420 1845 5476 abscondere
1876 5437 1974 5491 pro
2002 5423 2083 5476 vi-

519 5507 671 5560 ribus
699 5507 1031 5571 conabatur;
1082 5508 1340 5563 miseram
1386 5511 1528 5564 enim
1561 5514 1794 5582 angebat
1829 5514 1989 5569 timor
2019 5530 2088 5568 ne

515 5597 586 5652 ab
616 5597 899 5652 elementis
925 5598 1228 5654 ltederetur.
1256 5600 1325 5654 At
1349 5601 1473 5654 novi
1500 5603 1719 5658 luminis
1742 5620 1967 5660 accessu
2000 5621 2088 5660 ro-

1342 347 1938 407 DlSSERTATlO-NES
1971 347 2285 402 PRJEV'IL
2321 346 2385 401 IN
2418 345 2674 401 lRENAil
2714 346 2983 404 LIBROS.
3654 361 3737 418 463

2135 462 2182 519 Α
2211 462 2425 524 borata,
2465 461 2688 515 emersit
2721 463 2960 526 tandem,
2987 477 3312 532 sursumque
3331 483 3388 522 se
3410 471 3593 527 extulit
3619 491 3632 526 :
3664 479 3739 532 ubi

2211 553 2439 608 dilatato
2480 571 2541 608 ac
2565 571 2806 623 expanso
2845 573 3073 624 corpore
3107 575 3226 622 suo,
3273 563 3522 628 produxit
3570 569 3739 624 etelunt

2208 643 2310 700 hoc
2339 645 2480 715 quod
2511 657 2755 715 apparet,
2795 651 2896 704 sub
2923 666 3029 718 quo
3069 653 3364 715 remansit;
3417 671 3624 712 servans
3662 662 3743 714 ad-

2210 734 2317 788 huc
2342 737 2599 802 aquatilis
2620 743 2870 808 corporis
2916 742 3170 794 formam.
3213 743 3316 797 Sed
3369 751 3575 815 superni
3607 750 3744 807 Iunti-

2210 827 2296 880 nis
2339 828 2614 885 desiderio
2675 846 2892 901 semper
2929 834 3226 899 stimulata,
3287 839 3487 891 viribus
3523 845 3746 899 omnibus

2209 921 2566 988 contendens,
2616 924 3002 992 superstitibus
3027 928 3271 994 corporis
3301 929 3532 997 reliquiis
3557 932 3746 990 demum

2207 1013 2482 1078 expedivit
2505 1029 2643 1068 sese.
2673 1015 2886 1084 Corpus
2921 1031 3101 1072 autem
3134 1021 3273 1088 quod
3325 1023 3492 1084 exuit.
3517 1022 3745 1080 feminam

2208 1119 2236 1155 a
2269 1102 2465 1155 femina
2520 1105 2828 1162 nominant.
2877 1106 3078 1161 Habuit
3115 1118 3169 1164 et
3220 1109 3387 1164 ﬁlium
3421 1114 3625 1166 nomine
3653 1113 3748 1168 lal-

2207 1196 2465 1261 dabaoth,
2497 1213 2657 1265 quem
2701 1198 2753 1252 in
2786 1199 3093 1269 ignorantia
3124 1203 3358 1271 peperit,
3390 1204 3472 1257 cui
3499 1217 3664 1260 tamen
3682 1208 3749 1260 in-

2207 1287 2346 1342 fttdit
2402 1290 2794 1357 aspirationem
2852 1294 3146 1360 quamdam
3210 1295 3611 1364 incorruptelm;
3657 1315 3748 1368 qua

2205 1389 2503 1447 vegetatus.
2536 1382 2845 1436 inconsulta
2882 1392 3084 1447 matre,
3122 1386 3374 1455 Angelos,
3411 1388 3750 1460 Archangelos

2202 1481 2258 1523 et
2285 1469 2542 1534 Virtutes.
2575 1472 2796 1540 insuper
2823 1484 2875 1527 et
2904 1475 3073 1529 lilium
3099 1491 3167 1529 ex
3223 1479 3382 1545 aquis
3421 1483 3696 1546 produxit;
3723 1499 3747 1536 ι

2203 1577 2311 1630 quo
2361 1564 2578 1630 genitus
2613 1573 2667 1617 et
2698 1565 2835 1618 alter
2861 1566 3028 1630 ﬁlius,
3084 1567 3153 1622 ab
3197 1567 3299 1622 hoc
3345 1573 3555 1636 tertius,
3583 1583 3634 1628 et
3683 1575 3748 1630 sic

2204 1665 2603 1723 consequenter
2634 1671 2806 1724 usque
2841 1659 2906 1711 ad
2936 1659 3248 1728 septimum,
3297 1678 3614 1734 unoquoque
3655 1683 3750 1722 cm-

2207 1745 2316 1800 lmn
2362 1749 2464 1802 sibi
2514 1751 2793 1818 proprium
2840 1753 3113 1807 condente
3165 1769 3230 1809 ac
3279 1770 3543 1826 regente;
3591 1769 3646 1814 ut
3684 1763 3750 1815 sic

2136 1805 2175 1859 Β
2207 1836 2364 1890 ﬁeret
2389 1839 2710 1902 hebdmnas,
2742 1852 2996 1896 octavum
3031 1843 3200 1900 Matre
3242 1805 3459 1902 tenente
3485 1849 3672 1904 locum.

2278 1930 2404 1986 152.
2445 1931 2572 1988 Haec
2603 1933 2801 1988 fabulae
2827 1938 3001 2005 prima
3017 1953 3167 2007 pars,
3200 1938 3253 1992 in
3287 1956 3391 2009 qua
3422 1941 3752 1998 Platonismus

2205 2039 2312 2078 non
2348 2025 2585 2079 obscure
2616 2042 2674 2081 se
2705 2030 2910 2096 prodit.
2945 2029 3019 2084 lbi
3067 2031 3299 2097 primum
3361 2047 3575 2102 apparet
3606 2045 3752 2090 matc-

2203 2115 2284 2169 ria
2318 2116 2490 2184 prima
2527 2119 2627 2172 sub
2665 2119 2976 2173 nominibus
3024 2119 3438 2186 elementorum,
3495 2141 3657 2194 aqum,
3688 2135 3754 2179 tc-

2204 2207 2520 2273 nebrarttm,
2553 2210 2760 2279 abyssi,
2785 2210 2980 2276 chaos,
3031 2213 3231 2280 quibus
3279 2216 3549 2286 designari
3577 2215 3701 2270 solet
3726 2232 3750 2267 a

2201 2300 2517 2365 Platonicis,
2546 2311 2603 2354 ut
2629 2303 2756 2356 alibi
2785 2304 3018 2358 diximus
3047 2321 3063 2369 ;
3097 2321 3272 2374 eaque
3327 2317 3550 2371 aeterna,
3597 2318 3651 2362 ut
3687 2311 3755 2362 vi-

2202 2395 2380 2457 detur,
2407 2396 2623 2463 Dcoqtte
2647 2396 2744 2462 ipsi
2773 2411 2990 2463 cornva;
3027 2412 3149 2465 qua:
3180 2399 3226 2452 si
3279 2415 3386 2455 non
3423 2399 3651 2457 Platonis
3686 2403 3754 2471 ip-

2201 2489 2333 2548 sius.
2367 2487 2556 2542 saltem
2592 2487 2979 2556 discipulorum
3023 2490 3140 2556 ejus
3188 2505 3297 2545 non
3337 2507 3625 2560 paucorum
3655 2494 3755 2561 opi-

2201 2579 2292 2632 nio
2336 2578 2455 2631 fuit.
2514 2581 2627 2633 Duo
2680 2580 2870 2650 itaque
2932 2582 3203 2648 principia
3235 2593 3503 2637 coaeterna
3529 2594 3754 2638 statuunt

2199 2663 2478 2728 hmretici;
2537 2667 2766 2719 alterum
2818 2669 3084 2731 activmn,
3141 2670 3310 2723 Deum
3377 2674 3602 2735 scilicet,
3654 2674 3754 2729 sive

2200 2755 2379 2808 lumen
2409 2757 2642 2824 primum
2673 2771 2725 2810 et
2750 2759 3196 2829 incorruptibile;
3226 2761 3456 2816 alterum
3484 2765 3750 2832 passivmn,

2197 2849 2303 2902 hoc
2325 2859 2408 2902 est
2438 2849 2712 2902 materiam
2747 2850 3058 2903 informem.
3087 2851 3169 2904 Ab
3196 2852 3288 2906 illo
3327 2852 3529 2907 lumine
3552 2869 3640 2906 seu
3668 2852 3754 2905 Pa-

2199 2949 2278 2993 tre
2294 2956 2579 3009 progressa
2602 2940 2829 3005 Ennoia,
2854 2939 3092 3013 [LXXV]
3121 2958 3274 2996 mens
3289 2954 3372 2998 est
3398 2943 3569 2999 Patris
3597 2958 3754 2996 rerum

2202 3034 2447 3084 omnium
2476 3028 2624 3084 ideas
2655 3028 2972 3098 elIormans,
2997 3042 3052 3086 et
3091 3034 3143 3086 in
3178 3048 3237 3087 se
3278 3036 3582 3099 continens,
3611 3044 3752 3087 arter-

2127 3134 2170 3192 ο
2207 3141 2382 3195 naque
2414 3141 2594 3180 rerum
2620 3125 2975 3194 exemplaria,
3006 3128 3072 3180 ad
3114 3143 3348 3199 quorum
3387 3146 3622 3184 normam
3654 3143 3755 3184 om-

2205 3219 2291 3270 nia
2331 3219 2652 3271 conduntur.
2689 3217 2924 3288 Spiritus
2956 3231 3201 3285 sanctus,
3235 3229 3319 3275 est
3382 3225 3602 3292 Spiritus
3634 3222 3754 3276 Univ

2206 3309 2373 3371 versi,
2435 3323 2531 3361 seu
2599 3308 2780 3360 anima
2851 3311 3060 3364 mundi.
3119 3310 3360 3365 Primam
3427 3312 3669 3368 feminam
3709 3322 3756 3364 et

2209 3411 2438 3456 matrem
2470 3401 2771 3456 viventium
2797 3414 2995 3457 vocant
3019 3405 3284 3470 haeretici,
3323 3407 3450 3475 quia
3480 3407 3645 3475 prima
3674 3421 3756 3474 ge-

2207 3493 2544 3547 nerationem
2590 3495 2832 3548 onmium
2862 3510 2926 3549 ac
2979 3505 3223 3550 motuum
3271 3512 3435 3551 causa
3467 3509 3566 3552 est.
3605 3498 3756 3562 llnjus

2205 3582 2431 3651 spiritus
2465 3599 2594 3652 pars
2632 3599 2849 3638 sursum
2874 3583 3119 3649 effertur,
3166 3603 3294 3656 pars
3323 3590 3390 3641 ad
3422 3589 3526 3642 ima
3551 3591 3756 3642 descen-

2205 3676 2304 3740 dit,
2337 3692 2614 3745 aquasque
2646 3688 2858 3743 movet;
2892 3684 3018 3746 quia
3050 3682 3288 3734 materive
3313 3683 3625 3745 subtilioris,
3652 3696 3756 3748 qua:

2207 3769 2432 3837 spiritus
2466 3768 2714 3824 Universi
2742 3779 2845 3834 est,
2883 3780 3068 3840 partes
3093 3771 3213 3826 alia:
3244 3773 3367 3828 aliis
3417 3775 3710 3828 subtiliores
3739 3788 3752 3832 ;

2205 3862 2322 3914 alim
2346 3862 2483 3924 aliis,
2519 3878 2617 3930 pro
2647 3864 2816 3917 variis
2855 3865 3170 3917 subtilitatis
3217 3865 3494 3932 gradibus,
3531 3867 3757 3933 superio-

2207 3966 2313 4004 res.
2348 3953 2476 4018 Qua:
2509 3968 2634 4021 pars
2669 3953 2719 4006 in
2783 3969 2953 4022 aquas
2980 3956 3288 4020 descendit,
3315 3972 3377 4010 ea
3409 3967 3491 4011 est
3519 3971 3635 4024 qua:
3658 3971 3758 4006 ma-

2206 4047 2358 4100 teria:
2393 4048 2583 4116 prima:
2633 4055 2834 4100 motum
2890 4049 3189 4116 impressit,
3244 4065 3309 4104 ac
3352 4051 3405 4104 in
3444 4065 3506 4104 ea
3542 4065 3634 4105 ceu
3663 4047 3758 4103 fer-

2203 4149 2446 4193 mentum
2474 4140 2678 4206 abdita,
2709 4155 2956 4209 peneque
2979 4142 3209 4210 primum
3231 4143 3346 4206 ejus
3377 4144 3518 4198 mole
3557 4145 3754 4202 obruta,

2201 4231 2462 4299 paulatim
2504 4232 2718 4286 demmn
2763 4233 2909 4287 vires
2934 4231 3202 4294 exseruit,
3228 4235 3545 4305 fractisque.
3580 4236 3758 4305 quibus

2200 4326 2570 4392 detinebatur,
2603 4325 2894 4396 repagulis,
2918 4341 3038 4380 sese
3067 4329 3363 4392 extricans,
3394 4331 3442 4384 ei
3473 4330 3759 4382 variasfor-

2203 4433 2340 4481 mas,
2397 4417 2597 4484 ﬁguras
2630 4434 2693 4472 ac
2730 4429 2907 4472 motus
2971 4420 3186 4473 indidit.
3243 4421 3335 4474 Sic
3398 4421 3610 4490 vulgata
3663 4420 3755 4472 tria

2124 4479 2172 4538 υ
2204 4508 2496 4562 Platonica:
2523 4507 2877 4576 philosophiae
2915 4509 3204 4578 principia,
3238 4512 3430 4574 lJt-um,
3465 4520 3686 4564 mentem
3708 4519 3757 4561 et

2202 4600 2439 4652 animam
2488 4599 2696 4664 mttndi,
2751 4601 3094 4669 primamque
3147 4617 3324 4655 rerum
3375 4603 3613 4673 genesim
3668 4599 3757 4652 sub

2203 4690 2453 4758 mysticis
2487 4690 2683 4752 Patris,
2719 4689 2841 4743 Filii
2875 4699 2928 4744 et
2953 4691 3186 4758 Spiritus
3219 4695 3394 4746 sancti
3441 4691 3755 4753 nominibus,

2203 4797 2308 4835 non
2342 4781 2457 4835 sine
2481 4781 2746 4851 sacrilego
2771 4782 3048 4851 religionis
3085 4783 3278 4845 abusu,
3321 4781 3755 4838 tradebantmale

2198 4871 2386 4927 feriati
2445 4875 2710 4928 homines.
2742 4873 2950 4928 Cmtera
2985 4874 3052 4928 de
3107 4872 3380 4930 lEonibus
3436 4876 3624 4930 deliria
3658 4887 3752 4927 non

2200 4978 2418 5028 moror;
2444 4960 2604 5017 facile
2651 4961 3025 5032 intelliguntur
3056 4978 3120 5017 ex
3176 4963 3244 5017 iis
3267 4979 3388 5032 qua:
3420 4965 3486 5018 de
3528 4961 3755 5018 Valenti—

2199 5057 2380 5112 nianis
2412 5056 2674 5110 diximus.

2273 5148 2396 5203 153.
2445 5147 2713 5218 Longiora
2767 5157 2893 5203 sunt
2936 5164 3058 5219 qum
3115 5150 3182 5205 de
3242 5149 3478 5204 hominis
3529 5147 3750 5218 origine.

2199 5237 2317 5306 ejus
2342 5253 2495 5302 casu,
2531 5237 2766 5306 malique
2796 5248 2916 5292 ortu
2944 5241 3058 5310 (qui
3097 5240 3350 5308 scopulus
3373 5239 3476 5294 fuit
3515 5240 3580 5294 ad
3605 5251 3754 5306 quem

2199 5329 2339 5383 allisi
2373 5337 2502 5382 sunt
2539 5343 2734 5384 onmes
2769 5329 2884 5385 fere
2933 5332 3181 5400 priorum
3231 5333 3551 5387 sarculorum
3591 5332 3754 5385 haere-

2199 5421 2317 5489 tici)
2350 5429 2542 5474 texunt
2576 5432 2905 5475 commenta.
2947 5421 3167 5475 Summa
3223 5424 3326 5478 huc
3357 5424 3498 5478 redit
3531 5441 3544 5476 :
3579 5418 3752 5476 Jalda-

2194 5514 2378 5579 baoth,
2418 5522 2602 5582 spreta
2655 5524 2856 5579 matre,
2894 5517 3262 5584 principatum
3310 5517 3583 5581 ambibat;
3616 5509 3752 5566 relu-

2193 5608 2487 5704 cta.bantur
2519 5609 2585 5662 ab
2623 5623 2688 5663 eo
2727 5610 2895 5680 geniti
2932 5610 3090 5665 liberi
3123 5629 3136 5664 :
3170 5612 3309 5668 unde
3347 5610 3611 5668 stomachi
3642 5606 3748 5676 plo-

585 5737 654 5815 ’ξ’
835 5753 877 5815 t,
908 5737 1458 5815 01§0;I_heodoret.,
1491 5738 1583 5815 lil).
1615 5757 1654 5807 ι,
1768 5744 1863 5812 14;
1898 5744 2108 5815 Epiplt.,
2143 5742 2275 5798 hair.
2309 5757 2515 5800 xxxvu.
2591 5744 2636 5776 "
2673 5744 2925 5810 Tertull.,
2950 5745 3024 5802 De
3053 5761 3246 5815 praes,
3277 5762 3325 5801 c.
3352 5745 3439 5798 L7.
3503 5744 3547 5775 '°
3580 5742 3740 5800 Iron”

515 5825 569 5863 II.
605 5809 662 5873 1;
699 5809 910 5878 Epiplt.,
945 5808 971 5880 §
1002 5811 1065 5872 ὃς
1101 5807 1334 5874 Theod.,
1367 5809 1467 5862 loc.
1498 5811 1592 5863 cit.
