3954 6352
202 398 289 452 169

899 388 1355 452 DISSERTATIO
1386 394 1430 459 1,
1466 393 1627 449 ART.
1658 392 1745 456 111,
1783 391 1870 445 DE
1906 388 2273 444 VALENTINI
2310 389 2704 444 MAGISTRIS.

3346 391 3445 442 I70

199 534 285 574 nus
314 515 378 571 ad
407 513 660 568 materia
694 512 885 567 fzecem
913 510 1137 565 demisit
1167 508 1379 571 oculos,
1406 515 1461 562 et
1492 504 1763 560 Virtutem
1793 506 1843 563 Δ
1868 512 2012 569 erat,
2053 519 2347 574 supernum
2397 503 2651 559 videlicet
2714 505 2918 567 lumen,
2983 505 3192 559 salvum
3265 504 3441 558 tieret.

198 610 494 680 quamdam,
527 605 810 675 serpentis
848 604 1053 672 specie,
1101 616 1263 672 quem
1310 597 1430 667 ejus
1469 596 1663 652 Filium
1711 603 1767 650 et

198 704 295 775 Non
343 708 576 759 vocant;
627 695 834 751 dehinc
888 704 942 751 et
998 693 1369 764 spiritum,et
1419 691 1681 754 animam,
1710 697 1768 743 et

195 794 356 849 omnia
401 806 529 858 qua:
574 789 631 842 in
678 788 885 841 mundo
920 795 1071 851 sunt,
1101 784 1289 855 genuit
1320 797 1336 836 :
1370 782 1607 851 indeque
1640 789 1765 835 nata

197 885 354 939 omnis
397 882 652 948 oblivio,
712 878 950 942 malitia,
1001 866 1191 940 zelus,
1229 875 1431 929 invidia
1486 883 1541 927 et
1597 887 1765 927 mors.

200 976 315 1031 Hinc
338 974 572 1031 insulse
600 972 949 1045 gloriationis
970 985 1158 1024 ansam
1189 967 1674 1038 captans,Patrem
1713 981 1771 1022 se

1869 599 2007 656 Hinc
2042 600 2181 653 irato
2217 597 2525 653 hominibus
2556 595 3057 667 Jaldabaotli,quod
3078 612 3137 651 se
3172 613 3276 651 non
3300 598 3447 653 cole-

1872 703 2017 756 rent,
2054 692 2367 763 diluvioque
2401 694 2696 746 humanum
2733 705 2906 758 genus
2940 691 3169 759 perdere
3195 690 3445 752 volente;

1873 785 2095 841 luminis
2127 788 2271 857 quod
2312 786 2588 840 infuderat
2623 784 2880 847 sollicita,
2931 783 3045 838 Noe
3091 785 3335 837 servavit
3390 786 3445 838 in

1872 892 2024 942 arca,
2074 894 2105 931 a
2156 892 2265 947 quo
2299 886 2427 931 nata
2463 892 2599 931 nova
2636 877 2922 931 hominum
2961 874 3249 945 progenies
3284 890 3448 928 mun-

1874 968 2002 1021 dum
2054 969 2343 1039 supplevit.
2410 969 2489 1024 Ex
2545 970 2611 1024 iis
2672 968 3048 1023 Abrahamum
3089 967 3192 1023 sibi
3250 966 3452 1035 delegit

200 1068 397 1121 vocavit
453 1076 512 1120 et
575 1066 775 1129 Deum,
806 1072 863 1118 et
917 1077 1233 1131 supremum
1291 1074 1476 1113 rerum
1521 1058 1768 1113 omnium
1868 1061 2218 1128 Jaldahaoth,
2255 1078 2380 1118 cum
2439 1077 2551 1134 quo
2611 1062 2789 1116 fmdus
2851 1062 3019 1127 iniit;
3080 1076 3182 1131 per
3229 1060 3452 1132 Moysen

200 1159 549 1230 principium.
582 1156 651 1213 Ut
687 1170 819 1211 vero
852 1155 1121 1209 insaniam
1162 1151 1279 1217 ejus
1328 1151 1626 1219 castigaret
1660 1149 1773 1203 Ma-

206 1264 300 1315 ter,
327 1252 435 1320 ipsi
481 1264 698 1320 sexque
746 1248 977 1318 reliquis
1014 1246 1347 1310 Virtutibus,
1389 1253 1450 1299 ut
1488 1245 1768 1300 hominem

199 1347 507 1409 conderent,
550 1352 791 1396 mentem
826 1338 1050 1408 injecit;
1081 1345 1141 1391 ut
1183 1337 1260 1392 sic
1299 1337 1480 1391 ablata
1525 1351 1555 1389 a
1589 1335 1773 1391 Jalda-

199 1438 345 1493 baoth
386 1436 446 1489 vi
490 1435 611 1500 illa,
640 1446 807 1503 quam
858 1431 1041 1486 eidem
1091 1429 1459 1499 impertierat,
1497 1431 1551 1482 in
1593 1429 1771 1483 homi-

198 1546 305 1585 nem
338 1527 791 1582 transfunderet.
820 1522 1115 1578 Formatus
1148 1523 1310 1593 igitur
1352 1522 1422 1577 ab
1456 1521 1563 1576 illis
1585 1522 1772 1585 homo,

200 1620 530 1692 longitudine
583 1629 641 1674 et
690 1618 982 1673 latitudine
1025 1616 1351 1678 immensus,
1390 1622 1447 1669 et
1500 1613 1651 1668 humi
1694 1629 1777 1668 re-

201 1729 343 1784 pens.
366 1713 423 1765 id
455 1720 545 1766 est
580 1709 853 1764 informis.
881 1707 1021 1762 Huic
1060 1705 1385 1762 Jaldabaoth
1424 1704 1573 1758 amat
1611 1704 1775 1774 spiri-

202 1815 300 1859 tum
328 1805 488 1867 vitte,
520 1810 581 1855 et
618 1816 743 1855 cum
770 1814 838 1854 eo
878 1798 1084 1861 lumen,
1109 1805 1302 1861 seu,ut
1345 1796 1636 1860 vocabant,
1674 1795 1775 1847 Itu-

199 1898 564 1951 utectetiortetrt
593 1893 831 1955 luminis,
861 1889 984 1944 Nun
1026 1889 1276 1943 videlicet
1307 1896 1361 1941 et
1390 1888 1771 1957 Enthymesin,

201 2004 352 2057 quam
398 2002 432 2041 a
486 1984 666 2039 Matre
709 1992 1038 2052 acceperat;
1091 1980 1184 2033 sed
1243 1978 1370 2032 dum
1419 1977 1522 2032 sibi
1580 1976 1772 2039 demit,

199 2080 331 2150 quod
360 2078 525 2133 alteri
571 2075 789 2140 tribuit,
825 2084 1039 2128 tantum
1069 2070 1324 2141 proprias
1365 2070 1513 2123 vires
1563 2068 1775 2122 labefa—

200 2182 341 2237 ctat;
374 2169 530 2239 quod
586 2167 799 2221 callidae
842 2163 1035 2219 Matris
1084 2163 1359 2215 intentum
1412 2169 1551 2215 erat.
1602 2159 1775 2213 Homo

202 2274 377 2317 autem
420 2261 507 2314 Nu
549 2267 607 2313 et
655 2255 1002 2327 Enthymesi,
1046 2253 1149 2308 hoc
1182 2261 1263 2306 est
1294 2260 1501 2316 mente,
1525 2260 1579 2305 et
1612 2251 1780 2306 coale-

200 2356 360 2409 stium
395 2350 679 2407 desiderio
728 2347 1113 2417 locupletatus,
1141 2354 1261 2413 quae
1300 2342 1437 2407 sola,
1478 2341 1777 2397 secundum

199 2446 509 2511 Cnosticos,
542 2443 779 2499 salutem
830 2439 1165 2509 percipiunt,
1210 2436 1397 2490 statim
1443 2434 1621 2504 primo
1675 2435 1781 2489 lio-

204 2538 356 2602 tnini,
403 2553 503 2592 seu
557 2548 818 2606 supremo
862 2530 1048 2595 ‘Patri,
1090 2529 1299 2584 relictis
1328 2526 1778 2593 fabricatoribns,

199 2633 404 2700 gratias
444 2627 583 2697 egit.
623 2628 694 2681 At
736 2622 1067 2682 Jaldabaoth
1111 2636 1259 2691 a:gre
1313 2619 1495 2675 ferens
1539 2633 1605 2672 ea
1658 2632 1781 2687 qua:

202 2738 363 2794 supra
417 2737 482 2777 se
524 2728 709 2783 erant,
739 2719 807 2773 ad
853 2718 1089 2787 alicujus
1140 2714 1390 2768 notitiam
1435 2711 1779 2782 pervenisse,

202 2816 461 2871 feminam
510 2810 779 2875 condidit,
810 2820 1063 2864 vocatam
1111 2808 1305 2871 Evam,
1343 2803 1502 2872 cujus
1544 2800 1779 2857 formam

206 2907 377 2961 mirati
413 2904 603 2960 caueri
644 2912 957 2974 genuerunt
998 2916 1062 2956 ex
1104 2914 1166 2953 ea
1195 2897 1455 2968 Angelos.
1484 2894 1593 2951 Sed
1621 2894 1691 2949 ab
1717 2909 1781 2949 ea

206 2998 441 3053 cretestis
487 2997 663 3051 Mater
699 2998 958 3051 virtutem
1005 3010 1033 3047 a
1074 2990 1401 3048 Jaldabaoth
1459 2988 1782 3058 inspiratam

206 3092 337 3146 clam
387 3089 621 3144 abstulit
654 3104 671 3142 :
704 3103 805 3145 nec
844 3088 932 3143 his
975 3097 1255 3149 contenta,
1298 3092 1510 3139 tantum
1573 3082 1784 3134 artibus

1874 1152 2149 1208 lsraelitas
2183 1153 2376 1208 eduxit
2408 1168 2475 1208 ex
2516 1153 2776 1225 Egypto,
2813 1153 3104 1223 legemque
3136 1155 3359 1218 sanxit;
3389 1168 3454 1209 ac

1878 1255 1987 1298 tum
2026 1246 2164 1312 ipse,
2214 1254 2327 1298 tttm
2372 1246 2467 1300 filii
2520 1246 2641 1316 ejus
2692 1261 2721 1299 e
2769 1246 3081 1302 Judazorum
3116 1255 3279 1315 gente
3324 1261 3455 1300 suos

1874 1336 1978 1390 sibi
2014 1338 2249 1407 quisque
2287 1338 2587 1407 prophetas
2621 1341 2960 1403 asciverunt,
2996 1355 3095 1409 per
3136 1355 3274 1408 quos
3317 1341 3453 1393 vati-

1874 1427 2019 1481 cinia
2052 1443 2149 1482 sua
2184 1426 2501 1484 funderent.

1948 1519 2074 1573 154.
2144 1520 2200 1574 ln
2260 1521 2345 1575 his
2399 1523 2659 1577 omnibus
2723 1524 2978 1593 dogmata
3046 1522 3324 1578 Platonica
3387 1524 3454 1579 ad

1875 1605 2206 1660 Christianae
2238 1607 2520 1674 religionis
2555 1608 2801 1678 genium.
2838 1619 2894 1664 et
2922 1625 3267 1666 communem
3302 1611 3457 1666 Gnoc

1877 1698 2141 1752 sticorum
2177 1699 2549 1769 hypotltesim.
2579 1717 2685 1755 non
2722 1701 2840 1756 sine
2882 1702 3083 1769 insigni
3137 1703 3457 1772 Scriptura-

1882 1802 1999 1841 rum
2034 1791 2413 1858 corruptione,
2466 1800 2747 1861 utcunque
2804 1794 3216 1849 accommodata
3257 1796 3457 1865 depre-

1880 1881 2121 1937 hendere
2174 1893 2280 1937 est.
2336 1883 2413 1938 lbi
2468 1899 2702 1955 superna
2758 1887 3065 1941 animarum
3126 1888 3306 1957 origo,
3358 1903 3459 1944 ceu

1879 1975 2243 2030 scintillarum
2269 1978 2337 2032 ab
2370 1978 2494 2047 igne
2528 1979 2712 2034 divino
2746 1980 3131 2045 emicantium,
3170 1982 3288 2036 sive
3328 1998 3460 2051 por-

1883 2065 2090 2119 tionum
2121 2068 2490 2134 quarumdam
2541 2083 2570 2121 a
2625 2070 2809 2123 divina
2862 2072 3167 2126 substantia
3205 2072 3463 2127 decidun-

1880 2172 2024 2221 rum,
2060 2172 2183 2212 cum
2225 2157 2477 2211 Platone
2502 2157 2751 2228 ﬁngitur.
2791 2161 2879 2215 Ea:
2910 2172 3136 2232 propter
3172 2164 3326 2218 inditi
3380 2166 3464 2217 lu-

1883 2247 2048 2300 minis
2088 2248 2346 2313 abusum,
2383 2263 2679 2316 corporum
2717 2252 2927 2305 carceri
2983 2255 3234 2322 squalido
3275 2265 3330 2310 et
3378 2265 3462 2310 te-

1878 2338 2173 2393 nebricoso
2209 2338 2588 2407 includuntur,
2631 2340 2929 2396 liberanda:
2965 2358 3066 2397 suo
3103 2355 3369 2416 tempore,
3409 2356 3466 2402 et
3500 2372 3511 2381 ι

1882 2432 2113 2501 pristina
2164 2431 2286 2485 luce
2338 2434 2657 2487 recreandae
2694 2451 2707 2487 :
2744 2434 2890 2503 quod
2934 2434 3276 2493 Platonicuin
3316 2456 3468 2496 com-

1883 2531 2126 2577 mentum
2162 2531 2249 2578 est
2280 2522 2347 2578 de
2384 2524 2697 2587 animabus,
2729 2528 2798 2580 ob
2838 2527 3094 2593 amissas,
3119 2532 3317 2600 quibus
3345 2549 3465 2588 sur-

1884 2628 2004 2667 sum
2043 2613 2379 2679 ferebantur,
2414 2616 2911 2685 contemplationis
2962 2635 3192 2691 pennas,
3232 2626 3285 2677 in
3346 2640 3471 2679 cor—

1882 2717 2019 2772 pora
2054 2705 2397 2774 praecipites;
2434 2706 2525 2761 ubi
2582 2708 2842 2763 refricata
2897 2713 3163 2781 paulatim
3201 2730 3471 2783 superno-

1887 2810 2008 2849 rum
2045 2799 2305 2851 memoria
2358 2799 2649 2868 pristinam
2701 2801 3020 2859 felicitatem
3071 2808 3347 2875 gradatim
3384 2823 3472 2862 re-

1884 2898 2173 2959 cuperent.
2206 2888 2285 2943 lbi
2318 2891 2483 2944 etiam
2520 2893 2706 2949 ntuudi
2743 2895 3036 2951 fabricatio
3092 2900 3325 2970 angelis,
3359 2918 3467 2957 non

1889 2981 1990 3049 ipsi
2028 2981 2138 3035 Deo
2171 2995 2387 3036 summo
2419 2986 2751 3049 ascribitur;
2806 2990 2954 3057 quod
2996 2990 3184 3045 itidem
3221 2992 3467 3048 Platoni-

1885 3090 2012 3129 cum
2062 3085 2169 3132 est.
2221 3076 2331 3136 Illis
2372 3080 2591 3151 quidem
2649 3079 2849 3136 fabulis
2899 3083 3253 3153 multiplicem
3305 3103 3471 3143 orna-

208 3183 402 3247 eiecit,
431 3192 495 3236 ut
530 3195 763 3251 serpens
803 3179 854 3234 ei
900 3177 1160 3248 primum,
1202 3184 1313 3229 tum
1352 3189 1449 3244 per
1480 3186 1601 3228 eam
1640 3172 1783 3225 Ada-
1810 3192 1855 3250 α
1893 3176 2006 3221 tum
2042 3172 2358 3241 suppeditat
2397 3173 2595 3244 religio
2621 3172 2972 3241 Christiana;
3010 3179 3103 3232 sed
3138 3176 3469 3233 fundamen-

209 3290 291 3329 tno
324 3273 651 3329 rebellionis
685 3280 883 3326 auctor
906 3272 1084 3332 fieret,
1104 3268 1329 3321 vetitum
1356 3266 1592 3319 fructum
1632 3278 1786 3317 man-

209 3369 403 3423 ducare
435 3366 719 3428 suadens;
756 3377 857 3431 per
888 3376 1049 3430 quem
1100 3369 1329 3427 uterque
1359 3369 1631 3426 supremae
1666 3353 1787 3408 Vir-

212 3461 357 3525 tutis,
389 3458 823 3525 divinorumque
868 3453 1260 3525 mysteriorum
1320 3450 1606 3504 scientiam
1656 3448 1788 3501 ade-

211 3562 350 3621 ptus,
387 3565 419 3603 a
476 3549 665 3602 mundi
716 3546 1006 3616 Opificibus
1040 3544 1329 3599 abscessit.
1380 3543 1557 3596 Iratus
1600 3540 1790 3595 Jalda-

212 3642 390 3706 baoth,
428 3639 668 3694 rebelles
703 3637 886 3691 divina
923 3634 1236 3690 substantia
1269 3648 1495 3696 vacuos,
1531 3641 1587 3687 et
1621 3632 1790 3685 male-

211 3732 400 3793 dictos,
431 3744 467 3784 e
499 3729 645 3783 caelo
677 3736 733 3782 et
765 3727 1025 3795 paradiso
1061 3726 1112 3778 in
1160 3724 1306 3778 hunc
1340 3722 1605 3776 mundum
1642 3722 1791 3791 deje-

211 3826 280 3877 cit
320 3839 336 3877 :
372 3824 465 3878 ubi
501 3837 735 3891 corpora
772 3820 988 3874 illorum
1032 3818 1196 3879 levia,
1235 3815 1507 3885 pellucida
1537 3824 1593 3870 et
1626 3814 1787 3883 spiri-

211 3916 392 3980 tualia,
436 3916 491 3969 in
539 3915 773 3977 tardius,
809 3912 1099 3966 obscurius
1182 3917 1240 3963 et.
1286 3908 1529 3963 crassius
1579 3915 1786 3959 mutata

210 4017 353 4070 sunt,
390 4004 681 4061 debilitata
731 4003 899 4057 etiam
950 4009 1005 4054 et
1054 3999 1317 4069 languore
1360 3998 1532 4052 fracta
1582 3997 1786 4053 anima.

212 4096 381 4150 Simili
438 4096 657 4150 ratione
718 4107 945 4162 serpens
996 4089 1129 4153 Nos,
1187 4088 1524 4144 seductionis
1586 4088 1789 4141 instru-

212 4196 477 4247 mentum,
549 4185 606 4237 in
672 4184 821 4237 hunc
889 4181 1149 4235 mundum
1216 4180 1492 4242 detrusus,
1563 4177 1788 4247 angelos

210 4282 350 4335 illius
386 4278 496 4335 sibi
550 4277 811 4348 subjecit,
845 4288 1049 4344 sexque
1100 4272 1266 4339 tilios,
1301 4273 1574 4326 daemones
1626 4287 1785 4324 mun-

208 4375 398 4438 danos,
436 4370 652 4442 genuit,
692 4369 759 4423 ad
795 4368 1154 4423 imitationem
1190 4380 1444 4435 superna:
1485 4364 1787 4420 hebdoma-

209 4467 287 4519 dis
318 4494 333 4519 .
366 4462 692 4518 hominibus
725 4475 944 4530 semper
980 4458 1231 4522 infestos,
1261 4457 1522 4528 quoniam
1559 4466 1787 4526 paterno

210 4557 380 4627 lapsui
430 4567 493 4609 et
536 4553 841 4609 infortunio
891 4552 1238 4606 occasionem
1284 4551 1647 4619 praebuerant.
1680 4547 1781 4603 Ubi
1817 4530 1863 4585 Ῑ)

206 4665 334 4704 vero
384 4648 669 4703 Pruuicus
724 4644 1010 4700 hominum
1063 4643 1378 4698 calamitate
1432 4641 1781 4697 Jaldabaothi

207 4743 585 4813 arrogantiam
616 4739 729 4808 jant
757 4739 893 4794 satis
926 4752 1026 4807 pro
1063 4737 1206 4793 votis
1238 4735 1349 4789 ulta
1377 4743 1479 4797 est,
1513 4734 1580 4787 ad
1620 4732 1785 4788 misec

204 4837 474 4889 rationem
510 4847 698 4897 versa,
733 4832 922 4887 amissi
960 4832 1183 4885 luminis
1229 4844 1449 4884 sensum
1485 4828 1782 4896 quemdam

204 4933 281 4985 eis
332 4938 637 4991 concessit,
674 4941 773 4995 per
810 4942 973 4991 quem
1008 4924 1222 4995 pristini
1278 4934 1456 4978 status
1489 4936 1782 4983 memores,

204 5023 603 5091 prasentisque
648 5020 878 5082 conscii,
922 5019 1169 5072 animum
1234 5023 1585 5086 receperunt,
1628 5014 1788 5069 intel-

202 5114 575 5181 lexeruntque
604 5109 862 5164 mortalis
895 5110 1145 5179 corporis
1181 5108 1322 5162 mole
1354 5123 1415 5162 se
1444 5106 1661 5161 tandem
1693 5106 1792 5159 ali-

200 5203 417 5271 quando
451 5200 773 5255 liberandos
807 5217 822 5253 :
859 5200 1005 5254 unde
1039 5199 1175 5253 cibis
1220 5198 1333 5268 jam
1379 5197 1596 5261 refecti,
1632 5211 1795 5265 gene-

203 5295 397 5349 rationi
455 5307 681 5362 operam
731 5293 1028 5357 dederunt,
1062 5308 1128 5347 ex
1175 5307 1282 5363 qua
1335 5299 1502 5345 natus
1550 5289 1789 5360 primum

200 5381 358 5445 Cain,
400 5391 521 5436 tum
567 5384 769 5439 deinde
818 5384 975 5449 Abel,
1020 5398 1162 5454 quos
1211 5396 1439 5452 serpens
1484 5396 1607 5435 cum
1666 5378 1795 5434 filiis

200 5475 315 5527 suis
345 5476 538 5529 statim
574 5480 798 5542 evertit,
831 5485 890 5531 et
922 5476 978 5529 in
1012 5491 1228 5531 omnem
1259 5474 1565 5546 nequitiam
1599 5471 1795 5541 praeci-

202 5565 339 5631 pites
364 5568 503 5636 egit.
541 5568 655 5623 Nec
691 5571 890 5625 mirum
922 5585 939 5624 :
971 5570 1035 5624 iis
1067 5569 1205 5624 clam
1240 5569 1641 5625 adversabatur
1675 5565 1787 5620 Ma-

205 5664 305 5724 ter,
338 5662 406 5713 ad
458 5661 513 5716 id
562 5652 729 5716 unum
777 5671 1011 5729 attenta,
1048 5675 1109 5718 ut
1141 5664 1285 5735 quod
1332 5662 1439 5719 sibi
1489 5660 1781 5734 proprium

318 5845 559 5911 "Item,
592 5864 647 5903 n.
689 5847 768 5908 11.
808 5845 893 5913 12,
935 5847 1008 5901 15ι

519 5945 797 6003 ΡΑτιιοι..
833 5943 951 6003 Gn.
1006 5938 1146 6003 VII.

1894 3270 2004 3315 tum
2049 3265 2255 3328 praebet
2302 3264 2585 3321 Platonica
2640 3267 3011 3337 philosophia,
3063 3282 3123 3324 ut
3186 3271 3469 3341 sigillatim

1889 3356 2182 3410 ostendere
2215 3357 2459 3427 proclive
2489 3356 2650 3427 foret,
2675 3361 2777 3415 nisi
2804 3362 3236 3427 attendentibus,
3266 3373 3319 3416 et
3348 3381 3471 3433 quae

1888 3447 2001 3516 jam
2038 3448 2316 3506 multoties
2350 3452 2589 3507 diximus
2626 3453 2999 3510 recolentibus
3048 3470 3137 3510 res
3180 3456 3341 3511 facile
3376 3474 3475 3527 pa-

1897 3549 2057 3594 teret.
2116 3541 2325 3596 Caatera
2374 3559 2494 3613 qua:
2545 3542 2617 3598 de
2663 3545 2964 3601 rebellione
3014 3544 3368 3613 Jaldabaotlt,
3406 3549 3474 3604 de

1892 3632 2097 3701 duplici
2155 3638 2363 3698 anima,
2399 3635 2571 3690 altera
2623 3650 2744 3705 quae
2793 3636 3022 3705 spiritus
3071 3638 3195 3692 vitae
3246 3641 3341 3705 sit,
3375 3655 3471 3695 seu

1892 3724 2169 3791 animalis,
2216 3725 2485 3780 insufflata
2540 3741 2637 3796 per
2695 3725 3063 3794 Jaldabaoth;
3124 3728 3295 3784 altera
3348 3747 3472 3802 quae

1888 3814 2164 3884 spiritalis
2222 3818 2319 3877 sit.
2366 3831 2459 3871 seu
2514 3817 2835 3870 humectatio
2894 3817 3141 3884 luminis,
3174 3834 3297 3887 quae
3329 3823 3471 3878 clam

1891 3924 1981 3969 eo,
2017 3906 2137 3975 ejus
2189 3917 2371 3961 tamen
2425 3908 2775 3976 interpositu,
2809 3924 2907 3978 per
2957 3909 3181 3964 Matrem
3236 3913 3469 3981 amatur,

1891 4015 2057 4066 quam
2092 3998 2266 4052 solam
2304 4014 2428 4052 cum
2464 4002 2710 4054 emiserit
2748 4000 2945 4067 Mater,
2980 4003 3156 4058 solam
3193 4018 3378 4060 servat
3416 4008 3472 4062 in

1893 4094 2230 4157 hominibus,
2258 4094 2432 4148 solam
2471 4093 2647 4148 salute
2691 4095 3026 4162 donandam,
3062 4114 3297 4169 corpore
3346 4118 3475 4171 pro-

1895 4180 2020 4235 inde
2060 4190 2330 4235 aeternum
2370 4182 2654 4251 perituro;
2700 4185 2766 4238 de
2803 4184 2926 4255 lege
2970 4187 3211 4243 lilosaica
3260 4193 3473 4248 sancita

1892 4290 1989 4344 per
2026 4272 2378 4341 Jaldabaoth,
2414 4285 2547 4340 etc.,
2594 4278 2849 4346 garriunt
2898 4280 3144 4337 haeretici
3206 4283 3469 4341 Cnostica

1889 4378 2016 4421 sunt
2049 4376 2104 4421 et
2137 4366 2546 4423 Valentiniana.

1964 4458 2092 4513 155.
2134 4458 2390 4528 Ejusdem
2427 4460 2643 4527 generis
2687 4470 2817 4517 sunt
2848 4477 2971 4534 quat
3004 4466 3069 4521 de
3099 4465 3229 4521 Jesu
3262 4467 3468 4523 Christi

1893 4561 2040 4615 ortu,
2078 4561 2277 4617 morte,
2314 4567 2380 4606 ac
2412 4551 2694 4608 beneﬂciis
2738 4570 2835 4623 per
2868 4572 2990 4611 eum
3027 4560 3284 4626 praestitis
3315 4576 3469 4613 coui-

1895 4645 2331 4699 miniscebantur
2358 4646 2445 4707 “;
2483 4648 2588 4701 nisi
2625 4647 2768 4717 quod
2820 4647 3003 4703 Jesum
3046 4664 3077 4705 e
3112 4648 3337 4718 Virgine
3372 4670 3470 4707 na-

1894 4746 2010 4790 tum
2057 4750 2178 4791 esse
2215 4735 2539 4800 faterentur,
2575 4746 2630 4791 et
2663 4736 2942 4791 Christum
2984 4752 3090 4793 non
3141 4738 3336 4801 solum,
3375 4742 3470 4795 sed

1892 4826 2057 4881 simul
2092 4843 2215 4882 cum
2252 4826 2455 4897 Sophia
2492 4844 2682 4885 sorore
2714 4844 2813 4884 sua
2860 4830 2912 4883 iu
2961 4844 3084 4884 eum
3123 4832 3475 4890 descendisse

1894 4919 2120 4973 vellent.
2151 4920 2281 4975 Jesu
2315 4922 2538 4990 quidem
2576 4937 2776 4991 corpus
2825 4938 2855 4975 a
2907 4923 3137 4977 mortuis
3170 4925 3471 4980 excitatqu

1890 5008 2162 5084 [LXXVI]
2198 5012 2492 5080 dicebant;
2533 5029 2638 5068 non
2676 5015 2806 5067 illud
2846 5025 3121 5069 terrenum
3159 5017 3305 5087 quod
3341 5032 3474 5073 caro

1893 5116 1951 5161 et
2000 5106 2222 5175 sanguis
2269 5114 2353 5161 est
2417 5107 2558 5176 (haec
2607 5105 2787 5171 enim,
2841 5106 3185 5177 iuquiebant,
3238 5122 3470 5178 regnum

1891 5199 1987 5253 Dei
2023 5197 2308 5266 possidere
2339 5211 2449 5251 non
2491 5206 2726 5266 possunt
2761 5219 2773 5253 :
2819 5200 2963 5253 unde
3002 5199 3267 5270 quidquid
3316 5216 3475 5255 mun-

1889 5290 2091 5343 danum
2126 5296 2436 5357 acceperat,
2465 5289 2673 5346 mundo
2706 5289 2958 5361 dimisit);
2987 5298 3081 5347 sed
3106 5292 3243 5346 illud
3265 5307 3466 5362 corpu.

1888 5382 2035 5451 quod
2068 5381 2308 5438 animale
2358 5392 2413 5438 et
2460 5382 2714 5452 spiritale
2747 5386 3042 5449 vocabant,
3078 5394 3288 5455 partem
3320 5387 3474 5441 vide-

1891 5473 2023 5528 licet
2059 5474 2311 5543 corporis
2361 5474 2711 5530 subtiliorem
2750 5485 2806 5532 et
2840 5488 3103 5542 aeream;
3147 5493 3243 5532 seu
3291 5479 3474 5547 potius

1896 5567 2067 5635 ipsam
2106 5565 2351 5620 animam
2403 5576 2515 5621 tum
2561 5568 2877 5635 animalem,
2938 5578 3051 5622 tutn
3108 5569 3470 5639 spiritualem,

1896 5674 2058 5730 quam
2096 5669 2388 5730 utramque
2447 5676 2766 5732 corpoream
2821 5678 2942 5719 esse
3000 5662 3284 5728 finxerint,
3336 5678 3474 5732 qua-
