3954 6352
553 381 645 434 ΠΙ

1352 363 1952 427 DlSSER‘I‘ATlONES
1990 358 2295 417 PREVIIE
2331 356 2399 414 1N
2433 354 2690 411 ΙΒΕΝΛΕΙ
2721 353 2988 411 LIBROS.

3675 355 3761 412 li!

553 510 667 548 rum
709 503 889 548 tamen
925 492 1095 547 altera
1130 489 1320 562 purior
1371 498 1425 543 et
1461 486 1718 543 subtilior
1757 484 1905 538 dicta
1962 479 2127 534 fuerit
2155 484 2202 540 Α
2230 475 2392 531 fuerit
2435 473 2660 537 Cainus,
2692 472 2893 526 Abelus
2928 467 3204 523 inferioris
3233 485 3247 521 :
3281 469 3557 536 propterea
3595 484 3758 524 secum

550 586 837 656 spiritalis,
873 586 1288 654 comparatione
1337 580 1565 634 alterius
1621 575 1928 633 crassioris.
1960 570 2128 638 Quid-

549 681 677 751 quid
712 681 806 744 sit,
850 680 1120 734 ludicrum
1157 688 1244 733 est
1284 677 1415 732 illud
1466 671 1888 729 resurrectionis
1930 681 2124 739 genus,

547 774 692 844 quod
729 774 821 827 hic
866 772 1253 835 admittebant,
1300 779 1353 824 et
1407 770 1476 823 ab
1530 782 1595 821 eo
1649 768 1794 835 quod
1856 760 2127 817 catholica

487 852 500 919 ί
554 863 686 921 fides
720 866 900 932 docet,
938 864 1127 933 procul
1181 863 1477 917 diversum.
1530 858 1840 919 Addebant,
1872 871 1968 926 per
1999 854 2126 909 Jesu

551 959 1011 1012 resurrectionem
1050 955 1340 1024 Spoliatum
1390 952 1563 1007 fuisse
1595 949 1915 1005 Jaldabaoth
1953 947 2129 1001 domi-

549 1051 640 1104 nio
667 1049 810 1120 quod
844 1048 949 1103 sibi
986 1047 1293 1101 vindicarat
1334 1046 1388 1099 in
1424 1044 1641 1098 animas
1686 1051 1946 1104 sanctas;
1980 1038 2125 1107 jam-

548 1157 656 1211 que
698 1141 959 1208 deinceps
1005 1155 1172 1209 penes
1219 1141 1395 1209 ipsum
1434 1152 1541 1192 non
1581 1136 1718 1203 fore,
1757 1145 1817 1189 ut
1852 1133 2126 1203 spiritales

549 1247 743 1285 rursus
784 1231 1038 1285 demittat
1089 1232 1142 1284 in
1203 1229 1465 1283 sacculum
1518 1228 1852 1298 purgandas,
1893 1224 1989 1280 sed
2031 1239 2126 1278 cas

541 1334 759 1377 tantum
804 1337 941 1391 quas
986 1317 1376 1385 iusufllaverat,
1427 1320 1481 1374 id
1520 1330 1606 1373 est
1654 1317 1943 1372 animales.
1992 1314 2126 1382 Quae

547 1414 888 1471 Platonicam
927 1413 1472 1483 metempsychoseos
1502 1410 1740 1464 fabulam
1774 1409 1944 1463 olent.

617 1506 741 1560 {56.
786 1506 861 1559 Ex
899 1504 1116 1575 Ophitis
1150 1504 1397 1573 quidam,
1447 1503 1654 1557 Irenaeo
1680 1510 1817 1555 teste
1841 1499 1910 1567 ",
1950 1500 2123 1569 ipsam

544 1598 813 1670 Sephiam
850 1609 1167 1669 serpentem
1194 1597 1396 1651 factam
1431 1610 1554 1650 esse
1586 1595 1863 1657 dicebant,
1902 1601 1963 1645 ut
1992 1592 2124 1645 Adae

544 1695 876 1749 :onditorem
906 1692 1223 1753 debellaret,
1250 1688 1673 1755 hominibusque
1712 1688 1993 1737 serenttam
2015 1689 2124 1729 tm—

544 1793 821 1853 portaret;
856 1791 910 1836 et
952 1790 1239 1852 eapropter
1275 1777 1484 1832 dictum
1534 1781 1835 1843 serpentem
1876 1768 2123 1823 omnium

544 1875 898 1929 mimautium
945 1873 1437 1943 sapientissimum.
1493 1868 1597 1922 Sed
1647 1866 1762 1922 sive
1825 1860 2126 1931 Sophiam,

546 1965 649 2020 sive
684 1962 808 2018 Non
852 1972 1157 2032 serpentem
1210 1963 1454 2018 induisse
1485 1960 1685 2014 vellent
1731 1952 1964 2024 Ophitae,
2000 1951 2149 2012 huic.

546 2065 793 2105 summos
835 2050 1075 2106 honores
1101 2050 1445 2116 deferebant,
1480 2051 1551 2106 ob
1582 2066 1700 2104 eam
1736 2065 1900 2118 quam
1936 2051 2005 2102 ab
2036 2049 2127 2103 illo

548 2142 825 2210 accepisse
866 2156 942 2197 se
1000 2141 1289 2196 scientiam
1354 2139 1769 2193 existimabant.
1838 2139 2124 2193 Testatum

547 2233 760 2288 faciunt
795 2234 1154 2304 Epiphanius,
1180 2231 1582 2294 Theodoretus,
1608 2241 1664 2285 et
1697 2229 2124 2300 Augustinus",

490 2364 499 2373 .
543 2343 784 2396 unpuros
818 2326 940 2379 illos
975 2326 1227 2378 homines
1259 2338 1451 2377 verum
1488 2332 1797 2390 serpentem
1860 2322 1915 2376 in
1988 2323 2125 2377 cista

540 2417 623 2471 vel
670 2416 926 2486 Spelunca
975 2414 1296 2474 nutrivisse,
1349 2425 1510 2481 quem
1556 2413 1946 2483 mysteriorum
1992 2424 2126 2466 tem-

537 2526 670 2581 pore
723 2509 1051 2564 evocabant.
1113 2506 1165 2561 is
1225 2514 1415 2575 aperto
1470 2503 1745 2559 foramine
1791 2513 1846 2559 et
1901 2504 2127 2560 latebris

537 2616 860 2671 erumpens,
895 2614 1142 2654 mensam
1173 2597 1604 2662 conscendebat,
1633 2606 1689 2652 et
1715 2597 1926 2652 circum
1957 2612 2126 2665 panes

540 2697 952 2769 implicabatur.
992 2694 1046 2749 ld
1098 2693 1529 2756 Eucharistiam,
1565 2702 1620 2747 et
1655 2692 2124 2749 absolutissimum

538 2806 662 2845 esse
724 2788 1059 2844 sacrificium
1127 2784 1451 2840 censebant.
1500 2782 1681 2838 Panes
1738 2797 1889 2847 vero,
1926 2784 2127 2853 quibus

539 2879 976 2936 circumvolutus
1035 2875 1212 2929 fuerat
1281 2890 1532 2943 serpens,
1596 2889 1701 2927 non
1756 2874 1915 2928 modo
1976 2873 2127 2927 fran-

538 2976 763 3046 gebant,
802 2982 858 3026 et
909 2969 1350 3033 distribuebant;
1414 2968 1509 3023 sed
1551 2968 1715 3021 etiam
1762 2968 1994 3036 quilibet
2031 2969 2126 3022 ad-

540 3078 690 3124 moto
733 3079 833 3120 ore
881 3070 1196 3131 serpentem
1248 3062 1427 3127 ipsum
1485 3058 1913 3113 exosculabatur
1958 3076 1971 3113 :
2008 3060 2125 3114 sive

2154 1832 2196 1886 Β

538 3160 895 3216 cantionibus
929 3154 1259 3226 quibusdam
1317 3154 1383 3206 ad
1443 3152 1915 3206 mansuetudinem
1948 3151 2123 3206 bestia
2152 3168 2195 3227 ε

542 3252 873 3313 molliretur,
926 3249 1043 3302 sive
1104 3246 1214 3300 alio
1275 3245 1544 3299 daemonis
1599 3242 1836 3298 artificio
1888 3243 2124 3296 innocua

540 3344 886 3400 redderetur.
939 3340 1019 3394 Ac
1060 3337 1281 3392 demum
1326 3351 1643 3406 supremum
1688 3335 1980 3390 Parentem
2030 3350 2127 3404 per

542 3438 719 3502 illum,
754 3444 811 3488 ut
850 3433 1093 3496 aiebant,
1120 3430 1485 3492 celebrantes,
1530 3427 1791 3499 mysteria
1828 3444 1925 3481 sua
1960 3427 2125 3496 perfi-

540 3531 784 3589 ciebant.

877 3618 995 3674 XV.
1041 3616 1115 3671 De
1146 3614 1366 3669 Caitmis
1396 3629 1487 3666 seu
1520 3610 1795 3665 Caim’stis.

621 3716 745 3770 157.
786 3714 829 3767 A
868 3709 1095 3767 Caianis
1127 3722 1221 3761 seu
1256 3705 1522 3760 Caiuistis
1551 3702 1934 3758 Gnosticorum
1976 3710 2130 3755 cata-

544 3811 747 3879 logum,
785 3819 851 3859 ac
884 3802 1083 3856 librum
1117 3812 1275 3852 suum
1330 3796 1569 3864 primum
1618 3794 1828 3848 claudit
1868 3793 2124 3847 lrenmus.

543 3902 650 3956 Eos
696 3915 728 3954 e
781 3893 1163 3951 Valentiniana
1221 3888 1447 3953 schola,
1485 3902 1587 3942 ceu
1639 3901 1838 3940 novum
1904 3884 2126 3939 Lerncae

544 3995 733 4066 hydra:
762 3996 946 4059 caput,
979 3985 1279 4057 pullulasse
1325 3981 1557 4044 scribit;
1606 3978 1945 4048 Epiphanius
1995 3990 2127 4031 vero

543 4096 600 4139 rt
652 4077 1102 4138 'l‘heodoretus“
1136 4092 1203 4130 ex
1256 4075 1474 4143 impuro
1525 4069 1911 4125 Gnosticorum
1967 4067 2129 4122 Nico-

544 4179 823 4239 laitarum,
860 4169 1400 4231 Valentiuianorum,
1454 4173 1513 4219 et
1577 4163 2127 4231 Carpocratianorum

544 4271 700 4328 fonte
734 4266 1077 4337 impietatem
1103 4275 1255 4315 suam
1316 4259 1672 4326 actionesque
1698 4253 1960 4309 nefandas
1993 4254 2130 4307 hau-

547 4363 691 4417 sissc
717 4360 931 4412 volunt.
974 4355 1278 4420 Utrumque
1331 4347 1495 4405 simul
1527 4361 1717 4402 verum
1752 4359 1873 4400 esse
1907 4352 2125 4413 potest;

546 4469 650 4510 nec
689 4446 1016 4519 repugnabit
1057 4445 1323 4505 Irenaeus,
1373 4439 1466 4509 qui
1512 4437 1675 4507 paulo
1734 4446 1857 4506 post
1915 4433 2133 4503 subiicit

2234 571 2463 628 invicem
2495 573 2727 635 rixatos,
2763 569 2854 639 qui
2890 566 3103 620 fortiori
3151 581 3181 619 a
3215 566 3426 620 Virtute
3460 581 3761 637 propagatus

2232 665 2434 730 fuerat,
2487 661 2768 716 inferioris
2815 657 3300 726 imbecilliorisque
3348 659 3581 713 sobolem
3635 663 3763 715 occi-

2232 758 2403 810 disse.
2438 756 2517 807 Ad
2551 755 2795 807 eamdem
2825 768 2946 805 cum
2985 750 3155 805 Caino
3183 749 3487 819 prosapiam
3518 751 3764 818 pertinere

2230 847 2485 901 volebant
2518 846 2681 905 Esau,
2714 844 2880 905 Core,
2914 841 3247 904 Sodomitas,
3283 850 3337 894 et
3372 856 3556 895 omnes
3599 843 3680 910 qui
3718 845 3762 895 in

2230 936 2416 992 Veteri
2459 937 2812 991 Testamento
2858 935 3132 988 scelerum
3188 933 3403 987 infamia
3451 932 3679 987 laborant
3704 931 3760 992 “.

2230 1046 2369 1100 quos
2407 1029 2669 1098 opinione
2721 1042 2818 1081 sua
2873 1027 3194 1087 laudandos,
3245 1040 3309 1078 ac
3356 1038 3534 1077 secum
3577 1025 3765 1092 generis

2230 1122 2561 1191 cognatione
2585 1120 2935 1189 conjunctos,
2971 1128 3159 1187 utpote
3183 1118 3443 1188 perfecta,
3475 1117 3764 1185 ceterisque

2229 1212 2539 1266 suhlimiori
2577 1212 2806 1267 scientia
2860 1213 3171 1274 decoratos,
3217 1209 3534 1265 asserebant
3574 1210 3764 1275 nequis-

2230 1304 2354 1358 simi
2405 1303 2501 1357 illi.
2541 1301 2665 1356 Ideo
2695 1302 2879 1356 mundi
2914 1300 3105 1371 Opifici
3155 1300 3384 1362 invisos,
3413 1300 3764 1366 continuisque

2229 1389 2446 1444 insidiis
2476 1391 2769 1457 appetitos,
2802 1389 2934 1444 nihil
2961 1400 3142 1444 tamen
3174 1391 3240 1444 ab
3275 1405 3339 1442 en
3367 1388 3661 1442 detrimenti
3688 1404 3765 1442 ac-

2228 1482 2409 1548 cipere
2435 1482 2683 1549 potuisse
2717 1497 2730 1533 :
2760 1480 2903 1548 quod
2930 1479 3140 1533 semine
3168 1493 3269 1532 suo
3304 1478 3671 1549 imprzrguatos
3696 1487 3766 1531 tu-

2231 1582 2343 1627 tata
2386 1572 2556 1625 fuerit
2591 1580 2766 1626 mater
2795 1570 3022 1639 Sophia,
3057 1579 3112 1624 et
3152 1570 3205 1623 in
3237 1586 3530 1640 supernum
3560 1569 3763 1625 [Eouem

2229 1674 2594 1718 commutatus
2650 1666 2717 1717 ad
2774 1679 2894 1720 sese
2967 1666 3185 1717 tandem
3249 1663 3508 1731 rapuerit.
3564 1661 3762 1727 .Iutlam,

2227 1769 2387 1822 quem
2421 1757 2584 1809 etiam
2615 1754 2830 1809 aﬂiuem
2863 1772 3024 1809 suum
3063 1770 3185 1809 esse
3224 1752 3563 1821 jactitabaut,
3598 1755 3767 1823 cuique

2226 1845 2325 1899 soli
2358 1861 2468 1915 pra:
2504 1846 2722 1899 caeteris
2759 1846 3082 1901 mortalibus
3119 1847 3369 1900 veritatis
3417 1846 3652 1899 notitiam
3695 1852 3766 1897 at-

2228 1931 2561 1998 tribuebaut,
2616 1944 2877 1988 accurate
2930 1933 3113 1988 omnia
3178 1936 3293 1989 haec
3352 1942 3624 2003 perspecta
3683 1934 3766 1987 ha-

2227 2026 2462 2079 buisse:
2502 2026 2860 2093 quamobrem
2900 2026 3105 2081 Virtute
3148 2028 3455 2095 potentiore
3503 2028 3670 2079 divina
3700 2028 3769 2080 in-

2227 2119 2462 2187 stigatus
2506 2118 2787 2172 Christum
2838 2117 3024 2173 Jesum
3082 2119 3341 2187 prodidit,
3386 2119 3500 2174 sive
3541 2119 3694 2188 quod,
3722 2128 3769 2173 ut

2228 2210 2318 2264 alii
2350 2210 2819 2279 blasphemahaut,
2848 2209 3024 2263 malus
3051 2220 3217 2271 esset.
3246 2211 3569 2278 veritatique
3597 2208 3768 2264 bellum

2230 2304 2499 2358 indiceret
2522 2303 2606 2368 8';
2639 2305 2773 2366 sive,
2801 2312 2882 2368 ut,
2909 2302 3366 2372 quemadmodum
3399 2303 3488 2356 alii
3524 2301 3768 2365 volebant,

2228 2395 2389 2449 saluti
2432 2405 2634 2449 nostrae
2675 2396 3010 2458 consuleret,
3038 2406 3091 2448 et
3120 2393 3249 2449 .Iesu
3291 2394 3495 2449 Christi
3533 2375 3770 2449 croceae

2228 2494 2403 2540 morte
2450 2485 2755 2539 caelestium
2804 2502 2984 2539 rerum
3024 2486 3386 2554 cognitionem
3419 2487 3571 2540 nobis
3600 2498 3770 2552 procu-

2227 2587 2401 2631 raret.
2448 2575 2725 2630 Noveraut
2771 2577 2917 2629 enim
2972 2575 3155 2628 mundi
3203 2575 3500 2644 principes,
3546 2574 3589 2627 si
3639 2574 3680 2626 is
3725 2571 3770 2625 in

2226 2682 2443 2722 crucem
2479 2668 2783 2733 tolleretur,
2824 2667 3067 2734 ipsorum
3110 2667 3438 2719 exhaustum
3490 2665 3553 2718 iri
3603 2674 3769 2733 poten-

2227 2761 2357 2815 tiam
2386 2774 2639 2824 omnem;
2671 2772 2842 2828 quare
2877 2757 3086 2812 veritus
3113 2755 3284 2812 Judas
3316 2772 3386 2810 ne
3420 2766 3641 2810 mortem
3671 2754 3772 2824 ejus

2226 2852 2581 2922 impedirent,
2613 2850 2931 2911 maturavit,
2968 2861 3292 2917 omnemque
3344 2848 3573 2915 lapidem
3606 2842 3771 2907 movit,

2227 2953 2287 2998 ut
2315 2958 2439 2997 eum
2468 2940 2678 2996 Judmzs
2706 2940 2965 2993 traderet.
3006 2937 3155 2992 Hanc
3190 2938 3337 2991 enim
3372 2936 3540 2991 fuisse
3582 2948 3772 2989 causam

2226 3038 2419 3091 volunt
2448 3051 2547 3090 cur
2571 3049 2601 3087 e
2631 3031 2772 3087 ccelo
2797 3030 3053 3098 delapsus
3079 3032 3185 3094 sit;
3222 3040 3278 3083 ut
3300 3028 3459 3085 fortis
3488 3030 3538 3082 iu
3568 3030 3674 3096 ipso
3699 3041 3775 3080 so-

2230 3130 2501 3199 lidiorque
2550 3129 2738 3185 Virtus
2788 3129 3167 3199 perficeretur,
3192 3129 3691 3194 ostendereturque,
3718 3136 3773 3175 ac

2231 3226 2298 3281 de
2346 3223 2651 3279 infirmiore
2702 3221 3030 3289 triumphum
3087 3219 3294 3273 referre
3343 3222 3583 3274 doceret.
3627 3216 3775 3270 Exse-

2231 3318 2493 3374 crandum
2528 3325 2677 3370 certe
2706 3313 3062 3382 triumphum,
3100 3311 3153 3364 in
3205 3325 3270 3365 eo
3314 3313 3502 3374 situm,
3532 3319 3587 3363 ut
3627 3323 3776 3363 unus-

2230 3413 2461 3481 quisque
2485 3424 2583 3478 per
2616 3406 2847 3461 nefanda
2889 3406 3072 3459 omnia
3105 3403 3442 3473 flagitiorum
3476 3416 3664 3473 genera
3693 3413 3776 3452 vo-

2230 3504 2420 3559 litaret
2459 3520 2473 3556 :
2517 3501 2790 3555 nemiuem
2839 3501 3037 3567 quippe
3088 3496 3379 3566 perfectam
3419 3495 3776 3565 cognitionem,

2231 3598 2513 3667 ipsamque
2543 3595 2775 3662 proinde
2799 3593 3027 3645 salutem
3053 3591 3282 3659 adipisci
3315 3604 3500 3657 posse,
3540 3586 3634 3640 nisi
3679 3594 3779 3637 ture

2232 3687 2457 3757 pissima
2504 3699 2736 3755 qumque
2782 3692 3042 3751 expertus
3074 3682 3255 3735 fuerit.
3292 3682 3426 3748 Quae
3458 3675 3779 3747 Carpocratis

2232 3780 2570 3848 blasphemia
2619 3776 2741 3830 fuit.
2791 3775 2903 3830 lloc
2958 3791 3124 3829 unum
3175 3775 3472 3840 addebant,
3516 3772 3780 3836 unicuique

2231 3872 2516 3941 ﬂagitiosa:
2547 3872 2747 3925 actioni
2783 3884 3015 3938 praeesse
3041 3868 3305 3938 Angelum
3350 3868 3610 3935 aliquem,
3637 3875 3780 3931 quem

2233 3964 2362 4019 huic
2412 3978 2633 4033 Operam
2680 3964 2875 4016 dantes
2937 3961 3288 4013 invocabant.
3340 3958 3533 4013 Plures
3576 3965 3781 4025 apocry-

2232 4058 2370 4128 phos
2401 4057 2570 4110 libros
2601 4053 3073 4118 conﬂuxerant“,
3118 4064 3176 4106 ut
3225 4050 3579 4120 Evangelium
3622 4046 3779 4108 .lndae,

2233 4150 2595 4204 Anabaticum
2627 4147 2801 4210 Pauli,
2830 4161 2926 4200 seu
2952 4147 3018 4200 de
3044 4144 3418 4212 assumptione
3443 4141 3590 4197 Pauli
3614 4139 3662 4193 in
3686 4146 3782 4190 ter-

2236 4247 2371 4301 tium
2403 4242 2623 4305 caelum,
2656 4248 2710 4294 et
2741 4239 2877 4293 alios
2907 4236 3201 4305 quosdam,
3243 4234 3437 4288 maniis
3472 4246 3525 4287 et
3558 4229 3783 4299 impieta-

2235 4348 2349 4392 tum
2407 4334 2670 4388 monstris
2717 4327 2973 4384 refertos.
3028 4326 3198 4381 Porro
3249 4324 3296 4378 si
3342 4324 3471 4391 quid
3519 4337 3548 4375 a
3591 4316 3786 4374 caeteris

2235 4427 2514 4484 Gnosticis
2546 4424 2914 4492 discreparint
2948 4418 3141 4474 bellum
3172 4419 3307 4483 istae,
3339 4415 3634 4470 discrimen
3662 4411 3708 4463 in
3730 4421 3787 4461 eo

546 4500 787 4601 Gaiano;
824 4500 1025 4597 Fmdam
1060 4500 1626 4604 Carpocratiauorum
1676 4500 1896 4582 vivendi
1961 4500 2126 4579 ra—tio-
2161 4505 2211 4565 Ῑ)
2238 4531 2445 4576 tantum
2483 4520 2601 4585 fuit,
2627 4518 2771 4588 quod
2801 4513 3027 4584 superni
3062 4511 3290 4568 seminis
3313 4512 3525 4578 copiam
3561 4500 3787 4575 reprobi:

550 4652 675 4692 nem
710 4636 955 4688 imitatos
987 4630 1178 4684 fuisse.
1223 4625 1317 4680 Sic
1363 4624 1495 4678 dicti
1540 4623 1783 4684 fuerunt,
1813 4620 1958 4690 quod
2011 4618 2132 4673 Cai-

552 4743 683 4782 num
718 4725 1041 4796 przedicare,
1080 4728 1475 4790 parentemque
1509 4732 1666 4771 suum
1722 4714 2000 4783 appellare
2035 4728 2131 4767 eos

552 4833 660 4874 non
707 4816 982 4886 puduerit.
1032 4811 1315 4880 Duplicetn
1372 4809 1571 4878 quippe
1624 4807 1898 4863 Virtutem
1964 4804 2132 4873 linge-

552 4911 707 4969 bant.
755 4906 916 4960 aliam
982 4904 1345 4975 superiorem,
1400 4914 1566 4969 quam
1623 4898 1910 4965 SOphiam,
1965 4895 2132 4949 aliam

552 5000 873 5056 inferiorem
928 5007 984 5051 et
1018 4997 1409 5067 poSteriorem,
1435 5007 1596 5061 quam
1632 4990 1916 5060 Ὑπέραν,
1952 4984 2145 5056 Hyste-

552 5106 698 5163 ram,
741 5091 1039 5147 vocabant.
1086 5088 1224 5142 lluic
1260 5087 1386 5142 cocti
1427 5095 1482 5143 et
1530 5094 1693 5138 terra:
1724 5081 2153 5137 fabricationem

555 5182 932 5239 ascribebant.
959 5179 1228 5233 Adamum
1254 5187 1386 5236 vero
1416 5188 1579 5246 atque
1614 5175 1783 5229 Evam
1819 5174 1888 5228 ab
1928 5173 1997 5228 iis
2025 5171 2145 5225 Vir-

559 5272 793 5340 tutibus,
853 5273 971 5326 sive
1030 5270 1277 5339 Angelis,
1323 5270 1592 5339 originem
1654 5268 1928 5328 traxisse;
2006 5280 2144 5334 quos

557 5376 751 5420 autem
787 5378 1027 5434 genuere
1062 5364 1282 5424 liberos,
1323 5378 1429 5416 non
1478 5362 1612 5416 item
1642 5360 1711 5414 ⁸⁸.
1765 5359 1903 5413 Nam
1950 5358 2143 5412 ambas

565 5457 804 5512 Virtutes
840 5472 962 5511 cum
1006 5456 1119 5510 Eva
1154 5469 1486 5525 congressas
1521 5454 1753 5508 Cainum
1809 5462 1864 5506 et
1912 5451 2139 5505 Abelem

560 5549 815 5618 genuisse
848 5549 928 5603 sic
960 5546 1327 5631 afﬁrmabant,
1362 5555 1421 5600 ut
1472 5546 1778 5615 superioris
1809 5555 1862 5599 et
1892 5543 2139 5599 fortioris

662 5687 711 5723 ⁸⁸
740 5686 902 5743 lren..
936 5702 987 5738 n.
1022 5684 1105 5737 14.
1182 5682 1227 5712 ⁸³
1256 5660 1479 5749 Epiph.,
1510 5679 1536 5751 ξ
1562 5680 1626 5745 5;
1658 5681 1893 5741 Theod.,
1924 5680 2027 5732 loc.
2060 5678 2146 5731 cit.

662 5771 799 5810 .vttt:
832 5755 1063 5810 Theod..
1094 5754 1186 5807 lib.
1221 5770 1259 5810 ι,
1291 5770 1341 5805 c.
1384 5752 1470 5805 i5.
1560 5752 1606 5781 ⁸³
1638 5751 1853 5810 Epiph.,
1888 5748 1915 5810 §
1946 5749 2001 5802 2.
2102 5748 2146 5779 ⁸⁸

2231 5671 2694 5742 Aug.,ll:er.xvu.
2740 5666 2829 5720 ⁸⁸1

2232 5764 2344 5806 en.,
2380 5760 2434 5796 n.
2464 5743 2525 5807 ις
2558 5737 2839 5810 Ερὶιιιιηδ

2202 5764 2344 5806 rem,
2380 5760 2434 5796 ιι.
2464 5758 2525 5807 1;
2558 5758 2774 5807 Lplpll.,

561 5771 799 5821 xxxvntt;
832 5755 1063 5819 Thcod.,
1094 5754 1186 5807 lib.
1221 5770 1259 5821 ι,
1291 5748 1341 5805 (ὲ.
1368 5748 1489 5821 15.
1514 5748 1529 5751 ’
1560 5752 1606 5781 ⁸⁸
1638 5751 1853 5819 Epiph.,
1888 5748 1915 5819 §
1946 5749 2001 5802 ‘2.

563 5825 804 5897 Theod,
832 5827 935 5881 loc.
967 5827 1057 5882 cit.
1141 5824 1183 5855 ⁸⁷
1216 5820 1439 5894 Epiph.,
1472 5820 1500 5893 §
1529 5821 1592 5887 '5;
1627 5820 1880 5885 'fertull.,
1914 5824 2016 5875 loc.
2053 5820 2147 5874 cit.

2236 4613 2565 4683 quibusdam
2616 4624 2681 4664 ac
2724 4608 2970 4664 scelestis
3005 4604 3319 4661 hominibus
3349 4600 3614 4665 lacerent,
3644 4606 3788 4667 quam

2238 4705 2428 4761 iisdem
2461 4703 2551 4757 alii
2586 4702 2873 4772 negabant.
2906 4698 3012 4753 Sed
3037 4697 3177 4752 idem
3203 4693 3459 4750 omnibus
3485 4692 3791 4747 fundamen-

2242 4807 2357 4851 tum
2403 4796 2612 4852 erroris
2659 4793 2894 4856 exstitit,
2922 4790 3156 4846 salutem
3194 4787 3451 4842 videlicet
3494 4783 3584 4839 tini
3626 4779 3789 4836 divino

2241 4890 2460 4954 semini,
2486 4903 2581 4945 seu
2638 4902 2820 4941 rerum
2877 4884 3181 4941 caelestium
3237 4882 3482 4937 scientiae
3535 4880 3788 4943 acceptam

2242 4982 2584 5038 referendam
2612 4992 2734 5034 esse
2754 5018 2771 5044 ,
2805 4975 3107 5044 mundique
3133 4973 3471 5029 conditorem
3498 4987 3527 5025 a
3558 4973 3791 5037 supremo

2242 5076 2359 5130 Deo
2399 5075 2673 5130 diversum
2704 5085 2857 5135 esse;
2896 5069 3128 5125 alterum
3160 5069 3363 5123 bonum
3405 5078 3549 5129 esse,
3582 5059 3790 5115 alterum

2240 5167 2491 5222 malum:
2549 5163 2710 5232 hujus
2745 5160 3115 5217 conculcanda
3168 5172 3370 5230 opera,
3427 5152 3794 5216 violandasquc

2241 5258 2388 5329 leges
2416 5277 2430 5326 ;
2462 5258 2606 5312 illius
2641 5252 3064 5325 comparandam
3095 5252 3367 5306 notitiam.

2316 5352 2441 5406 l58.
2485 5349 2610 5404 llaec
2645 5357 2771 5402 sunt
2799 5360 2923 5416 quae
2957 5346 3022 5399 de
3053 5344 3354 5398 hazresibus
3391 5341 3459 5395 ab
3491 5338 3690 5392 Irenaeo
3720 5342 3795 5382 reo

2247 5443 2480 5499 censitis
2535 5439 2765 5495 dicenda
2829 5444 3007 5492 erant.
3051 5435 3158 5489 Eas
3211 5449 3310 5505 pro
3371 5429 3585 5486 modqu
3626 5428 3795 5478 nostro

2247 5536 2546 5608 explicare,
2566 5535 2901 5601 densamque
2942 5530 3011 5585 iis
3042 5525 3272 5584 offusam
3293 5523 3576 5593 caliginem
3609 5508 3794 5581 dispel-

2408 5671 2694 5725 HmLXVll.
2740 5666 2786 5699 ⁸⁸
2816 5667 2983 5724 lren..
3017 5662 3112 5717 lib.
3145 5677 3183 5725 ι,
3216 5677 3266 5715 c.
3292 5660 3353 5714 5t
3376 5676 3390 5725 ;
3416 5653 3630 5724 Epiph.,
3667 5644 3795 5725 Ηεῐξξ·

2872 5714 3213 5799 ῙἾξ-Τὲῖιιιιίιί,
3250 5731 3323 5785 De
3361 5714 3597 5800 priusch
3632 5734 3676 5771 c.
3705 5714 3797 5774 47;

2193 5881 2209 5887 Α
2231 5816 2276 5847 ⁸⁸
2308 5803 2474 5879 irem,
2509 5803 2563 5868 it.
2595 5803 2740 5878 5,33;
2773 5803 2990 5879 Epiphd
3021 5803 3131 5876 §2.
