3954 6352
242 445 342 498 175

874 441 1331 497 DISSERTATIO
1368 440 1429 506 ll,
1471 441 1630 496 ΛΒΤ.
1670 440 1709 501 l.
1752 439 1840 492 DE
1875 438 1935 494 S.
1971 435 2228 491 IRENEI
2265 433 2427 490 VITA
2460 435 2546 489 ET
2582 429 2848 490 GESTIS.

3383 429 3482 481 ΓΗ

237 569 350 621 lere
380 566 561 620 conati
606 581 824 630 sumus,
854 565 1003 635 ipsas
1044 565 1111 618 ad
1159 565 1425 632 genuinos
1454 562 1654 628 fontes,
1688 561 1812 614 Pla-
1843 577 1892 633 Α
1919 561 2151 631 pessime
2177 559 2432 614 vestitum
2460 558 2614 612 nobis
2643 564 2889 617 constat;
2918 552 3054 606 forte
3078 559 3131 605 et
3166 549 3308 613 aliis.
3336 550 3382 605 si
3407 551 3475 604 ad

236 660 419 711 tonica
471 658 734 711 nimirum
786 657 1261 727 philosophemata
1313 655 1639 710 revocando.
1691 653 1813 708 Ple-

234 766 436 818 rasque
480 750 876 806 Gnosticorum
919 749 1154 813 fabulas,
1197 765 1318 817 qua:
1361 750 1628 804 hactenus
1661 748 1813 801 inex-

234 842 518 897 tricabiles
570 843 703 897 visa:
757 853 905 909 sunt,
940 859 1135 912 purum
1183 852 1480 911 putumque
1537 840 1808 894 Platonis-

236 949 381 985 mum
416 949 564 997 esse,
591 933 789 988 laceris
821 949 883 987 ac
911 933 1055 988 {cede
1097 934 1363 988 mutilatis
1397 933 1810 1001 Scripturarum

236 1028 573 1095 tegumentis
649 1026 1087 1096 Christianaeque
1137 1027 1416 1095 religionis
1467 1025 1814 1095 dogmatibus

1920 655 2188 707 hactenus
2239 653 2380 706 dicta
2430 652 2713 704 attendere
2761 646 2966 714 dignati
3003 643 3224 710 iuerint,
3257 658 3487 712 remque

1918 745 2156 814 penitius
2187 744 2363 797 adhuc
2392 743 2743 811 investigare,
2770 737 3066 793 constabit.
3114 735 3297 806 Neque
3338 736 3484 790 enim

1919 837 2082 890 latius
2113 846 2172 890 ut
2195 836 2245 889 in
2269 851 2335 890 eo
2357 849 2546 902 campo
2573 831 2943 900 exspatiemur
2975 831 3161 882 sinunt
3182 827 3485 896 praescripti

1916 930 2074 982 nobis
2110 929 2354 992 limites;
2389 927 2776 988 voluissemus,
2810 923 2854 977 si
2895 921 3164 983 licuisset,
3193 919 3355 988 paulo
3388 917 3486 971 mi-

1916 1037 2018 1076 nus
2044 1021 2366 1089 exspatiari.

369 1195 3420 1224 ________________________________________

981 1399 1380 1512 DISSE
1404 1399 1937 1512 RTATIO
2037 1396 2284 1509 SEC
2308 1397 2486 1510 ΗΝ
2507 1395 2736 1506 DA.

310 1622 408 1684 De
434 1620 644 1687 sancti
676 1619 898 1684 lrenaai
935 1621 1062 1683 vita
1092 1627 1153 1682 et
1189 1621 1382 1682 rebus
1416 1617 1646 1698 gestis;
1685 1618 1762 1678 de
1796 1619 1938 1696 ejus
1976 1615 2156 1678 libris
2189 1616 2481 1697 quinque
2511 1616 2820 1676 adversus
2852 1614 3132 1675 haereses
3162 1617 3222 1671 et
3261 1607 3406 1670 aliis

1533 1722 1788 1802 scriptis
1817 1722 2191 1799 deperditis.

1233 2059 1907 2152 ARTICULUS
1981 2057 2472 2144 PRIMUS.

1067 2257 1348 2320 SANCTI
1409 2253 1703 2316 iRE‘N/El
1751 2252 1943 2312 VlTA
1999 2250 2101 2310 ΕΤ
2161 2249 2304 2308 RES
2349 2247 2649 2308 GEST/E.

331 2612 628 2686 Lxxvuj

303 2614 628 2689 [LXXVIL]
711 2614 844 2679 Quae
895 2614 1062 2666 fuerit
1133 2614 1322 2666 lrenzei
1393 2614 1590 2680 patria,
1665 2614 1809 2679 quod

242 2723 439 2777 genus,
469 2719 654 2776 quove
689 2717 835 2757 anno
865 2703 917 2756 in
964 2701 1139 2756 lucem
1169 2703 1371 2766 editus,
1421 2700 1615 2755 nullibi
1665 2699 1809 2768 apud

231 2812 472 2866 veteres,
521 2815 760 2870 quorum
791 2808 1009 2854 exstant
1043 2811 1232 2865 opera,
1282 2797 1542 2863 scriptum
1588 2795 1811 2865 legitur.

232 2893 287 2947 ιιι
316 2907 500 2949 tamen
526 2903 741 2947 certum
765 2892 1003 2956 videtur,
1034 2888 1284 2944 Graecum
1319 2888 1596 2942 exstitisse
1623 2905 1636 2950 ;
1667 2889 1813 2957 quod

237 2989 411 3058 ipsum
467 3000 674 3038 nomen
723 2982 882 3052 plane
925 2981 1218 3045 Graecum,
1271 2989 1326 3034 et
1377 2979 1496 3047 ejus
1540 2980 1817 3034 institutio

235 3075 451 3130 suadet.
501 3074 708 3127 Narrat
763 3071 910 3125 enim
964 3071 1048 3122 vir
1085 3079 1310 3123 sanctus
1345 3069 1395 3122 in
1446 3070 1680 3138 epistola
1746 3071 1814 3123 ad

234 3169 542 3229 Florinum,
587 3165 744 3233 cujus
797 3166 1169 3234 fragmentum
1204 3163 1400 3217 recitat
1453 3163 1722 3218 Eusebius
1745 3164 1815 3227 ⁸³,

237 3279 292 3317 se
319 3278 544 3330 puerum
574 3261 774 3322 adhuc,
817 3262 943 3322 παῖς
986 3257 1060 3311 ὢν
1094 3258 1195 3322 ἔτι,
1230 3257 1336 3321 vel,
1371 3266 1430 3310 ttt
1482 3257 1727 3324 loquitur
1762 3258 1814 3310 itt

235 3368 398 3419 opere
433 3354 702 3404 adversus
739 3349 1071 3414 Hmreses”,
1109 3351 1162 3402 in
1203 3349 1372 3416 prima
1409 3364 1509 3401 sua
1541 3358 1714 3412 wtate,
1757 3350 1815 3400 ἐν

235 3445 298 3513 τῇ
348 3442 546 3514 πρώτῃ
582 3441 740 3512 ἡμῶν
795 3441 1001 3511 ἡλικίᾳ,
1056 3438 1424 3508 Polycarpum
1468 3436 1582 3504 jam
1662 3438 1819 3491 valde

237 3549 446 3599 senem,
509 3533 654 3585 πάνυ
689 3531 979 3602 γηραλέον,
1017 3529 1278 3591 audiisse,
1325 3536 1378 3582 et
1412 3528 1480 3582 ab
1530 3543 1595 3581 eo
1627 3528 1819 3597 primis

247 3625 584 3680 Christianae
618 3623 910 3691 religionis
979 3621 1268 3690 praeceptis
1315 3618 1582 3673 imbutum
1625 3619 1818 3673 fuisse.

243 3718 374 3784 Quin
429 3715 768 3786 Polycarpus
824 3724 952 3768 tunc
1003 3712 1274 3782 Smyrnae,
1333 3709 1488 3776 cujus
1527 3711 1820 3779 episcopus

241 3818 376 3875 erat,
415 3815 631 3876 ageret,
663 3805 901 3860 dubitari
939 3819 1045 3857 non
1079 3812 1281 3872 potest,
1309 3803 1650 3870 innuereque
1675 3803 1818 3856 vide-

244 3909 327 3950 tur
367 3898 609 3951 lrenaeus
646 3896 767 3948 loco
802 3894 1054 3962 proxime
1099 3896 1292 3947 citato.
1350 3893 1429 3946 Ex
1463 3907 1573 3961 quo
1613 3893 1818 3945 inferre

246 3990 382 4050 licet.
421 3990 570 4042 hunc
613 4002 720 4039 non
754 3984 944 4054 procul
979 3989 1046 4038 ab
1094 3999 1156 4038 ea
1189 3983 1343 4049 urbe,
1394 3998 1456 4036 ac
1491 3981 1723 4050 proinde
1755 3983 1814 4034 ὲν
1844 3963 1886 4020 C

335 4079 490 4130 κάτω
531 4076 712 4145 Ἀσίᾳ,
742 4076 794 4126 in
826 4074 1079 4143 inferiore
1103 4074 1255 4132 Asia.
1296 4082 1354 4126 ut
1412 4073 1574 4125 habet
1620 4072 1673 4125 in
1702 4073 1816 4139 epi-

245 4169 371 4221 stola
405 4169 653 4227 laudata,
679 4174 858 4218 ortum
888 4164 1182 4232 accepisse.
1207 4161 1392 4216 Fidem
1415 4163 1616 4230 quippe
1649 4176 1813 4230 supe—

245 4271 337 4326 rat,
377 4273 586 4314 tenera:
637 4259 816 4311 aetatis
846 4272 1074 4326 puerum
1103 4272 1132 4311 e
1157 4257 1469 4326 longinquis
1503 4255 1816 4323 regionibus

244 4354 361 4407 illuc
398 4353 629 4406 missum
672 4351 863 4404 fuisse.
900 4349 1016 4402 Non
1065 4359 1246 4402 tamen
1286 4349 1422 4403 adeo
1450 4358 1648 4403 tenera:
1681 4357 1817 4400 aeta-

243 4445 305 4496 tis
330 4459 466 4510 puer
509 4442 612 4494 fuit
644 4440 900 4502 lretneus,
929 4441 1061 4509 quin
1112 4438 1478 4509 Polycarpum
1537 4439 1816 4502 Studiose,

241 4543 293 4585 ut
326 4535 444 4600 ipse
494 4531 717 4592 scribit,
749 4530 1010 4593 audierit,
1068 4539 1121 4583 et
1159 4545 1220 4583 ea
1255 4545 1376 4598 quin
1413 4530 1480 4584 ab
1517 4530 1611 4583 illo
1656 4529 1816 4584 doceo

242 4627 436 4678 bantur
462 4626 575 4677 alte
611 4624 662 4675 in
700 4623 866 4676 corde
901 4636 998 4674 suo
1029 4623 1456 4692 consignaverit,
1491 4637 1817 4692 semperque

242 4717 482 4771 studiosa
540 4722 728 4768 mente
788 4713 1101 4768 revolverit.
1136 4715 1179 4747 θί
1221 4717 1408 4769 Annos
1453 4715 1644 4786 itaque
1697 4715 1816 4784 plus

241 4810 412 4863 minus
447 4807 740 4861 duodecim
769 4815 930 4860 natus
966 4815 1095 4861 tunc
1123 4807 1288 4860 fuerit
1321 4822 1544 4861 necesse
1575 4817 1698 4863 est:
1727 4809 1817 4860 vix

241 4905 376 4958 enim
405 4905 463 4957 in
494 4901 794 4963 duodenni,
824 4910 920 4954 aut
944 4901 1175 4956 decenni
1215 4902 1481 4958 minorem
1517 4917 1640 4957 mox
1666 4902 1814 4957 dicta

242 4996 522 5048 caderent.
560 4991 671 5047 Sed
699 4993 844 5046 absit
874 5001 928 5045 ut
953 5007 1074 5046 cum
1105 4990 1172 5045 cl.
1205 4991 1479 5048 Dodwello
1501 4993 1547 5026 ”
1573 4994 1815 5058 credam,

239 5087 561 5139 vicesimum
598 5098 803 5137 annum
832 5091 964 5137 tum:
1015 5098 1144 5138 eum
1185 5084 1510 5151 excessisse,
1546 5100 1611 5139 ac
1653 5086 1817 5138 trice-

242 5179 373 5232 simo
423 5175 736 5246 proximum
787 5173 981 5239 fuisse,
1017 5190 1137 5228 cum
1181 5173 1542 5246 Polycarpum
1577 5176 1816 5231 audiret.

711 2611 844 2679 Quae
895 2609 1062 2666 fuerit
1132 2610 1322 2666 lrenzei
1393 2611 1590 2680 patria,
1665 2608 1810 2679 quod
1843 2606 2195 2675 Bproximos
2242 2605 2536 2675 juvenibus
2596 2602 2785 2666 faciat,
2842 2604 3050 2658 medios
3105 2604 3250 2659 inter
3305 2607 3404 2664 hos
3438 2623 3492 2665 et

1915 2696 2171 2764 parvulos
2216 2713 2228 2747 :
2279 2695 2582 2763 juventutis
2638 2710 2768 2749 vero
2819 2697 3231 2767 sencctutisque
3288 2701 3498 2757 limites

1916 2790 1988 2843 ita
2039 2789 2285 2852 deﬁniat,
2344 2797 2467 2842 uta
2507 2787 2806 2842 tricenario
2855 2788 3192 2856 juventutcm
3252 2792 3492 2856 inchoet.

1917 2883 2284 2950 cxtendatque
2338 2883 2410 2936 ad
2445 2880 2942 2950 quadragenarium
2970 2898 2984 2945 ;
3013 2897 3041 2934 a
3077 2883 3498 2955 quadragesimo

1917 2986 2097 3029 autem
2128 2985 2180 3029 et
2215 2977 2667 3044 quinquagesimo
2708 2989 2851 3028 anno
2886 2974 3162 3030 declinare
3219 2979 3364 3030 dicat
3401 2981 3498 3032 ho-

1917 3068 2118 3122 minem
2167 3069 2216 3120 in
2267 3068 2537 3120 seniorem
2584 3075 2820 3121 aetatem.
2857 3067 3048 3121 Palam
3099 3079 3181 3122 est
3214 3071 3358 3123 enim
3423 3073 3493 3125 ibi

1913 3161 2255 3227 juventutem
2292 3173 2388 3227 pro
2423 3157 2564 3211 virili
2617 3167 2780 3212 actate
2835 3161 3032 3226 accipi,
3088 3170 3277 3227 utpote
3331 3180 3492 3231 quant

1921 3251 2168 3321 proxime
2200 3259 2455 3304 senectus
2490 3248 2748 3316 excipiat.
2779 3249 2933 3314 Quod
2964 3264 3094 3302 vero
3120 3267 3316 3318 pueros
3344 3254 3498 3320 juve-

1921 3343 2105 3405 nibus,
2144 3341 2366 3394 omissis
2403 3338 2862 3402 adolescentibus,
2918 3339 3233 3395 immediate
3283 3358 3498 3413 praepo-

1922 3445 2034 3495 nat,
2071 3433 2204 3487 nihil
2241 3441 2343 3486 cst.
2389 3430 2593 3485 lrenzeo
2629 3433 2842 3485 anlmus
2892 3447 2998 3485 non
3050 3432 3152 3486 fuit
3202 3434 3272 3488 ibi
3306 3451 3498 3491 omnes

1923 3523 2204 3576 hominum
2267 3531 2462 3576 aetates
2510 3519 2788 3589 sigillatim
2839 3535 3152 3586 recensere,
3198 3535 3252 3578 et
3304 3539 3497 3580 exacte

1922 3615 2190 3668 delinire:
2233 3616 2466 3683 probare
2516 3615 2652 3667 satis
2697 3628 2796 3682 pro
2837 3614 3094 3667 instituto
3138 3617 3262 3682 fuit,
3335 3618 3498 3672 Chri-

1923 3717 2063 3760 stum
2083 3707 2434 3759 sanctitatem
2457 3705 2712 3759 omnibus
2729 3705 3003 3769 aetatibus,
3034 3706 3278 3774 singulas
3301 3707 3496 3764 decur-

1922 3800 2112 3864 rendo,
2153 3797 2471 3860 contulisse,
2535 3806 2596 3849 ut
2636 3797 2762 3851 inde
2806 3797 3105 3852 conﬁceret
3141 3799 3258 3868 (qui
3298 3816 3498 3870 secpus

1923 3889 2044 3959 fuit)
2095 3900 2150 3944 et
2188 3891 2258 3943 ad
2293 3889 2521 3943 senilem
2555 3898 2770 3942 wtatem
2812 3890 3154 3958 pervenisse,
3179 3905 3241 3945 ac
3272 3893 3500 3959 proinde

1921 3982 2392 4052 quadragesimum
2418 3995 2621 4033 annum
2649 3981 2976 4035 excessisse.
3002 3980 3140 4036 Hinc
3174 3987 3498 4040 memoratis

1919 4073 2246 4136 infantibus,
2299 4069 2560 4142 parvulis,
2595 4071 2808 4138 pueris,
2850 4072 3150 4138 juvenibus
3200 4085 3256 4128 et
3313 4078 3500 4131 senio-

1921 4169 2092 4232 ribus,
2131 4165 2315 4220 subdit
2349 4181 2363 4219 :
2391 4162 2518 4217 Ideo
2545 4180 2638 4231 per
2661 4180 2861 4216 omnem
2887 4166 3026 4218 venit
3053 4176 3285 4230 (etatem,
3317 4179 3365 4222 et
3411 4172 3494 4224 inc

1920 4260 2150 4331 fantibus
2177 4258 2354 4326 infans
2384 4257 2578 4324 factus,
2609 4259 2945 4325 sanctiﬁcans
2979 4258 3211 4327 infantes
3237 4276 3258 4324 ,'
3289 4262 3341 4314 in
3366 4280 3492 4330 par-

1919 4351 2054 4406 vulis
2089 4350 2359 4419 parvulus,
2385 4348 2718 4415 sanctiﬁcata
2741 4349 2878 4401 hanc
2906 4350 3073 4416 ipsum
3100 4351 3345 4404 habentes
3367 4364 3495 4405 αλια·

1921 4456 2113 4500 ιεηι....
2168 4445 2223 4496 in
2262 4443 2543 4512 juvenibus
2577 4442 2810 4509 juvenis,
2859 4441 3160 4507 exemplum
3212 4445 3494 4510 juvenibus

1918 4536 2070 4604 ﬂens,
2099 4544 2150 4588 et
2182 4534 2518 4600 sancti/iecur
2553 4532 2802 4587 Domino.
2838 4529 2927 4586 Sic
2956 4543 3002 4585 et
3036 4533 3211 4586 senior
3238 4535 3294 4586 in
3324 4536 3495 4588 senio—

1925 4629 2102 4690 ribus,
2138 4637 2245 4683 etc.
2299 4625 2399 4680 Ubi
2457 4639 2655 4694 pueros
2706 4633 2836 4678 ante
2889 4633 3217 4679 memoratos
3268 4624 3494 4692 omittit,

1920 4721 2065 4790 quod
2122 4735 2152 4774 a
2205 4719 2447 4788 parvulis
2481 4718 2904 4787 haudquaquam
2949 4717 3386 4786 distinguantur.
3423 4719 3497 4773 At

1921 4813 2176 4880 quamvis
2211 4825 2412 4876 pueros
2441 4810 2529 4865 hic
2561 4824 2661 4878 pro
2705 4808 3143 4864 adolescentibus
3191 4810 3496 4879 accepisset

1918 4903 2179 4968 lrenmus,
2214 4901 2357 4971 quod
2387 4899 2651 4970 paradoxi
2675 4913 2850 4968 genus
2882 4898 3020 4954 nulli
3065 4899 3248 4954 sobrio
3269 4915 3496 4970 persua-

1920 4997 2068 5052 debit
2102 5011 2340 5064 unquam
2372 4994 2705 5060 Dodwellus,
2739 5001 2889 5048 certe
2926 4992 3056 5048 hinc
3085 4993 3339 5048 concludi
3383 5009 3491 5049 non

1919 5095 2124 5157 posset,
2160 5102 2281 5140 eum
2327 5086 2591 5141 vicesimo
2637 5085 2904 5156 majorem
2937 5086 3132 5149 fuisse,
3159 5100 3284 5140 cum
3328 5085 3493 5155 Poly-

1921 5194 2145 5250 carpum
2192 5179 2410 5234 audiret
2463 5191 2692 5247 :neque
2723 5179 2870 5232 enim
2900 5192 3128 5246 puerum
3178 5185 3387 5233 tantum
3435 5194 3496 5232 se

243 5267 487 5322 Monstro
524 5279 758 5334 prorsus
793 5263 992 5329 simile,
1026 5280 1248 5333 puerum
1284 5272 1334 5318 et
1366 5265 1422 5318 in
1459 5265 1629 5334 prima
1661 5275 1816 5319 (elate
1848 5301 1892 5354 Β
1925 5279 2053 5324 tunc
2107 5268 2384 5323 exstitisse
2431 5267 2592 5334 dicit,
2631 5269 2728 5323 sed
2777 5270 2834 5322 in
2877 5268 3049 5337 prima
3097 5277 3277 5332 atate,
3327 5268 3389 5321 ἐν
3425 5271 3490 5338 τῇ

243 5374 356 5413 eum
385 5360 515 5426 dici,
553 5359 647 5428 qui
684 5359 1003 5412 vicesimum
1029 5359 1278 5425 quintum
1310 5373 1516 5411 annum
1540 5358 1810 5428 attigerit.

243 5451 344 5508 Nec
381 5450 725 5506 Dodwellum
775 5449 949 5516 juvat,
984 5450 1127 5518 quod
1175 5445 1412 5504 [renatus
1449 5447 1494 5482 ⁸³
1529 5449 1812 5503 hominum

245 5553 425 5598 rtates
453 5557 817 5606 enumerans,
853 5540 1166 5605 infantium,
1212 5540 1586 5609 parvulorum,
1613 5554 1812 5610 puero-

248 5653 384 5702 rum,
407 5637 682 5706 juvenum
724 5643 779 5689 et
813 5634 1095 5690 seniorum
1130 5635 1469 5699 meminerit,
1505 5649 1812 5704 puerosque

307 5821 350 5854 ι’
376 5819 498 5875 Lib.
531 5835 587 5880 ν,
616 5833 670 5873 c.
697 5816 791 5873 20.
858 5817 903 5848 ’°
934 5815 994 5871 L.
1029 5832 1114 5882 ιιι,
1146 5833 1191 5871 c.
1225 5819 1277 5884 3,
1311 5833 1362 5872 n.
1397 5819 1448 5874 ι.

251 5890 333 5944 lib.
365 5907 425 5953 ll,
458 5907 508 5945 ς.
534 5890 629 5955 22,
664 5905 718 5942 n.
749 5889 805 5942 4.

1526 5819 1566 5849 ⁹¹
1606 5816 1658 5870 lu
1691 5817 1849 5884 epist.
1885 5817 1947 5871 ad
1987 5818 2132 5874 Flor.

1921 5359 2113 5433 πρώτῃ
2139 5360 2297 5431 ἡμῶν
2325 5361 2533 5432 ἡλικίᾳ.
2595 5359 2734 5427 Quis
2765 5375 2896 5415 vero
2924 5359 3066 5415 ferat
3109 5361 3336 5430 primam
3361 5371 3492 5414 aeta-

1917 5464 2026 5508 tem
2055 5468 2226 5523 usque
2257 5455 2324 5506 ad
2355 5467 2556 5507 annum
2604 5453 2926 5508 vicesimum
2956 5451 3207 5522 quintum
3233 5451 3495 5506 extendi?

1918 5545 1975 5600 Si
2011 5554 2215 5598 tantum
2242 5553 2404 5599 aetate
2427 5544 2786 5611 processisset
2811 5544 3070 5608 lrenaaus,
3096 5557 3202 5598 non
3235 5551 3320 5597 est
3344 5545 3489 5613 quod

1916 5636 2291 5691 commentitia
2335 5634 2613 5691 Dodwello
2665 5636 2962 5691 videantur
3010 5636 3195 5690 omnia
3252 5651 3375 5705 quae
3427 5641 3493 5690 de

2209 5819 2251 5851 θ’
2288 5819 2429 5875 Diss.
2460 5818 2516 5883 3,
2545 5817 2600 5872 in
2632 5815 2847 5884 lren.,§
2879 5810 2911 5866 6
2941 5822 2995 5866 et
3023 5826 3175 5880 seqq.
3252 5812 3297 5843 ”
3328 5813 3490 5872 lron..
