3954 6352
469 462 574 518 175

464 581 652 642 1ηηωί
687 577 1095 651 presbyteratu,
1130 570 1447 632 diaconatu,

465 648 719 731 oﬁiciisa
761 670 1067 739 Polycarpo
1120 659 1385 729 acceptis,
1437 655 1659 711 tradidit
1712 648 2034 706 ilalloixius.

469 770 802 828 Pucrumne,
848 738 1026 828 inquit
1067 754 1178 821 ille,
1233 750 1592 824 Polycarpus,
1641 752 1697 798 et
1749 742 1801 794 in
1858 738 2036 809 prima

469 866 632 914 aetate
658 853 1043 913 constitutum,
1075 845 1140 899 ad
1169 842 1605 913 presbyteratum
1657 844 1829 901 usque
1861 828 2039 882 fuerat

469 946 787 1005 evecturus?
811 945 925 1000 Non
958 947 1128 996 certe.
1157 935 1264 990 Sed
1303 934 1349 986 si
1379 946 1508 998 puer
1542 928 1634 981 ille
1689 935 1894 978 annum
1925 932 2035 972 xxv

472 1043 647 1098 aetatis
686 1039 975 1110 attigisset,
1010 1035 1078 1087 ad
1112 1031 1462 1086 diaconatum
1490 1020 1682 1076 saltem
1730 1011 1890 1070 evehi
1940 1025 2040 1081 p0-

477 1134 690 1189 tuisset.

543 1220 600 1276 2.
639 1216 868 1273 Constat
908 1213 1092 1281 itaque
1153 1205 1415 1261 lreuazum
1466 1213 1578 1255 tum
1625 1210 1747 1251 cum
1784 1191 2044 1262 Polycar-

476 1326 601 1381 pum
634 1307 865 1369 audiret,
903 1300 1177 1359 duodenni
1204 1298 1463 1367 majorem
1486 1308 1607 1348 esse
1630 1304 1738 1344 non
1767 1284 2039 1357 potuisse.

477 1378 609 1459 Cum
658 1414 793 1454 vero
842 1397 1170 1467 Polycarpus
1211 1391 1323 1459 jam
1369 1397 1497 1442 tunc
1553 1386 1693 1439 πάνυ
1746 1378 2039 1453 γηραλέος,

478 1494 633 1548 valde
666 1507 826 1548 senex
854 1498 1035 1553 esset,
1081 1502 1145 1541 ac
1189 1484 1417 1553 proinde
1473 1477 1737 1549 martyrio
1792 1472 2040 1545 propior,

482 1585 687 1641 diutius
720 1584 821 1639 sub
862 1580 1000 1635 tanti
1052 1575 1297 1648 magistri
1351 1569 1633 1641 disciplina
1669 1563 1875 1620 versari
1926 1574 2039 1615 non

480 1678 703 1748 potuit:
752 1675 800 1730 is
848 1674 1049 1744 quippe
1100 1667 1339 1739 gloriosa
1392 1670 1566 1718 morte
1618 1659 1782 1713 vitam
1834 1654 2045 1710 [iniisse

482 1772 726 1828 creditur
776 1782 921 1823 anno
975 1764 1181 1819 Christi
1239 1758 1362 1815 166.
1399 1757 1515 1812 Non
1562 1750 1757 1825 procul
1810 1749 1978 1819 igitur
2014 1760 2045 1799 a

485 1878 616 1921 vero
644 1859 1111 1918 aberraverimus,
1162 1854 1205 1909 si
1255 1862 1440 1906 natum
1493 1848 1756 1902 Irenaeum
1798 1842 2046 1897 dicamus

486 1970 630 2010 anno
652 1952 871 2008 circiter
900 1948 1025 2013 140,
1054 1947 1157 2001 sub
1178 1940 1441 1998 Antonini
1472 1938 1556 1993 Pii
1603 1934 1819 2005 imperii
1870 1932 2046 1985 initia.

486 2049 624 2103 Tom
644 2043 897 2101 vicenuio
930 2041 1091 2096 citius
1121 2044 1308 2092 natum
1349 2032 1540 2087 volunt
1577 2027 1692 2089 alii,
1722 2040 1785 2079 ac
1832 2023 1888 2076 in
1931 2021 2050 2090 pri-

488 2141 593 2194 mis
612 2132 963 2192 ddctissimus
986 2124 1370 2183 Tillemoutius
1390 2122 1438 2152 οδ
1471 2136 1484 2171 :
1519 2115 1610 2170 sed
1637 2126 1833 2167 vereor
1866 2118 1927 2163 ut
1950 2108 2053 2163 Po-

487 2232 737 2302 lycarpus
764 2240 905 2279 anno
946 2220 1168 2277 circiter
1214 2211 1344 2276 1'52,
1401 2223 1509 2279 quo
1554 2206 1822 2261 Irenaeum
1856 2203 2055 2257 docere

489 2322 782 2384 debuisset,
812 2314 970 2369 valde
994 2323 1163 2364 senex
1199 2304 1305 2359 dici
1329 2300 1590 2372 potuerit;
1618 2312 1778 2368 quem
1814 2310 1922 2348 non
1952 2292 2056 2347 nisi

492 2423 615 2485 post
644 2419 877 2481 quatuor
906 2412 960 2458 et
998 2400 1222 2469 triginta
1250 2393 1451 2448 abhinc
1478 2404 1651 2445 annos
1682 2384 1884 2442 obiisse
1921 2383 2059 2438 fate-

494 2475 582 2559 tur
613 2475 727 2573 ipse
760 2500 843 2553 vir
894 2492 1253 2549 clarissimus.
1309 2483 1464 2550 Quod
1514 2495 1545 2534 a
1597 2475 1813 2532 fortiori
1861 2482 2055 2527 contra

494 2564 827 2654 Dodvvellum
847 2590 893 2620 ³⁵
941 2584 1165 2647 militat,
1202 2578 1295 2650 qui
1327 2585 1509 2632 ortum
1547 2569 1738 2625 Irenmi
1794 2566 1896 2622 sub
1927 2564 2063 2618 Tra-

489 2694 619 2759 jano
644 2680 1021 2741 collocandum
1045 2682 1254 2738 censet,
1283 2678 1338 2725 et
1361 2668 1578 2737 quidem
1606 2662 1756 2718 illum
1787 2675 1815 2713 a
1840 2657 2063 2725 Trajani

498 2746 654 2837 initio
679 2777 917 2831 fortasse
951 2764 1329 2838 repetendum.
1362 2759 1515 2827 Quod
1546 2758 1590 2812 si
1616 2768 1804 2809 verum
1838 2750 1930 2814 sit,
1962 2746 2067 2801 Po-

496 2876 778 2945 lycarpum
807 2860 1047 2917 audierit
1093 2856 1334 2910 lrcnzeus
1382 2864 1526 2904 anno
1546 2846 1664 2917 plus
1709 2844 1890 2899 minus
1941 2837 2065 2902 £25,

496 2930 829 3036 quod-ultro
870 2955 1077 3010 fatetur
1111 2947 1195 3002 vir
1240 2944 1313 3000 cl.
1361 2940 1467 2997 Sed
1516 2938 1680 3003 futili,
1736 2935 1877 2990 inter
1933 2930 2067 2985 alias

498 3027 782 3131 plurimas,
819 3050 1013 3105 nititur
1044 3040 1365 3111 conjectura
1394 3051 1412 3093 :
1443 3033 1588 3104 quod
1614 3044 1808 3100 nempe
1830 3027 2071 3080 lrenaaus

491 3115 568 3228 :ad
596 3147 873 3202 Florinum
908 3139 1176 3199 scribens,
1210 3129 1419 3185 vidisse
1450 3139 1509 3180 se
1553 3139 1676 3179 eum
1705 3124 1983 3175 asseveret
2016 3115 2069 3169 in

503 3215 765 3303 inferiore
785 3240 914 3294 Asia
946 3232 1087 3306 apud
1114 3228 1505 3299 'Polycarpum,
1538 3230 1663 3273 cum
1694 3215 2074 3306 inqimperato—
2099 3223 2144 3284 ε

506 3300 733 3394 ria'aula
769 3300 1054 3402 splendide
1099 3329 1305 3393 ageret,
1353 3309 1619 3384 λαμπρῶς
1665 3304 1977 3377 πράττοντα
2001 3300 2067 3402 ἓν

604 3392 857 3505 βασιλωξῇ
891 3421 1048 3491 αὐλῇ.
1232 3427 1341 3481 quo
1389 3414 1733 3471 consequens
1799 3392 2074 3452 Dodwello

506 3488 745 3587 videtur,
775 3488 1026 3573 adfuisse
1047 3510 1239 3566 eodem
1273 3512 1537 3568 tempore,
1572 3507 1680 3564 quo
1714 3488 2076 3587 Polycarpum

511 3619 720 3675 audivit
747 3612 985 3668 Irenznus
1027 3615 1183 3673 puer,
1239 3597 1292 3651 itt
1326 3592 1459 3648 Asia
1497 3579 1868 3659 proconsulari
1916 3578 2080 3644 impe-

514 3722 774 3769 ratorem,
823 3705 878 3758 in
928 3698 1087 3769 cujus
1129 3691 1249 3747 aula
1284 3692 1535 3742 versatus
1588 3676 1752 3734 fuerit
1784 3672 2075 3733 Florinus;

511 3820 618 3862 non
648 3800 814 3856 alium
844 3802 994 3850 certe
1025 3802 1190 3860 quam
1216 3783 1543 3841 Adriauum,
1573 3773 1667 3845 qui
1703 3771 1849 3825 circa
1878 3776 2080 3818 annum

516 3898 621 3953 ΜΞ).
670 3895 724 3948 in
761 3891 944 3946 Asiam
999 3853 1283 3956 profectus
1327 3884 1430 3931 est.
1480 3869 1587 3925 Sed
1642 3863 1737 3935 qui
1787 3876 1856 3914 ex
1891 3853 2080 3911 lrenaei

518 3989 702 4043 verbis
730 3983 846 4039 erui
879 3978 1076 4050 possit,
1110 3975 1499 4042 imperatorem
1533 3970 1663 4015 tunc
1698 3955 1751 4009 itt
1781 3952 1911 4006 Asia
1945 3961 2088 4002 com-

520 4092 786 4137 moratum
835 4072 1024 4136 fuisse,
1075 4066 1225 4121 solus
1277 4058 1475 4113 viderit
1533 4046 1896 4111 Dodwellus;
1948 4039 2089 4093 alter

521 4173 699 4245 quivis
749 4168 877 4223 hinc
929 4134 1139 4217 tantum
1192 4151 1463 4212 intulerit,
1525 4144 1803 4201 Florinum
1854 4134 2089 4189 aulicum

521 4232 833 4339 quempiam
882 4255 1072 4317 fuisse,
1124 4249 1219 4320 qui
1260 4255 1468 4299 summa
1521 4233 1659 4305 apud
1706 4232 2091 4298 imperatorem

525 4314 991 4434 gratiarvaluerit,
1028 4359 1129 4400 nec
1183 4338 1478 4410 quidquam
1532 4326 1784 4397 amplius.
1828 4320 1969 4374 Sunt
2000 4314 2092 4385 qui

526 4412 791 4512 frenatum
841 4412 1068 4502 Joannis
1122 4431 1351 4505 apostoli
1401 4420 1727 4493 discipulum
1784 4412 2009 4509 faciant,
2040 4414 2098 4459 ut

530 4544 827 4601 Paradinus
848 4539 920 4602 9‘,
955 4543 1008 4589 et
1036 4525 1318 4585 Severtius
1340 4521 1407 4585 97,
1435 4530 1541 4571 una
1576 4504 1885 4579 diplomatis
1916 4497 2100 4568 cujus-

528 4641 653 4693 dam
685 4630 1010 4689 auctoritate
1060 4619 1208 4682 freti,
1262 4612 1348 4669 cui
1406 4601 1793 4671 subscripsisse
1847 4595 2100 4649 dicuntur

531 4729 829 4799 Gregorius
880 4733 1018 4791 papa
1054 4712 1121 4777 Υ,
1158 4706 1428 4764 Henricus
1484 4713 1583 4753 rex
1644 4688 1993 4762 Burgundiae,
2046 4694 2101 4737 et

1378 4794 1388 4799 ⁸
1667 4781 1774 4799 "~J
1842 4773 2098 4799 ~--3.lu..:.l

534 4773 1117 4893 ringzviugdunensis
1148 4794 1618 4865 archiepiscopus.
1667 4781 1777 4838 Sed
1836 4773 2102 4876 quidquid

535 4880 729 4972 sit.de
783 4880 1101 4974 diplomate,
1166 4891 1474 4959 repugnant
1504 4888 1717 4935 veteres
1743 4884 1951 4934 omnes,
2006 4880 2105 4937 qut

537 4957 815 5063 litans-1m;
834 4957 1141 5065 f’olycarpi,
1174 4957 1483 5058 [LXXVIII]
1533 4984 1641 5025 non
1681 4961 1912 5064 Joannis
1943 4957 2105 5065 disci-

538 5099 725 5169 pulum
784 5090 955 5145 fuisse
1010 5087 1283 5141 asserunt;
1315 5073 1586 5141 repugnat
1633 5061 1869 5115 lrenaeus
1900 5054 2012 5122 ipse
2030 5049 2106 5169 '9‘,

541 5140 634 5261 :jui
665 5184 886 5257 quidem
920 5191 1028 5232 non
1054 5169 1222 5227 semel
1251 5170 1280 5221 a
1314 5140 1650 5218 senioribus,
1693 5147 1786 5220 qtti
1835 5140 2109 5214 apostolos

1688 5248 1720 5261 ..
1870 5252 1882 5261 ,
1957 5240 2107 5261 _,____

541 5240 841 5349 eorumque
872 5270 1169 5340 discipulos
1202 5264 1463 5319 viderunt
1491 5264 1546 5311 et
1598 5248 1912 5307 audierunt,
1957 5240 2111 5310 plura

545 5329 802 5434 didicisse
858 5386 917 5424 se
972 5329 1257 5436 gloriatur,
1316 5365 1373 5409 at
1432 5355 1701 5417 nusquam
1752 5339 1819 5392 ab
1853 5329 2115 5404 apostolis

546 5471 679 5541 ipsis
705 5486 720 5535 ;
756 5463 900 5534 quod
930 5467 1228 5525 nunquam,
1262 5450 1308 5502 si
1338 5446 1544 5500 factum
1570 5436 1788 5493 fuisset,
1817 5427 2111 5483 omisisset,

1440 5533 1452 5541 -
1592 5527 1623 5541 -·
1675 5538 1719 5541 Α-
1767 5516 1938 5541 -ιι...;.,
1975 5529 2109 5541 ..ηηη

549 5516 656 5616 ιίοη
694 5516 811 5611 levje
850 5543 1183 5619 argumentis
1214 5546 1404 5596 contra
1440 5527 1727 5585 ltmreticos
1764 5516 1941 5573 allatis
1975 5529 2114 5583 pon—

695 5601 1192 5704 lii‘uvc—ajlditurus.
1251 5628 1319 5682 Et
1378 5627 1443 5677 de
1494 5617 1721 5676 Joannis
1782 5601 2115 5681 Apocalypsi

644 5853 689 5883 ot
711 5849 773 5905 τ.
809 5845 848 5900 ιι
883 5843 1018 5897 “ist.
1042 5837 1265 5895 cedes”
1290 5846 1342 5900 ρ,
1370 5828 1460 5905 :79.
1500 5822 1598 5905 ηη.
1621 5819 1765 5901 piss.
1801 5831 1858 5868 lli
1914 5813 1965 5866 in
1998 5808 2164 5905 ireni,
2202 5802 2230 5873 ᾗ
2259 5802 2313 5903 ᾖ.
2338 5802 2404 5905 μ)
2428 5811 2585 5905 seqq.
2663 5802 2709 5821 "
2739 5802 2926 5883 no.3!

1648 5894 1657 5905 .
1734 5903 1765 5905 __
1831 5901 1849 5905 Δ
1902 5884 1971 5905 ’1η
2027 5895 2055 5905 ..
2366 5886 2395 5905 ιι
2462 5864 2603 5905 ΔειιειΙ.
2644 5872 2700 5905 9.1
2739 5874 2828 5905 nu.
2863 5871 2926 5905 aa

1623 5842 1765 5873 11155.
1804 5842 1858 5868 Ill
1915 5842 1965 5866 Ill
2002 5842 2079 5862 Ilh

1582 5892 1701 5946 Lib.
1734 5903 1787 5953 ν,
1824 5901 1874 5940 c.
1902 5884 1994 5947 δυ,
2027 5895 2078 5932 ιι.

2204 5842 2243 5943 δν
2259 5842 2313 5903 ἴθ’
2644 5872 2700 5916 et
2739 5874 2828 5927 cp.
2863 5854 2952 5918 ὃὸ,
2986 5855 3055 5905 al.
3088 5849 3180 5914 '29,
3212 5842 3281 5900 ad
3316 5842 3501 5899 Tlteod

555 5894 1019 5995 Lugd.-ar—cltiep.,
1046 5926 1061 5963 t
1092 5894 1259 5979 part.,
1292 5894 1340 5957 ὲ.
1367 5900 1425 5955 3.
1499 5894 1544 5927 "

1278 434 1872 502 DISSERTATIONES
1902 426 2207 487 ΡΒᾸΞΥΙΛΕ
2241 424 2307 480 ΙΝ
2340 418 2599 479 ιιιῐεκιει
2626 415 2895 472 LIBROS.

1494 562 1725 631 aliisque
1771 552 2036 612 Ecclesiae
2062 556 2109 613 Α
2138 562 2323 620 agens,
2352 542 2566 607 scribit,
2599 556 2705 592 non
2728 546 2848 591 ante
2864 532 3085 589 multum
3113 526 3355 595 temporis
3382 528 3536 579 visam
3560 540 3678 590 esse,

3586 407 3677 461 176

2138 639 2227 695 sed
2254 653 2381 705 pene
2427 637 2523 689 sub
2554 647 2652 686 suo
2686 628 2904 691 swculo,
2948 623 3132 696 σχεδὸν
3170 623 3263 676 ἐπὶ
3304 621 3401 691 τ’ἧς
3431 620 3684 691 ἡμετέρας

2136 730 2350 800 γενεᾶς,
2388 728 2457 781 ad
2486 720 2965 797 ﬁnemrDomitiani
3006 716 3233 785 imperii.
3265 712 3466 779 Quibus
3514 711 3685 764 verbis

2141 839 2247 878 non
2281 822 2440 892 longe
2463 820 2680 890 quidem
2707 831 2736 869 a
2758 813 2983 869 Joannis
3007 809 3345 879 temporibus
3388 806 3586 861 vixisse
3633 817 3689 860 se

2140 914 2406 986 agnoscit,
2442 912 2491 967 ei
2515 925 2646 966 vero
2673 922 2918 964 coaevum
2954 903 3235 961 exstitisse
3262 916 3322 956 se
3351 908 3526 967 negat.

2212 1006 2266 1061 3.
2335 1005 2443 1059 Sed
2483 1003 2585 1058 etsi
2638 1002 2903 1057 Joannem
2950 1000 3128 1068 ipsum
3177 1010 3286 1049 non
3339 990 3571 1046 audierit
3613 988 3691 1043 vir

2143 1110 2386 1164 sanctus,
2421 1097 2650 1154 Joannis
2684 1106 2864 1150 tamen
2906 1093 3170 1147 lectiones
3202 1085 3483 1154 excepisse
3519 1084 3687 1138 dicen-

2146 1196 2247 1251 dus
2278 1201 2385 1257 est,
2415 1191 2509 1261 qui
2538 1206 2568 1244 a
2608 1186 2890 1258 discipulis
2921 1184 3040 1255 ejus
3072 1182 3380 1244 institutus,
3416 1185 3615 1230 tantum
3643 1174 3693 1228 in

2145 1303 2334 1344 eorum
2362 1284 2546 1340 schola
2597 1282 2854 1353 profecit,
2886 1288 2944 1334 ut
2990 1281 3133 1333 inter
3164 1271 3493 1345 apostolicos
3534 1267 3693 1333 viros,

2144 1379 2457 1452 apostolica:
2494 1376 2758 1431 doctrinae
2807 1383 2995 1435 testes,
3035 1370 3349 1441 primosque
3394 1361 3626 1425 canales,
3667 1374 3696 1412 a

2144 1470 2426 1525 veteribus
2459 1466 2717 1522 omnibus
2746 1465 2939 1517 merito
2976 1467 3354 1515 recenseatur.
3404 1452 3535 1508 Cum
3564 1451 3696 1504 enim

2146 1578 2242 1634 per
2275 1560 2567 1631 Polycarpi
2616 1566 2845 1612 moriem
2880 1550 3209 1606 sanetissimi
3267 1547 3415 1601 senis
3469 1544 3695 1600 scholam

2148 1655 2237 1709 diu
2304 1652 2648 1721 frequentare
2699 1661 2804 1701 non
2866 1644 3133 1708 licuisset,
3194 1638 3419 1708 Papiam
3482 1636 3697 1689 alterum

2147 1744 2370 1799 Joannis
2423 1739 2745 1808 discipulum
2804 1737 2962 1801 adiit,
3020 1734 3249 1802 ejusque
3304 1728 3596 1797 disciplina:
3646 1741 3699 1780 se

2151 1833 2393 1895 tradidit,
2430 1840 2491 1885 ut
2547 1837 2745 1882 auctor
2806 1834 2891 1878 est
2944 1822 3305 1891 Hieronymus
3334 1819 3404 1871 θ’.
3465 1816 3703 1870 Seniores

2153 1923 2308 1987 alios,
2352 1919 2743 1990 apostolorum,
2781 1913 3313 1983 apostolicoruurque
3363 1908 3595 1961 virorum
3626 1905 3702 1959 di-

2152 2014 2406 2085 scipulos,
2437 2024 2493 2068 et
2521 2014 2662 2066 inter
2681 2024 2777 2064 eos
2822 2007 3084 2062 eximium
3136 2000 3451 2071 quemdam,
3479 1996 3704 2050 audiisse

2154 2122 2212 2162 se
2244 2122 2349 2160 non
2383 2102 2551 2158 semel
2604 2102 2839 2156 alIirmat
2885 2098 2939 2151 in
2978 2094 3132 2149 libris
3171 2093 3434 2146 adversus
3465 2090 3703 2142 haereses.

2164 2197 2300 2264 Quis
2336 2195 2408 2249 sit
2439 2205 2617 2248 autem
2678 2192 2769 2246 ille
2818 2190 3003 2245 senior
3054 2195 3162 2239 tam
3201 2183 3518 2249 frequenter
3563 2178 3626 2231 ab
3651 2191 3708 2231 eo

2157 2285 2424 2349 laudatus,
2453 2301 2519 2339 an
2557 2284 2671 2352 ipse
2692 2281 2907 2350 Papias,
2936 2294 3000 2331 an
3028 2279 3190 2335 alter,
3226 2273 3493 2326 hactenus
3518 2270 3710 2323 incom-

2159 2387 2394 2450 pertum.
2442 2377 2487 2430 A
2546 2374 2741 2429 talibus
2794 2373 3066 2438 tantisque
3113 2365 3250 2419 viris
3289 2363 3576 2417 sanctioris
3625 2360 3710 2412 do-

2162 2471 2350 2525 ctrina:
2380 2464 2702 2536 purissiutos
2739 2461 2951 2525 latices,
2989 2456 3518 2527 profundioremque
3547 2464 3713 2502 sacra—

2163 2576 2280 2616 rum
2312 2559 2619 2612 litterarum
2676 2551 3117 2619 intelligentiam,
3165 2544 3327 2601 simul
3352 2555 3409 2598 et
3440 2542 3559 2595 vita:
3599 2553 3714 2593 san-

2163 2647 2502 2711 ctimoniam,
2540 2659 2606 2699 ac
2640 2642 2925 2696 incensum
2958 2637 3171 2694 tuenda:
3205 2636 3353 2696 lidei,
3412 2647 3573 2702 quam
3621 2641 3714 2681 una

2165 2753 2289 2793 cum
2341 2736 2574 2790 nutricis
2598 2734 2737 2788 lacte
2772 2733 2985 2786 suxisse
3012 2724 3326 2783 verosimile
3361 2733 3466 2785 est,
3495 2719 3714 2775 studium

2170 2832 2360 2888 hausit
2397 2828 2734 2891 medullitus,
2768 2834 2931 2894 atque
2960 2822 3217 2888 deinceps
3266 2817 3319 2870 in
3362 2813 3583 2881 scriptis
3618 2810 3718 2863 suis

2170 2923 2403 2979 ubertim
2435 2918 2644 2975 effudit.
2680 2915 2792 2970 Nec
2816 2916 2961 2970 enim
2992 2913 3173 2982 segnis
3201 2920 3255 2964 et
3281 2911 3494 2963 otiosus
3524 2901 3722 2958 auscul-

2173 3022 2337 3078 tator,
2392 3026 2512 3082 qua:
2558 3018 2863 3076 acceperat,
2900 3019 2931 3059 e
2978 3003 3239 3057 memoria
3298 2997 3443 3055 elabi
3493 2997 3720 3054 siut-bat:

2173 3107 2303 3175 quin
2339 3105 2522 3173 potius
2553 3100 2621 3154 ab
2653 3099 2768 3168 ipsa
2802 3096 3056 3168 pueritia,
3092 3108 3215 3146 cuin
3252 3093 3342 3145 vix
3383 3091 3504 3145 aliis
3533 3103 3622 3158 per
3655 3095 3726 3139 te-

2175 3210 2362 3251 neram
2390 3204 2602 3247 aatatem
2639 3191 2800 3244 seriis
2830 3187 3113 3240 attendere
3150 3183 3300 3245 licet,
3333 3183 3566 3236 [renatus
3594 3192 3727 3247 quaa-

2175 3303 2389 3357 cunque
2412 3283 2882 3341 sanctissimorum
2913 3278 3149 3341 illorum,
3174 3276 3577 3345 primorumque
3592 3269 3727 3325 Chri-

2175 3383 2369 3439 stiana:
2428 3377 2705 3447 religionis
2739 3375 3122 3441 magistrorum
3167 3382 3263 3423 ore
3335 3368 3731 3437 promebantur,

2177 3489 2277 3531 ceu
2325 3470 2592 3541 pretiosas
2626 3463 2906 3534 Evangelii
2944 3461 3277 3530 margaritas
3312 3459 3555 3512 studiose
3594 3452 3727 3508 colli-

2177 3577 2332 3635 gens,
2363 3559 2595 3629 sibique,
2622 3555 2818 3626 spretis
2847 3552 3101 3607 omuibus
3133 3550 3277 3611 aliis,
3304 3559 3645 3615 comparans,
3675 3541 3724 3593 in

2182 3656 2376 3709 intimo
2402 3650 2584 3705 cordis
2605 3647 2728 3702 siuu
2763 3642 3112 3707 recondebat,
3154 3655 3253 3694 suo
3300 3647 3542 3705 tempore
3572 3631 3732 3702 profe-

2183 3749 2371 3803 renda.
2419 3744 2497 3799 ita
2545 3756 2605 3797 se
2653 3740 2907 3795 allectum
2950 3735 3136 3799 fuisse,
3164 3749 3286 3788 cum
3321 3733 3423 3785 sub
3470 3722 3735 3798 Polycarpi

2184 3838 2469 3908 disciplina
2498 3834 2742 3905 degeret,
2776 3846 2874 3901 pro
2896 3830 3019 3900 jure
3059 3842 3157 3881 suo
3182 3825 3470 3894 gloriatur,
3505 3820 3737 3876 Florino-

2186 3948 2311 4005 que,
2335 3946 2435 3987 suo
2468 3931 2745 4000 quondam
2780 3926 2881 3979 sub
2924 3933 3075 3974 tanto
3104 3926 3447 3988 praeceptore
3483 3907 3739 3967 condisci-

2187 4026 2335 4098 pulo,
2366 4024 2460 4078 sed
2496 4022 2691 4076 deinde
2726 4018 2923 4073 misere
2968 4014 3022 4068 in
3083 4008 3336 4065 haeresim
3382 4005 3652 4075 prolapso,
3679 3998 3740 4051 olt

2188 4111 2374 4165 oculos
2406 4109 2586 4181 ponit:
2617 4116 2674 4161 ut
2700 4104 2907 4160 colendi
2940 4099 3164 4169 utrique
3196 4095 3451 4166 magisu-i
3497 4088 3739 4145 memoria

2191 4177 2493 4259 deviunfad
2528 4200 2813 4270 pristinam
2864 4194 3022 4249 fidem
3068 4177 3374 4246 revocaret.
3415 4187 3590 4243 Verba
3640 4192 3741 4235 tum

2193 4297 2405 4358 Graece,
2466 4302 2578 4347 tum
2633 4290 2823 4345 Latine
2869 4287 2937 4341 ad
2995 4283 3198 4339 calcem
3249 4283 3436 4350 operis
3481 4276 3745 4331 retulimus

2197 4390 2338 4443 inter
2389 4386 2713 4456 fragmenta.
2763 4382 2829 4435 Et
2860 4387 2919 4434 ut
2964 4375 3247 4447 Polycarpi
3284 4372 3583 4443 praesertim
3646 4381 3747 4419 nte-

2200 4483 2370 4538 moria
2409 4480 2558 4536 cordi
2594 4477 2757 4531 altius
2801 4472 2968 4528 infixa
2998 4472 3251 4532 hatreret,
3279 4468 3378 4523 sibi
3413 4467 3526 4535 ipse
3567 4456 3750 4516 exscri-

2129 4571 2173 4625 D
2204 4577 2376 4648 psisse
2407 4572 2652 4628 creditur
2686 4568 2941 4624 Ecclesia:
2981 4563 3328 4635 Smyrnensis
3374 4556 3671 4629 epistolam,
3703 4552 3748 4601 in

2203 4684 2309 4739 qua
2371 4665 2621 4737 martyrii
2678 4663 2796 4733 ejus
2857 4658 3084 4714 historia
3145 4654 3407 4715 refertur;
3466 4659 3524 4702 ut
3573 4645 3752 4700 inferre

2203 4760 2331 4813 licet
2363 4771 2429 4810 ex
2453 4730 2805 4809 adnotatione
2835 4763 2996 4818 quam
3031 4746 3097 4800 ad
3123 4743 3327 4798 calcem
3351 4741 3497 4797 illius
3528 4730 3753 4807 epistolae

2208 4851 2415 4923 reperit
2439 4849 2494 4902 iit
2525 4861 2655 4901 mss.
2689 4844 2965 4900 codicibus
2992 4838 3259 4895 Usserius.

2276 4946 2331 5001 4.
2360 4943 2476 4997 Νοιι
2526 4940 2661 4994 adeo
2704 4947 2885 4991 tamen
2930 4934 2999 4987 ad
3049 4944 3239 4986 sacras
3293 4928 3507 4981 litteras
3535 4919 3755 4975 animum

2212 5036 2467 5101 intendit,
2511 5042 2569 5087 ut
2603 5030 2957 5087 humaniores
3008 5019 3357 5093 negligendas
3403 5016 3505 5072 sibi
3538 5012 3755 5082 putaret.

2212 5128 2391 5185 Probe
2407 5141 2502 5182 nos
2513 5134 2632 5179 erat
2649 5122 2730 5175 vir
2753 5114 3286 5190 perspicacissimus,
3309 5103 3573 5180 ejusmodi
3598 5095 3761 5155 studia

2214 5243 2320 5283 non
2350 5231 2561 5278 tantum
2589 5218 2657 5271 ad
2684 5213 2961 5282 ingenium
2993 5206 3379 5268 excolendum,
3419 5195 3763 5255 lirmandum-
3836 5187 3844 5193 ’

2216 5327 2322 5381 que
2361 5308 2625 5378 judicium
2674 5276 2820 5353 haud
2873 5311 3064 5368 parum
3116 5291 3462 5353 conducere;
3499 5283 3591 5340 sed
3626 5289 3678 5333 ct
3708 5276 3767 5329 iis

2218 5403 2463 5473 apprime
2482 5393 2791 5451 necessaria
2816 5404 2959 5453 esse,
2978 5388 3068 5457 qui
3095 5383 3364 5445 ethnicos,
3389 5377 3767 5440 haereticosque

2222 5490 2575 5552 coufutaturi,
2609 5498 2764 5541 vanas
2808 5477 3114 5549 theologica,
3152 5472 3502 5545 profanzeque
3523 5458 3769 5535 supersti-

2225 5586 2388 5642 tionis
2438 5576 2849 5649 intelligentiam
2907 5586 2973 5626 ex
3024 5568 3154 5640 ipsis
3204 5564 3460 5626 fontibus,
3508 5562 3771 5630 poetarum

2261 5799 2404 5861 3,10
2428 5811 2585 5864 seqq.
2663 5789 2709 5821 ⁹⁶
2738 5787 2931 5864 ιη).ᾓὲ
2988 5768 3555 5864 Ιξὶδξῆίιυξᾶᾈξξτο.
3626 5764 3672 5799 ⁹¹
3706 5757 3773 5813 De
