3954 6352
264 307 358 363 177

903 308 1364 367 DISSER'I‘ATIO
1398 309 1463 374 ll,
1504 308 1664 365 ΛΒΤ.
1699 307 1740 372 I,
1776 307 1862 361 DE
1897 308 1954 364 Β.
1991 309 2248 366 IBENEI
2281 308 2443 365 VI'I‘A
2477 308 2565 363 ET
2606 307 2868 363 GESTIS.

3396 306 3495 361 ΠΒ

258 431 552 496 praesrtim
581 444 649 484 ac
670 429 1113 499 philosophorum
1135 432 1309 495 libris,
1324 432 1544 487 haurire
1560 432 1787 487 debent‘
1815 451 1827 486 :
1860 434 1906 491 A
1935 432 2030 486 sia:
2080 432 2337 502 gradibus
2386 429 2645 487 collocari
2698 430 2765 484 ab
2826 428 2917 482 illo
2955 426 3217 496 potuerit.
3255 423 3315 480 Si
3378 427 3499 495 quis

260 517 328 573 Ut
368 520 544 573 muli
572 533 1038 594 persecutoresque
1101 522 1421 578 Christiana:
1467 523 1699 578 veritatis
1762 524 1825 577 dc

256 629 348 666 suo
370 614 584 679 proprio
633 614 1006 680 instrumento,
1036 625 1084 670 et
1116 618 1312 671 erroris
1358 619 1415 670 in
1442 635 1520 684 se,
1550 631 1596 675 et
1627 621 1825 692 iniqui-

253 708 376 759 tatis
406 706 460 757 in
482 721 578 759 nos
606 708 967 761 revincuntur.
1008 707 1144 763 Hinc
1173 710 1225 762 in
1257 712 1589 767 evolvendos
1638 713 1825 783 profa-

257 812 452 851 norum
486 810 783 853 aucturum
816 798 985 855 libros
1024 801 1332 858 indefessus
1361 805 1601 860 incubuit
1632 823 1645 859 :
1681 807 1826 876 quod

252 905 315 943 ex
343 890 408 944 iis
440 906 566 959 qua:
596 892 797 961 passim
824 893 955 947 citat
978 905 1259 960 poetarum
1285 912 1349 951 ac
1386 897 1826 967 philosophorum

254 991 494 1037 veterum
530 985 860 1041 testimoniis
890 984 1194 1041 luculenter
1236 997 1424 1057 patet:
1453 999 1513 1044 ut
1563 1006 1668 1045 non
1727 992 1828 1045 im-

254 1075 449 1128 merito
478 1090 608 1129 eum
642 1074 1046 1132 Tertullianus’
1074 1081 1306 1135 omnium
1334 1083 1697 1137 doctrinarum
1730 1100 1829 1136 cu-

253 1165 609 1219 riosissimum
633 1168 1021 1236 exploratorem
1070 1176 1364 1230 vocaverit.
1412 1174 1520 1229 Nec
1557 1190 1685 1228 vero
1742 1175 1829 1229 in-

255 1255 602 1319 tempestive,
636 1266 715 1321 et,
741 1267 850 1311 ut-a
887 1260 1138 1329 plurimis
1169 1264 1251 1327 iit,
1298 1274 1357 1317 ut
1389 1264 1711 1334 multiplicis
1744 1264 1829 1317 lit-

255 1353 518 1399 teraturse
554 1346 771 1401 laudem
813 1360 1139 1420 aucupetur,
1170 1367 1201 1407 e
1236 1354 1516 1409 veteribus
1540 1355 1831 1424 decerptos

254 1437 409 1492 ﬂores
436 1441 702 1507 operibus
733 1442 1019 1515 inspergit,
1052 1447 1145 1500 sed
1192 1449 1629 1519 quotiescunque
1673 1449 1829 1517 facit,

253 1540 563 1599 opportune
601 1543 658 1587 et
690 1536 935 1603 apposite
984 1536 1051 1589 ad
1100 1550 1484 1605 argumentum
1533 1541 1667 1596 facit
1698 1560 1713 1608 ;
1748 1543 1830 1597 vel

255 1632 305 1674 ut
332 1622 570 1677 ridicula
603 1626 982 1681 hatreticorum
1005 1629 1193 1683 deliria
1229 1629 1440 1687 festivis
1472 1632 1676 1687 salibus
1710 1648 1834 1702 per-

254 1711 447 1778 lricet;
486 1714 573 1769 vel
602 1725 661 1769 ut
696 1717 960 1788 impuras,
1004 1736 1035 1777 e
1069 1724 1267 1791 quibus
1294 1732 1643 1793 acceperant,
1686 1724 1833 1778 lacu-

255 1816 346 1855 nas
370 1805 621 1870 aperiat;
657 1806 738 1860 vel
785 1817 843 1862 ut
888 1811 1144 1867 Ecclesia:
1184 1815 1370 1870 hostes
1429 1816 1667 1885 propriis
1720 1833 1835 1870 mu-

254 1894 516 1950 cronibus
546 1900 810 1970 conligat.
840 1901 907 1956 Et
933 1916 1222 1977 eapropter
1240 1905 1606 1978 Hieronymus
1623 1913 1646 1947 ³
1670 1910 1835 1965 studii

255 1985 625 2058 pbilosopbici
654 1995 924 2051 vindicias
954 2013 1142 2066 agens,
1175 2001 1574 2071 utilitatemque
1605 2002 1832 2058 demon-

253 2089 467 2145 strans,
495 2095 884 2152 argumentum
914 2088 983 2142 ab
1007 2090 1197 2144 lrenaai
1236 2101 1290 2146 et
1316 2092 1550 2146 aliorum
1574 2109 1836 2163 quorum-

254 2171 375 2226 dam
404 2177 670 2244 exemplo
701 2181 854 2247 petit,
886 2183 977 2250 qui
1021 2183 1251 2253 origines
1290 2186 1555 2239 hwreseon
1603 2185 1838 2255 singula-

256 2280 393 2328 rum,
420 2274 474 2319 et
504 2283 577 2321 ex
595 2270 786 2333 quibus
808 2272 1236 2343 philosophorum
1259 2276 1492 2345 fontibus
1514 2278 1836 2344 emanarint,

255 2356 436 2410 multis
489 2360 851 2416 voluminibus
904 2365 1259 2435 explicarunt.
1331 2369 1508 2424 Minus
1559 2386 1689 2441 ergo
1733 2373 1837 2426 sibi

255 2466 449 2521 equus
478 2454 847 2521 humillimus,
891 2459 1441 2530 modestissimusque
1479 2461 1667 2530 Pater,
1710 2465 1837 2519 dum

255 2545 438 2599 amico
463 2549 801 2613 persuadere
828 2559 1078 2615 conatur,
1121 2567 1181 2606 se
1214 2571 1306 2607 nec
1350 2555 1625 2610 verborum
1668 2558 1841 2625 arti/i-

254 2636 392 2688 cium
430 2636 706 2704 didicisse,
752 2654 843 2692 nec
885 2640 941 2694 in
977 2642 1333 2711 comparanda
1382 2644 1431 2696 vi
1465 2645 1839 2711 conscriptoris

253 2729 587 2792 elaborasse;
619 2746 682 2782 ac
703 2730 991 2787 dictionum
1009 2734 1330 2798 ornamenti,
1384 2736 1840 2802 persuadendiaue

255 2820 534 2888 facultatis
559 2832 822 2891 expertem
852 2840 907 2877 se
933 2840 994 2877 ac
1030 2826 1273 2893 ignarum
1304 2843 1435 2881 esse.
1470 2827 1646 2884 Minus
1673 2830 1840 2884 etiam

255 2911 511 2968 lrenseo‘
550 2916 714 2984 aequi,
756 2919 848 2985 qui
895 2916 1056 2987 paulo
1091 2918 1439 2973 humiliorem
1472 2921 1589 2987 ejus
1639 2920 1839 2992 stylum

255 3018 697 3075 conqueruntur.
727 3009 897 3064 Secus
920 3024 1145 3065 sensere
1166 3010 1470 3080 aquissimi
1491 3027 1669 3066 rerum
1696 3013 1844 3067 testi-

1930 533 2116 580 tamen
2170 526 2528 581 contenderet
2578 522 2842 577 Irenaeum
2905 521 3059 589 prius
3120 520 3189 574 ab
3246 518 3503 588 episcopo

1927 618 2181 687 quopiam
2260 616 2512 685 orientali
2573 615 2856 669 diaconum
2930 611 3101 667 fuisse
3169 610 3500 669 ordinatum,

1928 726 2091 780 quam
2128 710 2180 765 in
2202 709 2405 765 Gallias
2428 707 2752 771 mitteretur,
2778 704 2921 759 haud
2946 705 3081 758 adeo
3108 714 3503 771 repugnarem;

1928 803 2017 856 vix
2050 802 2195 857 enim
2225 800 2549 855 crediderim
2602 798 2799 851 laicum
2834 811 2898 851 eo
2924 795 3253 850 destinatum
3299 790 3489 853 fuisse,

1929 894 2021 963 qui
2077 894 2194 948 illas
2224 892 2472 962 regiones
2513 888 2791 957 Evangelii
2829 888 2949 941 luce
3004 885 3377 940 collustraret.
3436 883 3508 937 At

1930 988 2077 1040 intra
2118 985 2443 1054 conjectura:
2473 991 2648 1037 metas
2695 982 2856 1046 sisto,
2891 978 3028 1032 nihil
3055 979 3172 1032 sine
3205 976 3503 1030 historico-

1932 1094 2049 1133 rum
2069 1085 2549 1132 monumentOrum
2567 1073 2671 1128 llde
2699 1082 2905 1126 temere
2932 1069 3308 1124 aﬂirmandum
3336 1075 3505 1123 ratus.

1932 1170 2063 1224 Illud
2101 1178 2336 1233 certum,
2385 1167 2649 1224 Irenmum
2688 1166 2738 1219 in
2776 1164 2985 1220 Gallias
3030 1160 3357 1229 profectum,
3401 1158 3509 1212 Lu-

1939 1261 2179 1330 gdunum
2212 1260 2427 1314 venisse
2462 1278 2475 1315 :
2502 1260 2719 1330 quando
2745 1270 2901 1320 vero,
2927 1268 2958 1306 a
2979 1266 3110 1321 quo,
3141 1258 3195 1304 et
3214 1264 3321 1319 qua
3345 1263 3509 1303 occa-

1936 1353 2093 1409 sione
2124 1351 2324 1406 missus
2361 1349 2549 1416 fuerit,
2581 1351 2851 1404 incertum
2900 1357 3147 1414 prorsus.
3184 1342 3223 1394 A
3257 1338 3315 1394 S.
3352 1339 3512 1409 Poly—

1934 1457 2101 1512 carpo
2129 1442 2329 1497 missus
2353 1440 2519 1497 fuisse
2544 1438 2738 1495 scribit
2769 1434 3066 1505 Gregorius
3094 1430 3437 1486 Turonensis
3455 1432 3507 1484 ‘:

1934 1533 2077 1603 quod
2117 1533 2320 1590 factum
2356 1544 2510 1606 putat
2559 1532 2859 1589 Halloixius
2887 1535 2908 1565 "
2956 1533 3101 1587 circa
3151 1546 3353 1585 annum
3386 1529 3510 1593 157,

1941 1633 2052 1678 tum
2085 1641 2209 1679 cum
2256 1625 2440 1682 Romae
2489 1628 2716 1695 degeret
2769 1625 3119 1696 Polycarpus,
3153 1638 3261 1692 quo
3290 1629 3514 1676 venerat

1939 1717 2152 1771 Aniceti
2189 1720 2544 1788 temporibus.
2589 1716 2695 1773 Sed
2724 1716 2909 1785 junior
2938 1730 3065 1771 tunc
3104 1716 3269 1769 fuisse
3297 1714 3514 1768 videtur

1940 1805 2205 1873 Irenazus,
2231 1806 2501 1882 [LXXIX]
2534 1818 2593 1864 ut
2636 1810 2781 1863 mitti
2830 1809 3098 1879 potuerit.
3129 1806 3363 1861 Tardius
3393 1805 3516 1874 .igi-

1942 1907 2029 1952 tur
2054 1898 2277 1953 missum
2309 1911 2456 1970 puto,
2483 1902 2736 1971 quamvis
2765 1916 2874 1971 quo
2898 1916 3065 1965 anno,
3112 1906 3168 1953 et
3194 1914 3224 1953 a
3253 1914 3384 1969 quo,
3416 1898 3514 1953 de-

1940 1988 2099 2044 linire
2128 2004 2228 2045 nec
2252 1993 2444 2058 ausim,
2474 2006 2570 2047 nec
2600 1993 2822 2062 possim.

2012 2078 2066 2134 6.
2105 2080 2148 2133 Α
2187 2080 2246 2134 5.
2289 2080 2523 2137 Pothino
2572 2081 2921 2153 Lugdunensi
2973 2082 3232 2151 episcopo
3287 2078 3515 2134 ordina-

1940 2177 2054 2224 tum
2084 2169 2257 2225 luisse
2286 2172 2687 2243 presbyterum,
2722 2186 2791 2226 ex
2830 2174 3143 2246 Hieronymi
3178 2173 3199 2205 ⁸
3230 2173 3411 2227 verbis
3436 2173 3518 2226 in-

1942 2262 2084 2317 ferre
2114 2261 2278 2328 licet;
2312 2277 2435 2317 eum
2469 2263 2615 2318 cnim
2648 2260 2861 2316 Pothini
2887 2266 3135 2335 episcopi,
3175 2266 3264 2332 qui
3305 2263 3510 2334 Lugdu-

1944 2371 2155 2410 nensem
2206 2355 2261 2408 in
2311 2352 2487 2410 Gallia
2529 2355 2735 2427 regebat
2792 2354 3110 2422 Ecclesium,
3161 2357 3520 2426 presbyterum

1940 2456 2121 2502 vocat.
2174 2445 2304 2515 Qua:
2344 2448 2661 2519 signiﬁcare
2716 2448 2999 2511 videntur,
3062 2448 3375 2514 Pothinum,
3418 2464 3520 2518 pro

1943 2556 2095 2596 more
2140 2539 2235 2611 qui
2276 2540 2478 2596 dudum
2522 2541 2576 2595 in
2606 2538 2853 2595 Ecclesia
2895 2540 3091 2611 viguit,
3140 2556 3239 2611 per
3291 2542 3518 2610 imposi-

1943 2635 2143 2688 tionem
2180 2647 2437 2687 manuum
2467 2632 2571 2687 sibi
2598 2641 2653 2688 et
2682 2631 2941 2688 Ecclesia:
2960 2647 3075 2687 suae
3098 2633 3414 2688 vindicasse
3446 2647 3512 2686 ac

1942 2727 2286 2797 mancipasse
2330 2726 2624 2792 Irenaaum;
2681 2739 2843 2796 quem
2892 2741 3016 2781 eam
3070 2727 3141 2780 ob
3186 2741 3300 2781 rem
3345 2726 3518 2780 Euse-

1942 2820 2067 2876 bius
2100 2823 2121 2855 ’
2152 2820 2389 2892 appellat
2415 2821 2777 2891 presbyterum
2826 2818 3083 2873 Ecclesia:
3130 2817 3520 2887 Lugdunensis.

1943 2914 2074 2981 Quae
2108 2929 2306 2968 vanam
2352 2926 2473 2968 esse
2513 2911 2811 2967 ostendunt
2843 2908 3211 2965 recentiorum
3256 2924 3523 2978 quorum-

1946 3002 2065 3057 dam
2119 3001 2516 3073 conjecturam,
2573 3001 2832 3057 Irenaaum
2877 2999 3132 3069 angelum
3176 2997 3327 3053 illum
3368 3013 3515 3064 esse,

256 3110 501 3155 matures
537 3099 907 3155 Tertullianus
924 3102 1083 3170 paulo
1107 3113 1235 3157 ante
1263 3103 1534 3168 laudatus,
1562 3112 1619 3158 et
1644 3103 1839 3159 Hiero-
1868 3114 1912 3173 α
1943 3096 2058 3149 σίνε
2096 3094 2406 3163 episcopum
2454 3092 2715 3148 Ecclesia:
2769 3090 3174 3164 Thyatirensis,
3220 3089 3275 3143 in
3315 3089 3521 3159 Apocac

254 3206 477 3261 nymus,
514 3193 607 3260 qui
644 3192 793 3260 ipsos
822 3192 985 3246 libros
1011 3193 1261 3249 adversus
1285 3210 1463 3249 omnes
1500 3196 1723 3250 hwreses
1745 3197 1843 3251 do-

255 3284 496 3338 ctissimo
520 3293 572 3337 et
616 3285 1041 3353 eloquentissimo
1071 3302 1313 3342 sermone
1350 3290 1662 3357 compositos
1698 3304 1836 3346 asse-

257 3392 377 3431 rere
414 3393 529 3431 uon
558 3379 775 3434 dubitat
805 3397 819 3433 :
870 3380 1012 3449 quod
1061 3365 1226 3435 facile
1256 3381 1645 3436 animadvertit
1688 3384 1840 3453 quis-

256 3468 379 3535 quis
404 3483 508 3523 eos
540 3478 784 3524 attentus
808 3469 961 3540 legit,
990 3471 1351 3543 probantque,
1384 3472 1664 3542 quaeinter
1700 3475 1844 3544 ipsas

257 3560 402 3615 male
428 3561 555 3614 sani
589 3571 767 3617 textus
795 3561 992 3626 Graeci,
1022 3563 1387 3629 barbarteque
1416 3566 1686 3620 versionis
1734 3565 1841 3621 La-

260 3652 383 3705 tina:
417 3652 667 3708 salebras
700 3656 994 3711 identidem
1028 3657 1229 3713 emicat
1260 3656 1510 3713 sublimis
1552 3658 1840 3728 perspica-

256 3747 459 3817 cisque
494 3747 702 3817 ingenii
726 3749 896 3815 acies,
920 3750 1174 3805 acerrimi
1196 3751 1391 3818 judicii
1420 3751 1678 3814 ﬁrmitas.
1704 3752 1843 3806 mira

258 3839 311 3892 in
331 3840 729 3910 excogitandis
757 3843 1095 3911 argumentis
1136 3842 1380 3909 ubertas,
1434 3844 1487 3897 in
1541 3844 1844 3914 deligendis

259 3932 513 3998 solertia,
573 3935 626 3987 in
679 3934 1050 4002 proponendis
1106 3934 1369 4001 facilitas,
1436 3936 1489 3990 in
1525 3935 1840 3992 refellendis

260 4024 607 4078 adversariis
635 4024 719 4077 vis
747 4039 813 4079 ac
838 4026 1162 4094 dexteritas;
1197 4042 1428 4097 qumque
1475 4028 1691 4082 demum
1731 4028 1845 4082 hir-

260 4129 416 4172 sutas
441 4116 824 4172 molestissimi
852 4119 1156 4187 argumenti
1211 4118 1403 4187 spinas
1453 4119 1762 4183 emolliunt,
1789 4129 1844 4175 et

261 4207 689 4263 obscurioribus
721 4208 855 4263 locis
885 4208 1061 4263 lucem
1115 4207 1347 4264 alierum
1400 4208 1683 4277 elegantes
1730 4223 1847 4266 ete

263 4313 319 4352 re
347 4306 487 4351 nata
511 4298 697 4367 petita:
741 4298 1147 4364 similitudines,
1206 4297 1538 4365 lectorisque
1601 4300 1841 4355 animum

258 4390 504 4457 jucunde
545 4400 761 4445 recreat
788 4390 1012 4447 condita
1048 4392 1319 4448 interdum
1372 4393 1486 4449 sale
1521 4400 1576 4449 et
1629 4393 1844 4451 facetiis

263 4480 468 4535 oratio.

332 4574 389 4628 5.
436 4573 717 4640 Quantum
749 4574 1009 4644 temporis
1036 4577 1091 4629 in
1121 4574 1345 4633 Oriente
1376 4589 1627 4633 versatus
1657 4578 1842 4647 fuerit,

268 4677 561 4735 postquam
597 4681 667 4721 ex
690 4667 918 4738 ephebis
943 4668 1183 4723 excessit
1210 4667 1472 4736 Ireneus,
1503 4670 1706 4739 quidve
1735 4671 1842 4726 ibi-

270 4762 391 4816 dem
427 4762 687 4831 gesserit,
733 4778 800 4815 an
829 4776 1017 4817 sacras
1042 4760 1353 4819 functiones
1380 4763 1603 4828 obierit,
1634 4762 1719 4816 vel
1750 4763 1849 4817 do-

269 4856 426 4908 cendi
471 4870 676 4909 munus
705 4855 1030 4923 susceperit,
1072 4855 1381 4910 tacentibus
1430 4855 1707 4910 veteribus
1736 4854 1846 4910 dici

269 4960 377 4999 non
424 4955 627 5014 potest.
668 4946 1014 5004 Halloixius'
1047 4948 1267 5017 quidem
1313 4961 1436 5002 eum
1471 4947 1613 5002 inter
1659 4962 1848 5003 sacros

272 5039 559 5094 ministros
585 5039 861 5105 allectum,
896 5050 949 5095 et
982 5040 1223 5105 diaconi,
1257 5039 1367 5094 imo
1417 5047 1474 5094 et
1538 5038 1844 5110 presbyteri

274 5145 501 5187 munere
534 5131 854 5187 decoratum
881 5145 913 5185 a
941 5130 1242 5202 Polycarpo
1271 5130 1445 5186 fuisse
1470 5130 1669 5187 asserit
1695 5147 1711 5195 ;
1749 5131 1845 5186 sed

276 5225 425 5279 nullo
449 5223 797 5294 antiquitatis
829 5224 1138 5280 testimonio
1166 5223 1364 5279 fretus.
1390 5222 1492 5290 Qui
1525 5238 1660 5294 puer
1688 5221 1848 5295 Poly-

275 5331 500 5387 carpum
527 5316 643 5383 jam
680 5316 838 5371 valde
869 5331 1054 5372 senem
1097 5318 1294 5385 audiit,
1326 5316 1418 5371 diu
1448 5318 1583 5371 satis
1626 5331 1749 5371 cum
1782 5330 1849 5369 eo

277 5409 609 5463 commorari
636 5422 744 5463 non
767 5409 1009 5477 potuisse
1032 5409 1270 5477 videtur,
1295 5418 1354 5462 ut
1380 5408 1435 5462 in
1458 5407 1633 5464 sacris
1662 5405 1849 5462 Eccle-

387 5634 404 5665 ι
444 5623 701 5689 Tertult,,
722 5622 799 5680 De
818 5619 1180 5680 'I'est.an.c.l.
1221 5625 1241 5655 ¹
1263 5621 1321 5677 In
1336 5624 1592 5694 Val.,c.5.
1641 5632 1662 5663 ³
1691 5630 1789 5700 Ep.
1820 5628 1915 5695 85,
1943 5628 2014 5700 al.
2046 5624 2386 5700 84,a‘t_l_Mag.

285 5702 309 5733 ⁹
332 5703 715 5767 Hist.Franc.,
746 5701 843 5758 lib.
876 5718 985 5767 t,c.
1021 5702 1111 5756 29.
1186 5701 1207 5732 ⁷
1236 5700 1364 5758 Loc.
1394 5704 1490 5758 cit.
1564 5702 1587 5735 ⁸
1612 5701 1669 5758 In
1695 5701 1867 5759 Catal.

290 5772 533 5837 ilicium.
563 5790 616 5830 c.
650 5773 701 5830 8.

1945 3186 2084 3260 lypsi
2124 3183 2353 3242 Joannis
2397 3186 2782 3256 designatum;
2819 3198 2887 3240 ne
2931 3194 3195 3252 repetam,
3233 3182 3376 3253 quod
3419 3196 3515 3236 su-

1945 3281 2128 3352 perius
2156 3278 2402 3350 probavi,
2437 3291 2563 3332 eum
2588 3277 2806 3332 nonnisi
2846 3284 2971 3348 post
3000 3276 3200 3330 multos
3241 3290 3272 3328 a
3309 3275 3517 3343 scripta

1943 3371 2265 3445 Apocalypsi
2315 3380 2373 3427 et
2427 3372 2542 3440 ipsa
2597 3377 2774 3424 morte
2814 3366 3041 3423 Joannis
3092 3381 3263 3422 annos
3322 3375 3513 3421 natum

1945 3480 2084 3521 esse.
2110 3465 2282 3532 Quam
2316 3462 2574 3534 praeclare
2609 3476 2729 3518 sese
2761 3461 2818 3516 in
2846 3462 3258 3532 presbyteratus
3291 3472 3516 3513 munere

1948 3557 2199 3628 gesserit,
2249 3559 2385 3611 satis
2432 3554 2665 3625 probant
2704 3568 2769 3608 ea
2810 3554 3011 3623 quibus
3058 3551 3314 3621 pietatem
3374 3550 3515 3619 ejus,

1945 3648 2501 3719 ardentissimumque
2542 3647 2871 3704 Christianas
2917 3645 3055 3714 legis
3096 3644 3310 3725 tuendae
3351 3650 3517 3712 atque

1946 3740 2345 3813 ampliﬁcanda:
2421 3740 2661 3794 studium
2755 3737 3139 3794 commendant
3216 3744 3518 3806 martyrum

1946 3835 2387 3907 Lugdunensium
2411 3833 2601 3897 verba,
2630 3832 2815 3887 brevia
2856 3831 3099 3899 quidem,
3136 3828 3229 3883 sed
3256 3828 3520 3884 elI‘tcacis-

1945 3929 2104 3994 sima,
2126 3928 2181 3981 in
2211 3927 2279 3983 iis
2310 3940 2449 3996 quas
2494 3925 2563 3980 ad
2614 3924 2968 3980 Eleutherum
3022 3936 3215 3993 papam
3268 3920 3519 3976 scribunt

1945 4020 2209 4091 epistolis,
2244 4034 2382 4089 quas
2430 4015 2787 4086 perferendas
2831 4016 3035 4072 Irenaeo
3075 4016 3418 4071 tradiderant
3448 4013 3527 4068 ¹⁶.η

1949 4114 2017 4168 Te
2044 4130 2136 4183 per
2166 4113 2342 4168 omnia
2369 4129 2431 4167 ac
2450 4121 2701 4181 perpetuo
2733 4118 2973 4180 Optamus
2997 4112 3050 4163 in
3074 4107 3296 4162 Domino
3325 4108 3517 4171 ualere,

1946 4204 2111 4259 Pater
2141 4204 2440 4260 Eleuthere.
2466 4202 2581 4258 Has
2606 4203 2811 4257 litteras
2834 4212 2891 4256 ut
2917 4202 2986 4254 ad
3018 4209 3069 4254 te
3105 4198 3376 4269 perferret,
3398 4197 3519 4267 fra-

1946 4306 2160 4363 tremet
2191 4294 2440 4365 collegam
2482 4302 2740 4361 nastrum_
2774 4290 2804 4344 I
2814 4308 3044 4346 remeam
3083 4289 3277 4344 hortati
3315 4304 3517 4343 sumus.

1950 4389 2114 4455 Quem
2160 4386 2370 4449 quidem
2419 4393 2474 4437 ut
2524 4382 2942 4437 commendatum
2982 4380 3199 4443 habeas,
3249 4393 3519 4446 rogamus,

1953 4492 2128 4552 utpote
2157 4478 2512 4534 temulatorem
2536 4476 2837 4530 testamenti
2867 4473 3086 4527 Christi.
3112 4471 3267 4537 Quod
3294 4471 3339 4524 si
3369 4472 3519 4523 nobis

1951 4580 2271 4641 compertum
2293 4578 2450 4634 esset,
2483 4567 2936 4637 locumcuiquam
2967 4561 3207 4631 conferre
3234 4559 3521 4628 justitiam,

1949 4682 2068 4721 eum
2113 4674 2364 4733 tanquam
2419 4659 2781 4729 presbyterum
2844 4653 3099 4711 Ecclesia:
3157 4651 3317 4722 (hunc
3381 4652 3521 4704 enim

1945 4757 2174 4829 gradum
2218 4752 2438 4820 obtinet)
2495 4749 2593 4802 tibi
2648 4749 2704 4800 in
2756 4744 2939 4818 primis
2984 4741 3517 4797 commendassemus.

1946 4849 2038 4904 Sic
2076 4846 2172 4901 illi.
2208 4845 2316 4900 llas
2356 4842 2575 4913 quidem
2624 4836 2888 4908 epistolas
2933 4849 2963 4888 a
3010 4830 3344 4902 martyribus
3387 4830 3521 4898 ipsis

1943 4941 2174 5010 scriptas
2221 4936 2389 4992 fuisse
2432 4942 2592 4999 negat
2632 4926 2945 4984 Blondellus
2990 4926 3056 4989 “,
3106 4923 3201 4979 sed
3259 4921 3444 4992 potius
3487 4934 3519 4973 a

1949 5034 2103 5090 clero
2160 5026 2544 5100 Lugdunensi,
2593 5024 2745 5095 quia,
2803 5018 3002 5089 inquit,
3041 5031 3193 5071 anno.
3230 5014 3260 5066 7
3305 5013 3519 5083 imperii

1945 5125 2133 5189 Marci,
2163 5121 2369 5178 Christi
2402 5118 2525 5185 l67,
2572 5130 2681 5184 quo
2711 5111 3035 5185 martyrium
3068 5107 3285 5164 Pothini
3314 5120 3382 5161 ac
3409 5104 3519 5161 Lu-

1947 5216 2311 5289 gdunensium
2336 5212 2587 5282 contigit,
2608 5209 2770 5265 Soter
2785 5206 3087 5261 Romanam
3111 5199 3406 5258 Ecclesiam
3430 5212 3519 5251 re-

1947 5311 2131 5380 gebat,
2160 5323 2266 5363 non
2297 5305 2644 5361 Eleutherus.
2678 5301 2786 5358 Sed
2819 5309 2879 5356 ut
2907 5300 2961 5355 id
2993 5305 3342 5366 assequatur,
3367 5292 3521 5363 prius

1947 5403 2167 5459 Eusebii
2196 5400 2355 5456 [idem
2378 5398 2553 5454 elevet
2587 5408 2817 5451 necesse
2844 5403 2951 5460 est,
2991 5390 3085 5462 qui
3127 5402 3223 5444 eas
3261 5383 3521 5457 epistolas

2487 5622 2509 5654 ⁵
2536 5621 2697 5677 Praei.
2753 5621 2846 5675 lib.
2879 5637 2916 5675 ι.
2991 5620 3014 5651 ⁸
3042 5617 3151 5673 Vit.
3184 5615 3349 5680 Iren.,
3382 5630 3427 5670 (ι.
3460 5614 3515 5668 5.

1944 5701 1965 5732 ’
1993 5697 2055 5754 L.
2088 5714 2115 5752 ν
2170 5688 2412 5761 Ηὶει.,’ς.
2441 5693 2497 5748 4.
2576 5692 2619 5724 "
2652 5694 2751 5758 ld.,
2784 5691 2911 5746 ibid.
2990 5691 3029 5722 "
3060 5688 3216 5759 Apol.
3248 5701 3346 5755 pro
3376 5696 3516 5741 sent.
