3954 6352
451 301 553 357 179

1250 299 1843 361 DISSER'I‘ATIONES
1874 298 2175 356 ΡΒᾸΞῩΙᾹΞ
2212 294 2277 353 ΙΝ
2317 294 2575 353 IRENEI
2610 292 2881 352 LIBROS.

3568 290 3658 346 £80

445 436 476 476 a
503 423 836 492 martyribus
859 424 1037 480 adhuc
1065 424 1117 479 in
1151 440 1370 481 carcere
1392 425 1583 495 positis
1611 423 1865 494 scriptas,
1883 436 2009 477 eos-
2031 424 2082 484 Α
2112 420 2309 490 phetae,
2336 424 2689 487 temperaret;
2721 413 2851 484 quia
2893 409 3085 466 Attalo
3121 409 3264 465 Deus
3308 407 3658 476 revelaverat,

442 528 547 581 que
577 516 677 569 sub
726 515 1037 584 Eleuthero,
1080 533 1225 573 anno
1260 518 1327 572 1⁸7
1373 518 1538 573 Marci
1586 515 1791 571 Aurelii
1821 528 2010 584 passos

440 618 560 659 esse
584 606 833 663 aﬁirmat.
867 606 1007 664 Hinc
1039 626 1171 681 ergo
1194 612 1372 681 potius
1402 610 1740 666 concludere
1773 607 2011 663 debebat

440 696 773 767 Blondellus,
813 716 908 756 eos
932 702 1127 758 saltem
1160 719 1303 759 anno
1348 704 1470 771 170,
1502 718 1608 773 quo
1638 702 2007 772 pontiﬁcatum

440 789 627 844 lniisse
656 792 768 846 vult
790 792 1133 849 Eleutherum
1167 794 1395 867 (tardius
1418 810 1521 867 ego
1552 795 1739 850 iniisse
1768 792 1998 863 putem),

438 883 759 953 martyrium
816 886 1079 949 subiisse,
1129 904 1293 958 quam
1342 888 1393 942 id
1451 888 1609 942 vanis
1672 886 2007 954 conjecturis

438 972 593 1027 nixus
627 974 693 1027 ad
720 990 810 1028 an.
845 975 944 1029 167
1006 976 1234 1034 referre.
1278 976 1435 1032 Certe
1476 984 1603 1047 post
1640 991 1840 1029 annum
1882 973 2001 1040 167,

436 1058 546 1113 imo
599 1072 654 1115 et
707 1062 829 1125 l70,
879 1075 1134 1120 exaratas
1182 1066 1347 1123 fuisse
1400 1066 1523 1122 illas
1577 1065 1859 1137 epistolas,
1909 1065 2006 1121 de-

434 1160 704 1204 monstrat
730 1152 1004 1206 scribendi
1023 1154 1261 1210 occasio.

507 1239 558 1293 7.
602 1240 806 1297 Praeter
834 1253 1091 1299 externas
1117 1244 1315 1314 quibus
1359 1243 1623 1310 Ecclesia,
1668 1242 1739 1300 M.
1778 1240 2002 1298 Aurelio

432 1334 485 1387 in
515 1333 860 1391 Christianos
889 1337 1163 1403 saeviente,
1188 1336 1503 1405 jactabatur
1523 1338 1811 1408 procellas,
1844 1339 2002 1392 moti-

430 1427 535 1479 bus
585 1426 861 1481 intestinis
916 1437 1177 1497 quassata
1218 1428 1423 1484 Christi
1476 1444 1671 1499 sponsa
1726 1430 1997 1498 gemebat,

430 1516 793 1588 civilibusque
822 1518 1137 1582 discordiis,
1182 1535 1319 1589 quas
1358 1530 1647 1590 pepererat
1690 1520 1995 1575 animorum

427 1607 718 1674 dissensio,
774 1608 1061 1681 ﬂagrabat.
1104 1613 1147 1645 “
1196 1611 1383 1666 Exorti
1436 1612 1580 1667 circa
1631 1627 1832 1665 annum
1895 1609 1998 1665 170

424 1699 821 1771 Cataphryges,
851 1702 1127 1771 Montano,
1159 1706 1439 1761 Alcibiade
1474 1720 1542 1760 ac
1577 1705 1863 1761 Theodoto
1892 1705 1995 1758 du—

2112 526 2217 563 non
2251 520 2408 574 recte,
2441 523 2602 576 neque
2644 506 2826 560 ordine
2877 503 3054 572 facere
3112 500 3456 565 Alcibiadem,
3490 500 3577 570 qui
3613 510 3658 554 et

2111 603 2369 658 creaturis
2408 601 2503 655 Dei
2548 601 2761 654 minime
2799 607 3065 661 uteretur,
3106 602 3157 649 et
3198 594 3322 649 aliis
3384 592 3659 661 exemplum

2110 695 2351 751 scandali
2374 695 2549 763 ﬁeret.
2587 693 2723 761 Quia
2750 708 2881 748 vero
2916 693 2967 747 in
2990 692 3243 745 omnibus
3283 686 3660 745 ecclesiasticis

2110 788 2343 861 negotiis
2378 788 2567 859 prima:
2596 795 2722 840 sunt
2744 785 2983 856 episcopi
3026 781 3259 837 Romani
3290 789 3494 849 partes,
3537 778 3659 832 nihil

2108 883 2161 936 in
2190 898 2249 937 re
2273 883 2408 936 tanti
2440 880 2725 945 momenti,
2764 880 2881 947 ipso
2930 874 3261 937 inconsulto,
3308 871 3657 926 deliniendam

2106 987 2225 1029 esse
2254 972 2449 1026 merito
2477 978 2809 1026 censuerunt
2852 968 3036 1023 clerus
3078 976 3134 1021 et
3167 974 3458 1035 martyres.
3493 962 3660 1029 Quare

2102 1083 2200 1137 pro
2231 1082 2359 1133 pace
2384 1063 2742 1119 Ecclesiarum
2770 1062 2923 1131 quasi
2956 1062 3217 1130 legatione
3252 1059 3541 1128 fungentes,
3579 1055 3660 1110 lit-

2105 1165 2251 1211 teras
2279 1156 2345 1210 ad
2369 1154 2716 1209 Eleutherum
2748 1152 3119 1220 scripserunt;
3159 1156 3439 1217 rogantes,
3475 1154 3531 1198 ut
3568 1159 3661 1210 pro

2105 1260 2343 1311 summa,
2374 1259 2479 1314 qua
2507 1242 2719 1298 valebat
2760 1242 2812 1297 in
2842 1240 3087 1296 Ecclesia
3116 1239 3458 1300 auctoritate,
3497 1237 3546 1290 in
3579 1250 3659 1291 se-

2104 1335 2313 1392 dandos
2348 1347 2499 1390 ortos
2534 1336 2588 1389 in
2626 1333 2756 1388 Asia
2811 1342 3011 1396 motus,
3047 1345 3345 1401 pacemque
3381 1329 3660 1385 restituen-

2101 1428 2249 1491 dam,
2279 1442 2376 1494 pro
2406 1426 2548 1481 virili
2581 1436 2735 1496 parte
2764 1425 3125 1481 incumberet.

2168 1517 2222 1571 8.
2263 1516 2383 1571 Alia
2415 1517 2689 1572 scribendi
2720 1516 2787 1571 ad
2819 1516 3171 1571 Eleutherum
3212 1527 3383 1567 causa
3418 1525 3538 1566 esse
3564 1525 3658 1580 po-

2099 1610 2221 1663 tuit.
2250 1608 2412 1664 Forte
2443 1608 2742 1664 inclinabat
2768 1610 2836 1662 ad
2877 1621 3047 1663 novos
3098 1605 3394 1674 prophetas
3418 1604 3660 1673 deceptus

2099 1717 2289 1757 eorum
2322 1704 2533 1758 artibus
2570 1700 2845 1771 pontiﬁcis
2874 1700 3109 1760 animus,
3142 1697 3250 1751 imo
3278 1706 3331 1753 et
3366 1710 3660 1767 praeprope.

423 1793 604 1860 cibus,
650 1793 864 1850 amante
911 1806 967 1851 et
1016 1798 1311 1868 instigante
1352 1797 1617 1862 daemone,
1672 1796 1828 1853 novis
1870 1796 1993 1865 qui-
2028 1775 2073 1835 Β
2102 1809 2189 1849 ras
2221 1793 2303 1850 eis
2327 1794 2536 1849 litteras
2564 1791 2847 1864 pacisiam
2882 1794 3129 1847 dederat.
3178 1793 3237 1847 Si
3293 1792 3440 1846 enim
3476 1804 3655 1844 verum

425 1885 653 1939 busdam
680 1889 987 1957 praestigiis,
1022 1888 1281 1960 falsisque
1312 1890 1583 1945 vaticiniis
1608 1890 1861 1944 incautos
1893 1888 1995 1943 de-

424 1975 699 2043 cipiebant
740 1977 1018 2048 plurimos.
1056 1979 1129 2034 Eo
1163 1981 1463 2050 proclivior
1492 1989 1610 2036 erat
1653 1981 1705 2035 in
1749 1994 1996 2034 errorem

424 2067 631 2137 lapsus,
661 2085 790 2139 quo,
820 2069 1023 2126 Irenaeo
1050 2080 1189 2126 teste
1218 2073 1283 2136 ¹³,
1316 2088 1566 2127 verorum
1608 2068 1993 2123 miraculorum

423 2156 599 2227 gloria
648 2162 975 2216 coruscabat
1021 2162 1200 2216 adhuc
1258 2159 1528 2223 Ecclesia,
1578 2158 1994 2229 cmlestiumque

418 2249 716 2320 gratiarum
741 2252 881 2307 dona
916 2252 1101 2306 multis
1148 2252 1202 2305 in
1246 2250 1385 2306 locis
1425 2250 1745 2318 frequenter
1784 2253 1992 2308 emica-

428 2342 579 2395 bant.
606 2341 744 2398 Hinc
761 2343 1064 2397 animorum
1089 2340 1390 2407 dissensio;
1417 2341 1560 2407 aliis,
1586 2344 1784 2412 quibus
1807 2343 1989 2398 lucum

419 2432 652 2489 faciebat
701 2434 1323 2505 pseudo-praphetarnm
1382 2434 1635 2489 simulata
1706 2436 1975 2491 sanctita-

418 2526 492 2581 tis
528 2527 763 2596 species,
804 2536 860 2580 et
893 2535 1173 2580 austerum
1228 2525 1443 2580 vivendi
1498 2541 1671 2597 genus
1715 2528 1784 2583 ab
1841 2530 1989 2585 omni

414 2618 629 2673 lautitia
658 2627 713 2673 et
737 2618 950 2673 deliciis
998 2626 1332 2686 temperans,
1388 2618 1704 2675 Montanum
1749 2629 1804 2676 et
1842 2636 1991 2677 asse-

414 2712 529 2767 clas
592 2710 890 2781 prophetiae
964 2711 1158 2780 spiritu
1225 2710 1550 2782 praelulgere
1613 2713 1986 2783 opinantibus,

413 2819 622 2873 eosque
662 2803 1032 2873 utprOphetas
1058 2803 1483 2874 suscipientibus
1526 2815 1693 2876 atque
1740 2806 1989 2861 miranti-

413 2897 548 2961 bus;
581 2895 721 2961 aliis,
760 2904 818 2949 ut
845 2906 985 2961 erat,
1018 2911 1048 2950 a
1086 2895 1469 2953 cacodtemone
1501 2896 1713 2954 amatos
1759 2900 1987 2955 creden-

412 2987 583 3052 tibus,
609 2996 663 3042 et
690 2995 747 3041 ut
773 2987 1201 3057 prmstigiatores
1236 3002 1302 3043 ac
1333 2988 1531 3044 diaboli
1574 3004 1782 3061 organa
1827 2992 1986 3046 dam-

412 3082 670 3138 nantibus
733 3091 788 3135 et
837 3079 1271 3150 proﬁigantibus.
1322 3078 1534 3135 Interea
1582 3084 1983 3152 persecutionis
2012 3119 2057 3177 α

411 3184 578 3230 aestus
609 3173 851 3243 Lugduni
887 3180 941 3228 et
989 3171 1208 3228 Viennae
1243 3174 1297 3229 in
1341 3172 1535 3231 Galliis
1570 3176 1983 3244 eﬂ‘ervescebat,

409 3265 741 3333 plurimique
766 3278 798 3319 e
829 3263 1077 3319 ﬁdelibus
1106 3272 1222 3319 tum
1251 3264 1430 3330 laicis,
1458 3275 1570 3320 tum
1593 3266 1829 3334 clericis,
1861 3285 1984 3324 cum

411 3356 649 3411 Pothino
677 3354 1024 3425 Lugdunensi
1051 3355 1457 3426 comprehensi,
1498 3366 1553 3413 et
1584 3358 1637 3412 in
1671 3368 1840 3415 tetros
1864 3375 1987 3415 car-

412 3464 567 3503 ceres
604 3448 856 3516 cenjecti,
892 3446 1177 3517 egregium.
1217 3447 1615 3519 multiplexque
1655 3450 1984 3507 Christiana:

413 3540 734 3596 constantiae
757 3541 809 3594 in
835 3539 1177 3611 perferendis
1227 3542 1513 3597 tormentis
1557 3544 1840 3612 specimen.
1870 3545 1987 3601 edi-

411 3635 627 3690 derant.
654 3633 898 3687 Consulti
927 3633 981 3687 in
1012 3633 1117 3688 hoc
1160 3643 1466 3704 temporum
1498 3635 1807 3691 miserrimo
1838 3645 1983 3691 statu

411 3725 805 3797 Lugdunenses
848 3734 903 3779 et
938 3725 1277 3782 Viennenses
1322 3726 1391 3781 ab
1431 3725 1689 3781 Ecclesiis
1739 3727 1885 3783 Asiae
1932 3738 1986 3783 et

411 3819 685 3892 Phrygias,
718 3818 847 3889 quid
883 3819 951 3874 de
986 3819 1140 3876 novis
1187 3821 1465 3891 prophetis
1502 3821 1786 3887 sentirent,
1813 3837 1987 3892 [pecu-

413 3913 537 3967 liari
565 3913 789 3982 epistola
812 3914 1215 3984 signiﬁcarunt.
1244 3913 1349 3984 Ipsi
1375 3924 1642 3985 martyres
1668 3915 1720 3969 in
1762 3930 1986 3970 carcere

412 4008 718 4073 constituti,
765 4023 903 4078 quos
954 4008 1320 4064 Ecclesiarum
1366 4006 1724 4063 Orientalium
1771 4020 1986 4079 pertur-

411 4099 563 4154 bat-io
596 4100 790 4170 magis,
820 4115 982 4170 quam
1015 4101 1231 4170 propria
1264 4100 1553 4156 calamitas
1580 4101 1835 4170 angebat,
1868 4117 1988 4157 sen-

412 4192 644 4246 tentiam
706 4192 883 4262 rogati
936 4192 1166 4262 privatis
1215 4190 1463 4261 epistolis
1514 4192 1796 4258 dixerunt,
1848 4208 1987 4263 quas

411 4286 529 4341 suis
554 4285 754 4355 adjecit
788 4285 989 4352 clerus,
1028 4295 1086 4341 ut
1132 4294 1437 4358 martyrum
1484 4286 1813 4343 auctoritate
1843 4288 1989 4357 judi-

412 4380 557 4435 cium
586 4393 745 4433 suum
792 4378 1056 4434 ﬁrmaret.
1089 4378 1411 4449 Religiosum
1443 4380 1499 4435 in
1534 4380 1742 4449 primis,
1787 4392 1835 4435 et
1867 4398 1991 4437 cum

2099 1887 2171 1940 sit
2216 1888 2359 1956 quod
2398 1885 2591 1941 scribit
2634 1885 3003 1941 Tertullianus
3037 1886 3191 1941 initio
3242 1885 3367 1940 libri
3421 1883 3660 1937 adversus

2098 1974 2369 2044 Praxean,
2416 1978 2553 2033 idem
2576 1977 2876 2042 LPraxeas,
2929 1994 3053 2033 cum
3106 1977 3338 2032 Romam
3407 1976 3656 2038 venisset,

2096 2078 2221 2122 tunc
2241 2072 2543 2137 episcOpum
2570 2069 2871 2126 Romanum
2899 2080 3261 2141 agnoscentem
3293 2069 3412 2138 jam
3448 2069 3662 2137 prophe-

2096 2160 2197 2213 tias
2226 2160 2489 2225 Montani,
2516 2158 2737 2226 Priscaz,
2774 2162 3110 2224 Maximillw,
3140 2172 3186 2215 et
3212 2177 3275 2215 ea:
3298 2161 3377 2230 :ea
3402 2158 3659 2228 agnitione

2092 2268 2271 2321 pacem
2290 2248 2529 2306 Ecclesiis
2556 2253 2695 2309 Asitc
2716 2266 2764 2310 et
2796 2254 3046 2326 Phrygia:
3070 2254 3414 2323 inferentem,
3446 2250 3577 2320 falsa
3600 2249 3660 2304 de

2094 2344 2224 2413 ipsis
2260 2350 2311 2396 et
2345 2342 2598 2399 Ecclesiis
2646 2362 2827 2401 eorum
2872 2350 3222 2401 asseverando
3274 2345 3381 2413 (sic
3406 2344 3495 2397 ille
3519 2342 3660 2396 Mon-

2093 2438 2415 2493 tanistarum
2461 2439 2669 2510 laqueis
2709 2440 2821 2509 jam
2880 2438 3168 2505 irretitus),
3201 2446 3254 2491 et
3289 2450 3656 2505 prrrcessorum

2090 2529 2204 2598 ejus
2238 2531 2576 2585 auctoritates
2607 2530 2959 2599 defendendo,
3000 2531 3167 2598 coegit
3201 2539 3250 2582 et
3277 2528 3482 2581 litteras
3521 2525 3657 2596 pacis

2087 2638 2329 2677 revocare
2342 2622 2463 2693 jam
2489 2624 2727 2688 emissas,
2772 2632 2819 2675 et
2860 2638 2893 2675 a
2930 2622 3193 2691 proposito
3240 2619 3652 2689 recipiendorum

2088 2717 2468 2770 charismatum
2520 2731 2847 2771 concessure.
2907 2714 3039 2769 Eum
3083 2713 3301 2783 quidem
3353 2713 3655 2781 episcopum

2088 2806 2390 2863 Romanum
2430 2808 2650 2878 proprio
2699 2806 2922 2861 nomine
2980 2804 3269 2873 designare
3323 2802 3657 2857 Tertulliano

2086 2918 2194 2958 non
2237 2900 2481 2973 placuit;
2516 2901 2674 2970 {unde
2721 2898 2814 2953 alii
2857 2898 3171 2965 Anicetum,
3224 2896 3315 2950 alii
3363 2896 3653 2960 Victorem,

2086 2994 2179 3049 alii
2201 2994 2366 3048 alium
2392 2992 2716 3064 intelligunt.
2749 2992 2820 3046 At
2851 2990 2906 3045 in
2938 2989 3290 3045 Eleutherum
3322 2991 3497 3060 magis
3525 3004 3655 3059 qua-

2088 3088 2247 3145 drare
2282 3088 2538 3142 videntur
2586 3086 2803 3153 omnia;
2850 3094 2906 3139 et
2954 3100 3075 3153 quae
3105 3084 3191 3138 hic
3223 3092 3525 3137 narrantur
3566 3096 3657 3148 ap-

2088 3180 2263 3251 prime
2291 3180 2645 3235 consentiunt
2672 3192 2803 3232 cum.
2821 3177 3177 3247 epistolarum
3213 3175 3655 3245 Lugdunensium

2085 3286 2141 3329 et
2168 3272 2553 3327 Viennensium
2585 3257 3047 3325 circumstantiis:
3074 3266 3199 3321 Haec
3224 3267 3524 3336 contigisse
3546 3279 3656 3318 cer-

2089 3374 2199 3419 tum
2229 3373 2314 3419 est
2337 3363 2579 3431 ipsismet
2615 3346 3073 3415 Montanistarum
3111 3360 3302 3425 initiis,
3352 3375 3478 3415 cum
3531 3370 3653 3411 nec-

2087 3458 2212 3513 dum
2254 3458 2307 3512 in
2355 3465 2601 3526 apertum
2641 3454 2880 3508 schisma
2928 3461 3251 3521 eruperant,
3297 3460 3351 3505 et
3405 3451 3657 3505 Ecclesia:

2086 3547 2369 3602 catholica:
2397 3547 2698 3615 episcopos,
2746 3543 3056 3597 Romanum
3100 3542 3159 3595 in
3197 3540 3391 3611 primis
3419 3540 3655 3595 circum-

2087 3641 2271 3695 venire
2297 3641 2633 3701 nitebantur,
2672 3644 2729 3691 ut
2756 3634 2915 3704 hujus
2937 3635 3272 3690 auctoritate
3292 3633 3658 3703 pseudo-pro-

2087 3735 2302 3805 pbetias
2331 3733 2627 3797 munirent,
2660 3740 2717 3785 et
2741 3729 2910 3784 tutius
2939 3727 3302 3783 ell‘underent.
3362 3726 3655 3781 Audierant

2088 3825 2482 3898 Lugdunenses
2519 3834 2574 3881 et
2622 3822 2988 3887 Viennenses,
3040 3818 3284 3891 [LXXX]
3330 3820 3404 3875 ab
3444 3817 3659 3872 Asianis

2086 3919 2229 3976 forte
2255 3920 2466 3985 moniti,
2494 3921 2781 3988 deceptum
2821 3915 3174 3970 Eleutherum
3222 3911 3656 3981 intempestivam

2086 4028 2275 4083 pacem
2323 4012 2576 4068 fanaticis
2629 4011 2880 4076 dedisse;
2926 4007 3052 4061 inde
3108 4004 3315 4059 turbari
3353 4004 3564 4068 lideles,
3594 4016 3657 4055 ac

2087 4104 2461 4161 Ecclesiarum
2495 4100 2868 4157 dissensiones
2900 4097 3115 4169 augeri.
3144 4096 3186 4150 E
3209 4111 3268 4150 re
3287 4110 3385 4149 sua
3412 4093 3657 4149 arbitrati

2088 4214 2151 4254 ex
2187 4199 2368 4253 animo
2396 4196 2669 4267 pontilicis
2699 4202 3015 4261 conceptam
3046 4190 3354 4260 opinionem
3399 4186 3656 4248 evellere,

2089 4294 2156 4346 ad
2193 4306 2316 4347 eum
2346 4289 2610 4354 scribunt,
2648 4298 3061 4357 martyrumque
3100 4279 3363 4351 epistolas
3404 4281 3656 4341 mittunt;

2091 4386 2296 4444 hortati
2329 4393 2387 4438 ut
2412 4386 2480 4439 ad
2515 4384 2846 4438 invictorum
2898 4379 3102 4436 Christi
3158 4376 3491 4431 athletarum
3538 4386 3657 4427 sen-

414 4482 554 4527 recta
589 4471 696 4540 ﬁde
739 4472 1068 4527 consentiens
1120 4472 1308 4535 fuisse,
1361 4488 1425 4528 ac
1474 4474 1702 4542 proinde
1752 4476 1985 4545 pseudo—
2016 4480 2061 4537 D
2092 4478 2345 4542 tentiam,
2392 4474 2548 4543 cujus
2594 4482 2802 4528 tantum
2836 4472 2891 4528 in
2930 4470 3172 4527 Ecclesia
3219 4468 3458 4538 pondus,
3508 4480 3657 4520 suam

412 4566 712 4635 prepbetis,
744 4574 803 4620 ut
833 4580 933 4634 par
966 4574 1105 4628 erat,
1131 4566 1442 4632 adversum,
1470 4570 1672 4624 asserit
1694 4569 1739 4625 is
1756 4572 1846 4640 qui
1874 4586 1991 4626 om-
2016 4600 2049 4617 οη

414 4653 563 4707 nium
594 4655 855 4724 epistolas
883 4656 1090 4727 legerat
1115 4656 1385 4713 Eusebius
1419 4658 1483 4713 “.
1526 4660 1688 4718 Certe
1714 4677 1744 4717 a
1775 4663 1986 4718 Monta-

413 4744 707 4811 nistarum,
748 4748 840 4817 qui
874 4749 1254 4818 peccatoribus
1301 4750 1561 4807 Ecclesia.
1608 4752 1753 4809 fores
1798 4756 1986 4811 occlu-

415 4839 635 4905 debant,
677 4840 1018 4898 immanitate
1081 4845 1363 4914 probanda
1408 4846 1607 4916 procul
1655 4848 1887 4904 aberant
1922 4850 1986 4915 ii,

414 4932 505 5002 qui
533 4948 694 5003 neque
722 4933 865 5001 fastu
890 4945 940 4988 et
962 4938 1272 5007 arrogantia
1304 4939 1707 4995 intumescentes
1741 4944 1989 4995 adversus

414 5022 612 5092 lapsas,
638 5038 801 5094 neque
822 5024 1058 5079 dolorem
1089 5028 1272 5095 matri,
1297 5038 1389 5081 aut
1412 5028 1670 5097 fratribus
1706 5032 1989 5087 discidium

418 5130 482 5167 ac
507 5114 725 5182 bellant,
757 5116 847 5170 sed
890 5119 1143 5188 gaudium
1195 5130 1244 5175 et
1289 5138 1475 5189 pacem
1520 5132 1570 5178 et
1625 5126 1988 5192 concordiam,

415 5207 829 5281 charitatemque
860 5212 1102 5265 omnibus
1136 5216 1510 5286 relinquentes,
1556 5218 1844 5288 gratiﬁcati
1868 5231 1986 5273 sunt

413 5301 480 5355 iis
519 5303 610 5371 qui
643 5302 799 5371 ﬁdem
843 5316 1181 5375 negaverant,
1229 5320 1543 5380 mortuaque
1576 5309 1692 5381 jam
1742 5312 1991 5368 Ecclesia:

416 5393 653 5444 membra
688 5396 755 5447 ad
780 5394 940 5449 vitam
966 5409 1376 5467 revocaverant;
1397 5403 1599 5472 quique
1627 5404 1717 5459 uni
1745 5419 1774 5458 e
1802 5406 1987 5471 sociis,

417 5478 475 5534 S.
508 5482 809 5546 Alcibiadi,
841 5499 1246 5557 persuaserant,
1278 5502 1337 5546 ut
1368 5508 1397 5547 a
1430 5496 1568 5551 duro
1602 5496 1693 5551 illo
1733 5510 1787 5552 et
1826 5513 1992 5567 squa-

414 5575 527 5630 lido
581 5576 806 5633 vivendi
864 5597 1087 5653 genere,
1150 5587 1293 5656 quod
1343 5584 1672 5644 all‘ectabant
1709 5590 1830 5645 novi
1863 5605 1992 5661 pro-

525 5754 566 5785 "
600 5754 822 5824 Euseb.,
853 5759 951 5817 lib.
979 5777 1035 5831 ν,
1066 5778 1116 5823 c.
1146 5765 1198 5821 5.

1303 5766 1344 5799 ’⁸
1383 5764 1504 5821 Lib.
1538 5780 1599 5833 ιι,
1631 5781 1681 5821 c.
1716 5766 1806 5837 3i,
1847 5783 1899 5821 n.
1930 5767 1984 5836 2,
2014 5778 2145 5825 etc.
2180 5768 2268 5838 52,
2298 5785 2349 5825 η.
2382 5767 2438 5836 4,
2473 5768 2539 5837 5;
2570 5766 2604 5821 l.
2635 5783 2687 5833 v,
2718 5782 2766 5823 c.
2804 5766 2859 5833 5,
2891 5781 2947 5821 tt.
2989 5765 3037 5822 l.

2088 4576 2479 4639 componeret;
2503 4582 2569 4621 ac
2599 4566 2651 4621 id
2683 4566 2825 4638 quod
2859 4578 3208 4636 praeprOpere
3233 4570 3480 4635 gesserat
3507 4572 3662 4613 revov

2087 4664 2283 4730 cando,
2339 4661 2705 4717 dissensiones
2757 4666 2907 4714 ortas
2956 4657 3191 4721 sedaret,
3241 4668 3544 4726 pacemque
3608 4650 3656 4702 in

2087 4756 2337 4813 Ecclesia
2360 4753 2548 4823 judicii
2587 4752 2671 4807 sui
2705 4752 3030 4807 auctoritate
3065 4749 3397 4805 restitueret.
3437 4746 3649 4800 Interea

2088 4852 2435 4906 commodum
2469 4849 2666 4904 accidit
2697 4856 2758 4902 ut
2789 4846 3028 4902 Praxeas
3071 4845 3138 4899 ab
3172 4840 3397 4898 Oriente
3434 4841 3657 4892 llomam

2086 4944 2337 5008 veniens,
2374 4942 2826 4997 Montanistarum
2881 4937 3101 4993 fraudes
3146 4937 3250 4991 sibi
3297 4935 3469 5005 probe
3507 4942 3658 4987 notas

2088 5037 2382 5093 Eleuthero
2437 5034 2733 5105 aperuerit,
2798 5034 3084 5102 ipsumque
3130 5028 3400 5083 monuerit
3463 5026 3575 5096 jam
3626 5037 3656 5075 a

2088 5129 2469 5188 decessoribus
2536 5126 2666 5189 suis,
2735 5125 2930 5179 Sotere
2981 5122 3254 5186 videlicet,
3317 5117 3654 5190 repudiatam

2087 5240 2207 5281 esse
2243 5221 2606 5292 prophetiam.
2644 5219 2724 5273 Ita
2757 5233 2877 5272 cum
2921 5214 3365 5287 Lugdunensium
3411 5208 3656 5279 epistolis

2086 5317 2383 5373 accedente
2414 5328 2596 5367 rerum
2640 5311 2857 5376 notitia,
2905 5308 3230 5363 Eleutherus
3280 5314 3483 5359 mutata
3534 5317 3655 5355 sen-

2089 5408 2254 5464 tentia
2280 5408 2485 5460 litteras
2507 5404 2657 5472 pacis
2694 5414 2899 5456 revocat
2936 5402 3056 5470 jam
3094 5398 3338 5463 emissas,
3372 5404 3657 5461 ortatnque

2088 5500 2416 5556 discordiam
2448 5496 2764 5564 compescit.

2159 5592 2213 5650 9.
2249 5589 2443 5647 Omnia
2467 5590 2585 5646 haec
2611 5596 2738 5658 apte
2766 5584 2929 5642 simul
2967 5584 3265 5649 cohmrent,
3309 5589 3657 5647 mutuamQIte

3136 5765 3178 5799 ⁸⁸
3203 5760 3267 5819 L.
3298 5779 3348 5829 ν,
3383 5774 3432 5814 c.
3464 5756 3577 5812 2st
3601 5754 3654 5807 5.
