3954 6352
186 348 280 404 181

834 337 1298 403 DISSERTATIO
1329 339 1394 409 ll,
1432 340 1592 397 ΛΚΤ.
1628 338 1670 405 1,
1706 338 1748 391 D

1857 335 1890 393 ἴ.
1928 335 2187 396 [BENE]
2218 336 2389 399 VlTA
2425 342 2515 399 ΕΤ
2550 338 2814 403 GESTIS.

3344 350 3445 407 188

182 465 283 518 sibi
308 463 483 518 lucem
526 464 656 519 inde
696 465 929 520 atterunt
966 464 1335 521 Tertullianus
1380 474 1436 518 et
1468 464 1757 519 Eusebius.
1791 460 1833 517 Α
1864 468 2172 528 serpentem
2208 462 2310 516 sub
2352 462 2513 532 huius
2545 464 2727 519 saeculi
2764 466 2923 521 tinem
2965 470 3202 536 agnitam
3249 466 3440 533 fuisse.

187 554 306 610 Hac
356 556 676 625 conjectura
729 559 973 613 omnium
1029 568 1179 613 certe
1225 556 1579 626 probabilior.
1626 557 1759 611 Eam

183 649 374 702 dudum
400 660 771 716 proposuerat
805 650 1069 705 Henricus
1095 650 1341 705 Valesius
1378 650 1446 714 ι’,
1486 650 1537 702 in
1579 648 1760 702 illam-

183 755 279 805 que
334 742 473 795 satis
508 742 888 810 propendebat
944 745 1098 797 boum
1154 742 1428 797 memoriae
1463 740 1758 796 Tillcmon-

182 832 280 885 tius
310 834 394 897 ης
446 848 520 907 ne
556 844 737 889 tamen
786 845 1030 890 tueretur
1072 837 1155 888 vir
1198 836 1548 889 doctissimus
1591 849 1759 888 unum

179 923 401 979 obstitit.
434 925 729 992 Nimirum,
767 927 961 997 inquit,
985 927 1354 983 Tertullianns
1378 943 1541 997 quam
1574 935 1761 981 narrat

180 1015 466 1071 historiam
532 1029 756 1073 mutata:
808 1036 836 1071 a
889 1036 1100 1074 summo
1157 1020 1448 1089 pontifice,
1504 1029 1759 1073 mouente

180 1107 405 1173 Praxea,
440 1113 753 1177 sententiae,
796 1122 902 1167 tam
938 1120 1087 1167 arcte
1119 1128 1240 1167 cum
1265 1113 1506 1182 ejusdem
1539 1110 1760 1165 Praxeae

181 1199 365 1252 heresi
396 1202 650 1271 colligat,
685 1214 746 1258 ut
795 1214 1083 1275 utrumque
1123 1206 1312 1257 eodem
1351 1214 1593 1273 tempore
1626 1219 1759 1258 con-

182 1290 356 1358 tigisse
388 1294 672 1351 videatur.
729 1297 800 1351 At
835 1307 1040 1352 certum
1068 1304 1149 1352 est
1176 1295 1419 1350 Praxean
1446 1311 1553 1351 non
1582 1310 1760 1351 emer-

180 1385 325 1449 sisse,
358 1388 469 1442 nisi
503 1400 627 1459 post
658 1400 949 1460 utrumque
985 1392 1350 1455 Theodotum,
1390 1406 1619 1460 quorum
1665 1404 1761 1442 an-

184 1478 379 1547 tiquior
407 1481 516 1534 sub
554 1479 778 1538 Victore
812 1485 1043 1553 primum
1078 1486 1226 1540 visus
1259 1493 1362 1540 est.
1393 1484 1570 1538 Alium
1598 1482 1760 1553 igitur

180 1585 326 1640 quam
362 1570 649 1627 Victorem
679 1576 990 1645 episcopum
1042 1577 1344 1631 Romanum
1386 1591 1607 1631 monere
1648 1591 1755 1629 non

181 1666 339 1735 potuit
372 1666 646 1723 Praseas.
676 1668 751 1723 Ita
783 1671 869 1724 vir
902 1670 1261 1725 clarissimus.
1296 1671 1495 1725 Verum
1537 1667 1754 1739 quidem

178 1767 252 1811 cst
288 1757 377 1811 illa
435 1770 844 1829 consequenter
898 1776 928 1817 a
980 1762 1315 1817 Tertulliano
1369 1763 1561 1817 referri
1601 1780 1614 1816 :
1651 1776 1754 1815 non
1787 1802 1831 1855 Β

180 1859 345 1903 tamen
394 1850 530 1905 hinc
582 1851 769 1908 inferri
830 1868 988 1923 posse
1040 1864 1225 1924 putem
1281 1855 1466 1909 eodem
1536 1869 1757 1924 prorsus

178 1951 411 2007 tempore
471 1945 805 2014 contigisse;
860 1948 968 2001 imo
1021 1948 1352 2003 contrarium
1401 1947 1593 2000 suadet
1643 1955 1755 2000 tota

177 2035 508 2088 narrationis
548 2036 954 2091 Tertullianica:
1000 2039 1175 2093 series
1214 2039 1279 2094 ".
1316 2038 1537 2092 Constat
1586 2036 1755 2106 siqui-

174 2128 281 2182 dem
314 2124 601 2191 Praxean,
653 2144 775 2183 eum
795 2144 861 2182 ex
884 2130 1013 2184 Asia
1038 2129 1262 2185 Romam
1287 2128 1525 2190 advenit,
1554 2127 1757 2183 Roma-

173 2232 339 2286 noque
369 2220 642 2289 episeopo
688 2232 883 2276 auctor
911 2221 1107 2278 fuit'ut
1136 2222 1346 2277 litteras
1391 2220 1541 2292 pacis
1596 2220 1754 2276 datas

172 2308 515 2366 Montanistis
571 2322 878 2379 revocaret,
928 2316 1257 2370 catholicam
1313 2314 1497 2389 fidem,
1552 2315 1599 2368 si
1644 2330 1752 2371 non

172 2402 344 2453 animo
374 2404 648 2470 tenuisse,
699 2404 896 2461 saltem
934 2408 1113 2462 adhuc
1160 2406 1470 2469 simulasse,
1511 2420 1615 2460 nec
1649 2407 1751 2462 nisi

170 2501 280 2560 post
303 2494 520 2563 aliquot
550 2512 726 2553 annos
764 2498 1163 2569 deprehensum
1207 2498 1375 2554 fuisse
1405 2500 1748 2555 limreticnm.

172 2582 343 2651 Neque
371 2587 523 2641 enim
562 2588 725 2643 tidem
756 2600 863 2643 tam
891 2591 1048 2646 facile
1076 2592 1216 2661 apud
1257 2592 1573 2661 pontificem
1613 2591 1754 2645 obti—

173 2678 368 2731 nuisset
405 2679 656 2746 perfidus
707 2681 1093 2750 litercsiarcba,
1146 2700 1306 2755 quem
1358 2686 1533 2741 turbis
1566 2686 1619 2740 in
1653 2684 1755 2739 Ec-

173 2766 325 2824 clesia
356 2772 576 2828 ciendis
608 2776 829 2830 studere
872 2786 1210 2846 compertum
1263 2777 1482 2835 fuisset.
1536 2778 1643 2834 Sed
1683 2795 1751 2836 ne

176 2863 443 2933 quidpiam
473 2866 567 2921 hic
602 2870 939 2940 conjectnris
969 2872 1253 2944 indulgere
1285 2875 1496 2941 videar,
1536 2873 1754 2929 Tertul-

174 2956 364 3011 lianum
422 2959 605 3027 ipsum
669 2964 1011 3021 audiamus:
1055 2966 1489 3035 Fruticaverant,
1550 2968 1749 3038 inquit,

174 3065 336 3103 nunc
366 3049 694 3119 Praxeantc,
740 3055 827 3109 hic
867 3074 1069 3129 quoque
1124 3060 1571 3127 snperseminatte,
1625 3062 1750 3114 dor-

175 3143 443 3198 mientibus
473 3147 661 3199 multis
688 3149 741 3201 in
773 3150 1113 3218 simplicitate
1148 3154 1410 3208 doctrina:
1441 3170 1460 3207 :
1489 3156 1748 3209 traducttz

175 3238 345 3291 dehinc
368 3256 466 3307 per
494 3256 649 3310 quem
682 3239 820 3295 Deus
858 3245 1039 3311 uoluit,
1079 3246 1239 3300 etiam
1271 3246 1465 3299 evulsa:
1494 3246 1744 3300 videban-

176 3338 270 3381 tur.
303 3330 546 3401 Denique
577 3346 786 3389 caverat
820 3338 1107 3405 pristinum
1152 3340 1338 3394 doctor
1392 3340 1457 3394 de
1497 3340 1749 3393 emenda-

175 3426 301 3478 tione
329 3442 467 3489 sua;
516 3436 567 3480 et
596 3437 770 3481 manet
812 3430 1218 3500 chirographum
1259 3433 1402 3499 apud
1437 3432 1747 3504 Psychicos,

176 3516 302 3581 apud
348 3534 486 3585 quos
536 3529 683 3587 gesta
716 3536 798 3573 res
823 3532 931 3586 est;
972 3523 1160 3576 exinde
1205 3523 1493 3595 silentium.
1548 3524 1615 3579 Et
1656 3544 1748 3582 nos

174 3608 368 3674 quidem
410 3621 602 3679 postea
647 3612 851 3680 agnitio
919 3612 1226 3680 Paracleti,
1276 3627 1436 3686 atque
1487 3617 1747 3686 defensio,

176 3701 425 3770 disjunxit
456 3722 490 3757 α
526 3703 821 3775 Psyrlticis.
870 3707 1060 3776 itaque
1100 3711 1338 3778 primum
1367 3714 1586 3768 steriles
1618 3729 1749 3769 ave-

176 3811 282 3859 nas,
322 3805 382 3849 ut
424 3813 555 3851 cum
616 3796 845 3867 Virgilio
896 3799 1135 3871 loquitur
1196 3802 1590 3869 Tertullianus,
1652 3819 1748 3860 seu

174 3887 355 3941 falsam
392 3889 705 3945 doctrinam
761 3893 1053 3948 seminavit
1095 3893 1355 3961 Praxcas,
1414 3912 1519 3951 non
1565 3896 1746 3967 palam

173 3982 402 4051 quidem,
438 3984 535 4038 sed
581 3983 743 4050 clam,
788 3986 1170 4040 dormientibus
1218 3988 1396 4041 multis
1449 3990 1505 4042 in
1540 3991 1749 4060 simpli-

174 4075 316 4126 citate
340 4075 629 4143 doctrinae,
684 4092 783 4132 nec
842 4077 1029 4134 infelix
1074 4082 1259 4135 lolium
1312 4083 1743 4140 advertentibus.

115 4220 133 4233 ,
174 4165 291 4221 Tam
322 4185 518 4238 parum
553 4170 656 4224 sibi
682 4174 751 4223 ab
783 4186 851 4226 eo
881 4174 1149 4228 cavebant
1177 4174 1384 4238 ﬁdeles,
1422 4187 1479 4229 ut
1507 4176 1614 4253 jam
1639 4174 1749 4230 fru-

173 4262 395 4318 ticarent
443 4279 667 4329 attente,
707 4266 761 4319 id
804 4276 909 4330 est,
942 4281 1107 4335 prava
1156 4268 1412 4340 dogmata
1449 4272 1746 4327 multorum

172 4356 369 4411 animos
418 4368 759 4425 occuparent
807 4359 1237 4431 inlicerentque;
1300 4362 1476 4417 donec
1528 4365 1743 4419 tandem

1864 565 1927 605 ac
1952 552 2171 606 tandem
2200 554 2463 619 evulsam,
2490 566 2712 610 auctore
2737 567 3072 623 recantante,
3108 573 3230 613 cum
3259 558 3446 614 Victor

1865 641 2165 700 Ecclesium
2200 657 2435 717 regeret,
2474 658 2529 703 et
2563 661 2795 719 uterque
2843 650 3157 708 Theodotus
3190 656 3448 708 emersis-

1866 750 1982 805 set;
2022 741 2179 806 nihil,
2222 752 2371 812 puto,
2412 742 2865 798 aliirmaverimns
2888 746 3029 813 quod
3065 755 3328 815 repugnet
3359 746 3446 802 vel

1865 832 2226 901 Tertulliano,
2291 834 2371 889 vel
2421 837 2589 889 certis
2625 836 2867 889 historiae
2900 836 3291 891 ecclesiasticae
3327 852 3447 891 mo-

1866 928 2165 989 numentis,
2199 927 2285 981 vel
2325 936 2629 995 temporum
2689 928 3018 983 rationibus.
3070 927 3317 983 Viderint
3361 938 3446 983 ta-

1865 1037 1987 1076 men
2015 1021 2240 1084 eruditi,
2287 1036 2518 1090 quorum
2569 1020 2775 1090 judicio
2836 1019 3201 1087 conjecturas,
3227 1030 3444 1074 nostras

1864 1113 2098 1168 libenter
2156 1115 2543 1184 permittimus.
2604 1114 2711 1168 Sed
2760 1114 2828 1167 ad
2890 1112 3341 1183 Lugdunensium
3388 1118 3445 1165 et

1863 1203 2252 1260 Viennensium
2283 1205 2539 1274 epistolas
2572 1206 2877 1261 redeamus.

1934 1298 2021 1356 l0.
2070 1299 2115 1333 ¹⁸
2147 1302 2280 1356 Cum
2309 1301 2489 1358 clerus
2512 1311 2564 1357 et
2605 1311 2876 1372 martyres
2922 1304 3105 1357 varias
3155 1300 3441 1371 partimin

1860 1393 2049 1447 Asiam
2080 1402 2134 1448 et
2174 1392 2463 1466 Phrygiam
2497 1395 2562 1449 ad
2592 1394 2814 1459 fratres,
2849 1396 3052 1465 partim
3107 1394 3337 1448 Romam
3372 1393 3441 1447 ad

1863 1484 2217 1539 Eleutherum
2260 1502 2454 1556 papam
2489 1486 2703 1542 litteras
2758 1486 3144 1555 Scripsissent;
3177 1484 3440 1539 Irenaeum

1862 1589 2213 1648 rogaverunt,
2259 1589 2317 1633 ut
2342 1595 2434 1635 eas
2471 1596 2589 1651 qua:
2623 1581 2690 1635 ad
2724 1580 3078 1635 Eleutherum
3127 1578 3442 1649 dirigeban-

1863 1681 1970 1731 tur.
2012 1670 2261 1740 perferre
2313 1688 2416 1727 non
2473 1672 2895 1743 dedignaretur,
2946 1682 3001 1727 et
3052 1686 3246 1741 pacem
3298 1671 3442 1724 inter

1862 1763 2130 1819 Ecclesias
2189 1781 2287 1834 pro
2337 1766 2478 1821 virili
2532 1766 2873 1821 sollicitaret.
2920 1764 3265 1820 Provinciam
3317 1778 3439 1817 cum

1860 1857 2039 1913 libens
2087 1860 2419 1928 suscepisset
2474 1859 2860 1916 sanctissimus
2906 1860 3213 1930 presbyter,
3257 1856 3442 1927 profe-

1859 1955 2073 2001 cturum
2106 1958 2379 2019 martyres
2407 1950 2857 2004 commandarunt
2894 1949 3156 2018 pontifici,
3190 1958 3249 2002 ut
3278 1962 3441 2017 stipe-

1860 2040 1974 2095 rius
2002 2040 2262 2095 vidimus.
2299 2041 2431 2108 Quae
2478 2057 2610 2098 vero
2658 2057 2823 2097 causa
2875 2042 3041 2097 fuerit
3083 2051 3143 2095 ut
3175 2039 3441 2094 Irenaeum

1857 2144 1970 2198 prae
2003 2132 2215 2186 cteteris
2246 2131 2552 2200 delegerint
2591 2150 2714 2187 cum
2740 2136 2948 2199 clerus,
2991 2144 3103 2189 tum
3141 2142 3438 2203 martyres,

1856 2222 1950 2292 qui
1990 2221 2204 2277 litteras
2229 2237 2418 2276 eorum
2462 2222 2696 2276 Romam
2730 2224 3020 2292 perferret,
3050 2227 3350 2281 obscurum
3384 2226 3438 2279 in

1855 2314 2067 2386 primis.
2098 2314 2281 2369 Prima
2311 2315 2581 2386 siquidem
2608 2315 2788 2371 fronte
2813 2318 3189 2386 intempestiva
3217 2334 3441 2391 prorsus

1855 2423 1919 2463 ea
1949 2407 2151 2479 legatio
2180 2408 2420 2463 videtur.
2446 2408 2595 2474 Esto,
2629 2410 2911 2479 permagni
2950 2408 3148 2465 fuisset
3175 2410 3440 2465 momenti

1855 2500 1922 2556 de
1982 2516 2116 2571 pace
2154 2500 2524 2556 Ecclesiarum
2587 2500 2728 2570 apud
2783 2515 3057 2556 summum
3127 2504 3439 2573 pontificem

1856 2608 2054 2664 agere;
2087 2602 2144 2649 at
2176 2593 2333 2649 alteri
2367 2594 2686 2650 demandari
2729 2593 3010 2664 negotium
3038 2604 3297 2663 poterat;
3334 2596 3442 2653 sal-

1856 2692 1962 2739 tem
2023 2700 2128 2739 non
2181 2685 2317 2739 adeo
2364 2699 2555 2754 urgere
2608 2684 2920 2752 videbatur,
2984 2688 3115 2756 quin
3169 2688 3224 2741 in
3294 2687 3441 2743 aliud

1859 2784 2070 2843 tempus
2099 2773 2437 2829 commodius
2471 2772 2679 2828 ditl‘erri
2726 2775 3014 2844 potuisset.
3066 2773 3255 2844 Neque
3292 2778 3440 2831 enim

1855 2868 1910 2921 in
1949 2877 2059 2922 tam
2094 2868 2321 2922 adversa
2350 2874 2655 2936 temporum
2684 2868 3000 2923 conditione
3024 2908 3040 2933 ,
3078 2870 3341 2925 saeviente
3380 2869 3438 2923 in

1854 2962 2058 3017 Christi
2085 2976 2301 3032 gregem
2345 2963 2745 3031 persecutione,
2781 2961 3005 3017 clericis
3045 2961 3302 3017 omnibus
3348 2963 3436 3017 vel

1855 3056 1910 3110 in
1939 3055 2153 3111 vincula
2188 3056 2476 3126 conjectis,
2510 3055 2595 3111 vel
2632 3054 2867 3109 latebras
2908 3068 3155 3123 quaerere
3204 3054 3435 3119 coactis,

1776 3135 1820 3196 C
1853 3157 2221 3220 opportunum
2246 3158 2368 3203 erat
2399 3157 2458 3203 ut
2491 3148 2724 3203 lrentens
2751 3147 3014 3203 Ecclesia:
3044 3146 3212 3201 decus
3246 3162 3313 3203 ac
3342 3162 3438 3202 co-

1855 3244 2061 3306 lumen,
2091 3241 2246 3310 cujus
2279 3241 2572 3313 praesentia
2615 3240 2732 3296 suis
2785 3251 3077 3309 tantopere
3122 3240 3435 3295 necessaria

1852 3345 1994 3401 erat,
2029 3345 2135 3391 tam
2176 3334 2366 3407 procul
2402 3336 2732 3393 mitteretur.
2758 3335 2853 3391 His
2879 3334 3185 3390 rationibus
3214 3348 3435 3404 permo—

1856 3440 1941 3485 tus
1974 3430 2045 3485 cl.
2076 3429 2344 3484 Henricus
2373 3428 2620 3484 Valesius
2647 3428 2852 3483 fatetur
2887 3428 2930 3459 ¹⁹
2976 3426 3199 3499 quidem
3254 3434 3367 3480 tum
3404 3442 3433 3478 ι

1854 3523 2087 3580 Pothino
2117 3521 2467 3592 Lugdunensi
2514 3522 2795 3592 episc0po,
2833 3528 2945 3573 tum
2981 3535 3010 3573 a
3044 3520 3213 3583 clero,
3251 3528 3363 3572 tum
3401 3533 3431 3571 ι

1854 3616 2190 3689 martyribus
2238 3615 2584 3685 designatum
2629 3614 2805 3670 fuisse
2838 3613 3105 3668 lrenaaum
3153 3611 3246 3682 qui
3283 3610 3435 3682 lega-

1856 3713 2002 3767 tione
2031 3709 2173 3779 apud
2207 3723 2480 3763 summum
2532 3706 2852 3761 Pontilicem
2902 3705 3344 3777 perfungeretur,
3379 3715 3430 3761 et

1853 3816 1883 3855 a
1917 3797 2252 3870 martyribus
2280 3797 2720 3852 commendatum
2756 3795 2954 3861 fuisse;
2993 3796 3266 3864 expletam
3300 3809 3430 3851 vero

1853 3893 2178 3964 legationem
2210 3900 2387 3958 negat,
2430 3889 2525 3945 sed
2560 3889 2985 3958 superveniente
3006 3887 3221 3942 Pothini
3250 3896 3429 3943 morte

1850 3984 2007 4039 alteri
2030 3983 2197 4037 fuisse
2230 3980 2636 4045 demandatam,
2676 3992 2744 4033 ne
2787 3979 2843 4032 in
2889 3986 3039 4031 tanta
3090 3991 3272 4031 rerum
3324 3974 3431 4031 dif-

1851 4079 2095 4134 ficultate
2128 4091 2227 4131 suo
2278 4057 2556 4146 praecipuo
2608 4071 2815 4126 lumine
2864 4071 3176 4140 privaretur
3209 4068 3427 4125 viduata

1850 4185 1977 4225 mox
2016 4183 2114 4222 suo
2157 4174 2377 4236 pastore
2422 4163 2687 4218 Ecclesia.
2743 4161 3072 4217 Franciscus
3116 4161 3428 4217 Feuarden-

1851 4265 1958 4319 tius
1980 4263 2025 4295 ’θ
2055 4274 2109 4316 et
2136 4259 2434 4314 llalloixius
2466 4256 2512 4288 ²¹
2542 4264 2738 4327 putant
2792 4255 3081 4319 Irenazum,
3121 4256 3318 4309 nedum
3360 4254 3427 4308 ad

1848 4357 2227 4422 Eleutherum,
2262 4355 2358 4408 sed
2389 4360 2444 4407 et
2478 4350 2545 4405 ad
2577 4348 2851 4405 Ecclesias
2895 4350 3041 4403 Asia:
3084 4357 3140 4403 ct
3180 4347 3429 4419 Phrygi-.2

171 4448 488 4513 patefactum
517 4451 589 4504 sit
622 4450 822 4505 malum
856 4467 1062 4518 semen,
1092 4470 1185 4523 per
1204 4470 1353 4524 quem
1379 4454 1522 4510 Dens
1553 4454 1739 4520 voluit,
1773 4474 1821 4534 υ
1849 4450 2173 4521 legationem
2225 4447 2426 4502 obiisse
2461 4462 2475 4499 :
2509 4460 2634 4498 cum
2678 4444 2783 4499 hoc
2845 4452 3025 4497 tamen
3077 4442 3422 4507 discrimine,

172 4556 369 4609 nempe,
419 4552 480 4595 ut
527 4542 777 4607 videtur,
821 4559 919 4613 per
957 4544 1353 4601 Tertullianum
1392 4547 1599 4618 ipsum,
1648 4550 1738 4619 qui

168 4636 395 4686 nomium
462 4648 493 4687 a
532 4630 837 4690 Catholicis
894 4635 1190 4705 defecerat,
1256 4649 1315 4693 ut
1372 4641 1489 4709 ipse
1547 4643 1654 4704 ait;
1689 4653 1744 4698 et

168 4724 395 4780 Praxeas
421 4725 758 4795 palinodiam
785 4731 1173 4785 recantaverit.
1210 4730 1333 4785 llaec
1364 4736 1547 4789 omnia
1580 4737 1743 4791 simul

166 4828 214 4870 et
237 4819 422 4871 eodem
450 4830 701 4888 tempore
723 4820 1019 4890 contigisse
1047 4837 1208 4876 nemo
1234 4823 1335 4877 sibi
1365 4828 1704 4894 persuaserit
1727 4846 1742 4896 ;

167 4908 338 4979 plures
371 4926 554 4965 annos
594 4911 741 4965 inter
770 4927 1066 4966 avenarum
1108 4916 1545 4979 seminationem,
1587 4919 1746 4975 fruti-

168 5006 455 5067 estionem,
511 5004 960 5072 patefactionem,
1016 5016 1071 5061 et
1131 5007 1355 5064 Praxeze
1406 5010 1746 5081 palinodiam

169 5093 542 5151 intercessisse
600 5112 827 5152 necesse
879 5107 984 5153 est.
1045 5097 1164 5155 Jam
1216 5117 1350 5173 ergo
1402 5103 1446 5157 si
1500 5105 1747 5161 dicamus

171 5182 406 5241 Praxean
468 5185 769 5241 Eleuthero
832 5187 1001 5243 malas
1066 5200 1215 5246 artes
1287 5191 1745 5249 Montanistarnm

170 5281 441 5345 aperuisse
470 5294 618 5333 anno
652 5279 777 5343 177,
813 5294 922 5349 quo
966 5284 1109 5351 passi
1161 5293 1288 5338 sunt
1336 5298 1604 5359 martyres
1637 5285 1743 5343 Lu-

172 5370 496 5437 gdunenses;
527 5378 642 5424 tum
672 5387 770 5440 per
805 5373 995 5444 viginti
1025 5374 1249 5430 circiter
1296 5392 1472 5434 annos
1506 5381 1741 5436 catholi-

171 5477 278 5517 cam
314 5465 475 5519 fidem
513 5465 890 5533 simulantem,
937 5466 1168 5521 haeresin
1205 5468 1511 5525 clanculum
1557 5472 1739 5530 disse-

174 5555 418 5620 minssse,
480 5572 722 5626 eamque
765 5556 881 5628 jam
938 5570 1397 5616 matureScentem
1468 5562 1741 5635 latiusque

262 5651 304 5722 ξ·
334 5650 395 5707 lu
426 5648 633 5710 Adnot.
672 5654 727 5709 in
758 5655 857 5711 lib.
892 5669 925 5706 ν
954 5654 1174 5722 Euseb.
1211 5672 1261 5711 οι
1298 5658 1351 5713 5ο

176 5718 456 5787 ¹⁹Ευεεδη
488 5726 525 5780 l.
564 5742 619 5789 ν,
654 5741 704 5779 c.
744 5727 800 5781 '5.
896 5725 939 5756 ¹⁹
973 5726 1029 5781 In
1065 5718 1188 5782 Not.
1235 5730 1303 5783 ad
1338 5730 1369 5784 li

1432 5658 1480 5695 ⁸⁸
1507 5659 1570 5713 Τ.
1607 5661 1645 5714 ll
1702 5663 1837 5725 Hjst.
1869 5662 2028 5723 eccl.,
2062 5669 2174 5714 not.
2203 5659 2259 5720 4,
2305 5659 2357 5712 ἱη
2388 5656 2626 5713 Montan.

1359 5730 1432 5798 ib.
1474 5747 1508 5784 v
1553 5732 1693 5798 Hist.
1725 5734 1879 5798 Eus..
1925 5747 1973 5786 c.
2007 5733 2060 5786 4.

1844 4546 1988 4614 quod
2012 4541 2162 4612 prior
2187 4540 2315 4596 velit
2334 4554 2458 4594 eum
2484 4537 2716 4594 Pothino
2744 4536 2922 4592 adhuc
2953 4537 3008 4590 in
3045 4536 3179 4590 vivis
3202 4544 3420 4604 agente,

1842 4638 1983 4692 alter
2017 4645 2142 4706 post
2163 4636 2282 4706 ejus
2312 4648 2377 4689 ac
2400 4642 2719 4690 cmterorum
2751 4641 3054 4702 martyrum
3085 4644 3275 4683 necem
3301 4644 3430 4698 pro-

1841 4729 2045 4782 fectum
2086 4726 2275 4781 fuisse.
2324 4724 2590 4780 Baronius
2637 4725 2870 4795 denique
2912 4732 3106 4776 censet
3165 4720 3431 4776 Irenzeum

1844 4822 2069 4875 missum
2104 4834 2228 4875 esse
2260 4819 2328 4873 ad
2365 4818 2722 4873 Eleutherum
2761 4831 2983 4887 papam,
3012 4826 3067 4869 et
3098 4829 3221 4869 eam
3247 4816 3430 4883 reipsa

1845 4914 2172 4986 legationem
2217 4913 2453 4981 obiisse;
2505 4913 2572 4967 de
2623 4912 2826 4966 Asiana
2868 4920 3049 4966 autem
3085 4910 3432 4979 profectione

1846 5007 1972 5064 silet
2005 5022 2251 5077 prorsus.
2296 5005 2455 5061 Istius
2500 5006 2826 5061 sententiam
2865 5004 3217 5075 amplectitur
3252 5005 3298 5059 is
3335 5005 3427 5073 qui

1845 5113 2044 5155 novam
2081 5098 2373 5155 editionem
2407 5113 2634 5167 operum
2675 5098 2735 5151 S.
2782 5094 2982 5152 Leonis
3027 5112 3179 5167 papa:
3224 5110 3427 5166 procu-

1845 5192 1989 5246 ravit
2018 5192 2104 5245 vir
2142 5190 2492 5245 doctissimus
2527 5191 2595 5255 ”,
2633 5188 3011 5260 lrenteumque
3044 5200 3171 5245 ante
3208 5188 3428 5243 Pothini

1850 5294 2260 5357 martyrumque
2300 5291 2531 5337 mortem
2574 5282 2884 5352 profectum
2922 5298 3043 5339 esse
3084 5281 3429 5353 probabilius

1848 5377 2151 5431 existimat.
2190 5374 2331 5443 Quid
2364 5374 2479 5445 ,ipsi
2519 5389 2584 5431 ea
2619 5375 2687 5431 de
2722 5390 2782 5431 re
2814 5377 3139 5442 sentiamus,
3180 5373 3427 5444 proferre

1847 5466 2027 5523 liceat.
2834 5542 2835 5545 η

1922 5562 2008 5615 Η.
2046 5561 2114 5615 Et
2169 5561 2388 5630 quidem
2421 5561 2683 5617 Irenaeum
2736 5565 2789 5618 in
2835 5563 3016 5617 Asiam
3050 5574 3103 5619 et
3133 5561 3425 5633 Phrygiam

2707 5659 2749 5691 "
2791 5659 2927 5713 Adv.
2971 5660 3136 5715 Prax.
3214 5671 3335 5725 cap.
3368 5656 3420 5708 1.

2153 5731 2202 5763 ⁸⁸
2243 5731 2300 5784 In
2344 5730 2451 5785 Vit.
2486 5729 2547 5801 ὃ.
2595 5731 2736 5787 lren.
2769 5730 2979 5801 operib.
3029 5732 3148 5800 ejus
3178 5731 3418 5800 prmtisa.

174 5790 209 5819 "
237 5795 285 5845 tu
317 5794 452 5859 Yit.,
483 5815 535 5852 c.
570 5797 626 5851 7.
707 5797 755 5829 “
790 5794 856 5852 Τ.
883 5792 928 5850 ll
953 5811 1076 5852 nov.
1108 5799 1243 5855 odit.
1275 5800 1334 5856 S.
1364 5788 1533 5859 Leon.
1567 5788 1741 5860 Paris.
1782 5788 1879 5860 an:
1911 5803 2078 5869 1675;
2114 5802 2245 5859 diss.
2280 5816 2331 5871 ν,
2364 5816 2415 5858 c.
2452 5800 2535 5857 l3.
