3954 6352
518 299 621 353 185

1331 296 1936 357 DISSERTATIONES
1970 293 2275 350 ΡΒᾹΞῊᾸΞ.
2311 293 2378 349 1N
2419 293 2677 351 lRENAil
2718 294 2985 356 LIBROS.

3652 301 3741 356 184

511 410 1109 485 διιιεσιιιηθηςῑιιιιειθι
1149 412 1554 472 Viennensibus
1608 396 1832 470 misSum
1890 412 2089 474 fuiSSe,

2197 427 2362 480 quam
2393 411 2482 497 ﬁde
2540 411 2776 469 Montani
2822 414 3099 472 vaticiniis
3152 414 3540 488 Lugdunenses
3594 428 3742 489 atque

516 504 785 580 [LXXXI]
813 506 895 561 vel
914 509 966 561 in
990 520 1084 560 eas
1106 505 1354 577 regiones
1373 523 1598 576 usquam
1619 507 1901 576 migrasse,
1923 504 2093 573 gratis

512 599 779 664 omnino,
852 597 1106 665 nullaque
1167 610 1640 653 monumentorum
1707 598 2093 653 historicorum

514 691 621 745 ﬁde.
660 690 949 745 asseritur.
969 689 1217 745 Aﬂirmat
1241 691 1456 759 quidem
1483 690 1749 745 Eusebius
1778 691 1823 722 "
1863 692 2091 745 variasa

513 782 891 851 martyribus,
956 797 1078 837 cum
1138 782 1316 837 adhuc
1363 790 1677 836 tenerentur
1740 783 1793 837 in
1841 783 2091 849 vinculis,

515 872 580 925 de
618 886 751 940 pace
777 872 1138 928 Ecclesiarum
1183 874 1417 943 scriptas
1447 874 1615 931 fuisse
1646 875 1929 943 epistolas,
1981 885 2092 929 tttm

517 964 584 1019 ad
620 964 817 1020 fratres
846 967 937 1035 qui
989 978 1145 1022 erant
1194 969 1247 1022 in
1302 966 1431 1024 Asia
1486 979 1540 1024 et
1577 969 1832 1040 Phrygia,
1870 978 1979 1022 tum
2026 968 2090 1021 ad

518 1056 866 1113 Eleutherum
911 1074 1103 1130 papam
1132 1078 1146 1125 ;
1184 1061 1414 1115 mortuis
1440 1077 1569 1115 vero
1611 1061 1971 1131 martyribus,
2001 1060 2091 1128 qui

516 1151 841 1218 superstites
863 1164 1021 1205 erant
1050 1152 1257 1217 fideles,
1286 1168 1379 1209 eas
1408 1153 1634 1224 longiori
1673 1154 1746 1209 illi
1790 1170 1853 1209 ac
1895 1155 2090 1222 insigni

515 1241 778 1311 epistolae,
835 1258 994 1311 quam
1042 1245 1109 1297 ab
1170 1244 1289 1313 ipso
1338 1243 1540 1299 Irenaeo
1584 1243 1781 1300 Graeco
1832 1247 2093 1301 idiomate

513 1333 773 1403 scriptam
809 1334 977 1390 fuisse
1015 1336 1351 1391 arbitrantur
1388 1337 1540 1392 ntulti
1568 1337 1735 1409 (haud
1758 1348 1906 1393 certe
1952 1339 2092 1392 indi-

513 1442 652 1495 gnus
668 1437 748 1482 est
766 1426 908 1483 fctus
931 1429 1022 1497 qui
1048 1439 1195 1483 tanto
1214 1429 1331 1483 viro
1353 1430 1671 1500 tribuatur),
1692 1431 1742 1483 in
1762 1446 1867 1499 qua
1884 1441 2091 1501 marty-

516 1533 635 1570 rum
661 1520 963 1574 certamitta
999 1520 1469 1587 describebantur,
1513 1534 1567 1578 et
1596 1524 1661 1577 ad
1699 1520 1853 1589 cujus
1888 1522 2089 1576 calcem

505 1608 779 1679 judicium
814 1612 881 1665 de
929 1613 1083 1667 novis
1130 1615 1409 1684 prophetis
1463 1614 1730 1678 ferebant,
1789 1615 2086 1682 adjecisse;

510 1703 605 1759 sed
641 1703 759 1758 illas
786 1703 993 1761 Irenaro
1031 1707 1257 1762 traditas
1301 1706 1493 1771 fuisse,
1550 1707 1633 1761 vel
1670 1717 1918 1777 rogatunt
1966 1723 2087 1760 eum

514 1808 744 1862 usquam
780 1792 974 1859 fuisse,
1010 1806 1070 1849 ut
1116 1796 1168 1849 iit
1198 1794 1475 1852 Orientem
1518 1796 1808 1867 perferret,
1841 1812 1942 1852 nec
1985 1797 2092 1851 Eu-

511 1886 715 1953 sebius,
751 1902 851 1941 nec
889 1886 1028 1943 alius
1063 1888 1353 1959 quisquam
1400 1906 1431 1945 e
1474 1890 1751 1945 veteribus
1802 1900 2089 1945 memorat.

512 1976 697 2047 Longe
733 1978 883 2032 aliud
927 1979 1270 2035 sentiendum
1306 1983 1373 2037 de
1413 1982 1503 2049 iis,
1548 1998 1670 2053 qua:
1720 1982 1788 2035 ad
1838 1981 2092 2037 Eleuthe-

511 2085 631 2124 rum
684 2085 876 2139 papam
928 2072 1341 2137 Scribebantur,
1373 2072 1641 2140 epistolis.
1698 2068 1826 2133 llas,
1886 2078 1943 2123 ut
1979 2069 2091 2123 Ro-

506 2177 651 2215 mam
695 2161 885 2227 ferret,
929 2164 1193 2220 Irenaeum
1233 2175 1459 2233 rogasse
1516 2175 1576 2215 se
1628 2161 1852 2217 disertis
1908 2164 2092 2219 verbis

510 2266 781 2313 testantur
816 2266 1084 2327 martyres
1115 2255 1169 2308 in
1206 2253 1426 2325 scriptis
1459 2255 1528 2308 ad
1553 2253 1805 2309 eumdem
1835 2254 2091 2310 Eleuthe-

509 2365 629 2404 rum
662 2350 715 2405 in
748 2348 933 2405 Irenaai
961 2346 1194 2417 gratiam
1227 2346 1688 2401 eommendatitiis
1723 2346 1946 2402 litteris.
1972 2347 2090 2401 Mo-

508 2456 624 2498 rem
672 2456 801 2497 vero
867 2440 1107 2512 gessisse
1156 2440 1447 2504 Irenazum,
1482 2438 1806 2507 litterasque
1858 2440 2087 2495 Romam

504 2533 801 2604 pertulisse
830 2547 1090 2602 expresse
1130 2530 1329 2586 asserit
1374 2528 1738 2602 Hieronymus
1766 2532 1847 2587 ’δε
1881 2533 1968 2586 cui
2023 2548 2090 2588 eo

507 2627 681 2696 major
704 2628 808 2680 hac
836 2625 889 2679 in
921 2633 1079 2695 parte
1108 2622 1244 2678 ﬁdes
1285 2622 1597 2689 tribuenda,
1622 2640 1730 2693 quo
1759 2623 1945 2679 Roma:
1977 2625 2093 2680 diu-

502 2719 713 2773 tissime
758 2727 1169 2783 commoratus,
1221 2724 1277 2770 ut
1323 2715 1494 2786 probe
1549 2726 1701 2772 notat
1738 2718 2091 2773 doctissimus

503 2808 707 2866 Leonis
736 2810 937 2875 editor,
987 2809 1430 2877 scriniorumque
1470 2809 1898 2878 apostolicorum
1926 2812 2092 2880 parti-

504 2916 634 2971 ceps
668 2900 870 2966 factus,
904 2900 1010 2956 hoc
1049 2900 1246 2968 partim
1294 2915 1360 2954 ex
1415 2900 1709 2956 traditione
1749 2902 1924 2966 urbis,
1969 2919 2092 2971 par-

507 2995 605 3046 tittt
635 3008 701 3047 ex
732 2992 1100 3047 monumentis
1130 2991 1309 3047 adhuc
1350 2993 1738 3062 superstitibus
1767 2994 1942 3063 potuit
1979 2994 2093 3049 edi-

2196 504 2535 561 Yienttenses
2566 507 2805 563 tulerant
2842 511 3113 565 sententia
3164 510 3393 565 Romam
3421 512 3741 581 perferenda,

2192 602 2422 671 quaestio
2452 602 2716 658 duntaxat
2736 603 2946 672 fuisset,
2977 615 3035 659 ut
3065 607 3320 676 supponit
3340 604 3603 675 Valesius,
3625 625 3745 664 non-

2194 693 2330 747 niltil
2382 693 2643 764 ponderis
2708 695 2938 750 forsitan
2989 697 3222 753 haberet
3262 696 3379 766 ejus
3425 698 3582 751 ratio.
3639 698 3742 754 Non

2194 789 2338 842 enim
2364 788 2500 843 tanti
2532 790 2787 844 momenti
2813 789 2981 845 fuisse
3001 791 3234 856 videtur,
3263 800 3355 843 aut
3378 792 3514 845 adeo
3540 794 3745 862 urgebat

2196 879 2503 951 negotium,
2536 882 2666 949 quin
2706 882 2760 935 in
2795 882 2939 937 aliud
2965 891 3176 951 tempus
3201 884 3537 938 commodius
3579 883 3745 938 dill‘er-

2196 975 2265 1038 ri,
2304 982 2397 1028 aut
2425 974 2617 1029 saltem
2659 974 2819 1029 alteri
2851 989 3014 1044 quam
3043 974 3248 1029 Irenaeo
3290 974 3451 1029 facile
3497 976 3742 1031 committi

2195 1068 2482 1133 potuisset.
2512 1066 2666 1122 Unde
2707 1067 2850 1137 quod
2884 1069 2938 1121 in
2976 1078 3081 1122 tam
3135 1067 3442 1125 difﬁcilibus
3496 1068 3747 1124 Ecclesia-

2196 1176 2315 1214 rnut
2368 1160 2752 1230 Lugdunensis
2784 1170 2840 1215 et
2867 1160 3193 1215 Viennensis
3227 1161 3563 1231 temporibus
3603 1176 3747 1232 roga-

2196 1262 2284 1307 tus
2314 1250 2479 1306 fuerit
2513 1250 2637 1306 talis
2673 1259 2729 1305 et
2756 1260 2940 1305 tantus
2964 1251 3071 1316 vir,
3108 1260 3169 1305 ut
3199 1250 3549 1306 Eleutherum
3572 1268 3745 1321 papam

2192 1346 2391 1413 adiret,
2422 1345 2555 1399 illud
2587 1343 2775 1412 procul
2808 1342 2972 1399 dubio
3018 1344 3379 1409 demonstrat,
3411 1344 3570 1412 longe
3603 1345 3745 1398 aliam

2195 1444 2363 1506 atque
2408 1435 2635 1506 majoris
2686 1435 2947 1489 momenti
3001 1434 3172 1491 fuisse
3222 1451 3442 1491 causam
3500 1437 3785 1501 adeundip

2194 1543 2547 1599 praesensque
2577 1528 2794 1598 aliquod
2820 1528 2889 1583 ab
2915 1528 3038 1584 istis
3060 1527 3319 1584 Ecclesiis
3346 1527 3745 1597 propulsandum

2194 1622 2485 1677 discrimen
2517 1631 2826 1675 maturasse
2868 1619 3283 1689 profectionem.
3336 1621 3600 1688 Quidnam
3635 1634 3747 1674 vero

2195 1714 2272 1771 rei
2306 1712 2491 1777 fuerit,
2520 1713 2663 1767 haud
2693 1712 2947 1775 obscure,
2980 1713 3033 1767 ni
3068 1711 3254 1777 fallor,
3287 1721 3399 1766 tum
3441 1727 3508 1767 ex
3542 1713 3747 1766 historia

2196 1815 2526 1876 martyrum,
2568 1814 2682 1859 tum
2713 1818 2783 1858 ex
2832 1803 3067 1860 Eusebio
3110 1806 3154 1836 ³⁸
3200 1805 3317 1875 ipso
3344 1816 3401 1859 et
3443 1804 3750 1874 Hieronymo

2194 1899 2491 1968 colligitur.
2524 1897 2660 1969 lpsis
2692 1898 3090 1970 persecutionis
3125 1898 3295 1953 initiis
3342 1898 3750 1967 comprehensus

2194 1991 2461 2046 Pothinus
2508 1992 2798 2062 episcOpus
2826 1989 3225 2060 Lugdunensis,
3260 1998 3429 2058 atque
3453 2002 3482 2041 a
3510 1986 3751 2042 militibus

2194 2080 2512 2136 immaniter
2554 2092 2823 2152 raptatus,
2858 2082 3267 2151 innumerisque
3308 2080 3483 2151 plagis
3523 2077 3748 2143 affectus,

2193 2185 2334 2241 pene
2372 2171 2641 2227 exanimis
2678 2172 2965 2242 coniectus
3003 2172 3058 2225 in
3103 2185 3412 2235 carcerem,
3456 2171 3616 2225 biduo
3645 2179 3751 2239 post

2190 2278 2257 2318 ex
2287 2264 2609 2319 vulneribus
2652 2265 2891 2333 acceptis
2915 2265 3287 2333 nonagenario
3317 2264 3498 2331 major
3530 2264 3748 2317 animant

2192 2352 2563 2408 exltalaverat.
2596 2352 2654 2408 Si
2690 2354 2895 2410 diutius
2933 2355 3184 2409 antistite
3214 2353 3347 2408 orba
3380 2352 3436 2407 in
3465 2353 3530 2407 iis
3562 2362 3751 2421 tempo-

2193 2459 2312 2498 rum
2345 2445 2615 2515 angustiis
2659 2446 2851 2500 relicta
2904 2444 3096 2501 fuisset
3145 2446 3423 2511 Ecclesia,
3474 2444 3749 2516 periculum

2192 2535 2386 2591 fuisset
2421 2554 2489 2593 ne
2517 2536 2844 2594 Christiana:
2890 2551 2975 2593 res
3019 2537 3073 2591 in
3117 2535 3467 2608 Galliis,jam
3516 2551 3751 2606 persecu-

2195 2636 2373 2681 torum
2405 2627 2592 2685 furore
2618 2645 2724 2685 non
2770 2644 2963 2701 parum
2995 2628 3352 2697 labefactatas,
3380 2628 3623 2685 funditus
3647 2644 3754 2681 rue-

2194 2728 2337 2773 rent.
2364 2718 2544 2785 Quare
2581 2723 2890 2779 communis
2940 2735 3051 2777 tum
3083 2724 3237 2789 cleri,
3296 2734 3411 2777 tum
3472 2731 3751 2792 martyrum

2191 2818 2334 2873 votis
2377 2817 2621 2874 delectus
2653 2819 2895 2874 lrenazus
2924 2819 3156 2875 Pothino
3189 2817 3481 2874 sufﬁcitur.
3513 2818 3641 2885 Quia
3670 2830 3751 2867 ve-

2195 2927 2259 2966 ro
2288 2918 2383 2965 aut
2431 2908 2725 2975 rarissimi,
2778 2919 2871 2965 aut
2933 2910 3197 2966 nullidum
3257 2920 3422 2965 erant
3479 2911 3532 2965 in
3582 2908 3752 2963 Galliis

2194 2999 2433 3071 episcopi
2486 3000 2716 3070 (nullum
2768 3001 2962 3055 saltem
3008 3001 3076 3056 iis
3124 3000 3466 3071 temporibus
3508 3007 3753 3055 memorat

505 3101 683 3141 scere.
734 3084 845 3140 Nec
895 3084 1149 3140 dissentit
1192 3084 1459 3140 Eusebius
1490 3101 1505 3137 :
1549 3083 1657 3139 imo
1702 3085 2082 3140 demandatatn
2111 3102 2157 3163 ο
2192 3095 2459 3151 Eusebius
2478 3095 2547 3161 ³⁸,
2578 3111 2645 3149 ne
2667 3094 2886 3165 quidem
2913 3095 3054 3164 apud
3090 3095 3451 3166 Viennenses)
3482 3097 3571 3166 qui
3596 3096 3753 3151 electo

506 3180 834 3249 legationem
865 3178 1138 3248 expletam
1180 3176 1354 3234 fuisse
1379 3178 1513 3233 s'atis
1539 3177 1758 3233 silentio
1795 3192 1897 3233 suo
1920 3178 2090 3249 signi-

504 3274 671 3339 ﬂeat;
706 3274 752 3329 si
786 3272 1040 3329 effectum
1076 3274 1267 3329 sortita
1294 3288 1401 3329 non
1434 3272 1653 3339 fuisset,
1687 3275 1741 3331 id
1773 3278 1963 3345 procul
1997 3277 2090 3328 du-

504 3366 597 3419 bio
630 3380 738 3420 non
764 3366 1087 3421 ontissurus.
1120 3364 1239 3420 Non
1286 3367 1736 3422 committendum
1772 3378 1952 3421 autem
1991 3382 2091 3436 pu-

508 3468 636 3520 tem,
676 3466 792 3513 uta
831 3468 993 3513 tanta:
1037 3458 1387 3515 auctoritatis
1433 3460 1765 3531 scriptorum
1815 3461 2085 3515 sententia

504 3551 879 3617 discedamus,
913 3551 1017 3606 nisi
1050 3552 1392 3621 gravissimis
1421 3552 1713 3608 momentis
1744 3567 1809 3608 ae
1862 3553 2090 3607 rationi-

505 3645 633 3706 bus,
662 3656 783 3711 qute
812 3642 899 3697 hic
924 3651 1073 3697 certe
1099 3643 1317 3711 desunt,
1358 3643 1596 3699 abducti.
1630 3643 1723 3711 At,
1772 3644 1951 3713 inquit
1979 3644 2085 3699 Va-

506 3737 695 3802 lesius,
732 3736 991 3791 credibile
1014 3752 1121 3791 non
1147 3748 1235 3792 est
1258 3736 1520 3792 Irenaeum
1544 3738 1837 3793 Ecclesiam
1871 3738 2081 3809 Lugdu-

506 3844 731 3883 nensem
772 3828 1177 3899 persecutionis
1226 3829 1526 3886 acerbitate
1567 3830 1935 3896 fatiscentem,
1968 3846 2089 3885 suo-

502 3936 611 3990 que
656 3920 932 3976 viduatam
972 3931 1214 3991 pastore,
1269 3921 1525 3978 deserere
1557 3932 1652 3978 aut
1699 3924 1957 3991 voluisse,
1993 3933 2087 3979 aut

504 4013 770 4084 potuisse.
805 4013 909 4068 Sed
934 4012 980 4066 si
1014 4011 1278 4069 credibile
1310 4012 1380 4068 sit
1418 4015 1471 4069 itt
1498 4014 1564 4070 iis
1620 4025 1927 4085 temporum
1973 4018 2085 4072 cir-

507 4104 855 4160 cumstantiis
896 4116 1010 4159 tum
1054 4120 1084 4159 a
1117 4105 1285 4169 clero,
1321 4115 1432 4159 tum
1460 4121 1490 4159 a
1525 4107 1855 4177 martyribus
1884 4108 1997 4178 jam
2033 4109 2084 4163 in

507 4195 728 4250 vincula
771 4195 1058 4265 conjectis,
1098 4197 1295 4265 quibus
1343 4198 1655 4266 prapediem
1714 4198 2085 4254 denuntianda

505 4297 653 4343 esset
692 4287 941 4357 capitalis
968 4287 1233 4342 adversus
1280 4302 1376 4343 eos
1411 4290 1518 4343 lata
1570 4290 1863 4358 sententia,
1899 4290 2087 4344 Pothi-

506 4392 578 4432 no
613 4377 697 4431 vel
727 4377 1123 4445 comprehenso
1153 4374 1234 4429 vel
1283 4386 1521 4443 mortuo,
1555 4376 1877 4447 caeterisque
1919 4377 2078 4433 cleri-

504 4470 585 4524 cis
615 4478 708 4523 aut
739 4469 939 4538 captis,
969 4478 1063 4523 aut
1094 4468 1318 4538 fugatis,
1347 4467 1636 4534 Irenaeum,
1658 4480 1804 4524 metu
1828 4471 2090 4539 perculsa:

504 4570 561 4612 ut
609 4559 820 4616 amicta:
872 4559 1137 4616 Ecclesiae
1190 4568 1298 4612 tam
1350 4558 1767 4625 necessarium,
1813 4561 2088 4617 delectum

505 4652 702 4716 fuisse,
747 4653 835 4721 qui
862 4651 1092 4707 Romam
1139 4652 1350 4709 litteras
1398 4652 1699 4723 perferret;
1752 4667 1852 4707 cur
1899 4668 2091 4707 revera

504 4742 797 4813 pertulisse
866 4743 1029 4799 fidem
1094 4744 1408 4813 superabit?
1481 4742 1636 4811 Quod
1669 4744 2093 4816 limpedimento

504 4837 673 4892 fuisse
732 4838 1055 4907 supponitur
1116 4842 1410 4906 quominus
1477 4838 1678 4911 legatio
1737 4838 2090 4907 expleretur;

506 4927 651 4981 idem
684 4937 739 4980 et
769 4943 891 4981 esse
924 4928 1112 4984 debuit
1161 4930 1455 4997 quominus
1495 4930 1904 4986 decerneretur.
1954 4928 2089 4984 Cum

506 5019 677 5089 igitur
711 5019 852 5073 hanc
881 5020 933 5072 in
973 5021 1090 5089 ipso
1140 5022 1537 5090 persecutionis
1567 5030 1705 5075 testu
1748 5021 2092 5075 decreverint

506 5110 688 5165 clerus
723 5120 776 5164 et
804 5123 1107 5183 martyres;
1162 5116 1291 5183 quin
1334 5130 1395 5172 ea
1434 5114 1755 5185 perfunctus
1791 5113 1954 5169 fuerit
1982 5116 2095 5171 lre-

508 5218 681 5266 naeus,
712 5218 813 5273 pro
839 5219 1053 5259 summo
1085 5220 1193 5274 quo
1223 5207 1461 5263 invictos
1490 5207 1696 5262 Christi
1727 5208 1966 5263 athletas
1998 5225 2094 5263 co-

509 5294 657 5348 lebat
685 5294 972 5364 obsequio,
1006 5298 1264 5354 saeviente
1294 5300 1425 5355 licet
1478 5302 1880 5371 persecutione,
1928 5300 2090 5355 dubi-

507 5386 613 5439 tari
648 5399 752 5438 non
786 5394 983 5454 potest.

578 5475 667 5529 ιε.
711 5476 770 5531 Si
829 5476 1051 5546 quidem
1096 5478 1165 5535 de
1218 5479 1565 5537 sollicitanda
1614 5482 1761 5553 apud
1812 5498 2085 5537 summum

507 5566 827 5635 pontiﬁcem
874 5567 1243 5625 Ecclesiarum
1294 5571 1661 5629 Orientalium
1714 5589 1872 5645 pace,
1912 5589 2086 5643 caque

614 5754 658 5785 "
694 5754 814 5813 Lib.
854 5773 909 5824 ν,
939 5772 988 5812 c.
1018 5756 1075 5814 ὅ.
1152 5756 1199 5791 ’⁵
1225 5757 1279 5814 lu
1310 5757 1489 5814 Calai.
1589 5758 1637 5793 ⁸⁸
1668 5758 1788 5817 Lib.
1822 5775 1876 5826 v,
1910 5773 1961 5815 ε.
1994 5760 2067 5823 1.,

2142 5759 2187 5795 ³⁸
2214 5757 2335 5817 Lib.
2373 5775 2427 5822 ν,
2458 5776 2505 5815 c.
2545 5765 2598 5815 6.

2193 3201 2389 3240 manus
2443 3196 2665 3255 possent
2729 3187 3052 3257 imponere,
3113 3200 3337 3241 necesse
3392 3187 3501 3242 fuit
3543 3184 3752 3241 Romani

2191 3276 2463 3347 pontiﬁcis
2508 3292 2667 3346 opem
2720 3277 3034 3347 implorare,
3084 3288 3195 3333 tum
3243 3286 3470 3349 propter
3520 3277 3752 3333 vicinita-

2195 3380 2325 3434 tem,
2358 3376 2470 3423 tum
2510 3379 2734 3440 propter
2778 3371 3069 3439 potiorem,
3124 3380 3182 3424 ut
3225 3371 3469 3441 loquitur
3513 3370 3751 3430 lrettzeus,

2192 3460 2686 3531 principalitatem;
2720 3470 2780 3515 ut
2818 3462 3055 3516 viduatae
3098 3476 3196 3516 suo
3246 3471 3471 3531 pastore
3518 3461 3752 3518 Ecclesia:

2192 3568 2290 3622 per
2324 3554 2570 3624 ejusdem
2605 3553 2791 3608 lrenaai
2837 3555 3305 3608 consecrationem
3350 3553 3627 3623 suppetias
3656 3551 3752 3606 fer-

2191 3654 2298 3699 ret.
2328 3646 2427 3699 llic
2458 3660 2588 3715 ergo
2616 3644 2844 3698 Romam
2885 3644 3182 3699 mittendus
3231 3643 3352 3708 fuit,
3398 3653 3477 3707 et,
3524 3652 3580 3697 ut
3624 3643 3753 3698 fere-

2193 3739 2327 3794 bant
2359 3737 2617 3793 Ecclesite
2662 3737 2828 3809 leges,
2861 3737 2979 3808 ejus
3022 3737 3177 3803 ﬁdes,
3227 3738 3427 3807 pietas,
3459 3737 3646 3792 merita
3672 3736 3754 3788 de-

2193 3828 2361 3898 niQue
2412 3827 2704 3883 Eleuthero
2750 3826 3049 3897 probanda.
3094 3827 3319 3896 Hucque
3360 3837 3608 3897 spectant
3646 3825 3753 3895 epi-

2192 3919 2345 3974 stola:
2375 3918 2832 3974 commendatitia:
2863 3933 3000 3987 quas
3027 3917 3096 3971 ad
3141 3918 3454 3988 pontificem
3503 3918 3753 3988 scripsere

2192 4022 2483 4081 tnartyres,
2531 4012 2731 4081 quibus
2773 4010 2965 4065 lrenaei
3016 4009 3286 4081 singulare
3318 4026 3413 4080 pro
3465 4009 3658 4065 Christi
3690 4020 3755 4062 te-

2191 4113 2449 4159 stamento
2472 4104 2709 4158 stadium
2741 4104 3056 4174 praedicant,
3085 4104 3482 4174 hortanturque
3516 4114 3571 4157 ut
3598 4105 3753 4172 ipsum

2190 4195 2395 4248 casteria
2454 4204 2777 4262 anteponat,
2816 4194 2961 4265 ἔχειν
3017 4211 3079 4247 σε
3113 4193 3275 4248 αὐτὸν
3331 4195 3388 4248 ὲν
3420 4194 3750 4266 παραθέσεις

2193 4298 2263 4339 ne
2303 4285 2484 4341 minus
2511 4294 2701 4341 notum
2732 4286 3107 4356 presbyterqu
3165 4285 3235 4339 ad
3292 4285 3613 4355 dignitatem
3652 4284 3754 4353 epi-

2193 4380 2465 4447 scopalem
2494 4378 2728 4433 evehere
2753 4377 3051 4432 dubitaret.
3099 4376 3191 4432 Sic
3234 4376 3533 4433 Eusebium
3564 4379 3608 4409 ²⁷
3639 4390 3752 4431 cutn

2195 4470 2266 4526 cl.
2296 4469 2494 4525 Leonis
2521 4470 2732 4524 editore
2770 4470 3134 4539 interpretor;
3184 4483 3214 4521 a
3256 4482 3364 4537 quo
3396 4477 3576 4523 tamen
3624 4468 3754 4521 ineo

2196 4561 2503 4626 dissentio,
2570 4560 2714 4630 quod
2763 4561 3098 4629 probabilius
3158 4569 3311 4631 putet
3362 4570 3490 4615 ante
3549 4555 3751 4614 Pothini

2198 4662 2611 4722 martyrumqne
2662 4662 2890 4706 mortem
2936 4653 3001 4707 ad
3056 4650 3405 4707 Eleutherum
3462 4652 3752 4722 profectum

2194 4760 2314 4800 esse
2356 4744 2641 4800 lrenaaum.
2679 4742 2862 4813 Neque
2899 4746 3045 4799 enim
3074 4744 3324 4800 obtinere
3357 4759 3388 4798 a
3431 4760 3519 4799 nte
3549 4757 3749 4815 possunt

2188 4844 2250 4889 ut
2299 4837 2543 4904 credam,
2602 4848 2878 4909 martyres
2927 4851 3027 4893 suo
3088 4837 3266 4892 adhuc
3296 4838 3348 4891 in
3393 4838 3534 4893 vivis
3575 4846 3753 4908 agente

2188 4928 2448 4998 episcopo
2481 4927 2709 4983 Romam
2742 4930 2981 4993 misisse,
3012 4929 3104 4999 qui
3148 4930 3378 4983 necdum
3412 4944 3634 4984 vacuam
3680 4940 3754 4980 se-

2188 5020 2309 5074 dem
2342 5030 2677 5088 capesseret.
2710 5019 2873 5086 Nam,
2924 5033 3287 5092 praeterquam
3316 5024 3458 5093 quod
3494 5023 3548 5076 id
3578 5018 3751 5075 Eccle-

2189 5111 2287 5166 sia
2318 5111 2531 5181 legibus
2558 5112 2930 5180 repugnabat,
2977 5114 3092 5183 ipsa
3120 5125 3423 5184 martyrum
3453 5113 3610 5175 Acta,
3640 5124 3751 5180 quae

2192 5201 2363 5257 refert
2407 5202 2678 5257 Eusebius
2706 5202 2773 5267 ³⁸,
2799 5203 2865 5256 ad
2901 5202 3175 5258 Ecclesias
3226 5205 3370 5259 Asize
3408 5214 3463 5258 et
3512 5202 3751 5273 Phrygia:

2190 5296 2386 5361 missa,
2425 5305 2693 5351 testantur
2732 5295 3023 5352 Pothinum
3109 5296 3331 5351 ineunte
3397 5292 3512 5347 fere
3571 5305 3749 5361 perse—

2188 5386 2411 5440 cutione
2456 5388 2934 5457 comprehensum,
2990 5390 3258 5459 martyrio
3294 5389 3461 5443 vitam
3517 5387 3748 5451 (iniisse;

2186 5482 2351 5550 idque
2382 5490 2494 5537 tota
2542 5482 2860 5538 Eusebiante
2907 5484 3236 5538 narrationis
3292 5485 3466 5538 series
3514 5482 3647 5535 satis
3682 5480 3731 5531 itt

2186 5575 2399 5641 sinuat;
2434 5574 2570 5632 adeo
2604 5584 2662 5631 ut
2688 5577 2755 5632 de
2799 5577 3066 5633 mittendo
3096 5577 3322 5631 Romam
3352 5577 3555 5629 Irenaeo
3581 5569 3750 5628 cousi-

2696 5761 2738 5792 "
2777 5759 2907 5817 ibid.
2941 5776 2987 5814 c.
3029 5760 3087 5818 4.
3187 5758 3234 5791 ’⁸
3266 5757 3370 5825 1b.,
3396 5772 3513 5826 cap.
3548 5755 3598 5809 1.
