3954 6352
224 331 328 387 185

870 329 1335 389 DlSSERTATlO
1369 332 1435 400 ll,
1476 331 1641 388 ΛΒΤ.
1682 330 1723 397 l,
1766 330 1798 384 Ι]

1901 331 1948 387 5.
1986 330 2244 388 ΙΒΕΝᾹΞΙ
2274 331 2436 403 YITA
2467 333 2556 389 ET
2594 334 2865 393 GESTIS.

3384 336 3484 390 136

218 447 345 505 [iam
389 450 605 521 cepisse
645 460 923 524 martyres
976 451 1310 520 referantur,
1366 462 1492 524 post
1542 466 1812 510 memora-
1840 454 1886 510 Α
1918 452 2155 519 patroni,
2181 452 2441 510 Ecclesiae
2484 453 2863 521 Lugdunensis
2891 455 3112 510 exordia
3140 456 3325 510 deberi
3380 457 3485 514 Po.

218 552 325 595 tam
348 540 461 608 jam
484 541 733 612 episcopi
764 544 849 596 sui
881 550 1134 610 mortem,
1159 551 1221 599 ut
1252 544 1369 600 haec
1410 543 1489 598 illi
1523 545 1801 609 praeivisse

217 633 650 687 demonstretur.
687 632 745 687 Si
782 648 913 687 vero
943 633 1209 691 Eusebius
1254 644 1377 703 post
1403 650 1800 689 commemora-

215 734 347 788 tam,
380 738 505 793 cap.
534 725 596 789 4,
626 724 815 780 lrenari
851 725 1199 795 legationem,
1237 728 1435 782 iterum
1483 727 1550 782 de
1580 728 1798 783 Pothini

215 826 408 879 morte,
430 814 736 885 lrenazique
759 818 813 870 in
850 815 970 886 ejus
995 817 1173 872 locum
1208 820 1601 873 substitutione
1631 830 1796 888 agat;

214 918 541 973 argumento
608 925 715 962 non
787 921 874 963 est
943 925 1061 966 eam
1127 922 1303 966 morte
1360 912 1602 982 priorem
1667 911 1801 965 fuis-

213 1012 297 1061 se;
337 998 439 1051 sed
496 1012 624 1052 cum
683 1000 948 1056 Eusebius
979 1000 1110 1056 cleri
1150 1011 1206 1055 et
1258 1011 1561 1072 martyrum
1595 1001 1799 1071 epistov

214 1088 308 1153 las,
340 1089 395 1144 in
424 1091 633 1160 quibus
669 1095 852 1147 omnia
887 1096 1001 1149 haec
1048 1095 1259 1161 eodem,
1293 1111 1403 1165 quo
1429 1096 1568 1160 dixi,
1607 1098 1800 1150 ordine

212 1181 550 1248 referuntur,
615 1186 1007 1241 exscribendas
1053 1188 1157 1242 sibi
1217 1189 1613 1259 proposuisset,
1653 1192 1799 1258 quod

213 1275 401 1342 primis
448 1274 860 1346 quatuor'libri
895 1279 1067 1348 quinti
1102 1280 1374 1348 capitibus
1431 1280 1795 1349 exsequitur;

213 1382 323 1435 qua:
348 1367 419 1421 de
451 1368 661 1423 Irenaeo
685 1370 796 1439 jam
843 1371 957 1424 suis
989 1372 1171 1426 verbis
1202 1371 1453 1429 dicturus
1507 1382 1653 1439 erat,
1707 1375 1800 1427 de-

210 1458 339 1523 buit,
376 1473 451 1512 ne
504 1462 846 1517 narrationis
892 1463 1040 1517 filum
1099 1465 1490 1534 abrumperet,
1545 1465 1597 1519 in
1636 1475 1800 1535 caput

210 1558 417 1601 sextum
455 1550 709 1616 rejicere.
742 1553 825 1607 Ab
853 1553 1086 1609 Eusebio
1126 1571 1233 1609 non
1262 1558 1499 1611 discedit
1531 1556 1799 1630 llierony-

211 1654 342 1703 mus,
374 1641 559 1709 quiin
598 1642 737 1697 libro
768 1645 845 1700 De
890 1648 1235 1714 scriptoribus
1290 1648 1684 1716 ecclesiasticis,
1732 1653 1798 1705 de

210 1729 407 1786 lrenzeo
440 1733 517 1789 ita
549 1735 837 1805 loquitur:
885 1737 1126 1792 [renatus
1167 1738 1385 1793 Pothini
1417 1741 1669 1809 episcopi,
1707 1740 1799 1809 qui

210 1821 617 1893 Lugdunensem
642 1829 697 1881 in
722 1826 899 1882 Gallia
925 1830 1129 1899 regebat
1157 1826 1470 1894 Ecclesium,
1510 1834 1797 1901 presbyter,

207 1930 237 1966 ο
258 1918 588 1986 martyribus
614 1918 847 1987 ejusdem
874 1919 975 1973 loci
1002 1921 1063 1975 ob
1087 1922 1345 1988 quasdam
1376 1920 1629 1976 Ecclesia
1655 1940 1801 1993 qua:-

208 2009 399 2062 stiones
454 2009 662 2080 legatus
706 2010 933 2066 Romam
989 2016 1215 2080 missus,
1271 2015 1592 2084 honoriﬁcas
1642 2033 1801 2085 super

207 2103 417 2155 nomine
463 2118 569 2157 suo
601 2103 679 2164 (id
727 2114 835 2168 est,
892 2106 1098 2161 nomini
1138 2107 1277 2176 ejus,
1326 2108 1470 2178 quod
1513 2107 1798 2176 paciﬁcum

206 2200 385 2256 sonat,
415 2194 843 2265 respondentes)
884 2199 954 2250 ad
991 2195 1334 2253 Eleutherum
1357 2202 1658 2268 episcopum
1680 2216 1801 2267 per-

205 2285 297 2354 fert
330 2287 571 2340 litteras.
612 2284 807 2341 Postea
834 2290 953 2357 jam
982 2286 1213 2344 Pothino
1255 2307 1414 2359 prope
1440 2291 1798 2359 nonagenario

206 2378 263 2430 ob
289 2376 574 2433 Christum
603 2383 863 2450 martyrio
905 2392 1179 2448 coronato,
1212 2383 1272 2436 in
1311 2382 1485 2437 locum
1525 2383 1637 2452 ejus
1669 2384 1797 2437 sub-

206 2472 467 2525 stituitur.
496 2471 790 2548 [LXXXII]
808 2475 1019 2541 Quibus
1036 2477 1220 2531 verbis
1239 2492 1348 2530 non
1369 2477 1602 2531 obscure
1624 2476 1797 2546 signi-

205 2562 329 2618 ﬁcat
380 2565 660 2634 duplicem
680 2568 860 2639 fuisse
891 2568 1183 2639 legationis
1214 2568 1408 2625 lrentei
1438 2569 1634 2625 linem:
1663 2570 1798 2624 alte-

205 2670 341 2717 rum,
374 2671 622 2726 eumque
660 2659 842 2713 minus
876 2660 1234 2729 praecipuum,
1271 2676 1431 2730 quem
1453 2659 1567 2728 jam
1595 2676 1801 2716 memo-

206 2748 476 2813 ravimus,
494 2758 555 2802 ut
578 2752 643 2803 de
663 2751 987 2819 quibusdam
1006 2751 1266 2807 Ecclesiae
1288 2754 1707 2824 quaestionibus,
1730 2756 1798 2810 iis

206 2839 466 2894 nimirum
494 2857 621 2911 qute
642 2843 709 2895 ad
736 2858 906 2898 novas
930 2847 1248 2913 prophetias
1279 2845 1625 2917 spectabant,
1656 2848 1796 2915 apud

207 2939 519 3006 pontificem
556 2952 792 3010 ageret;
825 2941 1057 2997 alterum
1104 2943 1266 3013 longe
1310 2943 1599 3013 potiorem,
1637 2951 1696 2996 ut
1743 2944 1795 2997 in

206 3027 423 3085 Pothini
451 3031 704 3088 defuncti
749 3033 930 3090 locum
963 3035 1418 3100 substitueretur;
1466 3046 1521 3091 et
1561 3051 1682 3091 eam
1727 3036 1796 3090 ob

1908 543 2064 596 thino
2116 542 2398 614 episcopo,
2430 545 2522 614 qui
2582 546 2788 614 primus
2821 546 2873 598 in
2910 559 2975 598 ea
3025 542 3158 596 urbe
3210 542 3483 611 Evangelii

1904 638 2259 694 fundamenta
2287 638 2438 707 jecit.
2486 637 2546 693 Si
2570 648 2751 693 autem
2772 638 2962 707 religio
2991 634 3298 691 Christiana
3328 635 3486 705 longe

1904 734 2120 804 lateque
2168 732 2361 788 dill'usa
2409 744 2537 787 tunc
2594 731 2785 785 fuisset
2840 730 2893 783 in
2937 728 3147 793 Galliis,
3198 728 3487 797 pluresque

1897 826 2009 894 jam
2041 842 2072 881 a
2107 825 2253 880 Petri
2299 836 2355 879 et
2388 825 2539 879 Pauli
2579 824 2917 892 temporibus
2964 823 3277 877 constituta:
3329 820 3381 872 in
3422 820 3488 873 iis

1904 919 2222 989 regionibus
2268 918 2612 989 episc0palcs
2656 918 2843 982 sedes;
2877 916 2968 984 qui
3032 913 3145 967 fieri
3203 913 3376 981 potuit
3427 920 3487 965 ut

1904 1012 2225 1081 Lugdunum
2256 1052 2272 1076 ,
2302 1026 2461 1065 unam
2497 1024 2529 1065 e
2582 1009 2861 1077 primariis
2914 1006 3104 1061 Gallia:
3143 1005 3485 1067 civitatibus,

1903 1103 2307 1173 metropolitica
2382 1103 2650 1172 dignitate
2704 1101 3092 1170 conspicuam,
3138 1108 3483 1162 mercatura,

1902 1199 2083 1269 populi
2112 1198 2418 1266 frequentia
2442 1238 2457 1262 ,
2490 1196 2793 1265 primorum
2829 1194 3248 1262 magistratuum
3282 1193 3486 1244 Roma-

1901 1308 2094 1347 norum
2133 1291 2471 1346 habitatione
2498 1303 2564 1341 ac
2602 1286 2880 1342 domicilio
2910 1284 3356 1346 celeberrimam,
3381 1281 3490 1335 Ita-

1901 1382 2092 1453 liaeque
2123 1383 2380 1447 vicinam,
2418 1380 2597 1436 nullus
2631 1380 2846 1447 [adierit
2897 1377 3175 1447 Evangelii
3210 1377 3485 1437 minister,

1901 1478 2083 1532 nullus
2119 1477 2190 1531 ibi
2220 1475 2462 1529 fundarit
2492 1472 2820 1535 Ecclesiam,
2862 1470 3291 1539 episcopumque
3338 1468 3490 1520 insti-

1904 1571 2086 1636 tuerit,
2132 1568 2225 1637 qui
2271 1566 2617 1637 amplissimai
2668 1564 2820 1617 urbis
2857 1560 3210 1615 conversioni
3257 1574 3484 1628 Operam

1902 1666 2158 1719 navaret?
2186 1660 2303 1717 Non
2335 1660 2527 1732 procul
2563 1660 2700 1712 adeo
2732 1656 2940 1711 distant
2971 1670 3001 1709 a
3031 1654 3297 1725 Lugdune
3329 1652 3488 1706 Vien-

1904 1771 1994 1819 na,
2024 1755 2301 1821 Narbona,
2340 1755 2578 1818 Arelate,
2609 1753 2828 1813 Tolosa,
2860 1760 2968 1803 etc.
3004 1748 3061 1803 Si
3092 1747 3256 1817 igitur
3286 1760 3365 1799 ea:
3392 1759 3483 1797 ur-

1901 1847 2132 1916 besjam
2170 1856 2298 1901 ante
2347 1846 2643 1902 Pothinum
2694 1843 3009 1912 evangelica
3063 1840 3214 1904 luce,
3262 1838 3488 1905 suisque

1901 1937 2225 2007 praesulibus
2257 1938 2458 2005 gavisae
2519 1936 2787 1999 fuissent;
2843 1934 3019 2003 prima
3068 1931 3295 1984 istorum
3353 1939 3487 1980 cura

1900 2045 2021 2085 esse
2052 2031 2353 2097 debuisset,
2378 2032 2425 2085 si
2457 2032 2603 2101 quod
2638 2028 3033 2097 amplificandae
3063 2020 3341 2091 religionis
3371 2028 3490 2072 stu-

1901 2119 2051 2173 dium
2113 2128 2336 2187 pectora
2405 2121 2763 2186 iucessisset,
2826 2118 3150 2187 Lugdunum
3216 2110 3487 2166 coloniam

1900 2210 2270 2267 Christianam
2316 2208 2607 2272 deducere,
2636 2222 2665 2261 e
2691 2222 2797 2276 qua
2846 2217 2997 2260 tanta
3038 2204 3244 2258 utilitas
3276 2201 3328 2253 in
3384 2199 3488 2253 Ec-

1899 2304 2126 2359 clesiam
2164 2310 2477 2364 manasset;
2511 2300 2633 2364 inec
2688 2312 2916 2351 necesse
2948 2296 3143 2350 fuisset
3173 2294 3485 2351 Pothinum,

1901 2396 2184 2461 lrenteum,
2217 2394 2463 2462 aliosque
2493 2389 2777 2459 Evangelii
2825 2387 3110 2441 ministros
3155 2402 3221 2439 ex
3262 2384 3489 2438 Oriente

1877 2489 2143 2554 _mittere,
2194 2487 2287 2557 qui
2333 2501 2454 2541 eam
2512 2484 2701 2538 urbem
2759 2480 3077 2547 vicinasque
3126 2478 3376 2547 regiones
3422 2473 3488 2525 ad

1899 2577 2176 2631 Christum
2210 2580 2618 2630 converterent.
2653 2571 2815 2625 Certe
2848 2569 2891 2622 si
2930 2585 3050 2636 qua:
3093 2570 3222 2620 urbs
3270 2564 3485 2620 Pothini

1901 2677 2063 2721 aetate
2094 2668 2378 2736 proprium
2399 2665 2716 2733 episcopum
2747 2661 2947 2714 habere
2980 2659 3281 2718 debuisset,
3315 2656 3492 2709 maxi-

1901 2776 1986 2814 me
2032 2760 2261 2824 Vienna,
2302 2758 2354 2812 in
2388 2772 2496 2826 qua
2554 2757 2909 2810 constitutam
2966 2754 3133 2807 fuisse
3184 2751 3488 2805 Ecclesiam

1899 2868 1967 2906 ex
1996 2852 2161 2906 citata
2198 2862 2502 2921 martyrum
2534 2846 2763 2918 epistola
2813 2845 3024 2914 liquido
3085 2854 3258 2913 patet.
3292 2843 3491 2896 Mirum

1901 2954 2081 2999 autem
2142 2945 2191 2996 in
2237 2952 2345 2995 tota
2396 2956 2458 2995 ea
2522 2938 2779 3010 epistola,
2826 2936 3216 2991 \iennensium
3268 2936 3491 3003 perinde

1903 3047 2067 3105 atque
2096 3033 2537 3105 Lugdunensium
2594 3032 2817 3084 nomine
2852 3028 3077 3097 scripta,
3109 3025 3490 3095 Lugdunensis

207 3134 317 3175 rem
349 3120 702 3179 honoriﬁcas
732 3139 900 3194 super
931 3125 1151 3182 nomine
1180 3142 1281 3181 suo
1314 3128 1605 3196 pertulisse
1650 3127 1799 3181 litte-
1826 3132 1870 3193 C
1902 3127 2144 3199 episcopi
2188 3124 2574 3189 honorificam,
2610 3121 2935 3178 Viennensis
2986 3135 3114 3173 vero
3165 3133 3231 3171 ne
3277 3116 3491 3169 levissi-

208 3228 316 3268 ras.
358 3213 544 3270 Priori
581 3214 873 3285 legationis
920 3218 1099 3274 ofIicio
1155 3222 1480 3290 perfunctus
1536 3221 1794 3288 lreuaaus,

207 3316 382 3375 postea
441 3309 749 3375 secundum
807 3309 966 3378 obiit,
1012 3312 1068 3366 in
1129 3312 1349 3368 Pothini
1386 3313 1456 3368 ob
1517 3312 1794 3368 Christum

208 3401 470 3469 martyrio
517 3403 777 3457 coronati
828 3401 1004 3457 locum
1037 3406 1385 3461 substitutus.
1418 3408 1464 3460 A
1494 3406 1643 3476 quo?
1693 3408 1794 3463 nisi

208 3491 275 3545 ab
302 3490 631 3557 Eleuthero,
666 3493 733 3547 ad
780 3507 941 3562 quem
986 3496 1319 3552 honorificas
1358 3512 1523 3567 super
1573 3499 1796 3554 nomine

208 3597 307 3635 suo
357 3584 670 3651 pertulerat
721 3584 955 3640 litteras.
1009 3586 1143 3642 lllud
1196 3588 1385 3657 igitur,
1431 3601 1634 3660 postea,
1688 3606 1795 3645 non

208 3672 507 3740 longiorem
536 3672 779 3743 aliquam
813 3676 1073 3746 temporis
1104 3692 1335 3745 moram,
1365 3680 1520 3747 quasi
1559 3680 1798 3739 lrenams

210 3760 404 3818 littens
428 3762 669 3819 Romam
702 3765 954 3833 perlatis,
978 3768 1030 3821 in
1060 3766 1264 3824 Gallias
1290 3771 1461 3827 redux
1494 3773 1547 3827 in
1574 3776 1795 3831 Pothini

210 3855 383 3911 lucum
417 3859 763 3912 substitutus
795 3856 1027 3925 fuisset;
1063 3861 1157 3915 sed
1187 3876 1370 3916 rerum
1403 3864 1601 3918 seriem
1627 3866 1798 3936 signi-

210 3948 353 4017 ficat,
394 3964 636 4017 quarum
681 3951 801 4004 alia:
842 3950 978 4005 alias
1031 3953 1224 4020 paucis
1267 3953 1460 4009 diebus
1502 3970 1797 4024 praecesse-

210 4040 317 4094 rint
352 4058 367 4095 :
402 4041 671 4094 nimirum
712 4040 977 4097 lrenmum
1006 4043 1242 4114 primum
1292 4046 1665 4102 Ecclesiarum
1705 4064 1799 4119 pa-

212 4148 322 4187 cem
364 4134 516 4205 apud
573 4133 929 4189 Eleutherum
983 4135 1356 4203 sollicitasse,
1407 4148 1521 4193 tum
1581 4142 1798 4195 demum

214 4240 598 4281 consecratum
661 4228 729 4281 ab
779 4243 845 4283 eo
896 4227 1067 4286 fuisse
1109 4231 1461 4301 episcopum,
1514 4232 1571 4288 in
1622 4234 1800 4289 locum

212 4315 425 4372 I’OIbini
456 4317 731 4375 defuncti.

279 4411 365 4464 13.
415 4409 603 4465 Unum
636 4422 886 4482 superest
935 4415 1077 4483 quod
1108 4416 1249 4471 forte
1306 4416 1619 4487 scrupulum
1680 4419 1799 4473 cni-

212 4501 349 4569 piam
398 4504 637 4570 injicere
658 4517 825 4575 queat
856 4524 870 4561 :
902 4507 957 4565 id
988 4509 1240 4564 videlicet
1265 4512 1407 4580 quod
1453 4512 1587 4577 dixi,
1630 4514 1799 4566 raris-

217 4598 375 4651 simos
408 4612 545 4654 tunc
578 4600 865 4667 temporis,
899 4613 995 4656 aut
1037 4601 1181 4659 forte
1228 4604 1538 4661 nullasdum
1569 4609 1622 4660 in
1675 4608 1802 4662 Gal-

219 4692 297 4748 liis
325 4694 504 4749 fuisse
550 4695 860 4765 episcopos,
893 4713 921 4750 a
947 4698 1146 4767 quibus
1189 4715 1449 4754 manuum
1496 4701 1799 4770 impositio-

220 4802 330 4839 nem
363 4789 625 4858 ace-ipere
658 4792 926 4857 potuisset
972 4790 1228 4847 lrenzeus.
1275 4792 1392 4847 Non
1428 4795 1651 4864 quidem
1710 4798 1801 4852 hic

217 4881 634 4936 celeberrimam
671 4884 736 4937 de
778 4883 968 4952 primis
1015 4884 1314 4941 Galliarum
1367 4886 1628 4956 apostolis
1657 4904 1802 4957 qua:-

218 4976 442 5031 stionem
477 4978 549 5029 ad
589 4992 791 5032 novum
823 4994 1053 5033 examen
1097 4996 1358 5037 revocare
1393 4984 1526 5038 mihi
1577 4986 1633 5037 iu
1679 4986 1801 5038 ani-

220 5084 300 5122 mo
324 5081 411 5125 est
442 5088 459 5124 :
498 5070 635 5123 illud
672 5081 882 5125 tantum
911 5088 1157 5129 asserere
1187 5073 1371 5139 liceat,
1409 5078 1550 5146 quod
1585 5091 1651 5131 ex
1683 5093 1801 5131 cer-

220 5164 281 5215 tis
310 5166 747 5234 indtthttatisque
778 5167 1147 5221 monumentis
1181 5169 1529 5239 exploratum
1560 5169 1799 5232 videtur,

220 5255 281 5308 hi.
346 5258 561 5312 Aurelii
635 5260 974 5326 temporibus
1035 5259 1408 5315 Christianam
1484 5260 1799 5331 religionem

224 5352 454 5404 nondum
485 5351 629 5405 altas
665 5354 987 5420 lirmasques
1020 5352 1231 5408 radices
1274 5355 1327 5407 in
1366 5353 1554 5409 Galliis
1587 5354 1797 5423 egisse,

224 5444 690 5511 paucissimasque
722 5443 794 5496 ibi
827 5443 1041 5497 Pothini
1086 5453 1143 5498 et
1175 5445 1358 5498 lrenasi
1393 5456 1552 5499 aetate
1593 5445 1801 5500 consli-

225 5542 360 5588 tutas
396 5536 572 5589 fuisse
601 5537 943 5606 episcopales
974 5538 1150 5592 sedes.
1177 5536 1401 5592 Certum
1444 5547 1548 5602 est,
1584 5555 1685 5592 nec
1712 5554 1804 5593 ne-

225 5639 342 5694 gant
378 5629 644 5683 acerrimi
691 5628 1010 5685 Mmionum
1042 5631 1469 5702 apostolicarum
1503 5634 1557 5688 in
1609 5633 1804 5689 Galliis

324 5814 365 5845 ”
394 5813 470 5869 De
504 5813 592 5869 Gl.
626 5812 809 5879 Mam,
840 5829 889 5869 c.
922 5813 1013 5869 49.
1068 5814 1134 5885 9°
1159 5812 1333 5868 2Jun.

1902 3235 2048 3274 mam
2083 3220 2304 3286 quidem
2331 3215 2447 3270 fieri
2483 3215 2836 3268 mentionem.
2877 3212 2945 3266 Et
2972 3220 3153 3264 tamen
3190 3226 3297 3261 non
3327 3206 3492 3260 omit-

1904 3316 2038 3367 titur
2068 3326 2209 3366 unus
2238 3327 2269 3366 e
2301 3320 2603 3380 martyrum
2630 3321 2860 3361 numero
2880 3308 3137 3365 Sanctus,
3167 3299 3493 3355 Viennensis

1900 3406 2186 3459 diaconus.
2226 3404 2300 3457 De
2328 3402 2589 3472 episcopo
2627 3412 2807 3454 autem
2838 3396 3133 3453 Viennensi
3164 3394 3489 3447 altissimum

1904 3500 2105 3568 ubique
2141 3497 2441 3553 silentium.
2488 3496 2748 3550 Scribunt
2803 3492 3195 3562 Lugdunenses
3238 3496 3294 3541 et
3333 3484 3495 3538 Vien-

1900 3603 2118 3656 nenses,
2150 3589 2289 3659 quod
2350 3604 2414 3642 ea:
2474 3598 2699 3655 utraque
2756 3582 2997 3637 Ecclesia
3065 3577 3491 3649 prmstantissimi

1900 3683 2112 3753 quique,
2146 3691 2193 3734 et
2247 3697 2473 3750 quorum
2518 3679 2749 3732 maxime
2784 3676 2963 3728 labore
3011 3684 3058 3726 et
3104 3672 3368 3725 industria
3410 3684 3491 3722 res

1900 3775 1983 3827 hic
2024 3775 2325 3827 constituta:
2360 3773 2598 3842 fuerant,
2652 3768 2812 3823 simul
2851 3784 3026 3822 omnes
3070 3774 3390 3819 tenerentur.
3432 3762 3490 3816 Si

1902 3866 2342 3933 praestantissimi
2389 3865 2590 3934 quique
2633 3879 2699 3918 ex
2755 3872 2983 3931 utraque
3034 3858 3279 3912 Ecclesia
3327 3856 3493 3909 simul

1901 3974 2090 4013 omnes
2147 3968 2487 4023 tenerentur,
2534 3954 2924 4025 comprehendi
2964 3951 3152 4007 debuit
3202 3942 3324 4003 cum
3383 3948 3490 4003 Po-

1905 4050 2058 4104 thino
2104 4059 2160 4103 et
2200 4048 2525 4103 Viennensis
2578 4048 2912 4117 episcopus,
2972 4058 3073 4098 nec
3122 4056 3318 4097 nomen
3372 4041 3491 4110 ejus

1902 4142 2272 4213 praetermitti.
2317 4142 2449 4194 Dum
2500 4151 2683 4194 tamen
2739 4138 3319 4208 praestantissimorum
3373 4135 3491 4187 illo-

1902 4252 2024 4291 rum
2077 4235 2296 4290 nomina
2356 4242 2664 4296 recensent,
2703 4230 3126 4301 Lugdunensem
3174 4229 3491 4296 episcopum

1907 4342 2013 4382 non
2064 4326 2246 4391 silent,
2293 4323 2717 4378 Viennensisne
2762 4322 2929 4376 verbo
2962 4320 3184 4389 quidem
3224 4318 3491 4372 memine-

1908 4431 2052 4476 runt.
2088 4419 2243 4472 Hunc
2269 4416 2530 4486 implicite
2562 4415 2755 4470 saltem
2796 4415 3068 4469 contineri
3101 4412 3215 4468 vult
3242 4410 3493 4465 doctissi-

1904 4530 2027 4569 nsus
2055 4511 2433 4566 Tillemontius
2482 4510 2625 4563 inter
2666 4506 3150 4577 prmstautissimos
3175 4504 3317 4567 illos,
3351 4517 3490 4571 quos

1898 4623 1965 4663 ex
1998 4616 2229 4675 utraque
2273 4604 2520 4659 Ecclesia
2566 4602 3001 4669 comprehensos
3056 4607 3249 4651 narrat
3287 4598 3493 4665 episto-

1899 4704 1971 4758 la.
2003 4703 2073 4755 At
2104 4701 2157 4755 id
2190 4701 2361 4754 miror
2402 4699 2567 4753 etiam
2600 4706 2763 4765 atque
2797 4696 2985 4757 etiam,
3031 4702 3139 4745 tam
3173 4697 3488 4744 accuratam

1898 4794 2341 4867 Lugdunensium
2386 4802 2441 4847 et
2474 4790 2867 4848 Vieiineusium
2930 4785 3269 4853 diligentiam
3323 4782 3493 4836 fuisse

1900 4905 2026 4960 erga
2060 4888 2477 4956 Lugdunensem
2514 4887 2857 4955 episcopum,
2890 4889 2947 4933 ut
2976 4878 3238 4949 implicita
3267 4877 3495 4931 mentio-

1901 4999 1970 5037 ne
2032 4982 2453 5049 haudquaquam
2503 4979 2765 5043 contenti,
2814 4990 2937 5029 eum
2998 4973 3218 5041 proprio
3274 4970 3492 5024 nomine

1902 5071 2282 5142 appellandum
2315 5070 2665 5131 censuerint;
2708 5067 2789 5120 sic
2814 5080 2946 5119 vero
2976 5080 3072 5120 eos
3110 5063 3375 5119 defecisse
3408 5063 3493 5115 di-

1904 5166 2210 5236 ligentiam,
2244 5174 2301 5218 ut
2328 5163 2540 5217 diaconi
2568 5162 2895 5217 Viennensis
2924 5159 3181 5229 explicita
3212 5157 3492 5212 mentione

1904 5259 2071 5324 facta,
2106 5259 2345 5327 episcopi
2377 5255 2639 5324 implicite
2670 5255 2986 5309 meminisse
3013 5255 3147 5307 satis
3180 5251 3367 5316 fuerit,
3416 5259 3493 5303 ta-

1902 5354 2011 5407 cito
2051 5366 2277 5421 prorsus
2328 5348 2447 5419 ejus
2481 5349 2702 5403 nomine
2745 5357 2799 5400 et
2831 5349 3024 5415 gradu,
3063 5345 3221 5414 quasi
3266 5346 3347 5397 vel
3388 5343 3489 5397 ob—

1905 5447 2052 5499 scuri
2093 5444 2331 5497 nominis
2366 5447 2524 5498 homo
2558 5443 2768 5508 luisset,
2793 5442 2877 5496 vel
2911 5457 2997 5496 res
3021 5439 3224 5493 nullius
3253 5452 3492 5491 momen-

1907 5541 1968 5594 ti.
2008 5538 2304 5608 Gregorius
2350 5537 2691 5591 Turonensis
2722 5536 2767 5567 ²⁹
2802 5534 3010 5605 pariter
3033 5573 3048 5597 ,
3083 5542 3138 5585 et
3177 5531 3294 5584 Ado
3328 5528 3491 5583 Vien-

1908 5633 2096 5688 nensis
2125 5631 2194 5698 ’°_.
2223 5632 2313 5701 qui
2353 5631 2637 5701 epistolam
2692 5630 2958 5699 integram
2992 5626 3255 5697 legerant,
3300 5620 3490 5691 praeci-
