3924 6354
388 346 496 403 187

1204 343 1804 404 DISSERTATIONES
1842 341 2142 396 PRAZVUE
2178 339 2243 395 IN
2282 338 2535 395 ΙΒΕΝᾸΞΙ
2570 336 2835 394 LIBROS.

3531 334 3637 390 188

386 483 616 536 puorum
636 483 981 541 quorumque
1004 479 1307 540 martyrum
1330 468 1550 523 nomina
1572 465 1714 521 ham]
1739 464 1965 534 impigre
1994 467 2039 523 Α
2072 460 2329 517 Ecclesia
2376 475 2563 515 curam
2615 474 2808 529 gerens
2835 478 2849 514 :
2878 467 2933 513 et
2986 458 3045 513 in
3074 460 3261 513 eorum
3309 457 3487 525 capite
3537 458 3634 526 qui

389 571 708 626 recensent,
767 575 1161 629 numerumque
1216 561 1483 617 deﬁniunt
1516 577 1530 612 :
1565 558 1631 612 de
1670 554 1961 610 Viennensi

382 651 638 721 episeopo
695 667 763 705 ne
812 653 1037 707 vei-bum
1086 653 1326 720 quidem.
1370 649 1527 717 Quod
1579 657 1761 703 autem
1814 648 1965 701 addit

384 744 471 796 vir
499 743 570 797 cl.
606 754 723 811 post
766 744 1067 808 Valesium,
1108 744 1329 798 Vienna
1376 752 1504 797 tunc
1548 742 1807 810 temporis
1835 755 1963 794 con-

383 832 627 885 stitntam
672 834 839 887 fuisse
885 833 1211 895 Ecclesium,
1258 846 1484 899 eamque
1520 832 1633 901 jam
1664 830 1959 900 perfectam

383 932 438 976 et
479 921 788 981 formatam,
828 941 936 977 non
974 936 1150 991 urget.
1193 922 1249 978 Si
1300 924 1441 977 enim
1478 921 1734 991 perfecta
1762 932 1816 976 et
1852 921 1963 975 for-

385 1020 545 1063 mata
584 1012 840 1066 Ecclesia
886 1016 1103 1067 no:niue
1157 1027 1276 1066 eam
1329 1012 1612 1080 intelligat,
1667 1027 1788 1081 qua
1831 1025 1959 1079 pro-

382 1106 560 1175 prium
619 1108 782 1161 habet
831 1108 1169 1176 episcopum,
1204 1104 1366 1159 talem
1406 1105 1571 1159 fuisse
1600 1104 1958 1159 Viennensem

382 1197 733 1265 negabimus,
762 1209 857 1250 aut
882 1199 1074 1251 saltent
1112 1198 1497 1251 dubitabimus.
1533 1196 1588 1250 Si
1615 1212 1745 1250 vero
1774 1211 1959 1266 quem-

380 1286 514 1342 libet
568 1289 807 1342 fidelium
866 1304 1066 1344 emtum
1109 1290 1400 1360 intelligat,
1457 1290 1589 1342 nihil
1642 1290 1954 1344 obtinebit:

378 1396 504 1433 cum
547 1382 598 1433 in
636 1381 881 1449 pluribus
933 1382 1068 1437 locis
1126 1383 1329 1436 fuerint
1374 1382 1628 1436 Ecclesia:
1671 1397 1736 1437 eo
1769 1397 1953 1450 sensu,

378 1485 499 1539 qua
532 1480 714 1526 tamen
756 1474 1094 1543 episcopales
1124 1488 1232 1527 non
1278 1483 1457 1528 erant.
1491 1474 1712 1527 Certum
1761 1474 1958 1542 quippe

378 1570 464 1615 est
515 1578 580 1615 ex
636 1565 936 1619 Athanasio
990 1566 1042 1619 iu
1097 1562 1361 1635 Apologet.
1416 1581 1491 1629 ll,
1551 1565 1602 1619 in
1646 1563 1957 1619 Maraotide

378 1652 601 1721 regione
628 1656 811 1723 plures
843 1655 1011 1710 fuisse
1052 1656 1323 1710 Ecclesias
1354 1673 1368 1721 ;
1398 1666 1452 1711 et
1485 1667 1662 1711 tamen
1696 1674 1785 1711 nec
1818 1656 1955 1711 ullus

375 1760 607 1813 unquam
658 1748 710 1799 in
750 1765 811 1801 ea
852 1748 953 1818 fuit
1003 1752 1295 1819 episcopus,
1345 1767 1407 1804 ac
1454 1768 1516 1804 ne
1556 1751 1953 1819 cliorepiscopus

2066 552 2348 621 utriusque
2389 548 2641 605 Ecclesia
2692 547 2935 612 nomine,
2985 556 3097 600 tum
3154 546 3222 600 ad
3272 545 3634 601 Eleutherum

2063 658 2279 712 papam,
2334 652 2445 696 tum
2496 642 2562 696 ad
2609 640 2915 697 Orientales
2968 641 3240 702 scribunt,
3292 652 3392 708 pro
3433 637 3636 691 merito

2063 735 2343 799 dignitatis
2386 743 2697 804 appareret.
2748 731 2949 786 Nullibi
2998 741 3178 785 tamen
3226 730 3371 784 hunc
3410 728 3637 792 videas;

2063 827 2263 896 ubique
2291 826 2653 880 desideratur.
2687 823 2817 890 Quae
2846 823 3069 892 epistola
3100 823 3164 875 ad
3197 821 3393 875 fratres
3428 820 3479 873 in
3501 819 3635 873 Asia

2062 928 2117 974 et
2149 918 2379 989 Phrygia
2414 918 2675 985 degentes
2710 916 2961 979 mittitur,
2989 916 3127 969 hanc
3159 930 3269 984 pra
3314 929 3375 970 se
3402 916 3509 969 fert
3540 914 3635 967 in-

2062 1009 2410 1078 scriptionem
2447 1028 2459 1063 :
2492 1007 2636 1063 Servi
2687 1006 2918 1072 Christi,
2963 1008 3053 1077 qui
3100 1008 3240 1075 apud
3292 1005 3549 1061 Viennam
3579 1016 3638 1060 et

2060 1099 2372 1169 Lugdunum
2409 1097 2601 1153 Gallia:
2646 1100 2864 1167 degunt,
2914 1096 3171 1166 fratribus
3213 1112 3306 1164 per
3348 1098 3527 1150 Asiam
3575 1106 3635 1150 et

2060 1190 2343 1262 Phrygiam
2366 1193 2687 1252 constitutis,
2709 1198 2842 1253 etc.,
2866 1188 3015 1243 nulla
3038 1188 3358 1242 Viennensis
3381 1186 3633 1256 episcopi

2059 1286 2334 1339 mentione
2388 1284 2556 1339 facta.
2607 1282 2688 1336 An
2744 1296 2875 1335 vero
2926 1280 3264 1335 Viennenses
3318 1280 3643 1334 inconsulto.

2058 1377 2278 1446 proprio
2326 1376 2584 1445 episcopo
2618 1375 2685 1430 de
2718 1384 3018 1447 martyrum
3052 1387 3273 1427 suorum
3309 1370 3638 1424 certamini-

2058 1469 2158 1525 bus
2187 1470 2450 1534 scribere,
2482 1467 2859 1536 judiciumqne
2882 1481 3039 1521 suum
3081 1466 3147 1519 de
3172 1465 3325 1517 novis
3354 1462 3636 1518 Montani-

2056 1574 2262 1620 starnm
2304 1562 2610 1632 prophetiis
2651 1560 3003 1626 interponere
3036 1556 3377 1613 voluissent?
3414 1556 3488 1609 De
3514 1554 3634 1611 Lu-

2059 1656 2433 1727 gdunensibus
2476 1653 2610 1707 nihil
2643 1653 2841 1706 mirum
2885 1652 2928 1705 si
2961 1650 3225 1715 fecerint;
3258 1649 3483 1703 vacabat
3510 1657 3650 1702 tum.

2056 1746 2429 1817 Lugdunensis
2453 1744 2629 1800 sedes.
2681 1745 2751 1798 At
2775 1745 2920 1813 quod
2951 1743 3129 1797 adhuc
3171 1742 3224 1795 in
3262 1740 3401 1795 vivis
3437 1754 3635 1808 super-

372 1837 623 1903 quidem;
652 1839 741 1891 sed
773 1842 1031 1895 uniuersa:
1065 1844 1178 1912 ejus
1207 1843 1434 1911 regionis
1460 1842 1726 1906 Ecclesia’,
1760 1843 1949 1911 inquit,
1988 1809 2031 1865 Β
2057 1839 2185 1894 stite
2208 1835 2502 1891 Viennensi
2533 1834 2811 1904 episcopo,
2835 1834 2952 1903 ejus
2980 1847 3049 1886 ne
3070 1831 3237 1885 verbo
3264 1831 3478 1900 quidem
3509 1843 3649 1881 uie-7

374 1928 626 1997 subjecta:
668 1941 791 1984 sunt
819 1935 1058 2001 episcOpo
1092 1935 1476 1989 Alexandrino.
1525 1935 1737 2004 Singuli
1777 1942 1953 1987 autem

372 2023 657 2091 presbyteri
678 2026 917 2091 praprios
939 2025 1126 2079 habent
1141 2044 1324 2095 pagos,
1346 2043 1535 2098 eosque
1556 2028 1835 2089 maximos,
1860 2034 1953 2077 aut

369 2110 571 2178 plures.
601 2113 738 2180 Quid
779 2116 822 2169 si
874 2131 1004 2185 ergo
1051 2127 1155 2170 tam
1205 2119 1449 2168 modicus
1501 2115 1639 2181 apud
1688 2115 1951 2170 Viennam

374 2212 486 2257 tum
527 2203 691 2259 fuerit
725 2207 959 2260 fidelium
1012 2218 1295 2270 numerus,
1330 2216 1387 2259 ut
1431 2206 1632 2274 pusillo
1663 2208 1812 2277 gregi
1865 2222 1953 2262 re-

370 2296 547 2363 gendo
573 2300 707 2351 satis
737 2312 1010 2365 superque
1057 2297 1218 2350 fuerit
1245 2314 1387 2351 unus
1426 2296 1802 2367 Lugdunensis
1836 2299 1951 2369 cpi-

369 2403 588 2456 scopus,
622 2391 695 2443 illi
736 2389 853 2442 urbi
888 2388 1127 2452 vicinus;
1168 2403 1290 2441 cum
1327 2390 1565 2444 maxime
1619 2399 1772 2445 tanta
1801 2402 1953 2446 esset

369 2480 542 2535 adhuc
571 2483 808 2537 virorum
837 2482 1224 2550 episcopalium
1252 2483 1505 2550 penuria,
1532 2495 1590 2535 ut
1614 2483 1811 2551 singuli
1846 2484 1953 2538 sin-

369 2572 513 2640 gulis
544 2574 771 2627 urbibus
820 2572 1021 2640 pratici
1064 2590 1167 2628 non
1208 2573 1471 2644 possent?
1512 2573 1755 2646 Eamth
1813 2575 1952 2630 forte

366 2667 437 2718 ob
468 2680 688 2719 causam
736 2667 827 2735 qui
882 2665 1099 2719 Vienna
1140 2666 1519 2736 comprehensi
1565 2675 1691 2721 sunt
1743 2667 1948 2732 ﬁdeles,

366 2755 689 2827 Lugdunum
724 2758 967 2823 abducti,
1007 2774 1188 2814 coram
1218 2759 1448 2829 praside
1489 2757 1833 2829 Lngdunensi
1862 2762 1952 2832 ju-

368 2850 513 2905 dicio
552 2851 847 2915 sistuntur,
890 2852 958 2905 ab
990 2867 1055 2907 eo
1108 2852 1537 2922 interrogantur,
1580 2855 1951 2923 extremisque

367 2941 650 3011 suppliciis
690 2944 1041 2997 addicuntur.
1097 2943 1257 2999 Certe
1298 2943 1621 3013 Lugdunum
1654 2956 1709 3001 et
1739 2947 1949 3003 Vienna

367 3034 435 3088 ad
465 3035 712 3089 diversas
758 3038 1073 3104 provincias
1105 3039 1474 3107 pertinebant,
1533 3039 1648 3095 hac
1697 3042 1765 3095 ad
1815 3041 1952 3097 Nar-

365 3124 665 3180 bonensem
688 3166 702 3189 ,
732 3126 821 3179 illa
850 3127 916 3181 ad
948 3127 1234 3193 Celticam,
1268 3128 1422 3197 cujus
1446 3139 1764 3199 caputerat.
1803 3130 1950 3188 Suus

366 3226 485 3271 erat
518 3216 810 3287 unicuique
838 3221 1133 3287 provincia
1156 3220 1473 3291 pricfectns,
1495 3232 1548 3279 et
1569 3223 1789 3293 quidem
1814 3224 1954 3279 alter

369 3308 440 3361 ab
478 3307 650 3361 altero
707 3324 909 3377 genere
974 3314 1245 3368 diversus.
1307 3314 1585 3375 Celticum.
1646 3332 1766 3387 qua
1812 3318 1956 3385 juris

370 3400 722 3469 imperatoris
746 3414 889 3469 erat,
921 3407 1140 3475 regebat
1169 3416 1499 3477 propraetor;
1526 3406 1952 3475 Narbonensem,

371 3508 491 3562 qua
518 3495 656 3563 juris
685 3508 929 3562 senatus,
963 3500 1278 3568 proconsul.
1321 3498 1456 3554 Cum
1508 3500 1694 3570 itaque
1740 3499 1953 3570 Lugdu-

371 3587 558 3640 nensis
621 3600 925 3656 proprator
995 3590 1127 3645 nihil
1187 3593 1237 3644 in
1271 3590 1528 3647 Viennam
1555 3591 1953 3662 jurisdictionis

372 3692 634 3734 exercere
676 3690 896 3748 posset,
935 3683 1172 3737 fidelium
1222 3682 1607 3738 Viennensium
1654 3699 1836 3738 causa!
1870 3700 1956 3739 co-

375 3769 682 3838 gnitionem
746 3787 844 3840 pro
894 3770 1019 3840 jure
1074 3773 1175 3827 sibi
1234 3773 1513 3827 vindicare
1571 3789 1676 3827 non
1723 3783 1953 3843 poterat.

374 3858 515 3926 Quid
563 3877 695 3931 ergo
734 3878 828 3918 eos
895 3879 1082 3919 coram
1133 3866 1353 3935 proprio
1399 3864 1653 3918 tribunali
1707 3863 1955 3934 Lugduni

372 3952 494 4005 sisti
550 3952 740 4018 jubet,
791 3970 1087 4024 eorumque
1166 3972 1389 4011 causam
1449 3957 1795 4028 disceptari?
1844 3961 1958 4018 lloc

372 4060 540 4098 unum
571 4048 699 4099 mihi
743 4047 793 4101 in
831 4060 1063 4103 mentem
1092 4051 1260 4113 venit,
1296 4064 1683 4121 propraetorem
1726 4055 1779 4109 iu
1812 4072 1957 4111 man.

372 4136 514 4192 datis
560 4139 836 4206 habuisse,
870 4140 1288 4211 Lugdunensem
1349 4144 1649 4199 Ecclesium
1703 4148 1957 4216 stirpitus

373 4228 576 4286 delere.
613 4230 676 4283 Et
708 4232 832 4301 quia
879 4234 1128 4288 audierat
1162 4233 1496 4290 Viennenses
1526 4237 1594 4291 ad
1628 4236 1959 4309 Lugdunen-

374 4335 489 4376 sem
526 4320 821 4376 Ecclesium
870 4324 1169 4393 pertinere,
1204 4322 1516 4399 [LXXXIII]
1567 4338 1621 4382 et
1654 4345 1682 4382 a
1739 4330 1960 4401 Lugdu-

372 4414 528 4467 neusi
583 4414 841 4483 episcopo
902 4417 1052 4486 regi;
1125 4416 1330 4472 idcirco
1380 4434 1478 4473 eos
1530 4435 1628 4488 pro
1677 4423 1952 4479 mandatis

2056 1926 2443 1991 minerintsui,
2496 1926 2549 1979 in
2594 1926 2754 1981 rebus
2802 1924 2938 1978 tanti
2982 1922 3262 1984 momenti,
3298 1921 3386 1973 vix
3433 1919 3637 1975 credat

2054 2022 2145 2089 qni
2185 2020 2251 2074 ad
2286 2017 2451 2075 totius
2494 2009 2755 2072 Ecclesia
2784 2014 3234 2073 consuetudinem
3271 2022 3324 2069 et
3361 2013 3507 2084 leges
3534 2020 3637 2065 at-

2056 2109 2312 2167 tenderit.

2126 2223 2213 2278 I5.
2248 2220 2450 2275 Deinde
2476 2220 2819 2275 notissimum
2841 2218 3092 2289 estquod
3120 2216 3314 2272 scribit
3348 2214 3638 2287 Sulpicius

2056 2312 2296 2369 Severus
2322 2312 2389 2379 ³¹,
2423 2312 2567 2382 quod
2598 2313 2698 2367 sub
2718 2312 2939 2365 Aurelio
2965 2310 3218 2365 Antonini
3251 2309 3359 2363 filio
3379 2324 3638 2379 persecuo

2056 2409 2130 2460 tio
2180 2406 2371 2475 quinta
2416 2405 2749 2473 agitata:ac
2798 2414 2907 2457 tum
2951 2403 3187 2473 primum
3232 2402 3375 2456 intra
3418 2400 3637 2457 Gallias

2053 2498 2313 2569 martyria
2346 2498 2485 2562 visa,
2511 2496 2687 2552 serius
2712 2504 2863 2550 trans
2886 2494 3052 2563 Alpes
3084 2494 3177 2548 Dei
3210 2494 3472 2563 religione
3500 2508 3639 2548 sus-

2052 2602 2230 2659 cepta.
2276 2588 2631 2643 Notissimuzn
2678 2587 2806 2641 item
2858 2586 3001 2653 quod
3050 2586 3248 2653 legitur
3283 2586 3334 2638 in
3369 2585 3633 2648 sinceris,

2051 2682 2382 2751 Optimaqne
2417 2690 2563 2734 nota
2598 2679 2752 2734 Actis
2793 2677 2968 2731 sancti
3021 2676 3313 2734 Saturnini
3346 2676 3637 2748 martyris,

2050 2769 2213 2841 primi
2268 2768 2604 2825 Tolosatium
2656 2766 2908 2836 apostoli,
2961 2780 3081 2834 qua
3136 2765 3272 2819 vidit
3324 2767 3638 2833 citavitqne

2050 2863 2346 2933 Gregorius
2371 2860 2776 2923 Turonensis“,
2792 2859 2991 2928 publici
3011 2857 3155 2925 juris
3178 2857 3338 2913 factis
3359 2865 3413 2912 et
3436 2870 3637 2910 emen~

2052 2956 2192 3011 datis
2220 2969 2248 3007 a
2275 2952 2594 3008 doctissimo
2623 2942 3369 3005 Rttinartionostro"':Decio
3385 2945 3641 3002 etGrato

2053 3043 2383 3108 consulibus,
2448 3044 2499 3097 id
2534 3050 2617 3097 est
2648 3056 2789 3095 anno
2821 3038 3026 3095 Christi
3062 3037 3193 3100 250.
3240 3054 3390 3091 raras
3428 3036 3481 3089 in
3524 3036 3637 3087 ali-

1978 3162 2020 3220 ε
2053 3140 2239 3208 quibus
2262 3136 2563 3191 civitatibus
2586 3132 2820 3205 (Gallia)
2850 3131 3117 3186 ILcclesias
3147 3146 3439 3200 paucorum
3466 3129 3633 3183 Chri-

2056 3231 2349 3284 stianorum
2382 3227 2654 3281 devotione
2680 3240 3017 3293 consurgere,
3046 3232 3094 3276 et
3126 3223 3307 3276 crebra
3337 3220 3645 3275 miserabili

2056 3337 2233 3376 errore
2270 3318 2545 3390 gentilium
2587 3316 2860 3370 nidoribus
2891 3313 3067 3383 [elidis
3103 3314 3156 3364 in
3197 3313 3445 3367 omnibus
3493 3313 3635 3367 locis

2057 3411 2247 3481 templa
2289 3410 2512 3473 fumare.
2558 3404 2615 3461 Si
2657 3406 2837 3461 serius
2883 3414 3036 3458 trans
3070 3404 3235 3473 Alpes
3285 3403 3379 3458 Dei
3432 3402 3639 3474 religio

2058 3511 2309 3571 suscepta
2342 3500 2540 3564 fuerit;
2568 3499 2615 3554 si
2647 3512 2790 3551 anno
2819 3496 3023 3550 Christi
3061 3495 3167 3550 250
3203 3508 3340 3548 rara
3367 3495 3543 3549 adhuc
3571 3503 3639 3550 et

2057 3595 2113 3649 in
2148 3592 2471 3665 quibusdam
2500 3593 2762 3645 duntaxat
2793 3587 2983 3655 Gallia
3011 3586 3330 3640 civitatibus
3368 3583 3637 3639 Ecclesia:

2056 3691 2473 3751 consurgerent,
2507 3695 2694 3750 eaque
2732 3692 3034 3749 paucorum
3073 3677 3549 3739 Christianorum;
3583 3677 3638 3729 si

2058 3777 2250 3833 crebra
2280 3777 2334 3830 in
2366 3774 2619 3830 omnibus
2652 3771 2788 3826 locis
2810 3770 3089 3839 gentilium
3120 3769 3319 3837 templa
3349 3768 3640 3822 nidoribus

2057 3868 2241 3924 fetidis
2278 3866 2585 3929 fumarent;
2623 3863 2833 3917 tardius
2858 3863 2911 3915 in
2955 3861 3145 3915 Galliis
3177 3860 3434 3914 fundatas
3461 3858 3640 3914 fuisse

2058 3957 2398 4029 episcopales
2447 3954 2627 4019 sedes,
2696 3953 3116 4023 rarissimasque
3159 3966 3305 4005 anno
3360 3950 3464 4005 εει)
3510 3964 3641 4005 esse

2058 4051 2311 4107 debuisse
2340 4047 2605 4119 judieabit
2630 4047 2866 4115 prudens
2892 4046 3071 4115 quivis
3096 4058 3276 4099 rerum
3303 4046 3636 4097 astimator.

2061 4144 2118 4200 Si
2150 4153 2330 4197 autem
2364 4144 2409 4196 is
2440 4148 2587 4195 esset
2633 4147 2745 4191 tum
2784 4137 3045 4206 temporis
3091 4144 3245 4189 trans
3276 4136 3437 4204 Alpes
3474 4134 3642 4189 Cbri-

2060 4234 2249 4288 stiana
2279 4232 2353 4286 rei
2387 4240 2588 4294 status,
2619 4230 2661 4284 si
2703 4228 3017 4298 paucissimi
3051 4227 3104 4281 in
3139 4226 3330 4282 Galliis
3353 4226 3632 4297 episcopi;

2060 4325 2107 4379 is
2136 4323 2305 4378 multo
2337 4323 2596 4385 deterior,
2622 4329 2679 4374 et
2716 4318 2881 4372 simul
2906 4319 3068 4371 etiam
3108 4317 3279 4370 multo
3314 4319 3493 4368 minor
3518 4316 3640 4385 epi-

2061 4430 2347 4487 scoporum
2381 4428 2644 4467 numerus
2691 4412 2763 4465 ibi
2809 4426 2933 4467 esse
2965 4410 3154 4464 debuit
3189 4424 3332 4462 anno
3365 4408 3490 4470 177,
3522 4423 3640 4476 quo

371 4508 762 4574 comprehendi
788 4507 973 4577 jubet,
1021 4518 1075 4563 et
1105 4524 1289 4563 coram
1344 4525 1402 4564 se
1446 4511 1586 4567 sisti.
1650 4514 1804 4569 Ilunc
1863 4533 1954 4571 no-
1983 4508 2030 4566 D
2059 4518 2251 4576 passus
2274 4502 2636 4558 estPotbinus
2659 4498 3036 4568 Lugdunensis
3064 4498 3371 4567 episcopus.
3404 4495 3458 4549 Si
3485 4496 3637 4549 enim

373 4605 501 4659 dum
542 4605 809 4657 hactenus
854 4600 1012 4654 aliter
1066 4600 1242 4654 secari
1295 4615 1454 4669 posse
1500 4618 1609 4657 non
1659 4614 1806 4672 puto.
1840 4605 1953 4662 Nec

374 4698 520 4751 enim
550 4695 855 4749 audiendus
895 4693 1112 4747 videtur
1156 4693 1510 4750 doctissimus
1545 4694 1811 4763 Valesius,
1861 4700 1953 4768 qui

372 4785 693 4855 Lugdunum
728 4793 782 4836 et
817 4782 1083 4837 Viennam
1113 4785 1204 4838 uni
1254 4793 1310 4839 et
1339 4785 1512 4839 eidem
1542 4786 1785 4841 Romano
1815 4804 1954 4857 pra-

373 4874 477 4928 sidi
528 4882 654 4925 tunc
688 4872 936 4940 paruisse
984 4882 1211 4940 censet;
1268 4873 1441 4944 gratis
1496 4875 1695 4945 quippe
1737 4879 1954 4945 asserit,

373 4978 477 5017 nec
508 4961 724 5031 probat.

446 5055 535 5110 14.
575 5053 629 5107 Si
664 5068 794 5109 vero
838 5057 1127 5111 contendat
1159 5056 1284 5126 quis
1322 5054 1686 5112 Viennensem
1732 5061 1951 5131 episco-

372 5160 503 5217 pum
541 5147 984 5215 persequentium
1037 5146 1211 5201 furori
1259 5163 1380 5203 sese
1434 5150 1799 5217 subduxisse,
1856 5166 1955 5208 nec

378 5236 524 5291 inter
553 5234 809 5289 Ecclesia
837 5249 949 5289 sua
982 5238 1467 5305 prastautissimos
1495 5242 1952 5309 comprehensum

377 5328 550 5384 fuisse
604 5328 825 5399 (mirum
857 5330 901 5382 si
938 5332 1244 5387 subducere
1267 5348 1326 5386 se
1358 5336 1630 5403 potuerit;
1660 5344 1805 5388 tanta
1831 5347 1953 5390 erat

377 5432 567 5473 eorum
606 5420 657 5471 in
688 5419 1071 5488 perquirendis
1098 5421 1538 5478 Christianorum
1566 5427 1797 5482 ducibus
1823 5426 1948 5480 dili-

380 5512 595 5583 gentia!
618 5514 637 5581 )
658 5553 672 5577 ,
702 5512 897 5567 saltem
926 5516 1286 5571 exhiberetur
1314 5516 1399 5571 vel
1430 5518 1499 5572 ab
1522 5518 1778 5583 Eusebio,
1806 5518 1889 5572 vel
1922 5532 1952 5571 a

382 5607 712 5676 martyribus
752 5621 852 5677 pro
878 5605 1083 5662 Christi
1110 5622 1275 5680 grege
1307 5608 1594 5675 sollicitus,
1630 5609 1953 5680 salictaque

478 5758 517 5789 "
550 5760 669 5815 Lib.
727 5779 767 5817 ιι
819 5760 962 5821 Hist.
994 5777 1139 5820 sacr.

2051 4608 2180 4653 tunc
2218 4607 2272 4651 et
2321 4603 2483 4648 antea
2530 4592 2806 4646 ﬂoruisset
2852 4589 3097 4659 pluribus
3148 4588 3201 4642 in
3256 4587 3446 4642 Gallia
3495 4585 3641 4641 locis

2052 4690 2259 4760 religio,
2296 4688 2339 4742 si
2365 4688 2475 4757 jam
2504 4684 2688 4738 multis
2731 4683 2784 4736 in
2824 4680 3052 4734 urbibus
3080 4680 3394 4734 constituta
3442 4676 3640 4731 Eccle-

2054 4782 2168 4845 sia,
2204 4794 2324 4849 qua
2351 4795 2377 4831 a
2406 4775 2642 4846 propriis
2688 4781 3012 4842 regerentur
3050 4769 3355 4838 episcopis;
3389 4768 3485 4821 sub
3525 4768 3639 4820 Au-

2056 4872 2184 4926 relio
2217 4868 2470 4924 Antonini
2496 4867 2610 4936 ﬁlio
2644 4875 2753 4918 tum
2791 4863 3022 4931 primum
3051 4861 3193 4914 intra
3235 4858 3440 4912 Gallias
3481 4873 3635 4910 mar-

2055 4966 2193 5034 tyrio
2218 4963 2382 5017 videri
2414 4976 2519 5013 non
2551 4958 2890 5022 debuissent,
2922 4954 3016 5009 sed
3065 4954 3266 5007 dudum
3298 4961 3495 5013 antea;
3532 4964 3638 5004 nec

2055 5056 2303 5125 Lugduni
2336 5053 2517 5116 modo,
2553 5050 2647 5105 sed
2687 5059 2743 5104 et
2772 5047 3013 5113 Vienna,
3044 5045 3302 5108 Arelata,
3335 5041 3633 5104 Narbona,

2054 5147 2284 5202 Lutetia
2307 5144 2668 5204 Parisiorum,
2696 5149 2752 5195 et
2773 5142 2815 5194 si
2843 5154 2973 5210 qua
2993 5138 3113 5191 alia
3153 5135 3409 5190 civitates
3440 5131 3640 5186 Eccle-

2053 5242 2166 5295 sias
2217 5248 2270 5291 et
2309 5236 2560 5310 proprios
2606 5235 2894 5303 episcopos
2949 5230 3294 5292 habuissent,
3338 5225 3509 5278 videri
3540 5223 3641 5276 de-

2053 5334 2317 5388 buissent.
2349 5330 2456 5385 Cur
2482 5330 2625 5383 enim
2660 5326 2923 5383 Ecclesiis
2957 5323 3159 5377 nostris
3191 5320 3316 5388 plus
3355 5317 3639 5389 peperciso

2052 5432 2175 5478 seut
2215 5420 2481 5491 Traianus
2514 5428 2569 5473 et
2615 5418 2912 5483 Adrianus,
2960 5430 3123 5484 quam
3169 5411 3544 5468 Orientalibus
3582 5417 3635 5462 et

2054 5514 2235 5576 ltalis;
2274 5522 2331 5567 et
2372 5526 2474 5566 cur
2521 5510 2574 5565 in
2625 5509 3044 5578 Lugdunensem
3092 5509 3359 5559 duntaxat
3399 5501 3643 5555 savierit

2059 5606 2131 5661 Μ.
2161 5605 2436 5670 Aurelius,
2469 5617 2575 5658 non
2609 5602 2665 5657 in
2706 5601 2865 5666 alias,
2911 5614 3019 5654 nou
3062 5595 3262 5660 video;
3316 5607 3436 5659 nec,
3476 5601 3635 5663 puto.

1248 5765 1292 5798 ³³
1342 5764 1401 5820 L.
1454 5780 1469 5819 t
1520 5763 1682 5836 Ilist.,
1726 5761 2128 5833 §28,nov.edit.
2172 5762 2239 5795 "'
2290 5764 2412 5819 Act.
2457 5773 2616 5818 mart.
2649 5762 2782 5818 sine.
2815 5770 2869 5816 et
2909 5756 3032 5825 sel.,
3074 5771 3131 5825 ι).
3163 5753 3285 5810 110.
