3954 6372
261 326 423 384 2009

326 443 454 492 Cn.
482 441 603 506 XIX.
626 470 685 478 —
711 441 896 503 Futilia
931 449 985 492 et
1009 456 1129 492 vana
1170 456 1281 493 esse
1305 458 1416 506 quae
1456 446 1520 493 de
1548 444 1737 493 semine
1760 457 1851 494 suo

262 512 510 555 asserunt
555 504 794 553 haeretici.
822 507 1190 554 Alienissimum
1233 504 1346 553 esse
1386 506 1446 556 ab
1469 508 1601 554 omni
1645 508 1851 564 ratione,

264 565 604 628 Iiemiurgum
631 568 680 613 in
698 578 752 614 se
772 568 1050 628 suscepisse
1071 567 1163 615 hoc
1201 579 1393 628 semen,
1420 573 1473 615 et
1501 567 1549 613 id
1592 575 1775 625 tamen,
1801 571 1855 614 et

261 638 393 695 gum
412 626 667 695 superiora
693 633 811 675 sunt
855 626 1127 695 ignorasse,
1169 626 1522 695 ac_an_imaler_n
1557 640 1680 695 esse
1706 641 1718 674 :
1744 640 1854 675 cum

264 688 290 734 i
302 689 374 747 psi
391 696 619 750 suscepta
638 689 873 737 duntaxat
892 688 1109 749 ejusdem
1130 690 1365 749 particula
1384 688 1633 750 spiritales
1650 701 1707 737 se
1719 700 1832 737 esse

264 700 374 747 IpSI
391 700 619 797 suscepta
638 700 873 759 duntaxat
892 700 1109 749 ejusdem
1130 700 1365 749 particula
1384 700 1633 750 spiritales
1650 701 1707 737 se
1719 700 1819 737 esst

264 754 336 797 et
359 750 521 797 omnia
563 752 830 811 ntelligere
853 751 1147 811 glorientur.
1764 750 1819 797 77

341 844 454 911 CA5.
483 844 580 911 XX.
596 872 665 911 _-—
689 845 1008 911 Demonstrat
1049 849 1221 911 inanes
1246 860 1359 897 esse
1380 848 1716 911 probationes,
1743 850 1855 910 qui-

261 902 374 971 bus
395 906 562 954 dionis
582 906 859 971 duodecimi
894 908 1292 971 perturbationes
1314 917 1367 959 et
1383 902 1635 971 angustias
1654 902 1855 959 asse've-

264 966 471 1023 rabaut,
494 981 585 1039 nec
604 970 866 1039 ρει-,δαίμ
896 966 1197 1039 apostasiam
1245 966 1674 1039 et__d_efe"_c_tionem
1721 972 1854 1039 ipsas

266 1040 427 1089 posse
449 1031 743 1078 confirmari.
799 1031 1010 1079 Demum
1055 1034 1202 1080 variis
1241 1032 1569 1081 antithesibus
1609 1031 1849 1088 ostendit,

265 1087 553 1155 iussionem
568 1089 766 1155 Domini
784 1094 939 1155 nostri
962 1093 1083 1142 nihil
1101 1105 1377 1155 commune,
1398 1101 1485 1143 aut
1500 1092 1644 1143 afﬁne
1665 1093 1853 1155 habere

267 1162 389 1201 cum
413 1151 524 1199 (icta
548 1151 717 1200 dionis
738 1151 987 1215 passione.
1362 1151 1372 1155 ⁷
1760 1152 1853 1203 776

270 1273 454 1384 agar.
484 1275 609 1327 XXI.
635 1302 698 1313 —
728 1276 1001 1329 Duodecim
1041 1280 1292 1342 apostolos
1324 1278 1534 1329 Eanum
1558 1284 1728 1342 typum
1753 1294 1851 1391 πὶρὲ

398 1374 411 1385 .
1798 1361 1809 1390 ι

398 1374 411 1385 .
1766 1361 1809 1390 ιι

338 1416 452 1485 CA3.
478 1418 628 1485 XXII.
654 1420 955 1485 _—Triginta
982 1422 1162 1472 Eonas
1199 1435 1291 1485 per
1316 1422 1619 1471 tricesimum
1644 1437 1846 1482 annum,
1863 1414 1875 1424 ⁷

311 1478 632 1545 uoChristum
660 1478 955 1545 baptizatum
987 1484 1175 1545 dicunt,
1203 1478 1313 1531 'non
1340 1486 1686 1545 repraesentari
1719 1501 1729 1532 :
1755 1478 1851 1534 nec

313 1540 516 1606 hristum
542 1540 833 1591 duodecimo
858 1551 969 1605 post
985 1540 1280 1606 baptismum
1308 1540 1479 1606 mense
1498 1559 1691 1606 passum
1716 1558 1848 1604 esse,

266 1600 774 1667 sedgquadragenario
814 1600 1317 1666 majorem'mortuum
1343 1600 1520 1665 fuisse}
1561 1620 1674 1667 qua:
1699 1600 1852 1667 pecu;

266 1662 623 1711 Iiarislrenaéo
646 1662 1016 1716 sententia'est.
1506 1662 1515 1665 ⁷
1579 1662 1593 1667 ⁷
1700 1662 1714 1667 ⁷
1757 1667 1843 1715 78I

335 1741 448 1791 Car.
476 1742 1005 1811 XXI_lI._——_Mulierem
1045 1747 1284 1808 proﬂuvio
1316 1748 1570 1811 sanguinis
1610 1746 1848 1811 laborant

264 1806 376 1851 tem
402 1804 676 1864 perturbati
698 1806 866 1856 Eonis
892 1804 1062 1869 typum
1084 1823 1185 1857 non
1210 1822 1342 1858 esse.
1405 1804 1432 1811 ⁷
1758 1808 1850 1857 786

333 1886 639 1953 CAP._XX_IV.
668 1914 730 1953 1—-
754 1889 891 1953 γεω
908 1896 961 1953 et
980 1891 1163 1953 insulsa
1189 1903 1301 1940 esse
1338 1896 1624 1953 argumenta
1647 1903 1846 1953 quae);

266 1949 517 2007 numeris,
544 1949 725 1998 litteris
748 1958 801 1998 et
822 1951 1026 2011 syllabis
1044 1952 1228 2001 ducunt
1253 1949 1490 2001 haeretici.
1664 1949 1679 1953 ⁷
1757 1951 1846 1999 787

334 2030 446 2081 Car.
470 2031 619 2095 XXV.
645 2058 701 2069 —-
735 2032 894 2081 Solvit
937 2033 1287 2095 objectionem,
1330 2039 1384 2083 et
1423 2035 1645 2083 ostendit
1688 2034 1847 2083 Deum

263 2103 368 2139 non
390 2104 500 2139 esse
525 2093 585 2141 ad
610 2093 824 2152 litteras,
848 2093 1060 2153 syllabas
1082 2102 1134 2143 et
1154 2108 1387 2143 numeros
1411 2095 1731 2155 exigendum,
1758 2097 1847 2143 sed

264 2164 535 2217 numeros,
550 2160 603 2201 et
622 2166 679 2217 ea
704 2168 813 2215 quae
835 2156 957 2204 facta
1006 2161 1140 2215 sunt,
1167 2158 1340 2217 regula
1380 2158 1604 2205 veritatis
1652 2156 1846 2217 pensari

262 2212 476 2261 debere.
503 2213 675 2263 Omnia
696 2212 759 2263 ex
783 2230 880 2263 uno
904 2223 957 2264 et
981 2212 1159 2265 eodem
1193 2212 1299 2265 D'eo
1320 2230 1451 2273 esse,
1492 2230 1586 2265 nec
1606 2212 1848 2267 curiosius

263 2274 615 2335 investiganda
636 2289 748 2336 qua:
773 2278 955 2326 mentis
975 2278 1218 2338 humanae,
1260 2280 1370 2328 Deo
1407 2280 1554 2341 longe
1576 2278 1846 2341 inferioris,

272 2342 471 2396 captum
492 2342 749 2397 superant.
1504 2340 1513 2341 ⁷
1756 2340 1846 2388 797

331 2416 443 2465 Car.
472 2416 640 2479 XXVI.
670 2443 730 2451 —
751 2417 1012 2479 Imperitos
1039 2424 1091 2467 et
1113 2420 1290 2468 idiotas
1314 2419 1471 2468 Deum
1517 2420 1712 2467 sincere
1732 2417 1847 2468 diii-

261 2482 448 2535 gentes
469 2477 800 2541 praeferendos
823 2477 935 2529 esse
959 2482 1019 2529 iis
1040 2486 1124 2541 qui
1150 2478 1303 2529 inﬂati
1324 2487 1433 2527 sunt
1458 2493 1595 2541 vana:
1620 2482 1843 2529 scientias

261 2539 605 2603 persuasione.
636 2539 679 2588 Α
701 2542 910 2589 curiosis
933 2554 989 2590 ac
1006 2539 1271 2603 su‘perﬂuis
1314 2540 1673 2603 quaestionibus
1717 2550 1845 2603 tem-

262 2599 557 2660 perandum.
1068 2599 1083 2603 ⁷
1331 2599 1346 2603 ⁷
1750 2602 1844 2651 800

330 2681 443 2748 Cn.
468 2682 660 2732 XXVII.
686 2710 747 2718 —
772 2684 844 2748 Ex
871 2684 1129 2748 paraboIis,
1163 2684 1343 2748 quibus
1386 2687 1650 2747 multiplex
1680 2690 1845 2748 potest

262 2741 473 2812 subesse
521 2757 715 2812 sensus,
759 2741 963 2794 obscura
1008 2741 1298 2812 explicanda
1340 2760 1437 2812 non
1486 2741 1618 2812 esse,
1644 2741 1840 2812 sedas);

260 2806 332 2853 iis
353 2817 466 2865 qua:
491 2806 623 2853 clare
652 2812 705 2854 et
729 2812 901 2868 aperte
928 2806 1085 2868 posita
1108 2814 1224 2856 sunt
1257 2810 1307 2856 in
1335 2806 1621 2869 Scripturis.
1747 2807 1843 2856 802

328 2885 443 2950 Car.
472 2886 687 2937 XXVIII.
713 2913 775 2923 —
802 2888 883 2937 Sic
906 2887 1194 2950 inquirenda
1217 2902 1326 2938 esse
1354 2891 1444 2939 Dei
1464 2891 1717 2949 mysteria,
1742 2896 1798 2937 ut
1816 2904 1843 2939 a

260 2948 439 3008 regula
466 2950 692 2997 veritatis
725 2953 778 2996 et
826 2964 852 2998 a
887 2948 1003 2998 vera
1024 2950 1087 2997 de
1119 2951 1222 2998 Deo
1244 2952 1452 2999 scientia
1485 2948 1729 3008 nunquam
1753 2951 1843 2999 de-

263 3010 541 3070 ﬂectamus.
570 3009 834 3070 Scripturis
857 3012 1007 3058 sacris
1045 3010 1367 3059 adhibendam
1400 3024 1513 3059 esse
1555 3009 1718 3068 ﬁdem,
1750 3024 1842 3059 nec

265 3069 411 3135 plura
452 3084 478 3117 a
516 3071 658 3119 nobis
683 3069 891 3135 temere
942 3070 1296 3135 investiganda.
1318 3086 1429 3132 quae
1454 3071 1563 3135 Deo
1587 3073 1843 3135 committi

262 3129 471 3182 debent.
497 3144 551 3179 ac
572 3133 754 3179 mentis
778 3139 958 3180 nostrae
982 3129 1162 3181 limites
1202 3129 1467 3181 excedunt.
1504 3134 1566 3181 Et
1586 3133 1678 3182 hoc
1724 3146 1837 3181 esse

262 3191 438 3239 vitium
460 3168 821 3250 haereticorum,
845 3193 975 3253 quod
1002 3192 1119 3241 nihil
1146 3194 1250 3242 Deo
1274 3199 1550 3251 reservent,
1572 3168 1844 3242 sedvteme~

263 3263 324 3316 re
348 3254 511 3301 omnia
553 3261 851 3301 scrutentur.
903 3254 1029 3302 Hinc
1073 3254 1121 3301 iu
1153 3261 1249 3302 tam
1291 3261 1606 3316 portentosos
1646 3267 1845 3316 errores

266 3311 433 3376 lapsos
454 3325 541 3362 eos
560 3326 672 3363 esse
695 3316 1022 3364 demonstrat.
1291 3311 1306 3316 ⁷
1750 3315 1846 3363 804

327 3417 441 3468 Car.
465 3417 629 3480 XXIX.
658 3444 719 3453 —
742 3418 1039 3480 Repugnare
1062 3419 1193 3480 quod
1217 3424 1446 3467 asserunt
1487 3419 1709 3467 haeretici
1734 3422 1843 3470 ani-

264 3491 371 3527 mas
407 3479 637 3539 quasdam
657 3481 707 3527 in
735 3479 978 3535 Pleroma,
1004 3479 1125 3529 alias
1158 3479 1210 3528 in
1232 3481 1553 3529 medietatem
1594 3481 1839 3539 abituras,

263 3540 551 3600 corporibus
567 3541 741 3589 salutis
765 3542 1075 3603 expertibus.
1748 3542 1844 3590 812

326 3619 439 3694 Car.
622 3647 683 3694 -τ-
701 3621 946 3694 Vesanaln
971 3623 1315 3694 hzeretieorum
1358 3621 1667 3694 impietatem
1694 3626 1843 3673 casti-

301 3684 552 3791 ἲὲὲὲὲιῐξιεθ
595 3684 862 3745 spiritales,
906 3684 1229 3746 Demiurgum
1269 3695 1387 3731 vero
1426 3685 1690 3735 animalem
1731 3698 1845 3794 e3;

328 3822 443 3872 Car.
471 3822 723 3886 XXXI.-_—
762 3823 1050 3872 Summatim
1095 3828 1387 3886 perstringit
1423 3840 1481 3875 ea
1513 3826 1619 3874 fere
1663 3828 1842 3886 omnia,

264 3896 377 3947 qua;
399 3890 503 3931 toto
528 3884 618 3947 hoc
640 3883 766 3947 libro
789 3886 895 3933 I'use
920 3883 1172 3943 disseruit,
1196 3883 1449 3947 speciatim
1473 3894 1638 3934 contra
1659 3883 1845 3934 Valen-l

266 3946 497 4002 tinianos,
528 3944 702 3993 eadem
737 3946 789 3993 in
828 3947 1049 4007 reliquos
1089 3944 1240 3995 etiam
1279 3947 1543 3997 haereticos
1581 3948 1678 3996 dici
1697 3960 1843 4009 posse

266 4008 577 4055 conﬁrmans.
1752 4008 1845 4057 823

327 4092 443 4167 Cn.
465 4092 656 4143 XXXII.
678 4120 739 4129 —
759 4093 1029 4167 flagitiosa
1055 4106 1226 4143 eorum
1249 4094 1475 4167 dogmata
1500 4095 1843 4167 confutat,_qui

266 4156 459 4203 nullum
482 4168 577 4218 non
603 4156 904 4217 operationis
924 4168 1084 4218 genus
1126 4156 1489 4218 experiendum
1517 4170 1647 4215 esse,
1689 4157 1845 4205 actio-

267 4228 459 4276 nesque
482 4216 586 4265 sola
609 4215 841 4278 opinione
886 4215 1094 4265 humana
1113 4215 1269 4277 justas
1310 4225 1393 4265 aut
1415 4215 1637 4277 injustas.
1659 4230 1715 4267 ac
1737 4219 1844 4266 ani-

268 4289 394 4324 mam
414 4291 551 4325 suam
572 4276 690 4326 Jesu
716 4276 889 4339 animae
912 4276 1144 4339 similem,
1169 4280 1267 4327 imo
1309 4276 1558 4328 interdum
1580 4280 1842 4328 meliorem

269 4349 381 4386 esse
406 4340 557 4400 impie
576 4338 881 4388 asserebant.
1132 4338 1135 4339 ⁷
1750 4339 1844 4388 826

329 4426 445 4493 Car:
468 4426 679 4493 XXXIII.
706 4429 906 4493 Animas
929 4439 974 4493 7e
995 4428 1287 4493 corporibus
1304 4432 1354 4477 in
1380 4442 1585 4491 corpora
1605 4432 1839 4493 migrare,

269 4484 531 4541 absurdum
552 4491 725 4551 dogma
745 4489 1008 4550 multiplici
1028 4484 1219 4539 ratione
1242 4484 1544 4552 impetitum.
1675 4484 1703 4493 ⁷⁷
1748 4484 1843 4540 850

330 4569 442 4634 Car.
467 4570 676 4619 XXXIV.
701 4598 763 4608 -—
785 4572 985 4621 Animas
1007 4585 1102 4620 non
1125 4572 1269 4634 modo
1289 4586 1401 4633 quas
1432 4573 1480 4620 in
1505 4584 1710 4634 corpore
1729 4585 1845 4634 gesg

269 4633 428 4696 sei-int
450 4634 754 4696 meminisse,
774 4635 862 4682 sed
882 4640 934 4682 et
952 4633 1259 4682 immortales
1277 4633 1622 4696 perseverare,
1646 4633 1843 4696 tametsi

270 4691 464 4746 initium
488 4692 771 4742 habuerint.
1279 4691 1294 4696 ⁷
1609 4691 1616 4693 ⁷
1750 4695 1845 4742 854

330 4770 443 4835 Cn.
472 4772 657 4835 XXXV.
682 4773 990 4835 ——_Basilidis
1015 4774 1347 4835 hypothe~im,
1375 4774 1842 4835 Gnosticorumque,

306 4834 352 4899 ui
377 4834 641 4899 prophetas
664 4847 690 4881 a
723 4832 948 4899 diversis,
977 4832 1375 4899 diis'inspiratos
1417 4837 1613 4886 oracula
1658 4832 1842 4899 fudisse

306 4894 515 4951 icebant,
540 4906 763 4943 errorem
788 4895 993 4945 refellit.
1195 4894 1208 4899 ⁷
1734 4897 1840 4944 ~83"!

330 4975 561 5037 Analysis
584 4976 696 5026 libri
723 4978 879 5027 tertii.
1750 4978 1837 5028 841

332 5078 521 5129 LIBER
543 5080 834 5133 TERTIUS.

330 5159 487 5209 Przel'a
495 5162 581 5211 tio.
1752 5164 1782 5212 8
1794 5164 1843 5211 ⁸⁵

332 5240 446 5307 Car,
476 5242 512 5290 Ι.
537 5269 599 5277 —
615 5242 875 5307 Apostolos
897 5256 991 5291 non
1015 5245 1151 5307 prius
1174 5243 1501 5306 Evangelinm
1524 5242 1843 5307 praedicasse,

271 5303 563 5366 scriptisque
588 5303 859 5366 mandasse,
892 5303 1038 5365 quam
1063 5305 1278 5366 Spiritus
1313 5303 1475 5354 sancti
1500 5303 1642 5355 donis
1666 5319 1722 5353 ac
1746 5303 1842 5353 vir-'-

273 5316 563 5411 scrigusque
588 5316 859 5362 mandasse,
892 5318 1038 5365 quam
1063 5316 1278 5366 Spiritus
1321 5316 1475 5354 sancti
1500 5316 1642 5355 donis
1666 5319 1722 5353 ac
1746 5316 1842 5353 vir-

273 5366 361 5412 tuti
378 5363 703 5435 “usinstructi
723 5373 907 5435 essent.
924 5366 1109 5435 abillis
1131 5379 1278 5414 unum
1300 5368 1475 5426 Deum,
1490 5370 1599 5417 coeli
1622 5376 1674 5416 et
1697 5374 1843 5435 terge

271 5425 594 5485 mnditorem,
620 5428 965 5474 annuntiatum
990 5427 1158 5475 fuisse.
1750 5426 1845 5475 8H

329 5506 442 5572 Car.
472 5506 529 5555 II.
555 5532 613 5542 —
638 5508 776 5572 Quod
827 5521 989 5572 neque
1032 5509 1316 5571 Scripturis,
1358 5522 1522 5572 neque
1566 5507 1843 5572 traditioni:

269 5566 362 5616 bus
381 5569 715 5628 obsequantur
736 5566 981 5617 haeretici.
1142 5566 1158 5571 ⁷
1304 5566 1311 5570 ⁷
1442 5566 1457 5572 ⁷
1748 5572 1778 5618 8
1792 5570 1843 5618 t6

329 5650 443 5715 Cu»2
470 5650 555 5715 III.
572 5675 637 5715 _--
657 5650 935 5715 Traditione
956 5652 1302 5712 apostolorum.
1330 5654 1555 5702 continua
1582 5655 1841 5715 episcopo-

276 5723 377 5780 rum
404 5711 463 5780 ab
488 5711 902 5780 iisinstitutorum
939 5711 1251 5763 successione
1278 5716 1324 5763 in
1354 5715 1587 5765 Ecclesiis
1607 5711 1838 5780 (servata.

276 5770 533 5825 haereticos
551 5771 731 5828 invicte
756 5772 989 5829 confutat.
1607 5770 1618 5780 ’
1744 5777 1838 5831 διε

1328 324 1494 391 QUAS
1530 324 1595 378 IN
1635 322 1769 379 HOC
1806 320 1991 378 TOMO
2031 318 2537 376 CONTINENTIJR.

3384 322 3524 377 emo

2020 443 2134 494 Car.
2162 442 2243 489 IV.
2268 468 2328 479 —
2359 442 2396 490 Δ
2445 443 2546 488 sola
2590 439 2807 488 Ecclesia
2852 440 3119 500 catholica,
3160 440 3436 490 traditionis
3475 450 3529 489 et

1956 504 2192 553 doctrinze
2215 504 2493 563 apostolicae
2524 501 2750 555 custode,
2798 502 3063 562 petendam
3110 513 3219 549 esse
3245 504 3527 552 veritatem.

1956 566 2188 613 Haareses
2213 578 2361 612 novas
2397 576 2529 624 esse,
2556 575 2649 611 nec
2668 564 2913 624 originem
2936 563 2995 611 ab
3018 563 3254 624 apostolis
3278 570 3528 624 acceptam

1955 626 2147 675 referre
2171 638 2334 687 posse.
3437 624 3531 671 853

2014 707 2129 759 Car.
2154 708 2210 756 V.
2231 732 2291 742 -—
2315 706 2559 756 Christum
2583 709 2635 753 et
2658 706 2906 766 apostolos
2948 706 3057 755 sine
3101 705 3204 755 ullo
3250 706 3527 763 mendacio,

1954 769 2067 818 fuco
2088 777 2141 818 et
2167 765 2429 830 hypocrisi,
2457 780 2550 816 nec
2568 765 2837 830 doctrinam
2868 780 3006 830 suam
3035 768 3095 815 ad
3120 768 3399 830 auditorum
3420 768 3529 827 opi-

1954 833 2152 879 nionem
2177 828 2546 890 coinponentes,
2570 842 2720 876 unum
2744 828 2906 877 Deum
2950 829 3149 877 Patrem
3168 829 3385 877 omnium
3410 840 3528 890 con;

1953 892 2164 941 ditorem
2191 888 2519 941 annuntiasse.
3433 888 3525 936 857

2014 974 2127 1024 Car.
2154 973 2313 1022 VI.—-
2334 971 2508 1032 Neque
2532 972 2766 1033 Spiritum
2783 976 3003 1021 sanctum
3025 971 3076 1018 in
3097 970 3352 1033 scripturis
3369 968 3526 1033 Vete:

1954 1036 2024 1084 ris
2044 1034 2345 1084 Testamenti
2369 1030 2517 1081 ali—um
2544 1030 2700 1082 Deum
2740 1047 2795 1082 ac
2830 1034 3088 1083 Dominum
3115 1030 3406 1089 nominasse,
3429 1030 3527 1078 nisi

1952 1098 2036 1159 qui
2064 1108 2179 1144 vere
2201 1096 2338 1144 Deus
2360 1101 2456 1154 est,
2480 1095 2678 1143 Patrem
2712 1096 2902 1143 scilicet
2926 1100 2978 1141 et
3007 1092 3184 1141 Filium
3209 1092 3336 1152 ejus.
3432 1090 3527 1138 860

2012 1179 2129 1229 Car.
2152 1177 2259 1227 VII.
2286 1205 2347 1214 —
2368 1178 2527 1226 Solvit
2548 1176 2880 1237 objectionem
2925 1178 3128 1237 petitam
3151 1174 3339 1237 ePauli
3364 1171 3528 1222 verbis

1952 1238 2132 1350 ἔξωρον.
2178 1252 2244 1298 iv,
2266 1240 2313 1296 5,
2335 1234 2913 1301 probatque'Apostolum
2928 1234 3220 1299 hyperbatis
3236 1234 3527 1343 (requenstGe:

2010 1383 2123 1433 Car.
2153 1380 2278 1431 VIII.
2300 1408 2364 1418 —-
2381 1382 2539 1430 Solvit
2564 1382 2768 1429 alteram
2790 1379 3121 1438 objectionem
3146 1391 3174 1431 c
3200 1378 3379 1428 Christi
3407 1391 3524 1426 ver-

1949 1444 2027 1493 bis
2052 1444 2221 1494 Matth.
2270 1457 2338 1503 iv,
2359 1444 2439 1501 ει,
2462 1449 2516 1491 et
2536 1442 2754 1490 ostendit
2790 1442 2949 1490 solum
2973 1442 3151 1498 Deum,
3170 1453 3279 1489 cum
3306 1441 3447 1489 initio
3472 1445 3526 1488 et

1950 1507 2047 1553 fine
2072 1512 2255 1563 careat,
2282 1506 2437 1554 Deum
2462 1516 2517 1552 ac
2560 1503 2822 1552 Dominum
2847 1514 2965 1549 vere
3015 1503 3119 1563 dici
3136 1513 3305 1563 posse;
3328 1508 3525 1563 cetera

1949 1569 2130 1624 omnia,
2151 1560 2260 1614 cum
2285 1578 2376 1626 per
2400 1564 2614 1613 Verbum
2640 1567 2749 1625 ejus
2790 1563 2913 1613 facta
2937 1564 3055 1622 sint,
3095 1560 3190 1611 Dei
3217 1574 3275 1610 ac
3326 1560 3526 1626 Domini

1950 1622 2130 1676 nomen
2150 1622 2319 1676 sortiri
2348 1639 2445 1674 non
2466 1638 2632 1686 posse.
2670 1622 2683 1625 ⁷
3432 1622 3527 1670 866

2011 1710 2123 1759 Car.
2154 1707 2304 1757 IX.—
2328 1707 2487 1756 Unum
2513 1712 2565 1755 et
2585 1706 2813 1755 eumdem
2836 1706 2997 1755 Deum
3023 1706 3135 1754 coeli
3158 1710 3211 1753 et
3234 1711 3381 1754 terrae
3408 1718 3528 1754 con-

1948 1771 2177 1838 ditorem.
2202 1769 2603 1838 quia_prophetis
2622 1768 2911 1838 praedicatus
2935 1774 3035 1838 est,
3053 1772 3105 1838 et
3117 1766 3181 1838 ab
3197 1768 3527 1838 “evangelist'is

1948 1827 2287 1879 annuntiatum
2329 1827 2498 1878 fuisse.
2542 1828 2595 1877 Id
2627 1827 2842 1891 primum
2887 1840 2951 1877 ex
2994 1828 3211 1877 Matthei
3252 1827 3525 1890 Evangelio

1949 1892 2198 1953 probatur.
3431 1887 3526 1936 868

2008 1977 2122 2028 Car.
2161 1973 2214 2023 X.
2237 2000 2298 2008 —
2320 1974 2626 2036 Argumenta
2663 1985 2725 2021 ex
2767 1970 2911 2020 Lucae
2945 1977 2998 2020 et
3034 1971 3181 2021 Marci
3220 1970 3524 2081 Evangelsi‘iis’.

2006 2118 2118 2177 Car.
2140 2117 2223 2167 XI.
2247 2144 2309 2154 —-
2328 2118 2461 2165 Idem
2483 2115 2656 2177 probat
2681 2128 2743 2163 ex
2767 2115 3285 2177 Jmnniervangelio,
3305 2116 3436 2176 quod
3457 2127 3521 2163 ex

2006 2129 2118 2167 ων.
2142 2129 2223 2167 XI.
2247 2144 2309 2154 —
2330 2129 2461 2165 luem
2515 2129 2656 2164 rooat
2681 2129 2743 2163 ex
2767 2129 2968 2164 Joannis
2998 2129 3285 2177 evangelio,
3305 2129 3436 2176 quoa
3457 2129 3521 2163 ex

1949 2174 2107 2247 t_ribus
2130 2181 2241 2247 aliis
2275 2178 2370 2240 jam
2394 2129 2634 2247 proﬂavit.
2683 2177 2824 2247 Tum_
2856 2174 3118 2247 concludit
3145 2183 3359 2238 quatuor
3386 2190 3523 2247 _esse

1949 2241 2236 2302 Evangelia.
2261 2239 2350 2287 nec
2373 2242 2531 2302 plura,
2554 2249 2649 2287 nec
2684 2240 2932 2299 pauciora,
2956 2244 3009 2287 et
3034 2239 3181 2299 hujus
3204 2239 3397 2287 numeri
3418 2250 3526 2302 ως

1946 2298 2339 2351 ειὶωεῖηιὶοιιρε
2364 2298 2528 2349 atl‘ert.
2692 2298 2699 2299 ⁷
3106 2298 3109 2299 ⁷
3429 2298 3525 2349 879

2009 2384 2122 2435 Car.
2151 2382 2258 2432 XII.
2277 2410 2338 2420 —
2359 2382 2478 2442 Qua:
2502 2383 2563 2431 sit
2591 2381 2898 2442 reliquorum
2920 2380 3259 2442 apostolorum
3281 2380 3525 2490 doctrisnga.

2007 2519 2121 2569 Car.
2145 2518 2275 2569 XIII.
2304 2547 2365 2555 —
2385 2520 2637 2569 Adversus
2666 2532 2753 2568 eos
2775 2521 2859 2581 qui
2884 2518 3057 2568 dicunt
3101 2524 3290 2569 tantum
3314 2520 3523 2570 Paulum

1946 2593 2009 2630 ex
2035 2582 2271 2643 apostolis
2292 2583 2582 2644 cognovisse
2608 2582 2888 2631 veritatem.
3426 2583 3522 2632 910

2007 2665 2119 2715 Cn.
2148 2663 2272 2713 XIV.
2298 2692 2359 2700 —
2379 2664 2431 2712 Si
2455 2677 2566 2725 quae
2587 2664 2855 2725 occultiora
2884 2664 3131 2725 mysteria
3156 2676 3258 2725 prie
3298 2662 3407 2711 aliis
3430 2664 3527 2717 sci:

1942 2727 2097 2774 visset
2124 2727 2323 2781 Paulus,
2354 2738 2413 2774 ea
2435 2722 2587 2773 Lucas
2604 2722 2826 2772 assiduus
2843 2724 2974 2771 illius
2992 2722 3174 2786 comes,
3200 2723 3523 2786 laborumque

1944 2800 2146 2835 consors
2172 2794 2223 2834 et
2248 2788 2513 2848 particeps,
2562 2787 2791 2846 ignorare
2826 2798 2922 2848 non
2949 2785 3218 2848 potuisset;
3245 2798 3339 2833 nec
3363 2785 3522 2848 latere

1944 2860 2059 2896 eum
2110 2846 2293 2896 veritas
2334 2846 2513 2908 potuit,
2538 2860 2629 2907 per
2652 2859 2801 2908 quem
2844 2847 3001 2893 solum
3047 2846 3186 2908 piuta
3213 2859 3269 2895 ac
3307 2847 3523 2908 maxime

1945 2911 2225 2958 necessaria
2244 2904 2552 2970 evangelicai
2570 2904 2790 2956 historiae
2820 2908 2975 2968 capita
3001 2904 3243 2955 novimus.
3429 2906 3524 2955 9l5

2005 2991 2119 3041 Car.
2147 2990 2249 3038 XV.
2274 3015 2336 3023 —
2359 2990 2621 3039 Ebionzeos
2642 2986 2950 3050 constringit,
2978 2989 3062 3050 qui
3087 2986 3227 3037 Pauli
3254 2990 3524 3036 auctorita-

1943 3057 2045 3100 tem
2070 3052 2349 3105 elevabant.
2374 3051 2596 3111 hancque
2624 3049 2878 3098 conﬁrmat
2921 3062 2979 3097 ex
3014 3049 3388 3111 Lucrescriptis,
3410 3061 3524 3111 qua:

1944 3114 2173 3161 universa
2199 3119 2347 3172 atque
2371 3109 2565 3173 integra
2588 3111 3003 3173 admittinecesse
3042 3116 3135 3158 est.
3162 3109 3521 3173 TuanOSti-

1943 3187 2109 3222 corum
2126 3171 2392 3233 hypocrisi,
2415 3171 2540 3220 dolis
2559 3186 2614 3219 ac
2632 3171 2863 3233 superbia
2887 3172 3156 3233 castigatis,
3182 3171 3428 3233 concludit
3451 3183 3517 3217 ex

1942 3229 2181 3283 hactenus
2197 3229 2387 3291 dictis,
2415 3234 2663 3294 apostolos
2696 3229 2969 3291 eorumque
3014 3229 3282 3292 discipulos
3320 3229 3518 3294 unicum

1943 3296 2105 3345 Deum
2132 3295 2299 3343 mundi
2323 3291 2597 3344 creatorem
2620 3296 2815 3342 novisse
2841 3306 2894 3341 ac
2922 3291 3231 3355 praedicasse.
3425 3291 3519 3343 917

2005 3400 2121 3449 Cn.
2176 3396 2303 3446 XVI.
2348 3422 2411 3433 --
2450 3396 2523 3446 Ex
2585 3397 2920 3457 apostolorum
2970 3397 3167 3457 scriptis
3220 3396 3525 3457 demonstrat

1944 3474 2094 3509 unum
2129 3465 2179 3507 et
2204 3458 2433 3506 eumdem
2455 3470 2568 3506 esse
2587 3454 2756 3506 Jesum
2782 3458 3049 3519 Christum,
3072 3454 3403 3519 ’unigenitum
3426 3454 3523 3519 Dei

1945 3520 2143 3581 Filium,
2167 3532 2339 3568 verum
2366 3521 2523 3569 Deum
2544 3531 2601 3567 ac
2624 3531 2793 3566 verum
2818 3518 3083 3566 hominem.
3181 3516 3203 3519 ⁷
3426 3516 3524 3565 919

2005 3623 2116 3673 Cn.
2142 3620 2289 3671 XVII.
2308 3619 2497 3683 A—gNon
2520 3620 2877 3683 Christumaut
2902 3620 3225 3683 salvatorem,
3253 3622 3341 3668 sed
3365 3620 3521 3683 Spiri-

1944 3691 2046 3733 tum
2066 3689 2284 3732 sanctuin
2306 3681 2353 3730 in
2379 3682 2549 3729 Jesum
2567 3681 2885 3731 descendisse
2924 3682 3107 3731 docent
3151 3683 3383 3742 apostoli.
3404 3681 3522 3732 'Cur

1944 3745 2281 3800 descenderit,
2308 3741 2606 3802 explicatur.
3187 3741 3190 3742 ⁷
3424 3743 3520 3791 929

2008 3826 2121 3876 Cn.
2148 3823 2321 3873 XVIII.
2342 3847 2404 3856 —
2428 3822 2576 3869 Redit
2606 3822 2665 3870 ad
2690 3826 2974 3882 susceptum
3018 3830 3381 3884 argumentum,
3402 3837 3521 3884 pro-

1944 3886 2126 3946 batque
2151 3892 2253 3933 tum
2275 3896 2337 3946 ei;
2364 3884 2522 3946 Pauli,
2550 3888 2651 3930 tum
2676 3895 2740 3930 ex
2767 3884 2921 3943 ipsius
2943 3884 3135 3946 Domini
3162 3885 3346 3941 verbis,
3372 3884 3519 3935 Chri-

1942 3943 2071 3995 stum
2095 3961 2120 3995 a
2140 3947 2258 4008 Jesu
2282 3943 2599 4008 dividendum
2638 3956 2734 4008 no_n
2759 3956 2891 4001 esse,
2913 3957 3008 3993 nec
3030 3944 3211 3994 Filium
3235 3946 3329 3995 Dei
3347 3948 3517 4008 specie

1944 4013 2112 4067 tenus,
2138 4006 2229 4055 sed
2262 4017 2380 4053 vere
2412 4004 2662 4053 hominem
2689 4003 2867 4053 factum
2891 4017 3021 4054 esse.
3373 4003 3390 4008 ⁷
3425 4006 3521 4056 932

2006 4113 2117 4163 Car.
2146 4110 2267 4160 XIX.
2290 4131 2352 4146 -ο
2374 4111 2543 4159 Jesum
2566 4110 2811 4161 Christum
2832 4123 2928 4159 non
2949 4123 3139 4160 merum
3157 4110 3401 4162 hominem
3427 4126 3519 4161 ex-

1944 4171 2131 4223 stitisse
2157 4185 2224 4234 ex,
2245 4172 2446 4234 Iosephi
2470 4178 2577 4221 satu
2606 4172 2945 4234 progenitum;
2970 4172 3058 4220 sed
3080 4186 3250 4221 verum
3275 4176 3431 4226 Deum
3456 4174 3523 4224 ah.

1944 4208 2183 4344 aiilissirvno
2208 4208 2360 4283 Patre
2366 4208 2634 4297 Igenitum:
2652 4208 2724 4282 et:
2728 4245 2898 4281 verum
2933 4208 3526 4345 hominem-nexu

1944 4309 2005 4345 na
2033 4310 2132 4345 um.

2005 4378 2118 4428 Car.
2141 4376 2327 4440 XX._—
2345 4376 2506 4440 Deum
2538 4389 2601 4440 ex
2626 4376 2764 4437 lapsu
2785 4375 2997 4424 hominis
3039 4375 3334 4440 patefecisse
3371 4391 3517 4440 quam

1943 4442 2007 4489 sit
2029 4442 2240 4501 patiens.
2258 4438 2521 4501 benignus,
2539 4439 2820 4486 misericors
2846 4444 2910 4501 et_
2920 4442 3097 4501 potens
3117 4439 3177 4485 ad
3203 4438 3515 4497 salvandum;

1945 4498 2094 4562 atque
2118 4501 2300 4549 idcirco
2334 4498 2717 4562 ingratissimum
2741 4510 2851 4545 esse
2898 4498 3167 4556 hominem,
3192 4500 3232 4546 si
3262 4512 3517 4562 suse_sor-

1944 4559 2337 4623 tis'acceptique
2381 4559 2617 4612 beneﬁcii
2652 4562 2908 4609 immemor
2948 4561 3155 4621 gratiam
3180 4572 3277 4608 non
3314 4560 3523 4678 retega‘té

2004 4725 2122 4776 Cn.
2145 4722 2269 4773 XXI.
2294 4750 2354 4758 —
2375 4722 2695 4783 Prophetiam
2717 4722 2856 4771 Isaiae
2901 4733 2984 4779 vn,
3011 4721 3085 4778 ii,
3110 4736 3136 4771 a
3173 4734 3319 4783 prava
3360 4725 3519 4771 inter-

1944 4788 2221 4849 pretatione
2238 4784 2607 4849 Theodotionis,
2630 4784 2840 4844 Aquila),
2866 4783 3202 4849 Iihionitailum
3246 4796 3301 4832 ac
3320 4784 3519 4849 Iudico.

1943 4842 2050 4896 rum
2075 4847 2306 4904 vindicat,
2348 4842 2793 4905 auctoritatemque
2825 4842 3424 4905 versionisSeptuaginta
3445 4846 3519 4892 inv

1945 4907 2677 4970 terpretumgcommendat,_gac
2705 4904 2905 4953 demum
2952 4904 3185 4965 pluribus
3213 4904 3525 4970 argumentis

1944 4965 2201 5020 conﬁrmat
2220 4968 2467 5017 Christum
2492 4980 2521 5015 e
2546 4966 2751 5028 Virgine
2776 4972 2943 5014 natum
2970 4978 3101 5014 esse.
3425 4965 3533 5029 946,

2008 5052 2123 5103 Car.
2148 5050 2298 5101 XXII.
2327 5075 2383 5085 ~—
2409 5050 2653 5101 Christum
2678 5062 2843 5098 veram
2869 5062 3067 5099 carnem
3088 5062 3150 5098 ex
3170 5048 3373 5111 Virgine
3400 5063 3531 5101 con-_

1944 5122 2137 5175 ceptam
2160 5120 2212 5161 et
2233 5118 2393 5161 natam
2419 5114 2707 5172 sumpsisse.
3424 5111 3529 5165 9531

2007 5198 2119 5246 Car.
2148 5196 2317 5244 XXIII.
2345 5222 2407 5233 —
2465 5195 2728 5245 Contendit
2765 5195 3001 5247 adversus
3041 5193 3296 5243 Tatianum
3339 5190 3521 5243 divinm

2026 5260 2165 5307 uitali
2188 5270 2243 5306 ac
2266 5256 2615 5310 misericordiae
2659 5256 3045 5303 consentaneum
3088 5254 3256 5314 fuisse,
3284 5261 3340 5304 ut
3364 5256 3517 5307 Adam

2026 5272 2165 5307 uttau
2188 5272 2243 5306 ac
2266 5272 2615 5310 ῐηιδετιοοιιαιω
2659 5272 3045 5303 Consentaneum
3088 5272 3256 5314 “"558,
3284 5272 3340 5304 ιιι
3364 5272 3517 5307 Ααεῐη

1945 5272 2132 5381 gamus
2150 5317 2368 5367 omnium
2390 5319 2601 5367 salutem
2628 5331 2656 5365 a
2680 5317 2871 5368 Christo
2897 5322 3313 5377 consequeretur.
3424 5317 3521 5377 960

2006 5447 2120 5498 Car.
2150 5444 2314 5495 XXIV.
2342 5470 2400 5481 ——
2421 5444 2709 5491 Summatim
2738 5442 2925 5504 repetit
2945 5454 3057 5504 quae
3078 5442 3319 5504 hactenus
3341 5442 3491 5503 adven

1945 5523 2029 5558 sus
2057 5510 2211 5557 varias
2257 5507 2597 5557 Gnosticorum
2634 5503 3209 5564 impietatesgdisseruit.
3257 5503 3520 5559 ἥξει-θύεις

1948 5584 2065 5618 vero
2089 5571 2147 5617 ad
2174 5582 2367 5615 omnem
2395 5568 2629 5615 doctrinae
2675 5562 2877 5613 ventum
2928 5562 3521 5627 ﬂuctuantibus_oppouit

1948 5646 2111 5697 unam,
2157 5630 2352 5691 sibique
2377 5640 2575 5689 semper
2606 5632 2659 5675 et
2700 5627 2886 5688 ubique
2930 5632 3239 5676 constantem
3285 5625 3523 5697 Ecclesia

1946 5685 2236 5742 doctrinam.
2272 5685 2286 5691 ⁷
2489 5685 2503 5689 ⁷
2804 5685 2817 5688 ⁷
3427 5685 3524 5733 966

2006 5774 2120 5829 CAP.
2148 5773 2287 5831 XXV.
2310 5797 2371 5808 -~
2414 5772 2539 5832 Regi
2584 5772 2716 5829 hunc
2756 5770 2989 5823 mundum
3026 5768 3341 5840 providentia
3377 5766 3523 5823 unius
