3924 6354
136 321 231 375 189

765 333 1229 397 DISSERTATIO
1260 341 1325 409 ll,
1363 344 1523 403 ΛΚΤ.
1567 346 1607 413 l,
1650 349 1673 403 1

1777 351 1831 409 S.
1875 352 2138 410 ιιιΕΝΔει
2172 356 2332 412 VITA
2365 357 2452 412 ΕΤ
2484 358 2751 417 GESTlS.

3284 367 3384 421 196

131 441 329 496 videbit
372 444 629 549 quisquis
682 456 889 521 spretis
931 458 1136 527 spurii:
1175 462 1469 533 dubiisque
1513 483 1707 522 monu-
1733 475 1782 531 Α
1809 473 2095 543 designare
2150 494 2256 534 non
2321 480 2536 537 soleant
2585 493 2829 549 veteres,
2861 486 2956 539 sed
3011 486 3383 541 Christianam

130 536 345 599 mentis,
376 537 513 590 nihil
546 540 653 595 nisi
699 554 912 601 certum
957 549 1414 624 exploratumque
1454 558 1704 626 proferre

131 621 373 678 voluerit.
408 624 547 682 Huic
571 631 726 687 nulla
752 637 941 702 tutior,
969 654 1076 708 qua
1110 641 1178 695 ab
1210 643 1297 698 bis
1325 621 1702 704 sese—difﬁcul-

129 721 285 767 tatam
336 715 558 784 laqueis
605 725 880 793 expediat,
937 733 1218 800 apparebit
1265 736 1375 801 via,
1422 752 1584 806 quam
1644 750 1703 796 ut

125 803 340 859 afﬁrmet
384 824 515 863 cum
570 813 813 883 Sulpicio
845 819 1068 886 Severo,
1110 833 1167 879 et
1214 829 1441 898 antiquo
1476 843 1701 888 auctore

122 895 367 949 Actorum
415 898 479 953 S.
511 900 798 960 Saturnini
844 914 1122 983 martyris,
1166 916 1299 971 viris
1343 895 1491 973 otttni
1528 937 1697 977 exce-

120 985 290 1052 ptione
324 993 653 1056 majoribus.
687 999 867 1054 serius
898 1010 1049 1057 trans
1076 1004 1262 1074 Alpes,
1292 1018 1348 1062 et
1382 1011 1437 1063 in
1470 1011 1688 1081 Galliis,

120 1076 203 1130 vix
237 1090 367 1134 ante
410 1082 640 1141 Pothini
671 1091 989 1159 adventum,
1024 1095 1119 1152 Dei
1154 1101 1471 1171 religionem
1506 1121 1697 1163 susce-

119 1178 247 1236 ptam
270 1186 398 1226 esse
426 1192 441 1228 :
467 1185 518 1229 et
549 1178 672 1233 ideo
694 1183 797 1235 sub
812 1182 880 1237 Μ.
902 1185 1125 1241 Aurelio
1150 1200 1260 1245 tum
1289 1194 1523 1262 primum
1551 1199 1695 1254 intra

118 1260 325 1325 Gallias,
381 1283 491 1322 nec
542 1271 672 1327 alibi
708 1278 863 1344 prius
900 1295 1062 1349 quam
1113 1282 1387 1355 Lugduni,
1428 1294 1693 1364 martyria

117 1360 215 1405 visa
236 1369 357 1411 esse
385 1376 404 1411 :
433 1360 564 1429 quia
591 1370 786 1420 sensim
814 1379 864 1423 et
888 1373 1155 1440 gradatim
1184 1378 1239 1431 in
1262 1394 1466 1435 onmem
1493 1393 1693 1440 terram

116 1460 226 1497 tono
253 1445 682 1519 Evangeliorum
714 1474 953 1528 exeunte,
992 1468 1212 1537 parique
1240 1471 1354 1541 (vel
1393 1488 1454 1529 ut
1485 1478 1577 1532 alii
1609 1480 1691 1535 le-

115 1550 250 1603 gunt,
284 1545 585 1618 tardaque)
620 1568 867 1619 processu
900 1559 955 1611 in
993 1562 1296 1629 regionibus
1340 1571 1536 1625 nostris
1561 1590 1688 1640 apo-

114 1632 344 1684 stolorum
365 1640 767 1703 prmdicatioue
793 1664 1121 1719 coruscante,
1152 1657 1342 1728 religio
1372 1661 1686 1722 Christiana

114 1724 330 1779 nondum
390 1728 563 1800 longe
619 1732 840 1806 lateque
891 1741 1084 1799 dill'usa
1149 1724 1289 1813 erat,
1336 1750 1599 1820 Lugduno
1632 1768 1687 1813 et

114 1809 297 1867 Vienna
334 1821 625 1875 conclusa.
659 1824 735 1880 Ex
768 1828 966 1896 quibus
1010 1846 1196 1903 aperte
1240 1809 1497 1908 sequiiur
1550 1862 1687 1914 pau-

110 1906 341 1964 cissimos
380 1910 461 1965 Μ.
497 1914 713 1971 Aurelii
757 1935 903 1977 anno
944 1925 1008 1978 17
1062 1906 1355 2000 episcopos
1383 1934 1437 1988 in
1471 1906 1683 2009 Galliis,

107 1998 452 2091 vixquealibi
486 2022 656 2075 quam
704 2010 948 2083 Lugduni
986 2033 1108 2074 esse
1136 1998 1400 2091 potuisse.

164 2087 242 2141 16.
272 2088 389 2145 Nec
437 2096 615 2152 multo
667 2101 850 2169 plures
895 2107 1006 2162 illic
1049 2087 1334 2183 episcopos
1384 2123 1684 2192 exstitisse,

104 2178 282 2234 lreneo
335 2184 463 2253 ipso
518 2201 644 2256 post
690 2190 908 2250 Pothini
954 2212 1180 2257 mortem
1234 2207 1538 2268 Ecclesiam
1574 2214 1685 2271 Lu-

104 2273 431 2338 gdunensem
463 2293 716 2350 regente,
747 2300 810 2340 ex
838 2287 1079 2348 Eusebio
1112 2296 1289 2369 colligi
1329 2317 1490 2370 posse
1530 2310 1681 2366 vide-

106 2378 200 2419 ltlt'.
228 2366 364 2423 Nam
397 2375 842 2448 quotiescunque
882 2385 947 2437 de
990 2394 1152 2445 rebus
1183 2366 1452 2453 inVGallia
1485 2404 1677 2472 gestis,

101 2460 201 2513 sive
228 2470 349 2515 cum
396 2466 468 2519 de
507 2467 882 2528 Ecclesiarutn
918 2476 1257 2548 fundatione.
1290 2489 1407 2546 sive
1451 2460 1572 2550 cbm
1611 2460 1680 2555 de

100 2555 372 2610 vexatione
408 2560 726 2627 gentilium,
764 2566 883 2620 sive
930 2583 1052 2624 cum
1084 2573 1152 2629 de
1190 2587 1585 2643 controversiis
1622 2590 1677 2646 in

98 2644 327 2702 Ecclesia
364 2654 609 2717 exortis,
641 2666 695 2710 et
724 2658 777 2711 in
809 2659 984 2717 Gallia
1016 2665 1334 2740 disceptatis
1360 2692 1673 2738 sermonem

100 2737 259 2806 habet,
308 2745 480 2799 unius
536 2751 781 2819 episcopi
833 2737 1230 2829 Lugdunensis,
1266 2768 1500 2829 alterius
1548 2792 1678 2833 nus-

99 2842 241 2895 quam
276 2837 560 2890 meminit.
620 2839 733 2896 lmo
773 2843 1193 2914 disputationem
1228 2870 1516 2925 enarrans,
1555 2881 1677 2936 qua:

99 2919 155 2974 de
198 2922 475 2981 Pascltate
540 2931 872 2991 celebrando
940 2940 1083 2997 inter
1142 2946 1415 3005 Victorem
1478 2919 1673 3025 [πιέειιῆ

100 3021 144 3067 et
170 3014 439 3074 Asiaticos
482 3022 766 3096 efferbuit,
802 3031 1067 3090 Irenaeum
1118 3040 1202 3095 bis
1245 3014 1671 3120 exliibet'qitasi

1805 562 2047 631 plebem.
2085 567 2192 623 Sed
2244 571 2291 625 si
2340 572 2430 627 cui
2469 589 2671 645 anceps
2716 590 2976 645 appareat
3018 579 3120 633 iste
3163 579 3385 635 Eusebii

1804 652 1978 721 locus,
2006 657 2241 714 clariora
2272 662 2415 718 forte
2445 665 2778 721 videbuntur
2817 683 2938 737 quae
2969 678 3124 723 antea
3163 672 3381 738 praemi-

1803 744 1897 800 sit.
1929 742 2135 816 Nempe
2168 764 2464 806 recensens
2490 754 2672 807 varias
2703 757 2954 824 synodos,
2990 760 3384 827 episcoporum-

1799 859 1900 912 que
1926 854 2228 911 conventus,
2261 846 2511 910 συνόδους
2527 847 2590 919 δὴ
2622 848 2714 901 καὶ
2738 853 3129 923 συγκροτήσεις
3158 852 3380 906 ἐπισκό-

1801 954 1941 1001 πων,
1960 940 2050 1007 qui
2071 941 2333 995 adversus
2354 943 2629 995 Asiaticos
2665 946 2842 997 coacti
2877 956 3027 1006 sunt,
3055 944 3383 1007 Romanam,

1798 1027 2165 1095 Palaestinam,
2220 1030 2532 1096 Ponticam,
2581 1031 2896 1104 [LXXXIV]
2934 1032 3269 1087 Osrhoenam
3324 1044 3380 1085 et

1796 1117 2139 1173 Corinthiam
2190 1130 2480 1174 memorat.
2534 1122 2647 1175 llas
2700 1137 2919 1186 omnes,
2986 1139 3088 1175 una
3148 1134 3378 1190 excepta

1796 1208 2101 1279 Osrhoena,
2136 1211 2336 1267 diserte
2362 1214 2597 1282 appellat
2628 1217 2868 1284 synodos
2894 1217 3300 1284 episc0porum,
3323 1226 3378 1268 et

1794 1316 1914 1371 qua:
1946 1304 1999 1357 in
2032 1303 2098 1356 iis
2132 1302 2357 1359 deﬁnita
2382 1316 2529 1368 sunt,
2564 1309 2788 1361 decreta
2820 1308 3235 1378 episr-Opornm;
3276 1326 3375 1365 nec

1796 1394 1999 1449 omittit
2048 1396 2335 1465 episc0pos
2365 1396 2460 1466 qui
2513 1398 2581 1451 iis
2633 1400 2857 1470 synodis
2888 1398 3225 1469 praefuerunt.
3270 1399 3373 1455 Ubi

1794 1500 1924 1540 vero
1951 1487 2229 1541 decretmn
2272 1488 2340 1543 ab
2381 1488 2646 1544 Eccles'tis
2676 1489 2865 1545 Galliae
2906 1492 2973 1545 de
3021 1492 3212 1546 eadem
3243 1507 3376 1545 con-

1794 1579 2058 1632 troversia
2091 1580 2303 1634 editum
2352 1581 2544 1645 refert,
2584 1582 2700 1651 jam
2735 1598 2843 1636 non
2892 1584 3131 1654 synodos
3160 1584 3372 1651 episco-

1788 1683 1982 1738 porum
2014 1682 2428 1741 commemorat,
2461 1673 2554 1727 sed
2595 1675 2872 1728 decretum
2927 1674 3034 1727 τῶν
3068 1674 3210 1729 κατὰ
3236 1674 3376 1727 Γαλο

1788 1761 1909 1815 λίαν
1949 1763 2272 1834 παροικιῶν,
2318 1765 2384 1828 ἃς
2413 1768 2699 1838 Εἰρηναῖος
2743 1768 3062 1832 ἐπεσκόπει,
3098 1770 3373 1837 parochia-

1791 1870 1907 1907 rum
1956 1853 2169 1919 Gallice,
2201 1873 2426 1924 quarunt
2484 1859 2726 1913 lremrus
2780 1862 3051 1929 episcopus
3087 1870 3224 1923 erat,
3272 1875 3368 1914 seu

1788 1961 1923 2015 quas
1962 1954 2019 1997 ut
2065 1945 2337 2015 episwpus
2391 1948 2827 2004 administrabat.
2860 1948 3073 2014 Quibus
3106 1947 3368 2001 Irenaeum

1788 2037 2008 2088 unicum
2054 2035 2245 2090 Galliae
2286 2040 2601 2109 episcOpum
2645 2041 2918 2107 designat.
2956 2039 3013 2094 Si
3041 2040 3187 2094 enim
3237 2040 3368 2091 illud

1786 2125 2067 2179 decretum
2102 2128 2155 2179 in
2185 2126 2417 2181 concilio
2470 2131 2707 2193 plurium
2762 2131 2951 2186 Gallia:
2986 2131 3368 2201 episcoporum

1785 2217 1993 2270 editum
2046 2217 2215 2272 fuisse
2259 2219 2567 2272 censuisset
2604 2219 2895 2286 Eusebius,
2935 2223 2985 2276 id
3030 2239 3135 2277 non
3187 2222 3370 2276 minus

1783 2308 2186 2364 observandum
2222 2311 2323 2364 sibi
2353 2320 2620 2379 putasset,
2648 2324 2812 2380 quam
2844 2312 3239 2367 observandum
3269 2330 3371 2384 pu-

1785 2404 1939 2466 tavit,
1967 2404 2246 2457 decretum
2270 2401 2687 2457 Palwstinorttm
2718 2405 2787 2455 ab
2820 2403 2883 2457 iis
2910 2404 3178 2475 episcopis
3200 2407 3373 2461 emis-

1783 2510 1904 2550 sum
1936 2494 2105 2549 fuisse
2127 2496 2326 2564 quibus
2362 2494 2988 2565 praterantheophilus
3012 2496 3367 2555 Ctesariensis

1781 2596 1838 2642 et
1873 2587 2167 2641 Narcissus
2219 2585 2787 2657 llierosolytnitanus;
2842 2588 3123 2654 ltalormn,
3177 2591 3245 2644 ab
3293 2592 3363 2648 iis

1780 2679 1981 2750 quibus
2030 2679 2249 2748 praefuit
2274 2679 2491 2743 Victor;
2524 2679 2894 2742 Ponticarum,
2938 2682 3006 2735 ab
3056 2682 3121 2735 iis
3167 2684 3367 2749 quibus

1780 2771 1991 2839 prmfuit
2019 2770 2267 2835 Palmas;
2300 2772 2665 2827 Achaicorum
2698 2775 2959 2843 denique,
2983 2776 3050 2829 ab
3074 2776 3141 2829 iis
3165 2775 3369 2845 quibus

1778 2862 1995 2931 praifuit
2053 2863 2374 2934 Bacchylus.
2423 2864 2557 2918 Cum
2600 2866 2768 2935 igitur
2820 2884 2930 2921 non
2961 2868 3153 2922 eodem
3198 2874 3366 2927 modo

1777 2957 1843 3009 de
1899 2956 2087 3011 Gallia:
2132 2957 2391 3011 Ecclesiis
2443 2958 2716 3028 loquatur,
2764 2972 2928 3031 atque
2969 2963 3036 3017 de
3086 2964 3231 3029 aliis,
3262 2967 3366 3021 sed

1777 3048 1963 3116 procul
1999 3051 2255 3116 diverso;
2282 3053 2438 3125 haud
2489 3054 2720 3108 obscure
2772 3056 2970 3119 innuit,
3010 3056 3171 3125 longe
3195 3058 3359 3113 aliam

100 3107 274 3172 solum,
309 3114 407 3180 qui
440 3114 746 3173 Galliarum
774 3122 1043 3182 Ecclesias
1070 3133 1365 3202 episcopali
1390 3138 1515 3205 jure
1533 3107 1669 3200 'tuuc
1698 3146 1740 3204 C
1777 3140 1944 3195 fuisse
1996 3152 2124 3195 tunc
2162 3143 2533 3198 Ecclesiarum
2579 3157 2895 3201 nostrarum
2954 3151 3354 3217 conditionem,

101 3216 294 3269 regeret
320 3206 391 3259 ³³.
429 3205 582 3262 Inter
615 3226 711 3266 eos
744 3217 836 3283 qui
872 3217 1146 3277 Victorem
1178 3228 1492 3301 objurgant,
1527 3242 1671 3305 quod

98 3291 343 3350 Asiaticus
382 3296 669 3353 Ecclesias
701 3318 730 3355 a
762 3320 857 3358 sua
899 3315 1289 3371 communione
1316 3291 1670 3395 abscidisset,

98 3382 361 3456 Εἰρηναῖος
393 3392 462 3442 ὲκ
491 3392 792 3462 προσώπου
816 3390 891 3451 ὧν
922 3402 1109 3471 ἡγεῖτο
1141 3409 1280 3462 κατὰ
1309 3413 1410 3484 τὴν
1439 3416 1669 3475 Γαλλίαν

102 3474 324 3545 ἀδελφῶν
342 3482 685 3547 ἐπιστείλας,
702 3498 835 3543 etc.:
860 3489 1098 3550 Irenwus
1120 3515 1421 3568 expersoua
1438 3510 1667 3575 [ναινηηι

98 3564 142 3616 is
162 3566 329 3621 Gallia
357 3578 831 3643 commorantiunt,
851 3583 1038 3649 quibus
1061 3564 1306 3655 prmerat,
1334 3598 1403 3648 ad
1428 3564 1666 3656 eumdem

96 3658 305 3723 scripsit,
335 3671 448 3714 etc.
477 3663 746 3732 Aliojure
769 3668 1031 3730 fratribus
1055 3676 1106 3730 in
1133 3678 1309 3736 Gallia
1345 3687 1665 3758 degentibus

94 3760 305 3814 praesse
336 3769 447 3806 non
480 3765 701 3821 poterat
731 3758 989 3831 lrenaeus,
1018 3783 1180 3837 quam
1205 3775 1524 3846 episcopali.
1554 3799 1660 3839 non

95 3850 218 3894 certe
250 3848 681 3915 metropolitico,
716 3852 875 3924 longe
909 3860 1089 3916 minus
1119 3870 1413 3926 enrobico
1443 3882 1539 3926 aut
1571 3891 1663 3944 pa-

94 3935 386 3992 triarchico.
407 3938 602 4010 Neque
625 3946 793 4007 enim,
817 3958 875 4003 ut
902 3954 1119 4008 erudite
1147 3962 1327 4027 arguit
1363 3963 1434 4016 cl.
1465 3981 1664 4022 auctor

93 4036 224 4078 novae
268 4030 533 4087 editionis
584 4050 812 4104 operum
857 4040 917 4095 S.
954 4043 1152 4104 Leonis
1191 4066 1364 4121 papae,
1400 4056 1661 4114 disserta-

96 4115 221 4171 tione
249 4118 544 4187 laudata",
573 4132 814 4185 secundo
840 4131 1095 4192 Ecclesiae
1121 4144 1341 4209 szecnlo,
1373 4163 1480 4217 quo
1498 4150 1660 4207 Chri-

94 4206 260 4263 stiana:
303 4212 432 4267 ﬁdei
483 4215 839 4277 fundamenta
874 4234 1026 4281 trans
1056 4231 1219 4299 Alpes
1249 4206 1337 4291 vis
1373 4206 1532 4295 erant
1561 4260 1659 4313 po-

92 4300 197 4361 sita.
221 4319 330 4372 quo
356 4313 613 4364 nascenti
645 4312 901 4371 Ecclesiae
938 4337 1005 4376 ne
1048 4326 1247 4382 mutire
1277 4331 1494 4397 quidem
1524 4300 1659 4391 lice-

92 4391 165 4444 bat
192 4395 240 4448 in
274 4399 341 4451 iis
384 4402 730 4469 regiooibus.
751 4423 859 4477 quo
883 4412 1116 4483 denique
1140 4433 1201 4471 ea
1233 4419 1422 4478 Gallia:
1453 4428 1653 4484 civitas

1774 3245 1976 3301 easque
2000 3233 2176 3287 adhuc
2211 3235 2264 3289 iu
2309 3236 2621 3301 cunabulis,
2657 3254 2757 3292 nec
2787 3238 2950 3293 latius
2981 3239 3230 3303 diffusas,
3265 3241 3357 3296 vix

1773 3322 1939 3375 alium
1978 3326 2291 3396 episc0pum
2320 3327 2574 3382 habuisse
2606 3345 2769 3398 quam
2808 3328 3095 3385 Irenaeum.
3130 3332 3354 3387 Nullum

1770 3413 1961 3466 saltem
2020 3414 2184 3469 alium
2242 3418 2475 3485 proferri
2527 3436 2711 3490 posse,
2760 3430 2856 3475 aut
2907 3437 2973 3477 ex
3032 3424 3356 3479 imlubitatis

1781 3505 2170 3562 ecclesiasticae
2225 3511 2470 3565 historia:
2515 3515 2887 3569 monumentis
2951 3517 3093 3580 erui,
3143 3515 3355 3571 fatetur

1769 3595 1886 3663 ipse
1918 3599 2007 3665 qui
2050 3599 2205 3652 nobis
2236 3600 2321 3655 hic
2347 3602 2668 3656 adversatur
2694 3605 3058 3673 peritissimus
3083 3606 3375 3661 ecelesia-'

1766 3688 1918 3740 sticus
1962 3690 2307 3758 antiquitatis
2356 3694 2646 3764 indagator
2700 3694 3084 3752 Tilletuontius
3111 3698 3178 3753 ³⁸.
3232 3698 3346 3755 Nec

1765 3778 1910 3831 enim
1945 3778 2256 3849 Synodicou
2291 3798 2473 3837 moror
2498 3784 2566 3852 ⁸⁸,
2603 3787 2654 3840 in
2682 3802 2792 3855 quo
2823 3790 3023 3856 duplex
3050 3791 3347 3845 cuttciliuut

1763 3870 1864 3923 sub
1894 3870 2097 3926 Irenaeo
2125 3873 2463 3930 celebratum
2506 3878 2835 3946 exhibetur;
2870 3882 3105 3936 alterum
3140 3885 3346 3939 duode-

1762 3963 1893 4028 cim,
1923 3965 2153 4019 alterum
2193 3970 2455 4022 tredecim
2489 3972 2910 4041 episcoporum;
2954 3975 3101 4031 illius
3148 3979 3347 4048 quippe

1762 4055 1998 4109 Sublesta
2035 4059 2329 4111 admodum
2378 4059 2511 4116 fides
2549 4062 2603 4116 in
2647 4066 2810 4118 rebus
2846 4077 3009 4121 tantae
3046 4071 3347 4139 antiquita-

1763 4148 1850 4203 tis.
1889 4148 1993 4203 Sed
2020 4151 2085 4205 de
2119 4152 2203 4205 his
2227 4152 2339 4220 jam
2370 4154 2492 4224 plus
2537 4158 2671 4212 satis
2709 4173 2810 4227 pro
2842 4160 3095 4216 instituto
3129 4173 3339 4220 nostro.

1831 4241 1919 4295 17.
1947 4242 2119 4299 Roma
2169 4261 2426 4301 reversus
2454 4247 2688 4305 lrcnzeus
2722 4253 2773 4305 in
2809 4254 3219 4308 resarciendam
3254 4256 3337 4309 in-

1758 4347 1971 4404 gentem
2007 4338 2175 4405 illam,
2211 4356 2376 4409 quam
2423 4343 2707 4411 gentilium
2744 4342 2898 4398 furor
2932 4346 3194 4400 Ecclesia:
3228 4346 3339 4400 Lu—

1758 4429 2023 4497 gdunensi
2054 4447 2179 4484 mox
2218 4433 2501 4498 intulerat,
2538 4437 2847 4491 vastitatem
2891 4448 3035 4493 totus
3067 4440 3333 4494 incubuit.

89 4498 186 4550 qua:
222 4492 397 4557 prima
446 4495 611 4549 tidem
652 4504 961 4571 suscepisse
1003 4508 1237 4580 videtur,
1289 4518 1374 4571 vix
1417 4519 1649 4576 alterum
1686 4494 1729 4548 θ
1758 4492 1926 4585 Quam
1951 4519 2188 4576 feliciter
2211 4536 2391 4577 autem
2417 4528 2468 4579 id
2493 4529 2831 4595 praestiterit,
2856 4530 3334 4600 docetGregorius

89 4579 359 4637 antistitem
393 4600 425 4636 a
454 4584 696 4642 Pothino
724 4591 977 4663 habebat,
1015 4613 1133 4654 eam
1182 4604 1507 4665 hierarchia:
1532 4612 1647 4667 for-

88 4684 207 4767 tnam
233 4675 343 4742 jam
380 4678 438 4731 in
469 4683 666 4747 paucis
699 4700 818 4754 quae
849 4690 959 4746 illic
990 4703 1361 4767 exsurgebant
1394 4703 1655 4764 Ecclesiis

87 4760 435 4823 introductam
465 4789 613 4838 esse,
648 4791 770 4845 qua:
793 4790 846 4834 et
879 4784 1164 4855 episcopos
1189 4797 1650 4869 metropolitanis,

84 4867 125 4907 et
150 4864 609 4931 metropolitanos
654 4874 909 4927 exircliis
946 4878 1266 4949 subjiceret,
1301 4902 1329 4940 a
1372 4864 1648 4961 quoquam

84 4949 423 5011 demonstrari
454 4975 619 5026 posse
652 4974 857 5031 putem.
884 4968 1027 5026 Sane
1060 4975 1110 5028 si
1131 4976 1245 5044 ipso
1270 4983 1453 5037 medio
1489 4988 1650 5043 tertio

84 5048 278 5114 seculo,
309 5066 426 5118 quo
461 5052 718 5109 Tolos;im
753 5058 967 5116 advenit
996 5062 1343 5135 Saturninus,
1372 5085 1479 5129 tam
1510 5094 1648 5135 rarae

81 5136 231 5191 adhuc
262 5154 453 5196 essent
483 5147 539 5198 in
576 5148 783 5203 nostris
815 5152 1126 5223 regionibus
1156 5161 1431 5232 Ecclesiae,
1459 5185 1645 5241 eaeque

80 5241 349 5293 paucorum
420 5236 900 5311 Christianorum;
953 5252 1079 5319 quis
1155 5258 1346 5312 credat
1400 5236 1642 5321 secutido

1761 4611 2116 4669 Turonensis.
2144 4614 2490 4672 Beatissimus
2515 4617 2772 4685 lrenwus,
2806 4623 3000 4691 inquit,
3035 4622 3191 4691 hujus
3218 4640 3334 4675 suc-

1752 4723 1924 4761 cessor
1961 4710 2211 4778 martyris
2254 4708 2518 4780 (Pothini)
2547 4716 2647 4782 .qui
2682 4729 2714 4765 α
2754 4714 2901 4767 beato
2936 4712 3232 4783 Polycarpo
3258 4717 3329 4767 ad

1750 4798 1885 4853 Itane
1914 4802 2091 4855 urbem
2117 4801 2481 4873 (Lugdunum)
2509 4806 2742 4859 directus
2768 4815 2866 4869 est,
2893 4807 3201 4860 admirabili
3223 4808 3329 4863 nir-

1749 4906 1858 4951 tute
1890 4898 2077 4952 enituit
2104 4898 2235 4966 :qui
2260 4900 2318 4951 in
2349 4900 2540 4953 modici
2572 4899 2819 4969 temporis
2842 4903 3033 4968 spatio,
3062 4904 3327 4969 prwdica-

1746 4994 1889 5048 tione
1910 5010 2008 5048 sua
2041 4995 2270 5046 maxime
2292 4996 2345 5047 in
2372 4996 2576 5063 integro
2610 4997 2874 5048 civitatem
2913 4996 3140 5048 reddidit
3164 4994 3325 5049 Chri-

1743 5087 1994 5140 stianam.
2052 5085 2204 5140 Unde
2263 5085 2317 5139 in
2378 5085 2551 5139 altera
2610 5086 2995 5155 persecutione
3047 5102 3171 5156 quae
3219 5086 3321 5142 sub

1744 5178 1948 5233 Severo
1976 5178 2227 5245 contigit,
2256 5192 2491 5247 quaeque
2523 5177 2783 5231 lretueum
2818 5178 2959 5233 cwlo
2995 5180 3317 5246 transmisit,

1740 5270 1939 5324 asserit
1966 5270 2106 5323 idem
2139 5267 2435 5338 Gregorius
2464 5279 2665 5323 tantam
2691 5286 2815 5324 cum
2847 5269 3049 5326 Irenaeo
3074 5273 3315 5324 multitu-

80 5320 334 5383 desioente
367 5332 576 5386 saeculo
609 5344 719 5388 tam
751 5336 1067 5409 frequentes
1098 5345 1368 5413 fuissc,ut
1393 5354 1641 5423 pluribus
1737 5362 1914 5415 dinem
1975 5361 2398 5416 Christianorum
2461 5363 2524 5415 ob
2593 5364 2975 5434 confessionem
3047 5364 3315 5418 Dominici

82 5416 316 5491 εῐιῐεεορίε
343 5428 757 5496 metropolitico
786 5444 879 5487 aut
903 5439 1202 5496 exarcbico
1225 5442 1349 5510 jure
1382 5462 1641 5515 praeesset
1734 5455 1963 5510 nominis
1987 5472 2097 5510 esse
2115 5454 2446 5525 jugulatam,
2473 5466 2528 5511 ut
2566 5474 2659 5526 per
2691 5457 2898 5527 plateas
2924 5460 3148 5529 [Iuntina
3184 5476 3313 5515 cur-

85 5505 137 5529 1--
296 5517 322 5529 Δ
362 5516 425 5529 ιι.
537 5524 549 5529 -
577 5523 587 5529 .
798 5528 801 5529 ,
842 5526 879 5529 _

1226 5505 1239 5510 τ
1382 5505 1395 5515 .
2476 5505 2525 5511 ητ
2566 5505 2646 5526 τη
2691 5505 2896 5527 rm"-
2924 5505 3148 5529 .m-«m—
3184 5505 3268 5515 νπ-

85 5505 322 5571 lteuaus?
358 5516 458 5576 His
482 5523 628 5579 adde
659 5528 808 5596 quod
830 5526 1087 5586 Fratrum
1112 5536 1330 5594 nomine
1352 5543 1637 5617 episcopos
1732 5558 1908 5604 rerent
1967 5547 2031 5603 de
2095 5548 2351 5619 sanguine
2414 5548 2739 5620 Christiano,
2788 5568 3013 5622 quorum
3036 5592 3052 5620 ,
3090 5554 3188 5619 ait,
3218 5570 3310 5609 nec

169 5716 456 5806 fEusebJ,
560 5741 617 5806 γ,
649 5740 699 5782 c.
730 5727 846 5806 242-
879 5732 945 5806 _“
978 5735 1121 5792 Diss.
1164 5756 1215 5806 v,

96 5785 215 5855 σαι..
246 5805 356 5851 nat.
392 5785 452 5861 δέ
489 5796 543 5851 in
574 5785 720 5853 [ἔθη.
804 5785 848 5849 1⁸
879 5802 941 5859 Τ.
970 5785 1220 5865 Ινάοιῖοἰῖ

1301 5756 1360 5825 ro
1388 5740 1446 5797 S.
1488 5741 1798 5825 HiliAArel,
1831 5768 1881 5808 c.
1914 5756 2053 5825 ιδςι.
2080 5756 2125 5814 ll
2151 5768 2273 5810 nov.
2322 5756 2456 5812 edit.
2499 5753 2557 5813 S.
2597 5756 2769 5817 Leon.

1302 5811 1416 5881 2b.,
1451 5828 1508 5885 ρ.
1535 5811 1815 5875 δυο-σοι’.

2868 5760 2912 5831 ξι
2945 5759 3005 5817 τ.
3037 5759 3112 5831 ιιι,
3160 5759 3305 5817 Hist.
