3924 6354
564 377 661 431 tot
1377 364 1977 426 DISSEBTATIONES
2008 358 2312 417 magna:
2348 358 2413 413 IN
2452 356 2704 413 meum
2740 355 3009 412 unitos.
3691 353 3779 411 tte.

564 513 867 559 numerum,
909 512 1002 549 nec
1028 495 1244 549 nomina
1290 492 1534 561 colligere
1573 494 1859 561 potuimus.
1897 487 2049 554 Quod
2085 494 2139 540 et
2168 487 2213 543 Α
2243 484 2476 553 impetus
2503 481 2753 551 frangere
2779 494 2878 550 pro
2909 478 3051 533 virili
3082 486 3236 547 parte
3260 486 3567 533 conaretur.
3595 476 3805 553 Dudum‘

564 589 893 645 conﬁrmant
925 587 1209 643 Usuardns
1231 586 1432 655 aliique
1460 582 1970 655 Martyrologiorum
2004 579 2142 634 seri-
2242 582 2580 632 emerseraut
2610 574 2662 627 in
2689 573 2913 628 Oriente
2941 570 3323 635 Valenti’niani,
3350 586 3486 639 quos
3507 569 3648 625 brevi
3678 583 3782 642 post

561 694 767 753 plores,
798 683 923 736 dum
955 690 1185 735 narrant
1223 682 1482 735 Irenznunt
1526 696 1644 733 cum
1679 677 1818 730 omni
1856 675 1965 743 fere
2012 674 2143 727 civi-
2244 677 2574 740 exceperant
2632 666 2923 730 Marcosii,
2974 666 3215 723 Simonis
3271 664 3407 735 Magi
3467 664 3781 736 aliorumque

564 777 689 829 latis
713 792 825 829 sua:
860 775 1054 843 populo
1084 783 1393 827 coronatum
1434 788 1547 825 esse
1588 769 1817 839 glorioso
1860 766 2139 833 martyrio.
2243 766 2625 823 Gnosticorum
2689 763 2831 817 mala
2899 762 3219 831 progenies;
3278 760 3370 830 qui
3436 762 3533 815 sub
3591 763 3784 815 nomine

563 865 775 920 Eximia
836 866 949 920 hzec
1002 875 1128 918 sunt
1162 872 1486 933 argumenta
1539 862 1706 923 illius,
1758 875 1865 928 quo
1915 858 2142 912 ardebat
2244 860 2558 915 Christiano
2588 857 2832 910 animum
2864 856 2985 923 plus
3031 868 3193 922 quam
3229 852 3506 906 ethnicum
3536 864 3782 920 gerentes,

565 957 945 1017 sanctissimus
975 959 1283 1025 episcopus,
1327 956 1651 1009 Christianum
1687 953 1970 1019 religionis
2003 952 2141 1021 apud
2248 948 2661 1004 incredibilibus
2690 960 2940 1001 errorum
2968 944 3250 1007 monstris,
3282 942 3675 1013 horrendisque
3705 943 3785 997 lia-

566 1062 700 1101 suos
731 1050 1112 1116 promovenda:
1146 1048 1336 1103 studii.
1375 1048 1481 1103 Sed
1521 1057 1574 1102 et
1616 1048 1787 1115 majus
1818 1046 1941 1111 fuit,
1977 1060 2139 1113 quam
2245 1042 2394 1110 gitiis
2430 1040 2754 1095 Christiana:
2786 1037 3067 1107 religionis
3107 1037 3382 1092 sanctitati
3429 1052 3685 1092 summam
3715 1040 3785 1091 in-

570 1152 629 1194 ut
657 1142 1061 1211 angustioribus
1098 1142 1477 1211 Lugdunensis
1509 1140 1660 1193 urbis
1706 1139 1969 1193 limitibus
2014 1154 2146 1192 con-
2248 1133 2425 1188 famis:
2455 1133 2630 1188 labem
2665 1132 3044 1201 aspergebant.
3071 1131 3147 1185 Eo
3176 1128 3532 1199 periculosius
3562 1130 3785 1197 serpebat

569 1231 711 1285 cludi
775 1233 1012 1299 potuerit
1046 1250 1058 1285 :
1088 1234 1140 1285 in
1195 1242 1360 1285 totam
1422 1231 1671 1295 Galliam,
1730 1232 1838 1285 imo
1886 1240 1940 1284 et
1976 1238 2142 1283 totam
2246 1241 2537 1288 venenum,
2568 1240 2679 1295 quo
2706 1223 2972 1279 occultius
3000 1223 3255 1293 :jamque
3288 1220 3691 1291 Lugdunensem
3716 1238 3786 1276 re-

570 1324 867 1379 Ecclesiam
907 1339 1028 1379 sese
1064 1323 1300 1380 dili‘udit.
1333 1324 1387 1379 ld
1420 1326 1562 1379 enim
1600 1325 1700 1394 ipsi
1756 1338 1901 1377 curas
1936 1323 2055 1387 fuit,
2090 1333 2147 1376 ut
2247 1320 2461 1390 gionem
2492 1326 2831 1389 pervaserat,
2856 1316 3169 1386 pluresque,
3206 1314 3467 1369 mulieres
3490 1313 3785 1383 praesertim,

568 1416 863 1485 discipulos
886 1416 1211 1471 Christiana:
1233 1418 1355 1471 vita:
1375 1428 1537 1488 atque
1562 1416 1826 1471 doctrina:
1858 1416 2146 1485 praeceptis
2248 1412 2534 1478 iniecerat,
2564 1426 2800 1482 quorum
2851 1411 3063 1465 animos
3090 1424 3194 1463 non
3234 1424 3263 1463 a
3297 1408 3403 1463 ﬁde
3437 1408 3611 1473 modo,
3636 1411 3718 1463 sed
3746 1417 3789 1461 et

566 1508 883 1573 exc-oleret,
925 1510 1016 1578 qui
1061 1512 1314 1580 deinceps
1362 1512 1429 1567 de
1482 1520 1591 1565 tota
1648 1511 1889 1567 Ecclesia
1938 1509 2145 1573 verbis,
2248 1508 2315 1563 ab
2340 1507 2487 1561 omni
2526 1505 2756 1559 rationis
2795 1519 2955 1558 sensu
2986 1518 3152 1573 prope
3183 1502 3504 1557 abduxerat.
3534 1500 3786 1555 lrenaaus“

568 1602 788 1669 scriptis
835 1612 890 1655 et
940 1603 1207 1672 exemplis
1239 1603 1379 1657 bene
1413 1614 1777 1659 mererentur.
1827 1604 1979 1658 Talis
2022 1603 2144 1670 fuit,
2248 1600 2506 1655 excubias
2530 1614 2694 1670 agens
2720 1612 2819 1668 pro
2843 1598 3043 1653 Christi
3072 1612 3257 1668 grege,
3279 1597 3369 1651 ubi
3400 1597 3596 1651 malum
3623 1596 3785 1658 sensit,

568 1692 765 1749 Photio
798 1703 933 1748 teste
952 1696 1018 1759 ³⁷,
1054 1694 1110 1748 S.
1147 1694 1464 1766 Hippolytus
1508 1697 1794 1766 episcopus
1827 1704 1881 1751 et
1914 1706 2143 1768 martyr,
2248 1695 2493 1763 satisque
2521 1703 2689 1748 totam
2714 1692 2830 1761 ejus
2851 1692 3174 1762 gravitatem
3204 1707 3270 1747 ex
3302 1692 3669 1745 hazreticorum
3696 1699 3785 1742 tum

571 1784 663 1852 qui
698 1785 841 1838 inter
872 1787 1014 1839 tertii
1052 1786 1235 1840 smculi
1290 1786 1478 1841 Patres
1531 1788 1843 1842 sanctitatis
1872 1796 1926 1841 et
1958 1787 2148 1843 erudi-
2176 1832 2217 1852 η
2251 1785 2430 1848 libris,
2462 1794 2571 1838 tum
2617 1785 2964 1839 sermonibus
2989 1784 3325 1852 exploratam
3356 1782 3561 1844 habuit,
3590 1782 3651 1836 ad
3676 1783 3789 1836 scri-

573 1879 737 1932 ttonis
778 1879 937 1933 laude
992 1881 1197 1937 ﬂoruit.
1230 1878 1379 1933 Talis
1413 1881 1573 1934 etiam
1623 1881 1790 1935 Caius
1837 1880 2146 1951 presbyter,
2177 1876 2218 1886 “’
2254 1878 2490 1932 bendum
2541 1890 2600 1931 se
2657 1878 2908 1941 contulit,
2950 1887 3010 1932 ut
3054 1876 3348 1931 sceleratas
3397 1891 3580 1931 eorum
3625 1889 3788 1943 nugas,

567 1968 810 2035 ejusdem
861 1971 1042 2023 smculi
1092 1973 1331 2040 scriptor
1372 1972 1514 2025 haud
1570 1971 1842 2041 ignobilis,
1880 1970 2071 2025 saltem
2105 1972 2148 2024 si
2253 1971 2405 2027 dolos
2449 1978 2504 2025 et
2546 1985 2725 2024 mores
2767 1970 2823 2025 in
2880 1969 3166 2039 propatulo
3209 1978 3436 2037 poneret
3482 1977 3534 2023 et
3580 1967 3791 2021 funditus

570 2078 691 2131 qua:
724 2064 854 2117 ﬁdes
884 2065 969 2129 iis,
995 2080 1113 2130 qum
1140 2064 1191 2117 in
1222 2080 1352 2121 mss.
1382 2065 1540 2119 codd.
1574 2065 1773 2128 scripta
1800 2063 2055 2131 leguntur
2083 2063 2150 2114 ad
2253 2072 2548 2117 everteret.
2578 2062 2681 2116 Sed
2702 2062 2768 2117 de
2785 2062 2844 2116 S.
2864 2062 3105 2132 episcopi
3127 2062 3280 2116 libris
3307 2071 3364 2115 et
3390 2062 3604 2129 scriptis
3632 2070 3790 2128 postea

569 2157 773 2211 calcem
806 2158 1066 2211 Actorum
1091 2159 1146 2211 s.
1165 2155 1449 2225 Polycarpi
1485 2155 1760 2226 martyris,
1791 2172 1911 2222 quae
1939 2171 1967 2208 a
1994 2154 2149 2221 Caio,
2254 2156 2427 2210 fusius
2486 2165 2541 2211 et
2592 2156 2899 2211 accuratius
2964 2154 3324 2210 disseremus.
3384 2154 3791 2219 Valentinianos,

569 2250 660 2317 qui
706 2267 821 2303 cum
864 2249 1066 2303 Irctm'o
1118 2258 1457 2301 conversatus
1494 2257 1606 2314 est,
1646 2249 2150 2314 συνεπολιτεύσατο,
2253 2249 2626 2312 Marcionitas,
2656 2247 2900 2317 aliosque
2948 2259 3166 2303 veteres
3209 2248 3499 2305 haereticos
3543 2250 3793 2303 damnatos

571 2344 835 2412 descripta
862 2342 1138 2407 dicuntur,
1158 2356 1226 2395 ex
1251 2341 1420 2410 ipsius
1442 2340 1655 2407 lrentei,
1675 2341 1961 2413 Polycarpi
1989 2343 2155 2400 disci-
2253 2341 2323 2396 ab
2353 2340 2556 2396 Irenaeo
2584 2341 2751 2397 fuisse
2779 2341 2832 2395 in
2864 2341 3074 2412 synodo
3120 2356 3286 2412 quam
3338 2342 3583 2412 Lugduni
3615 2342 3792 2406 habuit,

571 2435 709 2502 puli,
742 2433 1080 2501 apographo.
2154 2496 2157 2501 _
2254 2435 2451 2503 cuique
2480 2434 2766 2490 duodecim
2809 2435 3090 2490 adfuerint
3130 2435 3397 2505 episcopi,
3428 2435 3588 2491 tradit
3609 2437 3707 2504 jam
3733 2436 3793 2489 ci-

644 2529 732 2583 18.
766 2527 870 2581 Sed
903 2542 1025 2579 cum
1056 2526 1108 2579 in
1141 2526 1339 2580 Galliis
1372 2526 1600 2597 apostoli
1645 2542 1872 2583 munere
1902 2529 2154 2598 fungere-
2256 2538 2404 2584 tatus
2438 2528 2679 2583 Libellus
2726 2527 3056 2600 synodicus;
3106 2530 3199 2583 sed
3232 2528 3285 2583 in
3336 2529 3636 2599 hujusmodi
3664 2528 3796 2582 rebus

573 2629 683 2683 tur,
714 2634 944 2683 eamque
993 2620 1167 2672 viuere
1217 2619 1429 2672 Domini
1477 2629 1687 2688 partem
1720 2620 1822 2674 sibi
1864 2622 2153 2676 colendam
2257 2624 2418 2679 nulla:
2436 2623 2565 2679 ﬁdei
2595 2637 2719 2680 esse
2751 2638 2912 2693 posse
2940 2622 3088 2679 hunc
3122 2622 3393 2690 libellum,
3442 2640 3583 2680 nono
3627 2622 3796 2678 saecnlo

571 2712 926 2779 suscepisset,
952 2711 1025 2763 ibi
1060 2709 1265 2776 majora
1298 2712 1397 2765 zeli
1430 2713 1511 2765 sui
1538 2713 1835 2781 specimiua
1868 2714 2030 2768 edere
2059 2730 2157 2783 par
2258 2719 2487 2781 editum,
2512 2716 2625 2784 jam
2656 2717 2987 2772 monuimus.

570 2814 711 2857 erat.
747 2803 931 2869 Quare
957 2804 1089 2856 nihil
1117 2805 1398 2871 antiquius
1433 2805 1643 2869 habuit,
1676 2821 1836 2875 quam
1871 2815 1927 2861 ut
1958 2807 2012 2859 in
2060 2821 2156 2861 eas
2331 2808 2419 2864 19.
2449 2808 2623 2875 Quam
2657 2808 2869 2861 tuendze
2911 2822 2975 2861 ac
3007 2806 3249 2861 fovendae
3300 2805 3357 2860 in
3409 2803 3642 2860 Ecclesia
3681 2800 3799 2871 pacis

574 2907 757 2964 partes
783 2913 903 2965 qua:
931 2897 1084 2949 novis
1117 2896 1419 2951 cultoribus
1452 2896 1777 2967 indigerent,
1809 2914 2003 2967 operas
2031 2900 2158 2953 mit-
2260 2902 2535 2956 studiosus
2596 2900 2760 2955 fuerit
2823 2899 3060 2953 [renatus
3084 2939 3098 2960 ,
3155 2913 3430 2967 nusquam
3499 2893 3801 2951 manifestius

580 2997 720 3041 teret
748 2989 1113 3042 necessarias.
1159 2988 1233 3041 Ex
1259 2988 1407 3042 Actis
1440 2986 1542 3042 SS.
1580 2998 1882 3059 martyrum
1916 2989 2157 3046 Ferreoli
2263 2992 2551 3068 [LXXXV]
2583 2992 2778 3062 patuit,
2809 3006 2967 3061 quam
3008 2992 3059 3046 in
3095 3006 3159 3046 ea
3208 3006 3328 3061 quae
3375 2991 3516 3045 inter
3562 2988 3797 3041 Victorem

578 3079 903 3150 presbyteri,
959 3088 1014 3133 et
1050 3078 1365 3133 Ferutiouis
1400 3080 1638 3143 diaconi,
1690 3079 1887 3137 Felicis
1934 3084 2162 3156 presby-
2262 3103 2455 3158 papam
2488 3095 2543 3141 et
2567 3086 2837 3140 Asiaticos
2861 3082 3115 3139 eﬁ‘erbuit
3148 3085 3540 3139 controversia.
3566 3083 3798 3137 Hactenus

581 3171 706 3233 teri,
732 3186 794 3222 ac
818 3168 1103 3223 Fortunati
1135 3182 1189 3225 et
1210 3168 1441 3223 Achillei
1475 3169 1857 3238 diaconorum,
1883 3172 1942 3227 S.
1968 3172 2157 3229 Irenaei
2187 3172 2229 3230 C
2265 3195 2371 3233 non
2393 3194 2499 3233 una
2527 3190 2581 3232 et
2601 3179 2788 3232 eadem
2810 3177 2982 3231 fuerat
3004 3176 3377 3230 Ecclesiarum
3398 3176 3632 3231 omnium
3657 3174 3703 3227 in
3726 3186 3797 3226 ce-

580 3263 993 3332 discipulorum,
1029 3265 1288 3319 discimus
1325 3268 1538 3334 priores
1578 3269 1713 3323 duos
1747 3268 2154 3333 Vesuntionem,
2262 3274 2519 3327 lehrando
2545 3271 2811 3328 l’aschate
2841 3270 3146 3338 disciplina.
3177 3270 3316 3324 Asia:
3347 3268 3563 3324 Minoris
3585 3264 3801 3321 Ecclesia:

581 3360 918 3424 posteriores
954 3367 1061 3411 tres
1097 3356 1400 3413 Valentiam
1452 3363 1521 3417 ab
1552 3380 1616 3416 eo
1650 3364 1848 3418 missos
1880 3363 2070 3426 fuisse,
2105 3372 2163 3418 ut
2263 3365 2529 3436 agendum
2588 3363 2875 3418 Paschalis
2941 3372 2997 3418 et
3063 3363 3486 3417 resurrectionis
3547 3356 3800 3413 Dominicze

581 3463 678 3516 per
730 3462 792 3500 ea
849 3447 966 3501 loca
1028 3449 1195 3503 divini
1248 3452 1427 3505 cultus
1490 3451 1840 3508 fundamenta
1892 3453 2159 3522 jacerent.
2263 3459 2406 3512 diem
2443 3457 2665 3523 festum,
2710 3454 3038 3524 jejuniisque
3082 3455 3246 3509 linem
3297 3452 3671 3523 imponendum
3704 3461 3799 3501 esse

582 3543 844 3607 Quamvis
886 3553 1067 3597 autem
1104 3560 1211 3597 non
1261 3561 1433 3614 usque
1464 3546 1599 3599 adeo
1633 3548 1845 3601 sincera
1876 3548 2164 3602 videantur
2265 3549 2689 3615 contendebant,
2718 3548 2833 3617 ipsa
2859 3548 3073 3601 decima
3121 3554 3316 3617 quarta
3362 3545 3486 3600 luna
3512 3554 3629 3612 post
3655 3540 3799 3604 tequi-

588 3638 704 3689 lizec
750 3646 892 3699 acta,
929 3645 987 3690 ut
1027 3637 1094 3690 iis
1139 3637 1353 3706 plenam
1388 3647 1442 3693 et
1481 3638 1841 3693 indubitatam
1891 3640 2052 3694 ﬁdem
2106 3641 2161 3694 in
2266 3637 3621 3711 noctiumvernum,inquamcunquehebdomada:
3643 3633 3800 3686 feriant

585 3728 840 3781 omnibus
874 3730 1114 3783 tribuere
1158 3730 1453 3798 possimus,
1495 3730 1631 3784 nihil
1667 3740 1848 3786 tamen
1897 3742 1980 3788 est
2021 3733 2164 3801 quod
2268 3735 2561 3791 incideret.
2592 3734 2833 3789 Romana
2875 3747 3027 3797 vero,
3066 3748 3135 3786 ne
3160 3730 3420 3787 Judaicos
3463 3730 3596 3785 ritus
3632 3722 3801 3779 imitari

586 3820 654 3873 dc
678 3821 935 3875 missione
952 3832 1262 3876 sanctorum
1286 3822 1502 3875 illorum
1527 3824 1923 3878 dubitationem
1948 3841 2167 3880 movere
2265 3829 2562 3893 videretur,
2592 3827 2975 3883 celebrandum
2998 3840 3120 3881 esse
3143 3825 3404 3879 censebat
3432 3824 3517 3878 die
3538 3818 3800 3877 Dominica,

589 3924 914 3981 queat,cum
943 3916 1178 3969 maxime
1198 3917 1633 3971 consentientem
1658 3918 1959 3973 habeamus
1977 3934 2166 3975 earum
2268 3937 2390 3991 qua:
2420 3921 2686 3975 decimam
2718 3929 2967 3989 quartam
2996 3918 3175 3971 lunam
3213 3919 3465 3986 proxime
3500 3920 3801 3984 sequeretur.

591 4007 959 4061 Ecelesiarum
997 4009 1369 4063 traditionem.
1410 4008 1473 4062 Et
1501 4019 1791 4079 eapropter
1813 4026 1840 4063 a
1866 4011 2166 4078 veteribus,
2268 4024 2322 4067 et
2349 4027 2414 4067 eo
2448 4028 2617 4083 usque
2650 4011 3016 4081 protrahenda
3040 4025 3161 4064 esse
3186 4008 3416 4076 jejunia.
3450 4008 3690 4062 Romanas
3705 4017 3805 4057 eone

589 4086 889 4157 Galliarum
920 4102 1412 4172 apostolus,lumen
1436 4101 1708 4158 Gallorum
1728 4103 2169 4174 Occidentalium,
2271 4108 2578 4163 sentiebant
2627 4114 2829 4176 prater
2872 4102 3256 4160 Occidentales
3312 4118 3540 4170 omnes,
3599 4099 3802 4155 Alexan-

584 4194 711 4263 jure
745 4195 940 4247 merito
980 4194 1157 4248 dictus
1183 4194 1283 4247 fuit
1310 4194 1579 4260 lrenaeus;
1610 4206 1799 4264 utpote
1825 4198 1915 4268 qui
1942 4196 2170 4255 Celtica:
2272 4199 2448 4263 drina,
2480 4198 2796 4262 Phteuiciaa,
2835 4196 3014 4260 Ponti,
3039 4196 3280 4257 Achaize,
3313 4204 3370 4250 et
3398 4194 3680 4251 Osrboena:
3719 4186 3803 4239 Ec-

2176 1832 2219 1886 Β

594 4299 770 4359 gentes
802 4288 1033 4342 excoluit
1074 4299 1123 4343 et
1157 4288 1547 4345 illuminavit".
1584 4290 1648 4343 Et
1686 4290 1815 4347 hinc
1842 4308 1947 4347 non
1978 4308 2170 4362 parum

594 4380 953 4434 conﬁrmatur
996 4380 1140 4449 quod
1188 4379 1351 4449 paulo
1387 4390 1513 4434 ante
1553 4382 1815 4448 diximus,
1866 4399 2023 4439 raras
2058 4394 2171 4440 tum

596 4473 769 4528 fuisse
800 4476 854 4527 in
882 4473 1070 4529 Galliis
1102 4472 1378 4527 Ecclesias
1400 4474 1760 4542 Christianas,
1801 4477 2038 4532 rariores
2060 4479 2174 4548 epi-

598 4583 795 4635 scopos
824 4582 839 4620 :
864 4583 986 4623 cum
1021 4566 1270 4620 Valentia
1309 4576 1366 4621 et
1414 4566 1694 4635 Vesuntio,
1742 4571 1996 4626 civitates
2028 4571 2170 4625 haud

595 4660 819 4715 obscuri
856 4658 1092 4712 nominis
1132 4667 1186 4711 et
1234 4658 1404 4713 inﬁmi
1456 4663 1680 4731 gradus,
1721 4678 1819 4717 nec
1852 4678 1880 4717 a
1909 4662 2170 4733 Lugdune

599 4752 786 4821 procul
827 4751 964 4805 adeo
999 4751 1232 4815 dissitas,
1259 4750 1462 4806 Christi
1500 4754 1656 4806 ﬁdem
1690 4754 1929 4809 nondum
1963 4759 2171 4812 audiis-

601 4856 747 4907 sent,
791 4861 1019 4912 quarum
1072 4846 1236 4898 etiam
1292 4847 1501 4914 priores
1551 4848 1824 4916 apostolos
1878 4850 2173 4920 episcopali

603 4937 869 5006 dignitate
921 4939 1167 5007 insignes
1225 4938 1392 4992 fuisse
1452 4954 1556 4993 non
1610 4939 1863 5007 legimus.
1916 4942 1992 4997 Ea
2042 4960 2173 5000 vero

602 5026 781 5080 omnia
825 5041 947 5081 cum
990 5028 1152 5082 nullis
1178 5029 1579 5097 chronologicis
1611 5032 1752 5086 notis
1785 5033 1992 5100 signata
2027 5034 2174 5106 lega-

2272 4292 2469 4348 clesiaz.
2494 4292 2573 4346 An
2608 4291 2775 4346 etiam
2807 4288 3004 4361 Syriae,
3045 4287 3251 4343 Cilicia:
3298 4295 3354 4341 et
3396 4276 3807 4352 Mesopotamiae?

2276 4385 2557 4440 dubitandi
2617 4382 2769 4439 locus
2817 4391 2923 4437 est.
2982 4381 3121 4437 llinc
3170 4380 3445 4449 siquidem
3502 4382 3704 4433 constat
3753 4383 3802 4422 ex

2204 4512 2249 4568 Β
2276 4477 2571 4533 Athanasio
2597 4477 2650 4531 in
2681 4476 2819 4530 libro
2856 4474 2933 4529 De
2957 4475 3193 4544 synodis,
3235 4473 3379 4543 quod
3414 4481 3537 4526 ante
3566 4469 3803 4568 lVictenum

2276 4568 2588 4630 concilium.
2636 4568 2685 4622 oi
2723 4566 2819 4637 μὲν
2860 4564 2967 4619 ἀπὸ
2990 4562 3091 4633 τῆς
3137 4562 3369 4633 Συρίας,
3430 4562 3520 4615 καὶ
3566 4552 3803 4610 Κιλικίας,

2269 4662 2364 4716 καὶ
2388 4659 2834 4729 Μεσοποταμίας,
2883 4654 3144 4727 ὲχὼλευον
3190 4654 3317 4724 περὶ
3363 4655 3462 4725 τὴν
3508 4650 3703 4724 ἑορτὴν,
3734 4641 3805 4699 καὶ

2271 4752 2409 4825 μετὰ
2442 4750 2550 4805 τῶν
2584 4749 2852 4803 Ἰουδαίων
2876 4745 3154 4800 ἐποιοῦντο
3179 4745 3392 4815 Πάσχα,
3419 4744 3561 4814 Syri,
3583 4740 3748 4796 Cilices
3768 4745 3806 4786 et

2270 4844 2704 4915 Mesopotamiani
2722 4844 2862 4895 circa
2885 4841 3077 4909 festum
3098 4838 3498 4901 claudicabunt,
3525 4845 3569 4890 et
3593 4848 3698 4888 cum
3721 4828 3807 4882 Ju-

2269 4941 2397 4994 dwis
2426 4937 2633 4991 Pascha
2662 4935 3019 4990 celebrabant.
3049 4933 3238 4989 Tradit
3264 4933 3436 4988 etiam
3463 4925 3675 4998 epistola
3706 4934 3810 4988 syn‘

2268 5034 2421 5088 odica
2463 5032 2628 5100 ipsius
2673 5029 2913 5093 concilii,
2946 5029 3152 5093 πάντας
3184 5028 3309 5091 τοὺς
3343 5027 3439 5098 τῆς
3483 5020 3645 5091 Ἐᾠας
3685 5010 3811 5068 ἀδελ·

606 5135 727 5173 mus
766 5120 908 5187 apud
939 5130 1211 5185 auctores,
1258 5137 1365 5191 quo
1417 5138 1562 5177 anno
1594 5125 1922 5192 contigerint
1948 5128 2177 5183 delinire

606 5225 711 5264 non
761 5226 1065 5279 possumus.
1097 5214 1168 5266 At
1221 5212 1350 5266 illud
1388 5224 1619 5279 certum,
1670 5214 1959 5270 Eleuthero
2001 5218 2177 5273 adhuc
2282 5196 2688 5281 Alexandrinis,
2717 5224 2771 5269 et
2794 5215 2917 5268 aliis
2947 5211 3257 5267 nationibus
3291 5211 3341 5264 iu
3378 5209 3519 5263 festo
3565 5196 3810 5259 Paschalis

608 5304 887 5371 pontifice,
940 5305 1175 5374 scriptos
1217 5306 1410 5359 saltent
1462 5317 1572 5360 tres
1616 5308 1828 5376 priores
1878 5308 2069 5377 libros,
2114 5326 2172 5366 ex

2278 5307 2695 5366 dissentiebant,
2735 5304 2848 5374 jam
2884 5318 3005 5357 cum
3041 5302 3149 5355 illis
3185 5300 3535 5355 consensisse
3562 5296 3623 5347 δι.
3664 5292 3809 5387 Ροτςο

607 5395 875 5465 quinque,
910 5397 1171 5451 adversus
1224 5397 1605 5453 Gnosticornm
1669 5399 1879 5455 falmlas
1902 5400 1969 5458 ³⁵.
1998 5400 2185 5470 Neque
2281 5398 2521 5453 Orientis
2550 5413 2615 5452 ae
2640 5396 2815 5467 Syria:
2852 5406 3014 5466 caput
3049 5395 3361 5449 Antiochia.
3399 5391 3537 5458 Q'li"
3570 5385 3809 5474 “Hemi”

610 5489 755 5541 enim
781 5487 990 5542 Irenzco
1018 5490 1152 5543 satis
1181 5500 1299 5543 erat
1336 5491 1543 5545 Christi
1593 5493 1803 5562 imperii
1854 5488 2183 5564 ﬁnes'quam
2281 5505 2344 5541 ea
2388 5488 2522 5543 urbe
2566 5488 2894 5543 Asianarum
2938 5486 3305 5542 Ecclesiarum
3358 5483 3422 5537 de
3464 5478 3713 5534 Paschate
3739 5465 3807 5519 dl‘

615 5584 777 5654 longe
829 5585 1042 5653 lateque
1090 5598 1273 5654 posset
1322 5587 1588 5655 proferre,
1640 5587 1741 5642 nisi
1794 5603 1985 5658 pacem
2034 5588 2087 5641 in
2120 5602 2186 5642 eo
2282 5582 2511 5652 scipllua
2549 5581 2677 5636 olim
2712 5582 3010 5647 oblinerel.
3046 5579 3220 5634 donec
3255 5576 3539 5630 ⁰⁰¹¹⁰ί¹ί¹¹¹¹¹
3567 5567 3810 5658 Nemini)!“

618 5678 786 5743 tueri,
842 5678 1193 5749 hostiumque
1235 5677 1657 5735 domesticorum
1713 5680 1886 5735 malas
1929 5688 2103 5747 artes,
2132 5689 2186 5735 et
2284 5674 2557 5730 Ecclesias
2585 5688 2775 5729 omnes
2805 5673 2873 5729 ad
2917 5674 3267 5730 concordiam
3315 5667 3644 5725 revocasset,
3675 5650 3807 5707 dubl-

690 5793 735 5829 "
766 5793 899 5847 Cod.
937 5794 1057 5847 12L
1159 5792 1205 5834 I“
1236 5790 1587 5864 Theodoret,
1620 5791 1747 5845 dial.
1790 5794 1839 5846 1.
1869 5791 2087 5849 lmmut.

2279 5790 2381 5859 ιιι..
2408 5790 2707 5864 Compend.
2742 5788 2887 5847 liter.
2921 5789 3031 5847 fab.
3108 5787 3211 5845 ’.δ’
3249 5784 3369 5843 Lib.
3400 5797 3442 5847 ι,
3491 5792 3539 5833 c.
3579 5775 3660 5845 l3,
3689 5785 3739 5827 η.
3766 5762 3806 5817 7-

623 5864 665 5897 “
697 5866 851 5935 Apud
903 5864 1254 5931 Tltcodoret.,
1299 5864 1396 5922 lib.
1440 5880 1455 5919 ι
1511 5862 1673 5930 llist.,
1708 5880 1757 5919 c.
1789 5865 1842 5920 9.

2283 5129 2437 5198 φοὺς,
2468 5141 2645 5180 omnes
2681 5123 2908 5178 Orientis
2936 5122 3149 5191 fratres,
3183 5121 3273 5189 qui
3323 5120 3473 5186 prius
3505 5132 3532 5169 a
3563 5106 3805 5198 Romanis.
