3924 6354
139 384 236 439 193

805 373 1259 431 DlSSEBTATlO
1294 374 1359 439 ll,
1393 374 1553 429 ART.
1591 372 1632 438 Ι,
1672 370 1761 425 DE
1798 368 2147 427 S..]RENIEI
2188 368 2350 424 VlTA
2390 370 2477 424 ET
2513 368 2779 425 GESTIS.

3306 372 3409 426 194

141 513 253 555 ure
282 514 387 555 nos
431 512 540 552 non
577 495 711 553 sinit
744 496 803 552 S.
841 495 1069 551 Joannis
1113 493 1487 567 Chrysostomi
1530 493 1596 557 ",
1628 492 1737 546 An-
1767 494 1809 550 Α
1841 488 2064 540 extimas
2088 496 2287 555 partes,
2340 495 2450 540 etc.
2510 485 2803 553 Distinguit
2859 497 2917 541 et
2961 484 3260 555 Proc0pius
3292 489 3334 520 δ’
3392 508 3406 544 :

141 594 377 648 tiocheni
418 592 559 646 civis
601 606 666 645 ac
706 589 1037 660 presbyteri,
1086 604 1347 657 expressa
1403 589 1730 654 auctoritas,

143 688 193 741 in
216 689 473 741 oratione
512 698 677 747 quam
716 683 982 737 adversus
1008 684 1268 751 quosdam
1298 697 1329 735 e
1375 682 1490 737 suis
1520 682 1729 743 habuit,

143 783 227 852 qui
258 779 470 835 veteris
508 778 650 831 ritus
696 790 992 836 memores,
1031 773 1238 828 Pascha
1266 774 1432 827 etiam
1476 783 1599 841 post
1634 771 1730 827 Ni-

144 890 345 929 eznam
408 872 683 944 synodum
730 869 857 923 luna
910 869 977 921 14
1019 867 1299 922 celebrare
1348 882 1450 920 non
1510 867 1734 920 destite-

145 977 279 1021 rant.
331 964 565 1019 Fatetur
614 964 757 1017 hunc
805 961 1025 1031 quidem
1075 959 1249 1013 fuisse
1290 968 1417 1013 ante
1462 958 1730 1029 synodum

142 1057 617 1110 Antiochenorum
663 1067 895 1115 morem,
939 1051 1200 1117 deinceps
1245 1058 1429 1104 autem
1470 1050 1733 1105 observa-

147 1150 272 1202 tioni
313 1159 630 1216 temporum
655 1143 1008 1199 concordiam
1040 1142 1212 1197 fuisse
1254 1141 1559 1209 przelatain.
1584 1140 1734 1196 lllinc

145 1254 267 1293 vero
298 1237 529 1291 Eusebii
559 1243 809 1290 moratur
846 1230 1169 1287 auctoritas.
1199 1229 1334 1283 Nam
1362 1229 1582 1282 disertis
1611 1244 1734 1282 ver-

148 1333 222 1384 bis
259 1329 470 1383 asserit
503 1327 571 1391 “,
623 1334 825 1395 praeter
888 1323 1121 1378 Asianas
1186 1321 1430 1389 aliasque
1474 1321 1735 1375 linitimas

150 1420 431 1481 Ecdesias,
479 1420 605 1480 ταῖς
638 1416 743 1470 ἀνὰ
776 1416 875 1485 τὴν
924 1413 1114 1485 λοιπὴν
1147 1413 1369 1467 ἃπασαν
1402 1414 1732 1484 οἰκουμένην

141 1504 510 1571 ἰω-τίσεως,
533 1506 741 1558 ceteris
771 1522 865 1574 per
884 1506 1141 1577 reliquum
1163 1506 1339 1559 orbem
1362 1516 1622 1560 terrarum
1652 1507 1737 1561 di-

141 1598 320 1661 spersis
347 1594 636 1665 Ecclesiis,
654 1598 722 1652 de
740 1596 953 1654 Pascha
975 1615 1098 1655 cuni
1121 1597 1367 1654 Romana
1388 1600 1731 1655 convenisse.

149 1691 347 1756 Quibus
383 1690 685 1757 complecti
730 1690 945 1740 videtur
980 1690 1252 1742 Ecclesias
1304 1691 1501 1756 Syriae,
1530 1689 1736 1743 Cilicia:

148 1793 196 1836 et
224 1780 655 1849 MesopOtamiaa,
687 1780 913 1847 perinde
931 1792 1092 1848 atque
1124 1780 1255 1833 alias
1279 1780 1479 1847 plures,
1503 1795 1731 1849 quarum

149 1876 402 1929 disertam
439 1874 779 1927 mentionem
812 1887 917 1925 non
951 1872 1102 1926 facit.
1137 1873 1346 1927 Nodum
1376 1874 1517 1926 hunc
1546 1874 1732 1939 scidit,

149 1981 246 2020 non
285 1966 480 2030 solvit,
506 1966 921 2019 eruditissimus
965 1964 1347 2019 Tillemontius
1385 1964 1454 2029 “,
1482 1965 1737 2021 scribens

148 2073 227 2112 eas
254 2059 485 2126 quidem
515 2055 759 2111 Victoris
801 2066 964 2111 aetate
999 2056 1235 2121 Pascha,
1284 2071 1433 2110 more
1464 2055 1736 2121 Romano,

148 2150 227 2204 die
262 2149 562 2203 Dominica
608 2149 944 2211 celebrasse,
1002 2159 1189 2218 postea
1244 2164 1374 2203 vero
1417 2163 1448 2202 a
1507 2149 1741 2218 pristino

151 2242 248 2295 ritu
292 2242 377 2295 sic
424 2240 727 2303 defecisse,
772 2248 832 2292 ut
880 2239 1082 2293 Nicaeni
1126 2240 1346 2295 concilii
1400 2241 1742 2309 temporibus

149 2333 350 2387 Pascha
402 2347 537 2386 cum
588 2330 794 2386 Judaeis
834 2342 1059 2397 agerent
1108 2330 1236 2385 luna
1286 2332 1403 2401 ipsa
1458 2331 1543 2385 H.
1585 2331 1738 2398 Quod

151 2424 358 2491 quidem
394 2422 664 2476 Ecclesia!
689 2422 938 2491 quaedam
978 2439 1102 2492 qua:
1137 2422 1335 2476 Victori
1372 2438 1523 2493 papa:
1553 2424 1741 2478 acrius

155 2517 491 2581 restiterant,
518 2516 728 2569 saniori
764 2524 953 2583 postea
983 2524 1239 2584 suscepto
1287 2516 1589 2570 consilio.a
1634 2516 1745 2586 pri-

156 2606 304 2661 stinis
352 2608 563 2661 ritibus
595 2606 992 2670 desciscentes,
1030 2605 1097 2659 ad
1143 2621 1467 2661 communes
1514 2607 1742 2669 aliarum

156 2696 258 2751 lere
286 2697 541 2751 ontnium
579 2697 1264 2760 Ecclesiarum-redierint,
1298 2698 1432 2752 nihil
1472 2700 1607 2753 adeo
1640 2700 1744 2763 mi-

159 2800 266 2837 rum
314 2786 621 2841 videbitur.
659 2786 727 2840 Et
776 2787 850 2841 ita
900 2786 1095 2842 fecisse
1136 2789 1320 2857 plures
1366 2789 1509 2842 Asia:
1561 2787 1747 2841 Eccle-

161 2878 258 2930 sias
283 2879 422 2931 satis
446 2878 769 2945 probabile;
802 2892 925 2931 cum
952 2878 1348 2934 Constantinus
1371 2881 1672 2947 imperator
1700 2878 1744 2910 ⁸⁸

162 2969 290 3021 inter
320 2984 417 3023 eas
468 2984 596 3037 qua:
638 2968 843 3025 Νιρεεηὶ
884 2971 1101 3025 concilii
1142 2974 1482 3041 temporibus
1532 2974 1744 3031 Pascha

164 3076 270 3115 cum
296 3060 550 3115 Romana
581 3064 840 3131 agebant,
875 3064 1154 3117 ditecesim
1190 3067 1334 3119 Asiae
1364 3082 1671 3141 recensem;
1691 3078 1748 3125 et

162 3154 557 3223 Anatolius,qui
592 3155 815 3209 circiter
875 3170 965 3208 an.
997 3156 1102 3210 276
1136 3156 1744 3229 seribebat,ait“',quod
1773 3172 1816 3231 ο

164 3249 226 3297 ad
260 3248 397 3299 hanc
440 3262 610 3315 usque
641 3246 780 3298 diem
810 3246 1049 3315 episcopi
1084 3248 1224 3303 Asire
1257 3249 1468 3304 Pascha
1498 3250 1747 3306 celebra-

168 3340 285 3393 bant
328 3339 395 3393 M
452 3339 587 3392 luna
636 3347 757 3409 post
802 3340 1225 3409 mquinoctium;
1270 3344 1473 3410 quibus
1520 3344 1749 3400 innuere

165 3434 391 3498 videtur,
424 3443 562 3487 tunc
607 3433 892 3488 celebrare
934 3435 1235 3491 destitisse.
1289 3436 1395 3492 Sed
1427 3438 1517 3505 qui
1563 3449 1618 3491 et
1654 3454 1752 3492 cur

169 3524 437 3588 Ecclesie,
476 3540 604 3593 quae
648 3540 743 3594 per
792 3527 1056 3581 ducentos
1101 3526 1270 3582 ferme
1320 3544 1497 3583 annos
1539 3529 1750 3584 Pascha

166 3616 242 3668 die
274 3615 560 3670 Dominica
592 3632 696 3670 non
724 3627 939 3671 tantum
980 3618 1383 3685 observassent,
1420 3622 1515 3675 sed
1562 3630 1617 3677 et
1652 3622 1752 3675 sub

167 3708 340 3761 διωιί
384 3709 618 3762 secundi
673 3707 860 3774 linem,
899 3712 1024 3766 dum
1068 3712 1254 3766 acrior
1304 3723 1425 3767 erat
1470 3730 1532 3767 ea
1580 3715 1645 3769 de
1691 3730 1753 3767 re

169 3801 483 3868 disputatio,
515 3800 595 3854 ita
637 3800 1039 3858 observandum
1087 3818 1207 3859 esse
1239 3806 1590 3860 vehementer
1620 3822 1753 3871 con-

171 3892 489 3957 tendebant;
541 3902 748 3945 mutata
799 3893 1083 3962 disciplina
1131 3910 1233 3963 pro
1276 3909 1381 3963 qua
1433 3896 1751 3951 decertave-

170 3995 305 4049 rant,
339 3997 573 4039 centum
606 3987 828 4041 circiter
859 3988 1058 4042 abhinc
1102 3990 1263 4043 annis
1315 3991 1560 4056 alterius,
1591 4006 1751 4059 quam

170 4079 643 4147 itnpugnaverant,
672 4095 946 4150 quamque
970 4098 1107 4151 pene
1133 4084 1295 4137 totius
1326 4084 1480 4138 orbis
1513 4085 1753 4139 moribus

170 4187 473 4244 repugnare
524 4188 634 4227 non
691 4175 1035 4240 nesciebant,
1092 4185 1314 4230 tenaces
1360 4178 1752 4245 reperirentur,

170 4280 319 4320 nemo
368 4265 538 4319 facile
590 4266 810 4329 dixerit,
865 4281 963 4321 nec
1018 4282 1239 4321 causam
1298 4276 1409 4321 tam
1468 4268 1757 4337 inopinatae

169 4358 489 4412 mutationis
524 4358 911 4427 assignaverit.
952 4359 1044 4425 At,
1079 4360 1254 4429 inquit
1284 4360 1367 4414 vir
1390 4360 1752 4420 clarissimus.

170 4447 302 4501 haud
348 4449 586 4503 dubium
643 4450 775 4518 quin
833 4447 1221 4520 Mesopotamia
1274 4461 1471 4521 quarto
1530 4451 1755 4505 ineunte

1837 582 2061 652 Oppida,
2095 582 2267 652 inquit
2316 584 2365 635 in
2396 581 2746 636 Alamundari
2783 583 3054 642 oratione.
3084 583 3411 639 Μεσοποτα-

1836 680 1963 749 μίας
1992 681 2199 751 καὶτῆς
2236 679 2533 751 Ὀσροηνῆς
2569 679 2912 751 καλουμένης
2939 678 3144 751 χώρας·
3174 680 3413 749 Mesopo-

1835 775 2036 836 tamiae,
2060 784 2107 825 et
2141 772 2365 841 regionis
2401 789 2516 840 qua:
2540 771 2806 825 Osrhoene
2834 782 3066 824 vocatur.
3102 768 3158 823 In
3191 770 3413 827 Notitiis

1834 861 1997 913 etiam
2024 861 2237 929 imperii
2266 869 2322 914 et
2351 860 2609 914 Ecclesia:
2634 861 3046 930 distinguuntur
3072 863 3139 913 ab
3173 861 3411 915 invicem

1835 953 2115 1006 Usrhoene
2163 960 2218 1005 et
2256 951 2646 1020 Mesotiotamia
2690 953 2907 1019 prOprie
2952 952 3119 1011 dicta,
3160 960 3213 1005 et
3253 950 3415 1018 hujus

1834 1052 2000 1110 caput
2024 1041 2241 1105 Amida,
2276 1041 2419 1095 illius
2457 1042 2658 1095 Edessa
2692 1040 2970 1096 statuitur.
3006 1041 3247 1108 Denique
3298 1045 3415 1094 An-

1838 1130 2128 1193 themusia,
2186 1145 2305 1199 qua:
2332 1132 2445 1184 fere
2488 1130 2771 1185 Osrhor‘na
2814 1142 2919 1193 est,
2979 1130 3251 1185 Strabone
3312 1146 3416 1183 au-

1835 1232 2007 1285 ctore,
2050 1230 2135 1276 est
2171 1222 2269 1293 τῆς
2316 1221 2765 1293 Μεσοποταμίας,
2807 1221 3203 1291 Mesopotamia
3249 1223 3421 1291 ipsius

1834 1315 2034 1384 portio,
2077 1315 2291 1367 scilicet
2329 1312 2733 1381 MeSOpotaniiie
2782 1313 2947 1368 latius
2978 1326 3236 1382 acceptce.
3289 1314 3421 1379 Qua:

1837 1407 2069 1474 probant
2100 1405 2437 1461 ()srhoenam
2468 1406 2611 1471 apud
2650 1415 2904 1460 auctores
2937 1408 3141 1476 passim
3180 1421 3209 1458 a
3242 1407 3420 1459 Meso-

1838 1500 2075 1568 potamia
2123 1499 2405 1568 distingui,
2454 1500 2537 1554 vel
2592 1510 2650 1553 ut
2702 1512 2915 1568 partem
2960 1516 2991 1553 a
3038 1511 3174 1563 toto,
3227 1500 3309 1553 vel
3364 1510 3424 1555 ut
3491 1483 3503 1500 ’

1837 1600 2050 1658 partem
2091 1591 2159 1643 ab
2188 1590 2359 1642 altera
2393 1600 2569 1658 parte.
2608 1591 2711 1645 Sed
2740 1592 2842 1646 etsi
2876 1594 3423 1661 quidam.utratnque

1838 1682 2147 1751 promiscue
2173 1684 2514 1751 usurparint,
2550 1683 2698 1736 nullo
2729 1694 2931 1747 tamen,
2967 1686 3019 1737 ni
3054 1684 3229 1746 fallor,
3264 1698 3427 1753 argu-

1842 1784 2025 1831 mento
2070 1776 2433 1829 demonstrari
2468 1785 2643 1846 potest
2676 1775 2969 1830 Eusebium
3026 1776 3093 1829 ita
3126 1776 3423 1843 accepisse.

1841 1869 1969 1923 Sive
2012 1886 2145 1940 ergo
2187 1870 2631 1939 Mesopotamiam
2682 1873 3017 1940 accipiamus
3067 1887 3168 1941 pro
3220 1871 3427 1940 ingenti

1845 1971 2112 2014 terrarum
2151 1972 2353 2029 tractu,
2386 1965 2477 2032 qui
2515 1963 2696 2032 plures
2749 1965 3064 2033 provincias
3105 1961 3427 2031 complecti-

1843 2063 1951 2113 tur.
2004 2053 2121 2104 sive
2174 2069 2272 2119 pro
2330 2068 2478 2109 certa
2541 2058 2783 2123 ejusdem
2838 2070 3045 2111 tractus
3104 2058 3428 2126 provincia,

1843 2141 2002 2211 longe
2045 2141 2383 2211 probabilius
2434 2145 2653 2197 videtur
2700 2150 2834 2202 alios
2884 2149 3053 2203 fuisse
3089 2164 3305 2215 Semper
3331 2147 3432 2201 0s-

1848 2234 2081 2297 rhoenze,
2134 2234 2271 2287 alios
2319 2246 2642 2288 camerarum
2697 2235 3098 2303 MCSODOIaIIIliB
3156 2241 3431 2295 Ecclesia-

1846 2341 1966 2379 rum
2002 2340 2201 2381 mores.
2235 2327 2422 2393 Itaque
2454 2344 2577 2381 cum
2612 2328 2878 2381 Eusebius
2926 2331 3143 2384 Asianis
3177 2334 3434 2388 Ecclesiis

1846 2419 2107 2473 ﬁnitimas
2138 2422 2400 2489 quasdam
2447 2422 2497 2473 in
2544 2421 2833 2489 disciplina
2873 2421 3156 2477 Paschalis
3196 2441 3432 2481 c0usen-

1847 2512 1983 2565 sisse
2015 2511 2179 2574 dicat,
2206 2512 2385 2564 verbis
2410 2510 2529 2579 ejus
2561 2513 2669 2564 vim
2702 2512 2979 2566 illaturum
3022 2530 3146 2567 cum
3179 2531 3298 2569 esse
3325 2534 3431 2570 non

1848 2603 2215 2666 crediderim,
2263 2603 2355 2671 qtti
2437 2604 2543 2656 illis
2596 2603 2841 2667 Cilicize,
2895 2604 3197 2660 Seleucidis
3258 2610 3437 2676 (cujus

1849 2706 2012 2762 caput
2039 2695 2358 2766 Antiochia)
2389 2706 2445 2749 et
2476 2695 2885 2763 Mesopotamiae
2910 2698 3105 2751 saltem
3140 2700 3438 2767 provincia:

1851 2782 2132 2835 Ecclesias
2158 2782 2490 2849 atljnnxeril.
2538 2782 2611 2836 De
2642 2784 2829 2837 Cilicia
2864 2786 2951 2835 vix
2984 2786 3088 2838 ulla
3124 2785 3438 2849 dillictzltas,

1849 2888 1971 2925 cum
2004 2872 2148 2926 inter
2170 2873 2313 2927 Asia:
2350 2872 2580 2927 Minoris
2611 2876 2921 2941 provincias
2961 2885 3070 2928 tum
3109 2891 3434 2930 munerare-

1851 2972 1974 3027 tur;
2023 2980 2124 3019 nec
2184 2964 2359 3032 major
2419 2966 2487 3017 de
2544 2964 2829 3019 Sclcncide
2892 2967 3016 3018 huic
3072 2970 3436 3021 contermina.

1851 3053 2095 3109 Ciliciam
2150 3064 2328 3109 tamen
2358 3066 2606 3108 numerat
2651 3054 3045 3109 Constantinus
3072 3056 3116 3088 “
3171 3058 3313 3111 inter
3343 3073 3438 3113 eas

1853 3145 2127 3200 Ecclesias
2152 3162 2292 3215 qua},
2322 3146 2520 3200 Nic-acui
2565 3148 2783 3200 concilii
2819 3158 3005 3209 relate,
3052 3146 3259 3201 Pascha
3312 3164 3435 3202 cum

1851 3236 2093 3293 licinaua
2125 3239 2499 3293 celebrabant.
2536 3240 2643 3293 Sed
2676 3253 2744 3294 ne
2776 3256 2899 3295 cum
2931 3241 3233 3295 Athanasio
3272 3258 3435 3310 supra

1852 3328 2073 3383 laudato
2102 3342 2288 3399 aperte
2338 3341 2559 3402 pugnet,
2596 3335 2907 3388 necessario
2950 3334 3306 3403 explicandus
3357 3346 3443 3391 est

1851 3421 1918 3476 de
1948 3422 2153 3476 Cilicia:
2171 3434 2324 3493 parte
2348 3425 2553 3492 aliqua.
2584 3425 2653 3480 Ut
2682 3434 2739 3479 ut
2761 3436 2867 3481 est.

1921 3537 2010 3591 20.
2038 3538 2113 3592 Eo
2144 3539 2365 3608 gravior
2397 3539 2537 3593 inter
2577 3538 2858 3609 litigantes
2894 3540 3107 3593 exstitit
3131 3542 3439 3609 contentio,
3532 3520 3535 3523 Ι

1853 3648 1961 3702 quo
1986 3633 2237 3701 graviora
2281 3634 2483 3701 quique
2513 3648 2611 3699 pro
2650 3649 2707 3686 se
2746 3644 3016 3687 mootenta
3052 3633 3439 3701 proferebant.

1855 3722 2087 3793 Utrique
2117 3724 2262 3776 enim
2292 3724 2586 3779 traditione
2628 3726 2925 3794 apostolica
2955 3725 3265 3778 nitebantur
3292 3742 3305 3775 :
3334 3741 3441 3779 non

1854 3815 2020 3884 quod,
2070 3816 2249 3884 inquit
2296 3814 2555 3869 Socrates
2607 3815 2675 3880 “,
2728 3816 3099 3883 apostolorum
3148 3817 3441 3884 quisquam

1857 3908 2031 3977 legem
2058 3924 2120 3963 ea
2150 3909 2216 3961 de
2245 3922 2302 3960 re
2326 3908 2569 3969 tulisset;
2596 3908 2691 3961 sed
2719 3910 2864 3975 quod
2895 3907 3204 3975 exemplum
3230 3922 3440 3973 eorum,

1859 4007 2118 4066 tanquam
2165 3996 2337 4058 legem
2390 3996 2490 4051 sibi
2539 3998 2769 4064 positam
2818 4009 3217 4051 venerarentur
3270 4000 3442 4052 disci—-

1856 4091 1968 4156 puli
2024 4090 2093 4144 '°.
2141 4088 2326 4142 Asiani
2380 4086 2682 4143 all‘crebant
2740 4091 2978 4143 instituti
3039 4091 3123 4144 sui
3189 4102 3445 4145 auctores

1856 4180 2117 4236 Joannem
2144 4179 2473 4249 apostolum,
2502 4180 2809 4251 Philippum
2851 4198 3015 4235 unum
3042 4198 3071 4237 e
3094 4194 3303 4252 septeni
3332 4185 3443 4252 pri-

1860 4274 1963 4327 mis
2008 4272 2275 4337 diaconis,
2331 4271 2694 4341 Pulycarpum
2745 4290 3066 4344 martyrem,
3106 4277 3441 4345 Melitoneiu,

1857 4367 2103 4433 aliosque
2148 4365 2630 4434 prmstantissimos
2653 4368 2821 4429 viros,
2857 4370 2975 4437 qui,
3010 4385 3137 4421 cum
3170 4371 3313 4438 apud
3347 4386 3442 4425 eos

1860 4461 2141 4530 degerent,
2191 4458 2395 4512 Pascha
2433 4474 2621 4513 eorum
2670 4476 2821 4514 more
2858 4462 3214 4515 celebrabant
3253 4464 3339 4517 die
3376 4464 3443 4517 M

169 4544 360 4597 saequ
404 4554 658 4598 veterem
710 4542 876 4596 ritum
921 4544 1281 4599 deseruisset.
1327 4544 1462 4599 Nam
1515 4546 1756 4600 secundo
1790 4519 1831 4573 υ
1862 4554 2023 4606 lunae.
2076 4552 2303 4606 Romani
2353 4567 2383 4606 e
2427 4553 2713 4606 contrario
2745 4556 3063 4608 asserebant
3112 4555 3329 4609 Petrum
3388 4567 3444 4612 et

170 4638 448 4691 desinente
480 4636 770 4692 Osrhoena
798 4653 919 4692 cum
950 4638 1194 4693 Romana
1242 4638 1487 4693 Ecclesia
1523 4654 1760 4693 consen-

170 4732 350 4788 tiebat.
383 4732 678 4786 Usrboena
714 4739 897 4784 autem
942 4731 992 4784 in
1023 4746 1277 4786 sermone
1315 4733 1639 4802 quotidiano
1664 4748 1775 4801 pro.

171 4823 560 4897 HesOpotamia
611 4824 907 4893 accipitur.
970 4823 1075 4878 Sed
1126 4823 1274 4894 quod
1334 4825 1483 4878 velut
1548 4833 1759 4879 certum

170 4920 392 4972 assumit
421 4918 510 4971 vir
541 4918 921 4980 doctissimus,
954 4916 1395 4987 MeSOpotamiam
1424 4927 1478 4972 et
1520 4914 1759 4971 Osrhoe-

170 5025 289 5065 nam
343 5011 669 5080 promiscue
726 5024 991 5077 usurpare
1048 5009 1226 5063 solere
1284 5008 1354 5063 ab
1415 5010 1761 5072 auctoribus,

171 5103 287 5158 aliis
318 5102 556 5158 dubium
602 5100 802 5155 saltem
846 5101 1140 5156 videbitur.
1203 5101 1368 5157 Certe
1417 5100 1647 5155 alteram
1692 5102 1761 5156 ab

171 5197 331 5250 altera
356 5195 662 5264 distinguit
681 5193 998 5247 Ammianus
1024 5192 1374 5249 Marcellinus
1396 5193 1440 5224 “
1465 5212 1479 5248 :
1514 5194 1583 5246 Et
1610 5194 1762 5263 quia.

173 5290 361 5357 inquit,
382 5286 792 5353 Mesopotamia:
816 5296 1017 5341 tractus
1046 5302 1222 5340 omnes
1259 5288 1440 5340 crebro
1478 5286 1764 5354 inquietari

174 5383 324 5442 sueti,
359 5379 714 5449 pratenturis
758 5386 807 5430 et
853 5379 1174 5432 stationibus
1220 5380 1567 5431 servabantur
1597 5394 1760 5447 agra-

175 5475 283 5539 riis,
321 5475 613 5527 lavorsuus
668 5470 809 5539 ﬂexo
868 5470 1053 5524 itinere
1084 5469 1394 5535 ,VOerwena:
1450 5471 1759 5524 subsederat

236 5612 281 5641 δ’
311 5610 375 5664 1‘.
425 5609 493 5664 V.
538 5608 696 5663 Hom.
728 5608 903 5679 55,_p.
939 5606 1041 5679 §08
1071 5619 1124 5665 et
1152 5624 1306 5679 seqq.

181 5766 277 5811 xiv,
307 5770 359 5807 c.
392 5753 449 5806 ὅ.
543 5753 588 5786 ⁸⁷
623 5751 881 5818 Procop.,
914 5753 1009 5803 lib.
1040 5767 1054 5803 t
1106 5751 1218 5804 Bel.
1250 5751 1424 5815 Pers.,
1456 5767 1507 5805 c.
1540 5752 1627 5804 l7.

178 5821 217 5850 "
240 5825 453 5886 Euseb,
501 5823 541 5875 ι.
580 5838 634 5887 v,
671 5837 718 5875 c.
754 5821 845 5883 21,
880 5820 969 5874 25.

1383 5609 1429 5640 ⁸³
1464 5609 1684 5675 Euseb.,
1719 5610 1815 5666 lib.
1848 5628 1902 5675 v,
1932 5628 1981 5666 c.
2012 5614 2103 5668 ‘25.

177 5682 216 5710 "
242 5680 461 5746 Euseb,
490 5682 589 5754 lib.
627 5696 685 5754 tn
710 5676 1204 5754 DeVil.Const._.c.
1232 5676 1296 5754 l9
1339 5680 1405 5711 "'
1431 5680 1600 5754 Apud
1618 5681 1878 5747 Buchrr.,
1909 5684 1975 5737 de
2002 5685 2153 5754 Cycl.
2186 5684 2353 5748 Vict.,

1706 5755 1751 5787 ⁸³
1782 5754 1959 5807 Euseb
1988 5791 2003 5817 ,
2031 5755 2124 5810 lib.
2156 5769 2216 5809 ιιι
2276 5757 2350 5811 De
2391 5756 2497 5810 Vit.
2530 5757 2742 5815 ConsL.
2767 5774 2815 5811 c.
2853 5755 2940 5809 l9.

1063 5821 1107 5853 “
1140 5822 1237 5885 ld.,
1284 5821 1321 5875 l.
1370 5839 1420 5885 ν,
1451 5838 1498 5878 c.
1532 5821 1633 5881 20;
1680 5822 1934 5891 Tertull.,
1980 5824 2056 5881 De
2097 5840 2313 5895 praesa,
2366 5842 2415 5883 c.
2464 5826 2569 5898 55,

1859 4645 2111 4709 Paulum,
2154 4644 2339 4697 Romae
2369 4659 2493 4697 cum
2531 4656 2737 4705 essent,
2773 4644 2981 4698 Pascha
3030 4661 3307 4714 nunquam
3336 4649 3441 4703 nisi

1859 4739 1947 4791 die
1977 4738 2256 4792 Dominica
2286 4738 2487 4805 egisse.
2521 4737 2585 4791 Et
2621 4738 2844 4804 quidem
2875 4747 3003 4790 ante
3035 4735 3309 4791 Victorem
3344 4755 3440 4808 pa-

1860 4842 1983 4897 pam
2015 4844 2119 4898 pax
2151 4827 2294 4883 inter
2330 4827 2622 4889 Ecclesias,
2675 4829 2928 4896 quamvis
2975 4828 3077 4882 sibi
3113 4830 3348 4883 invicem
3379 4848 3442 4885 ea

1860 4922 1914 4974 in
1961 4936 2021 4976 re
2068 4921 2395 4984 dissimiles,
2434 4936 2655 4990 semper
2694 4922 3023 4975 constiterat
3063 4941 3075 4976 :
3110 4939 3445 4993 unaquzeque

1862 5028 1964 5067 suo
1997 5028 2147 5068 more
2178 5015 2393 5077 vivens,
2431 5013 2593 5066 aliam
2642 5028 2741 5067 suo
2780 5030 2931 5069 more
2970 5016 3157 5069 vivere
3203 5017 3439 5075 sint-bat.

1860 5104 1912 5160 Id
1945 5115 2152 5159 tantum
2188 5104 2500 5178 [LXXXVI]
2534 5118 2861 5160 curaverant
2885 5108 2977 5162 alii
3021 5108 3329 5173 pontiﬁces,
3374 5124 3443 5163 ne

1856 5212 2052 5252 sanam
2087 5209 2142 5253 et
2192 5200 2461 5253 sinceram
2516 5196 2778 5252 Ecclesia:
2830 5214 2945 5255 suae
2987 5201 3441 5255 consuetudinem

1858 5290 2162 5359 peregrinis
2180 5289 2509 5343 Asianorum
2537 5289 2782 5344 moribus
2805 5290 3169 5360 depravarent
3192 5290 3440 5361 inquieta

1854 5381 2072 5449 ingenia
2109 5382 2177 5434 δι.
2209 5380 2456 5451 Cumque
2498 5380 2551 5435 id
2578 5396 2739 5450 agere
2769 5382 3204 5453 praesumpsisset
3229 5382 3445 5437 Blastus

1856 5475 2081 5544 quidam
2125 5474 2383 5529 Romanae
2414 5472 2677 5531 Ecclesia:
2728 5477 3041 5546 presbyter,
3076 5476 3444 5529 temeritatem

2182 5613 2225 5645 “
2265 5613 2407 5667 llist.
2439 5615 2599 5677 eccl.,
2638 5622 2675 5668 t.
2708 5615 2792 5678 Ill,
2826 5624 2938 5667 not.
2972 5615 3023 5677 1,
3055 5614 3106 5667 in
3139 5613 3279 5667 Vict.
3314 5628 3441 5681 pap.

2387 5701 2439 5754 p.
2470 5686 2598 5747 444,
2627 5687 2713 5739 ed.
2745 5683 3226 5755 Antnerp.,lii333.
3302 5684 3348 5716 “
3380 5685 3441 5737 ι..

3016 5754 3145 5809 "‘L.
3184 5768 3237 5819 ν,
3269 5770 3317 5809 c.
3348 5755 3439 5807 2|.
