3924 6354
563 337 669 407 r93
1360 348 1965 407 DlSSERTATlONES
1996 347 2301 403 Priame
2335 346 2401 401 1N
2438 345 2691 403 ΙΒΕΝΑΞΙ
2729 343 2998 401 uanos.
3690 342 3774 395 me

558 466 675 534 ejus
698 465 943 519 coercuit
966 463 1230 528 irenaeus,
1260 465 1347 521 cui
1369 466 1515 522 haud
1547 468 1726 521 minor
1755 476 1875 521 erat
1917 464 2128 519 tuendae

2234 464 2503 536 νωνησίαν
2548 466 2605 517 ὲν
2636 464 2703 533 τῇ
2750 460 2905 531 Ἀσίᾳ
2921 455 3619 529 Τεσσαρεσκαιδεκατήταις
3663 458 3777 511 ἁπέ-

560 561 710 631 pacis
741 573 902 627 quam
942 558 1291 627 antiquitatis
1334 575 1398 614 ac
1430 561 1741 614 traditionis
1766 557 2133 613 Ecclesiarnm
2242 557 2442 611 στειλε.
2485 554 2776 611 Consentit
2818 550 3084 606 Eusebius
3122 550 3194 614 ",
3240 550 3499 617 additque
3536 549 3778 604 Victorem

559 667 712 713 cura,
756 652 958 720 scripta
989 650 1251 705 adversus
1294 667 1419 706 eum
1456 652 1710 721 epistola,
1747 666 1908 720 quam
1940 651 2137 704 iuseri-
2240 666 2347 704 non
2381 649 2546 702 totius
2570 647 2712 700 Asiae
2740 645 2923 708 modo,
2954 643 3049 696 sed
3089 652 3143 695 et
3167 642 3306 696 alias
3329 641 3586 695 ﬁnitimas
3615 640 3779 696 Eccle.

562 744 669 813 psit
708 741 783 797 De
811 744 1116 796 schismate.
1144 742 1219 797 Illi
1257 758 1387 798 vero
1414 743 1723 812 pontiﬁces,
1759 743 2025 797 Anicetus
2054 742 2137 794 vi-
2240 742 2373 805 sias,
2406 739 2617 795 Cilicia:
2647 737 2919 799 videlicet,
2952 734 3148 805 Syriae,
3196 733 3499 789 Seleucidis
3538 740 3592 788 et
3633 733 3779 789 Meso-

559 834 779 897 delieet,
806 833 956 897 Pius,
1010 832 1278 904 llyginus,
1319 832 1687 903 Telesphorus
1717 843 1881 904 atque
1921 834 2134 898 Sixtus,
2238 836 2489 904 potantize
2520 832 2746 901 proprie
2777 831 2957 896 dictae,
2988 828 3137 882 velut
3169 844 3199 882 a
3237 827 3506 882 catholica
3544 830 3778 883 sententia

558 928 747 981 eodem
779 926 985 982 Irenaeo
1015 938 1153 982 teste
1175 928 1244 993 ⁵²,
1279 929 1529 996 quamvis
1552 927 1758 982 Pascha
1791 927 1983 981 eadem
2010 943 2132 981 cum
2238 927 2648 990 dissentientes,
2676 925 2838 980 simul
2866 937 3058 978 omnes
3088 937 3118 975 τι
3151 921 3425 977 communi
3465 922 3661 976 unitate
3687 922 3775 978 Ec-

558 1020 780 1074 Asianis
819 1020 908 1074 die
952 1035 1126 1088 neque
1172 1020 1536 1085 celebrarent,
1584 1035 1763 1089 neque
1804 1019 2069 1074 celebrari
2103 1034 2131 1072 a
2236 1018 2417 1072 clesize
2442 1026 2725 1086 amputare
2749 1025 3004 1071 conatum
3037 1015 3225 1077 fuisse,
3253 1013 3435 1081 iisque
3466 1027 3560 1079 per
3589 1013 3775 1070 litteras

559 1112 672 1166 suis
723 1112 1129 1180 permitterent,
1171 1129 1293 1168 cum
1340 1113 1403 1167 iis
1442 1122 1622 1168 tamen
1662 1127 1852 1183 pacem
1894 1123 1945 1167 et
1986 1127 2135 1167 com-
2236 1112 2461 1173 notatis,
2490 1108 2694 1164 fratres
2715 1124 2925 1175 omnes,
2958 1107 3049 1178 qui
3082 1123 3175 1161 eas
3205 1106 3775 1175 regionesincolebant,

558 1206 874 1257 munionem
914 1205 1158 1259 studiose
1192 1205 1482 1269 colebant,
1512 1217 1569 1260 et
1624 1204 2134 1276 sacraijuchari-

561 1295 722 1350 etiam
750 1311 849 1365 pro
876 1311 1026 1350 more
1053 1296 1268 1350 illorum
1287 1306 1586 1366 temporum
1615 1296 1802 1350 iisdem
1823 1296 2129 1351 mittebant.

554 1387 669 1441 lmo
696 1404 818 1441 cum
872 1387 1204 1459 Polyearpus
1244 1388 1472 1443 Romam
1527 1390 1747 1444 Aniceti
1792 1390 2133 1458 temporibus

553 1482 815 1544 venisset,
863 1481 994 1535 levis
1029 1482 1150 1535 aliis
1192 1483 1258 1536 de
1306 1482 1487 1545 rebus,
1537 1482 1708 1537 levior
1755 1482 1822 1536 de
1871 1482 2132 1538 Paschate

2236 1296 2351 1366 ἅμα
2377 1299 2496 1358 ταῖς
2518 1297 2736 1366 ὁμόροις
2768 1294 3131 1364 Ἐκκλησίαις,
3162 1291 3261 1354 τὰς
3278 1291 3565 1361 παροικίας
3580 1292 3776 1362 ἀποτέμι

2235 1407 2364 1453 νειν,
2382 1388 2457 1451 ὡς
2472 1387 2901 1460 ἑτεροδοξούσας,
2925 1386 3026 1457 τῆς
3055 1387 3239 1457 κοινῆς
3266 1384 3511 1448 ὲνώσεως
3533 1386 3773 1456 πειρᾶται,

553 1571 701 1626 inter
746 1582 1036 1643 utrumque
1082 1575 1380 1643 disputatio
1422 1575 1546 1633 fuit.
1596 1575 1857 1629 Anicetus
1905 1575 2127 1643 quidem

554 1663 854 1735 Polycarpo
878 1667 1206 1736 persuadere
1223 1680 1453 1724 conatus
1474 1679 1558 1725 est
1586 1678 1639 1723 ut
1670 1668 1944 1722 Romanos
1964 1668 2129 1731 ritus,

554 1757 887 1828 Polycarpus
916 1763 1142 1817 Aniceto
1171 1772 1230 1816 ut
1263 1764 1499 1819 Asianos
1539 1763 2000 1832 amplecteretur;
2035 1760 2128 1815 sed

2235 1204 2731 1257 excommunicatos
2756 1202 2992 1256 edixisse
3015 1245 3026 1261 .
3058 1200 3269 1271 ἀθρόως
3290 1199 3389 1269 τῆς
3413 1197 3591 1261 Ἀσίας
3608 1200 3776 1268 πάσης,
3862 1214 3863 1219 ‘

2233 1481 2329 1534 καὶ
2359 1479 2657 1551 στηλιτεύει
2691 1495 2754 1547 γε
2778 1478 2865 1532 διὰ
2896 1478 3259 1550 γραμμάτων,
3296 1478 3675 1548 ἀκοινωνήτους
3698 1477 3774 1549 ἄρ-
3862 1476 3863 1481 “

2229 1574 2329 1645 δην
2363 1572 2569 1635 πάντας
2604 1571 2729 1634 τοὺς
2749 1572 2925 1623 ἐκεῖσε
2947 1570 3338 1643 ἀνακηρύττων
3366 1568 3634 1638 ἀδελφούς.
3664 1568 3775 1624 Hinc
3862 1584 3863 1591 ‘

2234 1667 2572 1737 Epiphanius
2615 1666 2659 1696 ⁸⁷
2706 1663 3102 1719 dissensionem
3160 1661 3527 1717 Ecclesiarum
3575 1676 3775 1731 exagge-
3861 1662 3863 1685 τ

2236 1751 2387 1821 rans,
2419 1766 2627 1811 tantam
2656 1755 2829 1809 fuisse
2874 1753 3091 1816 scribit,
3122 1760 3180 1807 ut
3205 1751 3515 1807 Orientales
3553 1752 3616 1805 ab
3642 1751 3773 1807 Occi-
3856 1752 3863 1779 λ

552 1859 750 1905 neutro
803 1851 960 1906 alteri
1012 1856 1261 1920 cedente,
1308 1869 1416 1925 pax
1473 1855 1586 1910 cito
1628 1823 1854 1917 coaluit,
1882 1851 2031 1921 fadeo
2073 1860 2134 1905 ut
2164 1823 2207 1880 Β
2235 1849 2545 1903 dentalibus
2572 1846 2731 1902 divisi
2764 1845 2943 1902 nullas
2974 1844 3341 1901 aseinvicem
3380 1843 3634 1913 paciﬁcas
3665 1842 3777 1897 acci-

553 1942 1111 2012 pontifex‘Romanus
1151 1947 1512 2002 Encltaristite
1556 1946 1898 2001 celebranda:
1938 1960 2134 2000 munus
2233 1950 2426 2012 pereat
2456 1940 2687 1995 litteras.

556 2034 900 2104 Smyrnrnsi,
949 2039 1270 2094 reverentia:
1299 2055 1488 2104 causa,
1522 2038 1875 2092 concesserit.

622 2125 717 2182 21.
751 2124 828 2178 Ευ
854 2125 976 2180 loco
1008 2143 1097 2183 res
1137 2133 1317 2188 erant,
1351 2138 1475 2177 eum
1505 2121 1697 2179 ViCtor
1746 2123 2133 2181 Ecclesize’re-

550 2215 729 2285 gimen
762 2218 1020 2287 suscepit.
1076 2213 1175 2269 llic
1226 2214 1607 2271 decessoribus
1644 2217 1761 2271 suis
1805 2218 1970 2286 paulo
2015 2217 2131 2273 fer-

551 2307 745 2376 vidior,
778 2322 894 2362 eam
925 2307 1125 2359 rituum
1155 2306 1526 2362 diversitatem
1554 2308 1900 2378 impatienter
1923 2311 2127 2379 ferens,

552 2410 611 2453 ut
638 2414 853 2455 omnem
894 2394 1189 2450 Ecclesiam
1221 2396 1289 2449 ad
1319 2411 1485 2449 unum
1522 2406 1579 2451 et
1612 2399 1866 2453 eumdem
1897 2414 2131 2455 revoca-

552 2502 661 2558 ret,
692 2488 989 2543 ardentiori
1019 2487 1201 2542 studio
1227 2486 1551 2542 elaboravit.
1584 2488 1640 2544 id
1670 2490 1771 2545 sub
1796 2490 2000 2545 Severo
2030 2494 2132 2547 im-

553 2593 810 2654 peratore
862 2580 1161 2650 contigisse
1211 2580 1408 2635 scribit
1451 2579 1817 2654 Hieronymus
1871 2585 1925 2639 in
1966 2584 2131 2640 Cata-

549 2673 672 2743 iogn
703 2672 784 2735 ⁶³;
828 2673 881 2725 in
939 2671 1215 2726 Chronico
1260 2686 1392 2727 vero
1424 2674 1666 2744 assignat
1694 2691 1897 2730 annum
1937 2677 1972 2731 4
2010 2677 2130 2747 eius

551 2765 786 2834 imperii,
837 2764 1041 2819 Christi
1091 2764 1196 2819 196
1224 2763 1293 2819 ³⁸.
1333 2764 1565 2836 Scripsit
1613 2768 1799 2838 itaque
1848 2769 2033 2831 Victor
2060 2772 2127 2825 ad

548 2860 857 2932 praecipuos
891 2862 1058 2914 totius
1088 2858 1346 2916 Ecclesiae
1398 2862 1707 2932 episcopos,
1739 2873 1799 2918 ut
1837 2865 2131 2935 provincia:

553 2968 667 3007 suae
695 2952 931 3023 synodos
964 2964 1247 3022 cogerent,
1276 2960 1332 3007 et
1364 2953 1416 3007 in
1460 2954 1528 3009 iis
1558 2956 1918 3024 quaestionem
1964 2958 2135 3012 disce-

551 3056 792 3115 ptarent,
824 3062 887 3102 ac
912 3062 1012 3117 pro
1036 3047 1292 3103 Ecclesiae
1323 3050 1583 3104 Romana:
1607 3051 1748 3106 votis
1769 3060 1933 3120 atque
1962 3051 2130 3109 disci-

2234 2133 2385 2179 tatur
2407 2122 2681 2188 Valesius,
2708 2134 2767 2177 ut
2818 2121 3062 2192 jactatas
3088 2119 3657 2177 excommunicationis
3697 2120 3777 2174 mi.

2233 2233 2368 2283 nas,
2431 2232 2537 2271 non
2592 2226 2772 2271 autem
2840 2216 3111 2272 vibratam
3184 2214 3775 2270 excommunicationem

2232 2588 2397 2642 telum
2466 2585 2803 2640 continuisse

2301 2032 2394 2086 22.
2430 2030 2673 2085 Laudata
2702 2026 2924 2100 quidem
2952 2027 3175 2084 Eusebii
3211 2028 3383 2083 verba
3434 2027 3512 2083 sic
3547 2026 3777 2095 interpre-
3854 2054 3857 2059 -

2233 2311 2403 2381 ipsam
2435 2325 2503 2363 ex
2533 2310 2599 2363 iis
2629 2309 2743 2364 erui
2774 2324 2935 2379 posse
2973 2316 3146 2378 putet.
3198 2305 3309 2361 Sed
3343 2315 3597 2362 verentur
3632 2305 3708 2360 alii
3728 2314 3776 2359 ut
3862 2309 3863 2339 ῖ

2232 2403 2371 2457 satis
2395 2402 2692 2455 adverterit
2720 2401 2804 2454 vir
2834 2400 3199 2465 clarissimus,
3233 2399 3417 2454 minas
3446 2399 3651 2468 quidem
3673 2406 3775 2451 ante
3852 2402 3863 2431 λ

2231 2494 2523 2549 concilium
2581 2492 2915 2561 Ephesinum
2971 2492 3271 2547 intentasse
3332 2491 3650 2562 pontificem,
3698 2488 3774 2543 sed
3861 2494 3863 2515 ’

2864 2601 2880 2638 :
2929 2593 3154 2652 accepto
3203 2592 3389 2638 autem
3448 2583 3653 2637 concilii
3701 2582 3776 2636 de-
3852 2592 3863 2617 θ

2232 2691 2383 2736 creto
2417 2687 2827 2748 exasperatum,
2855 2676 2987 2731 illud
3024 2677 3299 2732 emisisse.
3344 2676 3454 2732 Nec
3494 2678 3682 2739 obstat,
3708 2675 3777 2728 in-
3860 2682 3863 2716 l

2231 2775 2444 2844 quiunt,
2475 2772 2617 2841 quod
2646 2772 2722 2824 ait
2744 2771 2887 2825 idem
2921 2768 3206 2834 Eusebius,
3237 2770 3516 2825 Victorem
3550 2778 3773 2823 conatum
3844 2776 3852 2805 ‘1

2233 2866 2399 2921 fuisse
2432 2866 2572 2920 Asiae
2596 2863 2870 2918 Ecclesias
2896 2878 2924 2915 a
2956 2863 3228 2917 communi
3254 2863 3467 2916 unitate
3499 2869 3769 2929 amputare.
3849 2890 3863 2901 υ

2231 2956 2391 3012 Aliud
2442 2955 2589 3009 enim
2628 2962 2749 3009 erat
2791 2968 2885 3009 eas
2914 2952 3189 3008 Ecclesias
3232 2968 3260 3005 a
3291 2952 3509 3021 propria
3541 2946 3774 3020 pontiﬁcis
3844 2968 3864 2997 »τ

2232 3046 2634 3114 communione,
2675 3044 2820 3100 aliud
2850 3058 2881 3097 a
2908 3043 3185 3099 communi
3212 3046 3385 3098 totius
3414 3039 3656 3097 Ecclesiae
3678 3037 3774 3092 uni-
3848 3064 3863 3092 ς

551 3138 699 3207 plina
754 3139 1077 3205 delinirent;
1116 3139 1394 3206 Asiaticis,
1434 3139 1538 3196 nisi
1585 3144 1979 3210 consentirent,
2034 3158 2200 3227 εις-ο
2236 3152 2349 3198 tate
2396 3140 2656 3196 rescindi.
2716 3138 2877 3193 Prius
2931 3137 3150 3207 quidem
3204 3136 3341 3191 fecit
3393 3135 3596 3198 Victor,
3640 3133 3773 3201 idque
3842 3149 3864 3181 ιτ

548 3229 1098 3283 communicationem
1141 3230 1495 3286 denuntians.
1542 3232 1742 3288 Habita
1803 3234 2018 3301 Romae,
2072 3238 2128 3291 in

548 3320 862 3387 Palaestina,
894 3323 947 3377 in
992 3324 1187 3388 Ponto,
1224 3326 1277 3379 in
1309 3326 1619 3391 Osrboena,
1665 3328 1719 3381 in
1749 3327 1982 3393 Achaia,
2012 3329 2129 3398 plu-

552 3415 812 3483 ribusque
839 3416 961 3471 aliis
990 3417 1044 3472 in
1076 3419 1209 3473 locis
1232 3420 1485 3486 concilia,
1529 3437 1635 3476 uno
1663 3436 1934 3476 consensu
1965 3432 2129 3491 atque

544 3505 753 3574 judicio
807 3508 1237 3565 ecclesiasticam
1283 3514 1529 3583 regulam
1575 3513 1848 3570 universis
1880 3515 2127 3570 ﬁdelibus

2234 3525 2419 3567 eorum
2449 3506 2835 3564 communione
2874 3503 3218 3558 abstinerent
3253 3502 3462 3557 caeteri.
3504 3503 3603 3557 Sed
3644 3503 3689 3554 in
3720 3516 3771 3554 ea

2229 3604 2527 3667 sententia,
2571 3598 2768 3656 scribit
2813 3597 3178 3667 Hieronymus
3205 3598 3273 3662 ⁵⁸,
3304 3597 3363 3651 hi
3399 3599 3489 3666 qui
3537 3597 3773 3660 discrepa-

550 3613 648 3667 per
684 3597 945 3665 epistolas
991 3602 1284 3668 synodicae
1324 3603 1693 3669 tradiderunt;
1758 3619 1826 3659 ne
1872 3605 2128 3662 videlicet

552 3690 658 3743 alia
705 3690 791 3744 die
818 3706 982 3760 quam
1017 3692 1304 3749 Dominica
1343 3697 1665 3765 mysterium
1705 3699 2127 3754 resurrectionis

554 3780 766 3834 Domini
830 3797 859 3835 a
914 3784 1144 3839 mortuis
1182 3800 1423 3855 unquam
1472 3786 1866 3842 celebraretur.
1926 3788 2125 3843 Eadem

552 3872 842 3927 fuitetiam
874 3878 1141 3929 sententia
1166 3876 1543 3946 Ecclesiarum
1586 3876 1794 3943 Gallius,
1828 3896 1968 3950 quas
2018 3881 2126 3936 Ire-

554 3980 702 4019 nmus
735 3968 956 4034 regebat
998 3970 1310 4039 episcopus.
1344 3969 1417 4023 At
1464 3970 1781 4040 Polycrates
1820 3972 2127 4041 Ephesinus

555 4059 863 4126 episcOpus,
912 4070 1099 4114 coacto
1130 4062 1458 4116 Asianorum
1507 4064 1887 4133 episcoporum
1940 4068 2128 4121 conci-

557 4149 649 4214 lio,
679 4148 982 4204 minacibus
1009 4149 1244 4204 Victoris
1290 4151 1495 4207 litteris
1538 4154 1764 4210 minime
1798 4166 2123 4223 commotus,

559 4242 627 4294 ab
657 4241 876 4311 antiqua
926 4241 1183 4297 Ecclesiae
1229 4259 1340 4298 suae
1389 4247 1789 4302 consuetudine
1834 4248 2127 4303 disceden-

558 4334 686 4385 dum
745 4333 845 4387 sibi
901 4350 1006 4388 non
1063 4337 1293 4404 putavit.
1340 4334 1646 4407 Rescripsit
1693 4338 1857 4409 igitur
1909 4340 2125 4395 concilii

558 4425 640 4478 sui
673 4427 890 4479 nomine
913 4426 978 4478 ad
1013 4426 1354 4495 pontiﬁcem;
1384 4429 1728 4483 traditionem
1757 4429 2124 4486 Ecclesiarum

2234 3234 2576 3307 apertissime
2615 3232 2682 3285 ab
2725 3229 2960 3285 Eusebio
3001 3228 3380 3298 signiﬁcatum
3432 3227 3769 3289 contendunt;
3842 3238 3863 3276 1:

2230 3329 2507 3403 posterius
2535 3334 2715 3379 autem
2749 3332 2806 3377 ut
2837 3321 3137 3388 obtineret,
3176 3322 3399 3390 scriptis
3424 3319 3613 3375 litteris
3643 3330 3774 3373 nela-
3848 3314 3863 3366 λλ

2230 3419 2309 3473 vit
2359 3416 2626 3479 Asianos,
2677 3413 2961 3481 sacrisque
3008 3410 3338 3465 interdictas
3381 3411 3577 3474 edixit,
3630 3418 3681 3462 ut
3717 3407 3772 3460 ab
3844 3426 3849 3431 ο

2230 3700 2351 3753 bant
2377 3698 2441 3750 ab
2477 3696 2608 3759 illis,
2643 3691 2846 3747 Victori
2889 3707 2991 3744 non
3016 3691 3271 3745 dederunt
3318 3701 3545 3749 manus;
3582 3690 3773 3754 ejusque
3848 3708 3863 3737 μέ

2230 3789 2517 3853 severitas,
2566 3785 2803 3841 Eusebio
2852 3791 2990 3837 teste
3026 3783 3095 3847 ⁸⁸,
3138 3785 3199 3837 οὐ
3248 3784 3386 3837 πᾶσί
3442 3800 3504 3853 γε
3542 3783 3647 3843 τοῖς
3676 3779 3772 3829 ὲπι-
3842 3794 3849 3819 .'

2230 3881 2451 3945 σκόποις
2496 3879 2781 3952 ὴρέσκετο;
2839 3892 2941 3929 non
2996 3876 3236 3928 omnibus
3268 3875 3473 3945 placuit
3526 3870 3772 3941 episcopis,
3856 3892 3863 3921 τ

2230 3974 2340 4028 imo
2365 3970 2612 4041 pluribus
2640 3968 2941 4038 displicuit.
2976 3965 3237 4032 Quamvis
3263 3969 3410 4020 enim
3440 3968 3772 4021 Asiaticorum
3860 3981 3863 4017 ;

2230 4062 2561 4118 sententiam
2606 4069 2662 4114 et
2701 4058 3045 4126 disciplinam
3090 4058 3315 4111 minime
3356 4057 3769 4128 comprobarent,
3844 4087 3859 4095 νη

2229 4153 2507 4208 molestius
2560 4161 2740 4205 tamen
2791 4148 3040 4204 ferebant
3073 4159 3150 4203 t0t
3193 4150 3490 4213 Ecclesias,
3528 4151 3593 4203 ob
3641 4159 3771 4214 qua“
3834 4158 3863 4201 7‘.-

2228 4247 2464 4301 stionem
2500 4259 2621 4314 quae
2663 4241 2797 4296 nihil
2834 4247 2900 4295 ad
2932 4242 3091 4295 ﬁdem
3121 4244 3404 4307 attineret,
3447 4245 3514 4296 ab
3548 4236 3773 4295 Ecclesia!
3846 4258 3854 4289 ι

2226 4356 2457 4409 corpore
2502 4337 2735 4393 discindi
2762 4352 2777 4401 ;
2821 4352 2888 4391 ex
2920 4336 3217 4391 ardentiori
3250 4352 3403 4406 papa:
3434 4336 3546 4389 zelo
3570 4342 3769 4399 eruptu-
3834 4350 3855 4379 7:

2228 4452 2347 4491 rum
2377 4436 2488 4503 ipsa
2515 4433 2968 4488 consuetudinum
3002 4431 3321 4486 diversitate
3349 4430 3499 4501 pejus
3534 4429 3769 4485 schisma-
3836 4434 3839 4449 ‘

562 4516 700 4570 Asiae
760 4512 1054 4585 exposuit;
1122 4518 1366 4571 ostendit
1422 4533 1454 4572 a
1503 4516 1730 4574 Joannis
1783 4522 2128 4590 evangelista:
2156 4513 2207 4571 D
2236 4528 2304 4582 iis
2341 4527 2541 4581 malum
2576 4526 2959 4595 prtevidentes.
2990 4524 3169 4592 Quare
3195 4524 3380 4593 plures
3410 4521 3644 4593 epistolis
3668 4530 3769 4570 eum

559 4609 899 4679 temporibus
920 4609 988 4663 ad
1019 4625 1171 4663 suam
1202 4625 1374 4681 usque
1409 4622 1626 4666 tetatem
1652 4610 1859 4667 Pascha
1891 4630 1995 4669 non
2023 4616 2128 4671 alia

557 4700 645 4753 die
667 4715 831 4768 quam
881 4699 949 4754 14
992 4699 1122 4755 luna
1153 4700 1490 4755 celebratum
1538 4701 1705 4757 fuisse
1740 4703 1809 4757 ab
1854 4706 2133 4773 omnibus,

555 4802 822 4859 quotquot
853 4791 905 4845 in
942 4792 1069 4846 Asia
1097 4792 1388 4849 sanctitate
1434 4802 1489 4846 et
1522 4792 1765 4849 doctrina
1794 4795 2131 4865 ﬂoruerant;

561 4896 592 4934 a
640 4897 871 4951 quorum
915 4885 1144 4951 proinde
1190 4886 1434 4940 moribus
1488 4887 1745 4942 recedere
1784 4889 1940 4945 nefas
1982 4906 1998 4945 :
2046 4892 2133 4947 bis

560 4986 681 5043 qua:
726 4972 832 5027 sibi
875 4974 943 5028 ad
971 4984 1240 5032 terrorem
1275 4975 1695 5046 objiciebantur,
1738 4979 2130 5049 minimecon-
2226 4983 2449 5038 clesiam
2484 4980 2837 5035 redundaret.
2869 4976 2977 5033 Sed
3016 4996 3129 5048 prae
3164 4982 3382 5037 ceteris
3428 4980 3655 5034 lrena-us
3691 4987 3771 5026 no-

2236 4619 2473 4673 ncerbius
2515 4617 2935 4687 pet-strinxerunt
2965 4657 2980 4683 ,
3032 4617 3288 4685 serioque
3350 4618 3671 4669 monuerunt
3723 4614 3770 4659 ut
3836 4632 3839 4639 ε

2228 4709 2473 4765 fovendae
2519 4709 2695 4780 pacis,
2741 4706 3029 4763 cbaritatis
3056 4717 3112 4762 et
3154 4707 3465 4763 concordia:
3501 4704 3768 4760 studiosus,
3842 4732 3863 4755 ι..

2233 4810 2562 4873 temperaret
2595 4802 2665 4856 ab
2702 4800 2992 4855 immodica
3021 4800 3330 4860 severitate.
3363 4815 3431 4855 ex
3463 4813 3563 4867 qua
3587 4790 3767 4850 emolu-
3838 4818 3863 4849 -ε

2228 4894 2394 4947 menti
2428 4905 2645 4963 parum,
2698 4889 3008 4944 detrimenti
3055 4890 3346 4959 plurimum
3386 4891 3440 4944 in
3490 4897 3648 4943 totam
3682 4881 3768 4937 Ec-
3838 4903 3857 4926 θ.

560 5066 792 5133 turbari,
837 5082 964 5121 cum
1011 5082 1042 5122 a
1084 5069 1387 5138 majoribus
1429 5072 1743 5138 didicisset,
1789 5071 1901 5128 Deo
1953 5074 2128 5143 magis

556 5174 720 5229 quam
776 5158 1094 5215 hominibus
1146 5163 1635 5234 ohlemperandum
1666 5178 1831 5221 resse.
1889 5162 2123 5233 Accepta

557 5252 666 5306 hac
702 5251 933 5320 epistola
958 5252 1148 5309 Victor
1180 5258 1398 5327 ἄμετρα
1427 5256 1774 5329 τερμανθεὶς,
1810 5258 1888 5311 ait
1927 5256 2126 5313 Socra-

555 5353 638 5396 tes
684 5342 756 5409 ³⁵,
804 5361 966 5413 supra
989 5345 1207 5399 modum
1258 5350 1540 5403 iracundia
1585 5350 1968 5419 inﬂammatus,
2005 5363 2123 5404 om-

556 5446 654 5488 nes
679 5434 821 5490 Asiae
858 5436 1153 5504 Ecclesias,
1182 5453 1305 5508 quae
1341 5439 1552 5496 Pascha
1579 5441 1786 5496 decima
1814 5450 2007 5511 quarta
2035 5441 2125 5496 die

555 5524 756 5580 mensis
787 5525 1166 5594 celebrabant,
1208 5544 1238 5584 a
1267 5532 1652 5587 communione
1683 5532 2118 5603 rescidit,;dxot-

665 5726 713 5760 "
753 5728 927 5801 Epist.
978 5734 1044 5788 ad
1100 5732 1237 5789 Vict.

603 5796 611 5806 O
665 5734 713 5760 "
754 5734 927 5806 Epist.
978 5734 1044 5806 ad
1100 5734 1237 5806 Vict.
1281 5750 1403 5804 pap.
1457 5734 1759 5792 ad’calcem
1786 5737 1946 5804 hujus
1972 5736 2073 5805 0p.

552 5795 715 5865 llist.,
747 5795 813 5855 cf
836 5801 926 5857 22.

1023 5805 1069 5837 ”
1099 5803 1161 5859 L.
1194 5820 1246 5870 ν,
1278 5803 1330 5863 c.
1354 5803 1453 5860 ιιι.
1529 5808 1593 5880 θ’
1633 5803 1937 5877 Ηωνζωέι,
1980 5803 2097 5876 ς’θ.

2177 5721 2313 5790 "'c.
2349 5736 2441 5799 45,
2476 5735 2567 5792 ts.

2174 5808 2220 5840 “
2248 5807 2302 5861 lu
2333 5806 2508 5862 Catal.
2581 5806 2627 5839 ⁸⁹
2663 5805 2724 5863 C.
2756 5806 2847 5862 24.

2225 5076 2387 5130 minis
2428 5073 2511 5129 sui
2556 5071 2908 5143 appellationi
2974 5072 3205 5140 pulchre
3251 5073 3579 5143 respondens
3616 5069 3768 5139 (alar,-

2220 5171 2368 5231 ναῖος
2386 5167 2530 5222 enim
2545 5165 2755 5229 Grzece,
2774 5161 2968 5220 Latine
2994 5164 3289 5219 studiosum
3317 5166 3463 5234 pacis
3480 5158 3769 5235 signiﬁcat),
3832 5194 3837 5208 ς
3859 5206 3863 5226 ί

2219 5258 2355 5313 nihil
2388 5256 2565 5326 potius
2591 5255 2803 5320 habuit,
2845 5269 3009 5325 quam
3049 5264 3109 5309 ut
3139 5269 3237 5309 sua
3283 5254 3474 5326 agendi
3498 5255 3697 5309 ratione
3724 5260 3772 5299 se
3836 5272 3851 5309 ά

2218 5348 2373 5418 pacis
2414 5356 2697 5402 auctorem
2736 5347 3019 5416 probaret.
3055 5345 3478 5418 Scriptoitaque
3524 5344 3768 5399 Victorem

2218 5441 2498 5505 convenit,
2528 5454 2595 5495 ac
2626 5440 2845 5496 nomine
2892 5438 3162 5507 fratrum,
3211 5442 3409 5512 quibus
3455 5441 3679 5510 praeerat
3720 5431 3764 5482 in

2216 5530 2390 5587 Gallia
2432 5529 2783 5586 fervidiorem
2833 5529 2951 5600 ejus
2978 5542 3167 5587 aestum
3208 5531 3426 5588 fortiter
3470 5537 3523 5586 et
3556 5524 3770 5600 graviter

2667 5736 2714 5807 ξ’
2743 5735 2967 5807 Euseb,
3006 5737 3044 5794 l.
3090 5754 3143 5807 v,
3179 5754 3229 5796 c.
3265 5736 3354 5807 2‘3,
3386 5737 3472 5791 24.
3566 5732 3610 5766 ³³
3635 5729 3689 5787 ι.
3719 5739 3746 5776 v

3846 5664 3864 5703 ιι
