3924 6354
230 359 330 414 197

857 358 1315 414 DlSSERTATlO
1341 358 1411 424 Il,
1447 356 1611 413 ΛΒΤ.
1650 356 1691 421 l,
1727 353 1785 409 Dl

1887 380 1910 410 ›.
1950 355 2208 415 lRENA-Zl
2249 362 2408 418 VITA
2444 363 2532 419 ET
2570 364 2865 451 assus,

3372 370 3477 426 £98

223 479 529 545 increpavit
556 479 622 531 “.
663 475 859 534 Plures
918 479 1059 535 alias
1116 482 1183 535 de
1230 480 1424 536 eodem
1478 487 1801 551 argumento
1830 474 1878 532 Δ
1907 488 2081 533 morte
2104 479 2307 535 Christi
2331 498 2503 552 usque
2534 485 2602 538 ad
2624 480 2742 552 ejus
2761 486 3216 540 resurrectionem
3240 487 3316 557 (id
3366 500 3476 545 est.

222 574 445 640 scripsit
478 572 744 640 epistolas
782 573 848 626 ad
898 573 1083 627 varios
1135 574 1445 643 episcopos,
1474 575 1671 642 quibus
1705 588 1800 629 eos

218 667 283 745 ad
319 668 741 721 instaurandam
781 668 1050 721 turbatam
1086 667 1354 722 Ecclesiae
1383 682 1575 735 pacem
1612 667 1800 721 horta-

217 769 389 821 retur,
443 774 567 827 quae
613 758 812 826 injuria
861 770 1167 828 temporum
1211 760 1514 825 interiere;
1551 760 1646 815 sed
1681 760 1800 828 epi-

216 850 365 905 stola:
394 852 465 903 ad
502 852 783 906 Victorem
826 853 972 906 haud
1006 853 1378 921 paenitendum
1428 851 1797 922 fragmentum

214 942 567 995 conservavit
614 941 884 996 Eusebius
934 940 998 1005 “,
1048 942 1190 1009 quod
1243 941 1309 994 ad
1365 940 1574 994 calcem
1637 938 1799 1006 hujus

208 1034 391 1104 operis
417 1036 622 1090 excudi
676 1035 1011 1090 curavimus.
1055 1034 1317 1089 Hortatur
1364 1034 1419 1088 in
1464 1048 1530 1088 eo
1579 1031 1798 1104 pontiﬁ-

211 1143 347 1191 cem,
378 1138 439 1181 nt
476 1142 634 1181 more
674 1128 1047 1193 decessorum,
1088 1144 1226 1197 quos
1257 1136 1561 1189 enumerat,
1607 1142 1795 1196 pacem

210 1233 325 1272 cum
378 1219 653 1274 Asiaticis
702 1230 939 1283 tueatur,
988 1235 1088 1275 nec
1134 1230 1358 1291 gravate
1399 1219 1539 1275 lerat
1570 1235 1664 1275 eos
1696 1235 1797 1274 an-

211 1311 370 1377 tiqnis
412 1312 911 1367 consuetudinibus
938 1311 1172 1367 ﬁrmiter
1212 1314 1514 1377 adlucrere,
1579 1328 1717 1383 quas
1764 1328 1795 1367 a

208 1401 409 1456 Joanne
458 1403 839 1473 evangelista,
902 1405 1148 1473 virisque
1197 1405 1513 1473 apostolicis
1560 1420 1625 1459 ac
1669 1421 1793 1459 san-

210 1495 466 1549 ctissimis
535 1497 858 1552 hominibus
919 1506 1279 1567 acceperant,
1347 1513 1590 1567 quasque
1657 1500 1794 1553 tanti

209 1588 463 1642 momenti
498 1603 630 1642 esse
662 1604 771 1643 non
801 1589 1074 1643 duxerant
1114 1588 1398 1652 Anicetus,
1434 1589 1583 1655 Pius,
1620 1588 1793 1660 Hygi-

207 1696 319 1745 nus,
349 1678 736 1749 Telesphorus
757 1682 1037 1744 etSixzus,
1084 1692 1144 1737 ut
1177 1693 1399 1753 propter
1430 1698 1524 1738 eas
1558 1683 1797 1739 miscen-

205 1773 294 1826 dus
331 1773 609 1828 Ecclesia:
640 1782 818 1830 status
848 1774 1151 1831 videretur.

266 1865 354 1919 23.
396 1867 579 1921 Docet
615 1880 911 1936 praeterea,
942 1884 1061 1924 eam
1104 1884 1225 1925 esse
1255 1868 1638 1939 quaestionem,
1670 1884 1793 1939 qua:

198 1957 375 2024 plures
426 1958 585 2013 alias
640 1960 887 2025 inducat,
937 1974 1038 2015 nec
1088 1963 1219 2023 cito,
1281 1974 1384 2014 nec
1450 1958 1607 2014 facile
1664 1960 1793 2015 diri—

207 2054 453 2117 mendas,
506 2054 709 2121 sicque
769 2052 935 2107 altius
986 2050 1411 2121 immergendam
1469 2060 1638 2107 totam
1690 2051 1795 2107 Ec;

201 2141 421 2197 clesiatn
481 2145 837 2198 infinitarum
888 2146 1272 2215 propemodum
1330 2146 1569 2199 rixarum
1632 2145 1795 2198 bara-

202 2235 342 2298 thro,
376 2233 734 2307 [LXXXVII]
763 2252 794 2290 e
834 2236 1031 2306 quibus
1075 2236 1164 2291 vix
1205 2252 1485 2293 emersura
1522 2238 1611 2292 sit.
1658 2236 1791 2291 Nam

202 2327 245 2379 si
269 2326 303 2379 ii
330 2327 683 2381 sollicitandi
716 2335 862 2393 sunt,
896 2330 986 2395 qui
1022 2328 1088 2383 de
1132 2328 1270 2383 festo
1300 2328 1549 2383 Paschali
1597 2331 1666 2383 ab
1692 2326 1794 2384 Ec-

202 2416 359 2471 clesia
398 2418 663 2472 Romana
696 2420 1043 2481 dissentiunt,
1078 2419 1229 2474 litem
1257 2421 1421 2473 etiam
1456 2434 1794 2489 consequen-

202 2516 279 2563 ter
308 2510 371 2564 iis
398 2512 743 2565 movendam
766 2512 861 2579 qui
893 2510 1183 2579 jejunium,
1218 2514 1364 2581 quod
1392 2510 1529 2566 festo
1553 2511 1794 2581 praemit-

206 2606 358 2675 titur,
397 2621 568 2667 secus
596 2617 770 2675 atque
812 2604 1038 2659 Romani
1079 2605 1394 2659 observant.
1442 2604 1547 2660 Sed
1572 2612 1793 2674 praestat

200 2696 370 2763 ipsum
399 2698 630 2761 audire,
667 2711 733 2751 ac
762 2696 1102 2751 diﬂieultales
1124 2712 1223 2751 nec
1242 2712 1466 2765 paucas,
1498 2712 1600 2750 nec
1616 2696 1789 2762 leves,

202 2794 304 2855 hic,
338 2807 468 2846 cum
516 2792 742 2847 occasio
775 2801 1079 2861 opportune
1112 2807 1170 2847 se
1212 2791 1406 2848 oﬂ'erat
1431 2835 1446 2859 ,
1492 2792 1787 2846 elucidare.

197 2885 267 2938 οὐ
290 2884 403 2955 γὰρ
429 2884 599 2954 μόνον
622 2884 869 2956 περὶτῆς
896 2885 1111 2957 ἡμέρας
1133 2886 1280 2938 ἐστὶν
1306 2885 1788 2957 ὴάμφισσήτησις,

197 2978 330 3030 ἀλλὰ
367 2978 467 3032 καὶ
491 2980 623 3049 περὶ
656 2978 751 3032 τοῦ
781 2977 952 3042 εἴδους
984 2978 1082 3047 τῆς
1115 2978 1386 3049 νηστείας.
1436 2980 1500 3032 Ol
1545 2977 1644 3049 μὲν
1682 2977 1791 3049 γὰρ

196 3071 397 3124 οἴονται
427 3073 562 3140 μίαν
583 3071 803 3141 ἡμέραν
830 3071 938 3123 δεῖν
960 3071 1156 3133 αὐτοὺς
1186 3071 1488 3142 νηστεύειν.
1517 3072 1564 3123 oi
1588 3070 1645 3124 δὲ
1674 3068 1786 3135 δύο,

1901 570 1970 623 ab
1995 571 2125 625 hora
2164 574 2322 627 tertia
2352 584 2474 644 post
2503 577 2787 631 meridiem
2822 576 3172 642 Parasceves,
3206 595 3376 648 usque
3408 582 3475 635 ad

1901 661 2090 718 horam
2131 666 2352 721 circiter
2383 676 2593 722 sextam
2623 668 2921 725 Dominica:
2958 673 3285 741 sequentis),
3328 675 3473 742 quod

1901 755 2075 809 ἄσιτοι
2097 758 2367 813 ducebant
2387 761 2595 829 plures,
2612 762 2739 815 nihil
2762 763 3057 832 quidquam
3077 764 3181 817 cibi
3207 774 3297 816 aut
3320 777 3478 831 potus

1900 847 2271 917 degustantes.
2313 852 2417 906 Sed
2446 853 2537 906 alii
2572 862 2682 906 tum
2709 852 2950 916 lectioni,
2984 863 3095 906 tum
3123 854 3477 921 explicationl

1898 940 2100 994 merito
2133 954 2461 1012 repugnant.
2506 944 2630 998 Dies
2668 945 2815 997 enim
2846 960 2911 999 ως
2962 947 3216 999 horarum
3257 960 3479 1016 quoquo

1900 1033 2059 1088 modo
2086 1034 2406 1101 explicetur,
2448 1047 2754 1103 portentum
2792 1050 2875 1093 est
2910 1040 2961 1092 in
2999 1050 3111 1093 tota
3144 1040 3477 1109 antiquitate

1897 1123 2275 1180 ecclesiastica
2315 1126 2637 1191 inauditum,
2670 1128 2825 1197 cujus
2854 1145 2953 1184 nec
2978 1130 3095 1182 vola
3122 1172 3137 1194 ,
3171 1147 3273 1186 nec
3312 1131 3477 1184 vesti-

1898 1220 2043 1283 gium
2074 1218 2211 1285 apud
2243 1233 2431 1272 omnes
2457 1231 2599 1273 retro
2624 1232 2876 1275 auctores
2899 1224 3162 1285 occurrit,
3191 1239 3284 1276 eos
3312 1223 3474 1279 etiam

1898 1307 2098 1374 quibus
2143 1306 2379 1361 familiar
2416 1309 2518 1362 fuit
2569 1311 2653 1364 Vel
2696 1312 2999 1377 Eusebius,
3047 1329 3144 1368 vee
3189 1314 3471 1369 lrenteus:

1896 1398 2138 1467 nullique
2162 1402 2387 1465 homini,
2414 1404 2457 1456 si
2484 1419 2648 1458 sanus
2674 1404 2858 1467 fuerit,
2888 1406 2941 1459 in
2974 1417 3212 1461 mentem
3242 1424 3471 1476 usquam

1899 1493 2087 1546 venire
2121 1495 2296 1561 potuit
2330 1496 2471 1549 diem
2496 1512 2655 1550 suum
2684 1514 2750 1553 ex
2782 1515 2847 1554 xx.
2877 1500 3026 1552 horis
3050 1502 3337 1555 coniicere.
3366 1502 3475 1556 Sed

1900 1584 1985 1640 fac
2032 1585 2222 1641 lretnei
2263 1598 2422 1643 astate
2467 1589 2634 1660 aliqui
2682 1594 3032 1658 exstiterint,
3071 1596 3167 1663 qui
3202 1596 3471 1664 privatam

1894 1679 2023 1742 sibi,
2058 1690 2162 1734 eta
2203 1683 2481 1737 communi
2524 1686 2766 1738 omnium
2820 1686 3095 1739 hominum
3138 1694 3190 1740 et
3227 1686 3472 1754 gentium

1898 1785 2022 1835 usu,
2044 1772 2275 1826 alienam
2299 1782 2599 1843 temporum
2628 1777 2893 1829 rationem
2926 1774 3028 1830 sibi
3059 1778 3470 1835 constituentes.

1818 1866 1867 1917 ἐν
1897 1866 2038 1918 diem
2082 1880 2238 1919 suum
2283 1866 2356 1920 ita
2407 1869 2705 1923 commensi
2754 1868 2987 1929 fuerint,
3022 1868 3213 1935 utquid
3263 1866 3474 1921 addidit

1893 1955 2131 2012 lrenzeus
2175 1972 2272 2013 eos
2326 1959 2547 2014 diurnas
2600 1961 2809 2029 pariter
2858 1974 2925 2014 ac
2963 1968 3259 2012 nocturnas
3308 1960 3474 2012 horas

1892 2051 2278 2115 computasse?
2322 2051 2538 2106 Puerile
2590 2052 2732 2107 istud
2788 2058 2843 2106 et
2901 2050 3166 2105 insulsum
3221 2064 3469 2119 prorsus.

1897 2136 2064 2203 Quasi
2109 2152 2241 2191 vero
2282 2137 2396 2192 dies
2434 2138 2614 2208 aliqua
2648 2155 2718 2193 xi.
2766 2145 2913 2197 horis
2959 2152 3211 2197 constare
3259 2151 3470 2209 posset,

1894 2230 2026 2298 quin
2068 2240 2353 2286 nocturnae
2391 2234 2594 2299 pariter
2628 2247 2692 2286 ac
2738 2223 2948 2284 diurna:
2979 2235 3472 2304 computarentur?

1897 2321 2100 2376 Deinde
2122 2322 2193 2387 si,
2225 2332 2279 2376 ut
2309 2324 2530 2392 quidam
2574 2323 2785 2388 volunt,
2818 2322 3115 2377 Christiani
3147 2327 3309 2395 aliqui
3354 2326 3473 2379 fuco

1894 2414 2030 2477 rint,
2062 2414 2154 2483 qui
2194 2416 2525 2469 novissimus
2548 2415 2817 2469 duntaxat
2857 2430 2922 2469 ιι.
2958 2417 3140 2476 horas,
3171 2432 3289 2483 quae
3316 2417 3474 2473 Chri-

1894 2508 1965 2563 sti
2000 2507 2450 2561 resurrectionem
2490 2507 2803 2562 immediate
2844 2517 3260 2575 praecesserunt,
3296 2510 3470 2565 ἄσιτοι

1895 2601 2169 2663 duxerint,
2200 2615 2427 2656 necesse
2456 2611 2541 2654 est
2575 2602 2679 2656 diei
2729 2600 3095 2665 Parasceves,
3138 2619 3243 2672 qua
3293 2607 3472 2660 cruci-

1894 2692 2035 2745 ﬁxus
2058 2702 2147 2746 est
2181 2692 2473 2759 Dominus,
2502 2691 2776 2761 jejunium
2823 2707 2931 2746 non
2968 2703 3095 2747 ante
3134 2694 3307 2761 ipsum
3346 2711 3473 2749 cru-

1893 2784 2162 2839 ciﬁxionis
2184 2793 2392 2855 tempus
2424 2785 2818 2840 inchoaverint.
2863 2785 2919 2839 ld
2966 2800 3093 2839 vero
3136 2784 3471 2841 Tertulliano

1893 2890 2185 2947 repugnat,
2215 2880 2307 2949 qui
2342 2881 2393 2932 in
2429 2879 2535 2933 line
2564 2879 2686 2933 libri
2713 2878 2789 2932 De
2812 2880 3069 2945 oratione,
3103 2894 3263 2947 quem
3293 2880 3470 2933 adhuc

1892 2969 2208 3024 Catholicus
2231 2969 2479 3038 scripsit.
2506 2971 2709 3024 diserte
2733 2970 2956 3032 asserit,
2981 2970 3064 3023 die
3091 2967 3333 3032 Pascha,
3358 2984 3469 3038 quo

1893 3064 2112 3117 nomine
2141 3063 2517 3117 crucilixiouis
2551 3062 2712 3125 diem,
2741 3062 3039 3117 fatentibus
3069 3063 3347 3124 omnibus,
3381 3063 3469 3115 iu-

192 3159 243 3208 ol
271 3157 329 3211 δὲ
364 3159 464 3211 καὶ
498 3157 775 3221 πλείονας,
801 3159 849 3211 οἱ
885 3158 941 3211 δὲ
981 3161 1405 3230 τεσσαράκοντα.
1444 3161 1615 3231 Ὥρας
1647 3160 1783 3230 ἡμε-

1891 3154 2103 3222 telligit,
2139 3155 2295 3225 quasi
2336 3155 2602 3220 publicam
2626 3154 2823 3223 jejunii
2866 3154 3175 3222 religionem
3207 3169 3340 3207 esse.
3382 3155 3465 3207 An

197 3249 351 3317 ρεινὰς
380 3266 445 3302 τε
485 3250 583 3303 καὶ
629 3250 949 3320 νυκτερινὰς
1007 3252 1379 3324 συμμετροῦσι
1430 3253 1529 3324 τὴν
1573 3253 1788 3326 ἡμέραν

196 3338 399 3392 αὐτῶν.
436 3338 628 3410 Neque
659 3341 801 3394 enim
839 3343 904 3395 de
942 3343 1029 3396 die
1073 3342 1245 3396 solum
1285 3348 1637 3401 controversia
1673 3356 1783 3411 est,

195 3435 283 3487 sed
312 3436 479 3486 etiam
510 3436 576 3488 de
608 3434 779 3489 forma
814 3435 927 3501 ipsa
959 3436 1176 3505 jejunii.
1212 3438 1438 3503 Quidam
1462 3444 1601 3495 enim
1627 3443 1784 3495 unico

195 3526 279 3577 die
298 3524 407 3575 sibi
434 3523 800 3590 jejunandum
833 3541 944 3580 esse
969 3527 1406 3592 existimant,alii
1441 3530 1667 3596 duobus,
1686 3532 1785 3586 alii

194 3616 413 3676 insuper
445 3614 717 3683 pluribus,
745 3618 841 3669 alii
870 3633 987 3671 vero
1011 3619 1385 3689 quadraginta.
1431 3621 1652 3677 Diurnis
1686 3642 1785 3691 pa-

196 3705 325 3759 riter
353 3723 418 3758 ac
451 3710 730 3761 nocturnis
760 3708 907 3762 horis
941 3714 1251 3779 computatis
1281 3714 1420 3767 diem
1450 3731 1606 3768 suum
1642 3732 1786 3769 com-

194 3798 511 3850 metiuntur.
576 3799 755 3853 Verba
813 3801 927 3854 hate
994 3802 1337 3859 doctissimos
1393 3805 1639 3862 homines
1692 3823 1784 3863 se-

194 3903 314 3939 cum
359 3887 600 3941 invicem
651 3889 1074 3951 commiserunt.
1116 3907 1216 3948 nec
1262 3894 1328 3948 de
1367 3895 1633 3961 lectione,
1684 3913 1783 3953 nec

193 3982 258 4033 de
293 3996 463 4034 sensu
498 3982 926 4036 consentientes.
958 3981 1025 4036 ll.
1052 3982 1298 4039 Valesius
1330 3986 1398 4052 ⁶¹,
1426 4003 1545 4042 cum
1578 3990 1780 4046 Grabio

191 4081 245 4123 et
282 4072 542 4139 pluribus
571 4073 711 4140 aliis,
754 4074 935 4128 deleta
973 4076 1342 4133 distinctionis
1374 4089 1500 4134 nota
1528 4093 1648 4150 post
1687 4099 1781 4138 vo—

190 4177 307 4218 cem
337 4166 778 4237 τεσσαράκοντα,
810 4182 918 4221 uno
944 4171 1207 4225 eteodem
1256 4180 1443 4228 tenore
1494 4173 1779 4243 legendum

191 4264 386 4309 censet
420 4273 435 4310 :
467 4258 519 4309 οἱ
549 4256 617 4309 ’δὲ
650 4258 1059 4330 τεσσαράκοντα
1090 4260 1241 4332 ὥρας
1286 4264 1550 4335 ἡμερινὰς
1583 4282 1643 4318 τε
1688 4266 1781 4320 καὶ

188 4345 521 4419 νυκτερινὰς
570 4349 945 4421 συμμετροῦσι
992 4352 1089 4423 τῆν
1117 4354 1331 4425 ἡμέραν
1384 4356 1583 4412 αὐτῶν.
1628 4356 1781 4413 Non-

190 4438 324 4491 nulli
368 4454 493 4492 vero
535 4443 895 4511 quadraginta
937 4443 1101 4510 horis,
1147 4445 1353 4502 diurnis
1392 4465 1454 4503 ac
1506 4452 1775 4507 nocturnis

188 4529 553 4595 computatis,
596 4529 738 4583 diem
783 4547 937 4586 suum
992 4537 1422 4596 commetiuntur.
1487 4540 1593 4595 Sed
1647 4556 1771 4597 cum

192 4621 666 4675 animadvateret
694 4622 965 4689 Valesius,
992 4626 1127 4680 diem
1144 4630 1500 4698 quadraginta
1526 4634 1778 4686 horarum

191 4713 418 4766 absurdi
452 4712 732 4782 quidpiam
761 4731 874 4785 prae
899 4732 959 4772 se
980 4718 1146 4787 ferre,
1177 4721 1230 4776 id
1255 4733 1314 4776 ut
1340 4732 1631 4788 averteret,
1662 4725 1779 4782 lre-

193 4805 288 4857 ατί
322 4805 501 4859 verba
524 4817 860 4861 commutare
894 4823 1178 4881 aggressus
1214 4822 1319 4882 est,
1347 4828 1409 4870 ac
1438 4831 1537 4884 pro
1566 4817 1777 4889 ἡμέραν

192 4899 537 4953 substituere
551 4900 824 4969 νηστείαν,
846 4900 969 4957 licet
986 4904 1328 4976 refragentur
1348 4910 1564 4967 codices
1587 4926 1777 4969 omnes

195 5001 303 5045 tum
339 4992 508 5053 editi,
549 5000 660 5045 tum
688 5009 845 5060 mss.,
880 5005 940 5050 ut
980 4998 1053 5053 sit
1078 5013 1293 5066 sensus,
1322 5004 1589 5072 quosdam
1629 5019 1767 5074 qua-

196 5083 563 5150 dragesimale
592 5084 860 5154 jejunium
900 5089 978 5145 sic
1011 5095 1316 5149 commetiri
1344 5135 1361 5161 ,
1393 5104 1454 5150 ut
1497 5110 1593 5166 per
1631 5113 1769 5167 qua-

198 5174 448 5245 draginta
483 5176 657 5233 horas
687 5181 974 5238 continuas
995 5183 1266 5254 jejunent.
1300 5186 1530 5258 Nempe,
1565 5190 1765 5260 inquit,

199 5269 518 5337 satiquarii,
571 5271 836 5326 vocabulo
862 5287 930 5327 ex
960 5278 1241 5343 superiore
1267 5277 1406 5333 linea
1447 5279 1552 5336 huc
1590 5290 1770 5337 trans-

201 5360 325 5426 lato,
365 5362 545 5417 locum
576 5376 963 5435 corruperunt.
999 5368 1102 5422 Alii
1139 5384 1269 5425 vero
1311 5372 1509 5441 quibus
1558 5373 1768 5428 nullam

203 5455 564 5512 distinctionis
596 5470 777 5511 notam
806 5460 949 5515 inter
975 5462 1376 5533 τεσσαράκοντα
1403 5476 1457 5521 et
1482 5468 1631 5538 ὥρας
1684 5483 1769 5525 re-

206 5565 397 5618 ponere
421 5551 634 5619 placet,
674 5560 729 5605 et
761 5553 975 5624 ἡμέραν
1009 5556 1285 5625 retinent,
1326 5560 1470 5614 diem
1499 5561 1649 5615 illum
1692 5578 1762 5618 st.

210 5644 453 5698 horarum
483 5644 915 5716 interpretantur
942 5650 1009 5705 de
1049 5659 1291 5720 tempore
1320 5653 1465 5721 quod
1498 5651 1706 5711 eﬂluxit
1732 5672 1764 5711 a

1891 3262 2023 3301 vero
2052 3262 2113 3301 ea
2140 3246 2229 3301 die
2257 3246 2470 3314 publica
2498 3246 2691 3315 jejunii
2725 3246 2918 3312 religio
2961 3246 3155 3300 fuisset
3182 3286 3196 3309 ,
3245 3249 3288 3300 si
3326 3246 3462 3301 hor:

1889 3344 2102 3389 tantum
2140 3337 2301 3389 tertia
2327 3345 2450 3406 post
2475 3336 2756 3389 meridiem
2782 3335 3049 3404 jejunium
3076 3338 3240 3407 aliqui
3276 3339 3469 3392 incho-

1886 3436 2097 3494 assent,
2144 3429 2352 3497 reliqua
2400 3438 2577 3483 autem
2623 3428 2727 3482 diei
2771 3439 2925 3495 parte
2967 3430 3140 3498 epulis
3185 3431 3465 3501 indulgere

1887 3520 2118 3575 liberum
2152 3520 2254 3576 sibi
2280 3518 2600 3589 putassent?
2635 3519 2821 3573 Nullus
2852 3532 3000 3574 certe
3028 3522 3271 3590 reperias
3298 3538 3361 3576 ex
3398 3523 3465 3576 iis

1886 3616 1976 3684 qui
1998 3612 2658 3679 aQuartmlecimanorum
2679 3613 2966 3680 disciplina
2987 3615 3463 3685 discedebant,qui

1879 3708 2145 3777 jejunium
2175 3723 2237 3761 ea
2264 3710 2351 3760 die
2378 3707 2592 3761 solvere
2620 3716 2746 3760 ante
2775 3706 2904 3762 solis
2936 3723 3194 3762 occasum
3221 3707 3306 3762 fas
3354 3711 3458 3764 sibi

1884 3812 2007 3852 esse
2038 3798 2346 3853 crederent.
2379 3797 2492 3851 luto
2524 3796 2811 3867 Dionysius
2850 3799 3268 3861 Alexandrinus,
3319 3799 3461 3853 Con-

1882 3889 2181 3943 stitutiones
2212 3888 2534 3956 apostolicrc,
2571 3889 2908 3956 Epiphanius
2937 3899 2993 3943 et
3026 3889 3148 3954 alii,
3200 3898 3457 3945 testatum

1886 3980 2110 4044 faciunt,
2151 3996 2259 4034 non
2295 3982 2453 4034 modo
2476 3980 2829 4043 l‘arascevcs.
2856 3982 2951 4036 sed
2974 3993 3027 4034 et
3059 3984 3300 4054 quinque
3322 3982 3458 4035 alio.

1883 4088 2005 4127 rum
2054 4072 2276 4144 majoris
2324 4071 2678 4127 hebdomadas
2727 4073 2936 4126 dierum
2979 4074 3247 4143 jejunium
3303 4085 3455 4129 tanta

1884 4168 2149 4236 religione
2179 4183 2206 4218 a
2242 4165 2577 4220 Christianis
2607 4164 2956 4217 observatum
2990 4165 3180 4231 fuisse,
3231 4176 3287 4219 ut
3314 4182 3450 4220 non.

1880 4259 2011 4314 nulli
2030 4259 2272 4320 biduum,
2298 4258 2377 4311 vel
2401 4258 2656 4318 triduum,
2684 4256 2765 4311 vel
2785 4259 3158 4326 quatriduum,
3181 4259 3272 4312 alii
3290 4260 3453 4314 etiam

1883 4362 2051 4404 totam
2103 4350 2495 4404 hebdomadam
2526 4349 2594 4403 ad
2627 4365 2798 4419 usque
2828 4352 3108 4418 sequentis
3152 4350 3453 4406 Dominicm

1882 4439 2256 4512 gallicinium,
2295 4455 2394 4509 pro
2438 4441 2557 4494 suis
2604 4440 2839 4509 quisque
2880 4441 3087 4497 viribus
3125 4457 3188 4496 ac
3224 4444 3448 4511 pietate,

1879 4532 1997 4589 sine
2025 4533 2150 4588 cibo
2182 4532 2654 4595 transmitterem;
2690 4547 2878 4588 omnes
2902 4548 3049 4599 vero,
3076 4550 3176 4588 sex
3206 4535 3315 4590 illis
3343 4536 3455 4590 die-

1878 4624 2002 4692 bus,
2038 4626 2162 4681 al-iis
2187 4625 2326 4681 cibis
2372 4639 2535 4694 quam
2577 4626 2961 4695 xerophagiis,
3007 4627 3111 4682 hoc
3162 4637 3249 4682 est
3307 4642 3453 4696 pane

1875 4722 2162 4785 duntaxat,
2194 4734 2317 4774 cum
2346 4719 2459 4774 sale
2484 4728 2539 4774 et
2568 4734 2706 4790 aqua
2737 4721 2909 4787 vesci,
2935 4720 3095 4791 idque
3117 4721 3268 4792 prius
3287 4736 3449 4792 quam

1873 4817 1976 4871 sub
2005 4829 2312 4884 vesperam,
2346 4813 2501 4869 nefas
2531 4812 2821 4869 ducerent.

1942 4907 2033 4963 24.
2064 4907 2311 4962 Absurda
2342 4906 2457 4960 [nec
2481 4913 2537 4959 ut
2562 4905 2861 4960 declinaret
2890 4904 2961 4959 cl.
2990 4904 3250 4971 Grabius,
3283 4904 3447 4961 aliam

1869 5018 1901 5058 ι
1931 5002 2145 5058 Valesio
2175 5000 2317 5055 viam
2364 4999 2523 5065 iniit,
2572 5000 2667 5054 sed
2719 5014 2827 5053 non
2878 4999 3111 5054 feliciori
3162 5014 3445 5054 successu.

1863 5095 2055 5152 lremei
2085 5094 2303 5164 quidem
2331 5091 2517 5148 verbis
2541 5092 2809 5160 pepercit,
2854 5091 2949 5147 sed
2985 5093 3169 5147 sensui
3214 5093 3324 5147 vim
3360 5093 3444 5147 in-

1867 5189 2006 5245 tulit.
2037 5188 2241 5257 Nempe
2271 5201 2457 5241 vocem
2491 5184 2726 5259 ήμέραν,
2755 5185 2917 5251 diem,
2956 5186 3011 5239 in
3054 5186 3162 5241 line
3194 5186 3447 5241 secundm

1865 5279 2079 5351 periodi
2114 5278 2333 5343 retinet;
2362 5277 2457 5333 sed
2488 5293 2594 5331 non
2626 5278 2717 5331 hic
2747 5278 2926 5340 modo,
2964 5292 3149 5332 verum
3183 5277 3352 5332 etiam
3389 5278 3443 5331 in

1864 5376 2043 5446 primo
2076 5371 2363 5441 fragmenti
2398 5384 2582 5436 versu,
2607 5370 2669 5424 οὐ
2695 5369 2804 5441 γὰρ
2836 5368 2997 5441 μόνον
3022 5370 3153 5442 περὶ⁵
3171 5369 3271 5440 τῆς
3304 5368 3445 5442 ὴμέ-

1842 5483 1991 5541 ,ραςι
2017 5474 2149 5528 etc.,
2179 5480 2278 5534 per
2302 5462 2515 5534 ἡμέραν
2543 5472 2765 5530 tempus,
2790 5472 2843 5517 et
2872 5461 3089 5530 quidem
3119 5460 3313 5529 jejunii
3359 5462 3446 5514 in-

1865 5566 2235 5626 terpretatur:
2264 5555 2419 5625 cujus
2451 5554 2859 5623 signiﬁcationis
2887 5569 3063 5619 usum,
3104 5552 3290 5618 addit,
3324 5551 3447 5604 plu-

1863 5654 2010 5708 ribus
2032 5653 2282 5721 exemplis
2309 5653 2590 5721 probatum
2621 5647 2753 5718 lege,
2787 5648 2832 5702 si
2856 5646 3048 5717 placet,
3079 5645 3132 5700 in
3160 5643 3440 5698 Psochenii

272 5830 313 5861 ιο
345 5829 583 5898 δουναι,
619 5831 655 5885 ι.
701 5845 752 5897 v,
784 5844 833 5888 c.
872 5831 957 5888 is.
1053 5786 1091 5864 έί
1127 5830 1242 5888 Lib.
1265 5827 1490 5893 hcet.
1561 5835 1606 5867 σε
1638 5834 1761 5891 Not.
1790 5833 1845 5889 in
1879 5829 1974 5888 lib.
2018 5846 2047 5886 ν
2102 5830 2239 5887 Hist.
2289 5828 2515 5926 Euseb.,
2548 5843 2599 5884 c.
2637 5825 2707 5880 at
