3924 6354
507 366 606 427 I99

1312 372 1905 432 DISSERTATIONES
1939 372 2242 429 PREVIzE
2278 373 2345 427 IN
2380 374 2639 432 IRENIEI
2676 376 2947 436 LIBROS.

3646 388 3759 444 200

500 486 746 541 Diatriba
778 487 841 543 de
878 490 1012 559 style
1043 486 1181 545 Novi
1204 488 1543 559 Testamenti,
1569 512 1716 549 num.
1738 496 1830 560 5i,
1855 506 1905 549 et
1935 494 2071 549 νον·
2100 503 2144 558 Α
2177 504 2410 564 runtque
2444 497 2976 570 Christophorsonus
3022 508 3079 554 et
3126 499 3387 558 Savilius.
3432 504 3524 568 At,
3577 503 3756 575 inquit

499 580 593 633 stii
622 580 835 636 dissert.
864 581 920 646 '5,
956 582 1036 635 illi
1071 585 1334 652 opposita.
1366 583 1653 641 Psochenii
1687 587 1987 643 Diatribam
2018 598 2074 643 et

500 671 708 729 Vorstii
744 675 1198 732 Dissertationem
1234 677 1499 734 hactenus
1526 695 1632 735 non
1671 681 1802 751 legi:
1847 682 1941 737 sed
1974 697 2073 753 pro

496 778 777 836 comperto
802 770 973 826 habeo
1009 786 1073 826 ea
1098 775 1279 828 omnia
1304 790 1426 844 qua:
1475 775 1765 844 proferunt
1798 777 2070 845 exempla,

495 858 597 912 etsi
634 871 889 915 sexcenta
919 875 1125 931 essent,
1154 868 1221 921 ad
1256 883 1368 921 rem
1394 878 1722 938 praesentem
1750 868 1888 923 nihil
1915 870 2073 938 quid-

496 966 658 1020 quam
685 952 887 1019 facerc,
922 972 1021 1009 nec
1058 958 1123 1012 iis
1155 960 1387 1014 stabiliri
1422 976 1580 1031 posse
1622 960 1812 1016 Grabii
1854 962 2072 1028 exposi-

498 1043 720 1100 tionem.
762 1046 818 1100 Si
853 1050 998 1103 enim
1029 1052 1602 1125 valeat,;turpissimo
1652 1054 1866 1110 laboret
1897 1056 2070 1125 tequi-

494 1150 631 1190 voco
663 1152 888 1194 necesse
917 1150 1000 1196 est
1034 1142 1219 1199 Irenzei
1249 1147 1449 1202 oratio.
1492 1142 1640 1204 V‘oce
1683 1149 1868 1221 ἡμέρα
1909 1149 2073 1219 quin-

493 1229 649 1297 quies
676 1232 847 1286 utitur
879 1234 1087 1291 duabns
1113 1236 1167 1290 in
1204 1240 1462 1306 periodis,
1493 1242 1673 1311 iisque
1702 1242 2065 1310 brevissimis,

494 1331 578 1375 ter
605 1322 857 1377 videlicet
888 1340 1171 1395 expressa,
1204 1340 1256 1383 et
1288 1330 1373 1384 his
1403 1332 1809 1389 subintellecta.
1856 1335 2069 1391 Certis-

489 1413 684 1465 simum
725 1422 809 1466 est
831 1424 1009 1468 autem
1046 1417 1099 1470 in
1131 1418 1217 1472 his
1243 1420 1425 1474 verbis
1463 1437 1477 1473 :
1507 1421 1569 1473 Οἱ
1604 1421 1701 1491 μὲν
1728 1420 1836 1492 γὰρ
1869 1424 2069 1476 οἴονται

491 1505 618 1573 μίαν
640 1506 854 1577 ἡμέραν
879 1507 987 1561 δεῖν
1016 1510 1214 1574 αὐτοὺς
1245 1512 1523 1583 νηστεύειν
1541 1529 1555 1543 ⁸
1591 1514 1639 1566 οἱ
1664 1514 1721 1567 δὲ
1740 1514 1834 1569 δύο
1860 1515 2070 1587 (supple

486 1596 745 1668 ἡμέρας),
768 1599 817 1649 οἱ
841 1599 896 1651 δὲ
916 1599 1169 1664 πλείονας
1190 1606 1367 1672 (supp.
1387 1604 1617 1678 ἡμέρας)
1637 1647 1651 1671 ,
1677 1620 1863 1662 vocem
1886 1608 2068 1679 ἡμέρα

488 1702 593 1740 non
619 1690 684 1742 de
718 1691 846 1757 alio,
884 1707 1046 1761 quam
1083 1694 1148 1746 de
1180 1709 1307 1747 xxrv
1351 1696 1610 1750 horarum
1643 1698 1822 1767 spatio
1849 1738 1864 1764 ,
1906 1700 2067 1754 intel-

486 1781 599 1849 ligi.
640 1783 832 1837 Debuit
870 1785 1031 1855 igitur
1081 1786 1342 1855 Irenaaus,
1389 1790 1497 1845 nisi
1547 1792 1728 1846 fucum
1769 1792 2067 1847 lectoribus

484 1873 666 1926 facere
690 1875 946 1938 voluerit,
980 1880 1225 1932 eamdem
1255 1895 1467 1945 vocem,
1496 1895 1617 1951 quze
1645 1881 1896 1952 proxime
1918 1897 2064 1951 prte-

483 1964 647 2027 cedit,
686 1966 1169 2039 subsequiturque,
1215 1973 1403 2026 eodem
1437 1986 1669 2042 prorsus
1715 1988 1879 2028 sensu
1925 1976 2068 2028 acci-

481 2070 630 2124 pere.
662 2057 783 2112 Nzn!
817 2061 1050 2130 scriptor
1074 2064 1312 2119 insulsus
1336 2066 1428 2125 sit,
1455 2068 1547 2128 qui
1574 2067 1625 2115 in
1659 2077 1767 2115 una
1790 2071 1845 2116 et
1872 2064 2063 2118 eadem

480 2164 614 2204 voce
632 2151 844 2218 ludens,
869 2155 1011 2209 hanc
1026 2157 1261 2219 primum
1282 2167 1311 2205 a
1340 2154 1621 2208 communi
1642 2153 2060 2224 signiﬁcatione,

477 2241 683 2297 lectore
716 2243 857 2297 haud
888 2242 1234 2309 priBtllOIIIlO,
1266 2244 1606 2313 detorqueat;
1641 2261 1765 2300 mox
1801 2247 1869 2301 ad
1910 2262 2061 2301 com-

477 2350 696 2390 munem
728 2333 1181 2403 signiﬁcationem
1209 2335 1419 2399 redeat,
1447 2338 1519 2411 ab
1548 2337 1649 2391 hac
1667 2337 1853 2391 statim
1887 2349 2062 2394 trans-

477 2433 655 2489 iturus
705 2431 772 2485 ad
822 2431 1078 2484 alienam.
1129 2428 1264 2483 Eam
1326 2430 1497 2484 fuisse
1550 2430 1743 2485 Irenaei
1782 2433 2057 2489 scribendi

476 2528 747 2578 rationem
777 2522 821 2576 si
850 2522 1087 2590 cuipiam
1116 2522 1448 2590 persuaserit
1476 2521 1735 2587 Grahius,
1760 2524 2059 2582 nullicerte

474 2614 679 2669 sobrio.
739 2612 895 2679 Quod
943 2613 1094 2666 addit
1127 2613 1211 2665 vir
1242 2612 1523 2678 eruditus,
1574 2624 1634 2668 ut
1678 2628 1748 2669 ιι.
1796 2616 2055 2671 horarum

475 2716 871 2759 nocturnarum
893 2720 1000 2758 una
1018 2720 1138 2757 cum
1164 2705 1375 2759 diurnis
1402 2713 1835 2775 computaturum
1861 2709 2055 2762 absur-

473 2800 601 2852 dum
639 2798 879 2863 devitet,
926 2798 1123 2851 mirum
1171 2798 1445 2866 quomodo
1488 2799 1541 2853 in
1580 2809 1822 2854 mentem
1870 2802 2057 2857 venire

472 2891 734 2959 potuerit.
764 2888 867 2953 Qui
890 2905 1033 2955 vero,
1068 2889 1266 2957 inquit,
1298 2890 1649 2959 quadraginta
1684 2891 1938 2946 horarum
1968 2909 2058 2946 no-

471 2994 782 3034 cturnarum
817 2997 920 3034 una
964 2998 1080 3034 cum
1128 2981 1333 3036 diurnis
1375 2985 1689 3038 mentionem
1735 2986 1820 3039 Itic
1854 2987 2055 3039 incont-

470 3075 623 3126 mode
647 3074 846 3142 factum
875 3074 1153 3143 objiciunt;
1171 3075 1307 3127 idem
1329 3091 1531 3145 quoque
1559 3086 1741 3130 contra
1760 3077 1949 3132 Matth.
1976 3092 2051 3143 tv,

2096 1844 2139 1898 Β

2176 588 2442 656 Valesius,
2484 589 2831 661 refragantur
2863 608 2998 649 mss.
3029 593 3263 657 codices,
3292 595 3345 649 in
3380 597 3577 664 quibus
3604 599 3759 651 nulla

2173 678 2317 733 inter
2357 682 2546 735 ambas
2591 696 2753 737 voces
2796 684 3144 737 interscritur
3183 685 3553 741 distinctionis
3597 698 3754 741 nota.

2174 770 2278 823 Sed
2309 772 2711 840 manuscriptos
2738 774 2952 828 codices
2975 776 3178 829 diutius
3200 785 3255 829 et
3287 777 3599 831 accuratius
3631 793 3761 833 ver-

2174 874 2393 919 saverat
2437 866 2521 920 vir
2556 868 2939 934 doctissimus,
2976 880 3037 923 ut
3080 870 3350 937 nesciret,
3404 871 3603 925 nullam
3656 883 3759 927 aut

2173 969 2395 1025 parvam
2421 959 2642 1012 omnino
2671 960 2921 1014 ﬁduciam
2946 974 3068 1015 esse
3098 976 3254 1030 posse
3284 962 3337 1016 in
3370 962 3439 1018 iis
3463 979 3599 1033 quas
3633 964 3759 1033 ple-

2172 1062 2411 1117 rumque
2453 1049 2537 1104 vel
2581 1050 2864 1114 exhibent,
2894 1052 2977 1106 vel
3009 1054 3295 1117 omittunt,
3331 1055 3755 1111 distinctionum

2174 1140 2352 1203 notis;
2388 1150 2447 1193 ut
2472 1149 2599 1209 pote
2647 1157 2785 1211 quas
2848 1139 3098 1207 librarii,
3136 1146 3221 1199 vel
3253 1160 3349 1214 pro
3376 1161 3475 1200 suo
3512 1148 3757 1216 quisque

2172 1232 2427 1294 arbitrio,
2459 1233 2542 1286 vel
2568 1248 2632 1288 ex
2660 1234 2952 1303 imperitia,
2980 1247 3071 1289 aut
3098 1238 3453 1308 incogitantia
3481 1255 3623 1309 saepe
3653 1242 3756 1295 ad-

2172 1323 2356 1378 didere
2388 1333 2480 1378 aut
2510 1329 2765 1393 omisere,
2796 1334 3133 1400 repugnante
3162 1338 3275 1384 tum
3322 1341 3547 1386 auctore
3573 1373 3588 1400 ,
3629 1342 3753 1388 tum

2172 1427 2357 1470 sensu.
2395 1415 2452 1470 Si
2489 1417 2555 1471 ad
2592 1419 2750 1473 codd.
2789 1435 2920 1475 mss.
2948 1436 3243 1489 provocare
3288 1422 3372 1479 Ias
3398 1426 3501 1487 sit,
3558 1435 3616 1479 ut
3648 1440 3751 1480 eos

2170 1510 2422 1563 omittam
2447 1512 2644 1579 quibus
2677 1512 2758 1566 usi
2813 1521 2942 1566 sunt
2988 1513 3515 1584 Cbristop‘horsonus
3562 1527 3619 1572 et
3652 1517 3754 1572 Sa-

2172 1601 2331 1655 vilius
2365 1617 2379 1667 ;
2409 1606 2742 1658 vetustiores
2774 1605 2842 1660 iis
2870 1608 3147 1670 omnibus,
3175 1609 3265 1678 qui
3314 1611 3472 1665 modo
3502 1622 3750 1677 exstant,

2170 1692 2324 1749 fuere
2352 1695 2428 1748 illi
2462 1711 2599 1765 quos
2627 1688 2738 1766 pra:
2786 1699 2960 1754 oculis
3008 1702 3246 1755 habebat
3290 1702 3518 1758 Ruﬁnus
3543 1745 3558 1768 ,
3612 1706 3749 1758 dum

2169 1787 2419 1841 Latinam
2450 1788 2668 1843 Eusebii
2706 1795 3016 1846 versionem
3070 1794 3393 1849 adornabat.
3434 1796 3492 1850 In
3537 1798 3604 1852 iis
3644 1814 3750 1852 au-

2171 1892 2275 1934 tem
2307 1882 2635 1946 occurrisse,
2662 1897 2822 1952 quam
2852 1886 3107 1950 diximus,
3151 1888 3516 1944 distinctionis
3555 1903 3749 1946 natam

2166 1972 2342 2042 palam
2376 1972 2648 2042 colligitur
2674 1989 2741 2028 ex
2778 1975 3021 2042 ejusdem
3069 1976 3527 2049 interpretatione
3555 2021 3571 2047 ,
3619 1996 3751 2050 qua

2165 2062 2245 2115 si-c
2277 2063 2480 2117 habet:
2517 2064 2751 2129 Quidam
2787 2068 2925 2119 enint
2947 2078 3140 2137 putant
3167 2086 3270 2124 uno
3293 2082 3497 2125 tantum
3531 2074 3617 2125 die
3658 2074 3751 2126 ob-

2162 2155 2361 2207 servari
2391 2155 2579 2210 debere
2593 2157 2889 2226 jejunium,
2921 2161 3016 2213 alii
3041 2162 3271 2228 duobus,
3304 2161 3400 2215 alii
3429 2180 3548 2217 vero
3572 2166 3749 2233 pluri-

2163 2244 2282 2309 bus;
2312 2247 2554 2301 nonnulli
2578 2250 2736 2302 etiam
2758 2252 3109 2321 quadraginta
3152 2269 3171 2308 :
3200 2253 3272 2307 ita
3304 2265 3359 2308 ut
3386 2257 3543 2311 liores
3582 2260 3744 2313 diur-

2163 2353 2262 2391 nas
2292 2352 2688 2411 nocturnasque
2720 2354 3082 2405 computantes
3112 2329 3251 2400 diem
3284 2358 3541 2405 statuant.
3575 2350 3745 2420 Equi-

2161 2428 2282 2483 dem
2326 2431 2442 2485 scio
2474 2433 2603 2487 boni
2635 2435 2950 2504 interpretis
2982 2436 3158 2493 cilicio
3193 2456 3337 2510 saepe
3368 2441 3605 2498 defuisse
3634 2444 3744 2499 Ru-

2164 2520 2353 2588 ﬁnum;
2395 2524 2489 2578 scd
2538 2537 2861 2579 accuratum
2922 2528 3011 2582 hic
3056 2528 3223 2585 fuisse
3263 2534 3459 2601 probat
3493 2537 3740 2603 perfecta

2159 2609 2474 2665 Graecarum
2512 2627 2703 2667 vocum
2734 2630 2856 2668 cum
2888 2616 3098 2672 Latinis
3125 2624 3433 2677 consensio.

2229 2698 2321 2753 26.
2350 2700 2525 2754 Textu
2551 2715 2682 2757 vero
2714 2704 2785 2756 ita
2809 2704 3090 2771 distincto,
3118 2708 3221 2763 sibi
3240 2714 3448 2779 pariter
3469 2726 3737 2773 eteorum

2161 2799 2464 2861 temporum
2496 2793 2737 2849 historiae
2767 2798 3049 2865 aptissime
3071 2802 3569 2860 cohaerentornnia.
3596 2809 3739 2863 Eam

2150 2882 2330 2938 fuisse
2355 2887 2708 2953 quaestionem
2744 2888 2885 2941 inter
2914 2891 3149 2947 Asianos
3179 2904 3234 2948 et
3275 2895 3549 2952 Romanos
3589 2900 3741 2954 dixi-

2160 2991 2301 3042 mus,
2344 2990 2412 3030 an
2455 2978 2664 3033 decima
2712 2989 2905 3047 quarta
2948 2983 3073 3037 luna
3128 2984 3292 3054 primi
3337 2991 3541 3043 mensis
3585 2992 3737 3045 celeo

2158 3066 2427 3122 brandum
2482 3080 2630 3125 esset
2688 3071 2939 3138 Pascha,
2991 3088 3086 3128 seu
3134 3076 3358 3146 jejuniis
3398 3082 3739 3139 solemnibus

470 3164 527 3227 2,
561 3164 814 3233 objiciunt
853 3181 1061 3218 necesse
1096 3177 1214 3231 est,
1255 3167 1343 3219 ubi
1390 3165 1645 3221 Servatur
1691 3168 2050 3238 quadraginta
2075 3170 2119 3228 C
2155 3160 2513 3227 ἰηιροηεηάυε
2544 3164 2670 3218 ﬂuis
2692 3181 2707 3229 ;
2732 3179 2799 3218 an
2829 3179 2961 3218 vero
2990 3180 3054 3220 ea
3090 3173 3431 3238 proroganda
3458 3182 3644 3228 essent
3678 3175 3736 3230 in

473 3273 579 3309 non
608 3257 762 3312 modo
794 3257 929 3322 dies,
962 3259 1051 3309 sed
1074 3269 1121 3310 et
1149 3268 1323 3312 noctes
1338 3260 1613 3328 jejunasse
1638 3262 1853 3315 dicitur.
1887 3261 2050 3316 Chri-

470 3361 589 3404 stus
618 3365 742 3404 cum
799 3366 867 3402 xi.
898 3351 1037 3413 dies,
1069 3352 1402 3422 totidemque
1450 3339 1638 3407 noctes
1664 3354 1882 3424 jejunus
1926 3370 2050 3424 ege-

472 3443 565 3508 rit,
601 3440 803 3496 factum
836 3442 1079 3498 referens
1104 3458 1264 3499 sacer
1292 3446 1530 3514 scriptor
1570 3457 1760 3502 noctes
1798 3450 2048 3504 omittere

469 3552 583 3590 non
646 3536 877 3599 debuit,
926 3552 991 3591 ex
1051 3538 1251 3608 quibus
1301 3546 1586 3606 tantopere
1636 3541 2047 3595 commendatur

469 3628 677 3683 Christi
704 3628 899 3698 jejunii
931 3631 1223 3698 asperitas.
1276 3630 1436 3684 Aliud
1477 3632 1677 3699 quippe
1706 3639 1791 3685 est
1823 3647 1892 3686 χι.
1929 3634 2046 3687 dies

469 3722 735 3774 duntaxat
759 3720 1035 3790 jejunarc,
1069 3721 1217 3775 aliud
1249 3732 1438 3779 noctes
1464 3721 1656 3776 diebus
1687 3724 1931 3789 addere;
1961 3723 2045 3778 aI-

471 3824 647 3869 terum
681 3816 852 3872 altero
899 3818 1059 3886 longe
1085 3818 1280 3871 durius
1327 3830 1391 3870 ac
1431 3815 1746 3884 molestius,
1798 3830 1902 3872 nec
1950 3820 2043 3887 qui

468 3924 637 3961 unum
658 3895 838 3978 legisse
865 3909 1089 3975 dicitur,
1117 3907 1436 3977 intelligitur
1457 3908 1636 3978 egisse
1669 3918 1724 3964 et
1749 3909 1918 3975 aliud,
1941 3911 2043 3966 nisi

469 4013 729 4066 expressa
764 4000 859 4053 ﬁat
893 3999 1135 4069 ejusdem
1167 3998 1396 4053 mentio.
1425 3997 1661 4052 Tantum
1693 4001 1847 4054 abest
1880 4002 2043 4069 igitur

469 4101 530 4143 ut
556 4102 943 4144 nocturnarum
978 4092 1234 4145 horarum
1259 4092 1465 4145 mentio
1481 4092 1552 4145 sit
1570 4092 1660 4145 hic
1686 4091 2041 4164 [LXXXVIII]

470 4182 814 4237 incommode
842 4180 1011 4247 facta;
1046 4183 1179 4251 quin
1211 4183 1732 4252 potius_necessario
1778 4185 1895 4238 ﬁeri
1943 4184 2041 4237 de-

469 4276 784 4341 buerit.,At
818 4273 949 4344 quid
982 4275 1084 4328 hoc
1117 4273 1443 4343 exemplum
1485 4272 1647 4328 aliine
1676 4274 1875 4329 habeat
1919 4288 2039 4327 cum

460 4366 668 4437 jejunio
718 4382 786 4420 XL
847 4366 1146 4427 horarum,
1176 4380 1283 4417 non
1328 4372 1478 4417 certe
1512 4363 1708 4429 video,
1755 4379 1857 4419 nec
1904 4364 2043 4420 alius

467 4461 646 4529 quivis
687 4458 827 4513 forte
865 4459 1093 4513 videbit.
1130 4457 1265 4511 Cum
1310 4456 1437 4526 quis
1484 4457 1843 4525 quadraginta
1877 4456 2040 4512 horas

2155 3249 2495 3305 Dominicam
2528 3256 2780 3322 proxime
2805 3268 3145 3326 sequentem.
3177 3260 3279 3327 Qui
3324 3268 3599 3330 posterius
3642 3281 3736 3321 as-

2154 3343 2375 3397 serebat
2403 3344 2592 3398 Victor
2615 3360 2753 3415 papa
2776 3386 2793 3413 ,
2838 3347 2893 3401 in
2929 3350 3161 3405 Asianos
3205 3365 3468 3422 negantes
3499 3371 3734 3411 excom-

2153 3436 2537 3492 municationis
2561 3437 2766 3494 fulmen
2783 3441 3117 3508 vibraverat,
3138 3455 3232 3499 aut
3258 3447 3475 3504 vibrare
3495 3463 3734 3519 paratus

2151 3537 2290 3581 erat.
2322 3526 2637 3598 Indignatus
2663 3530 2898 3586 Irenaeus
2924 3535 3100 3589 sacris
3122 3536 3335 3591 excludi
3367 3548 3445 3593 tot
3465 3552 3519 3593 et
3546 3551 3733 3601 tantas

2150 3616 2449 3683 Ecclesias,
2490 3621 2560 3674 ob
2605 3623 2962 3690 quaestionem
2996 3640 3118 3694 quin
3163 3628 3302 3681 nihil
3349 3630 3415 3683 ad
3454 3628 3579 3684 ﬁdei
3632 3635 3734 3687 do-

2148 3721 2330 3778 gmata
2377 3712 2711 3780 pertineret,
2740 3728 2771 3768 a
2823 3716 3093 3786 praecipiti
3140 3720 3417 3775 sententia
3466 3736 3733 3781 revocare

2146 3803 2458 3872 pontiﬁcem
2520 3807 2737 3860 nititur.
2784 3806 2965 3862 Monet
3021 3811 3077 3863 in
3134 3812 3324 3879 primis
3386 3816 3562 3870 satius
3604 3831 3732 3873 esse

2147 3896 2501 3964 quaestionem
2532 3899 2789 3967 prudenti
2814 3901 3033 3955 silentio
3063 3894 3333 3971 premere,
3372 3921 3536 3975 quam
3571 3920 3731 3966 tanto

2146 4004 2268 4042 cum
2296 3990 2525 4043 tumultu
2550 3991 2777 4059 agitare,
2807 4008 2874 4045 ne
2898 3993 3038 4048 forte
3066 4010 3170 4049 una
3196 4002 3570 4055 controversia
3603 4004 3729 4071 plu-

2147 4080 2297 4135 ribus
2319 4082 2439 4135 aliis
2484 4081 2727 4136 fomitem
2758 4085 3153 4141 subministret.
3201 4086 3383 4160 Neque
3421 4093 3560 4147 enim
3588 4136 3601 4160 ι
3641 4096 3723 4149 in-

2145 4174 2288 4241 quit,
2327 4173 2393 4227 de
2429 4174 2513 4227 die
2552 4175 2763 4241 solum,
2811 4191 2918 4246 quo
2957 4176 3180 4248 jejuniis
3222 4181 3584 4251 imponendus
3635 4200 3724 4242 est

2146 4267 2293 4328 linis,
2329 4270 2688 4322 controversia
2718 4280 2816 4336 est,
2847 4276 2937 4322 sed
2967 4272 3129 4324 etiam
3152 4273 3216 4326 de
3238 4273 3409 4343 {arma
3433 4277 3547 4344 ipsa
3568 4278 3726 4347 jeju-

2144 4362 2238 4415 nii.
2274 4359 2539 4428 Observa,
2577 4377 2799 4432 quaso,
2849 4378 2956 4418 non
2990 4364 3058 4419 de
3104 4367 3219 4433 ipso
3264 4369 3496 4435 jejunio,
3542 4386 3725 4440 neque

2140 4454 2305 4505 etiam
2347 4454 2413 4507 de
2469 4454 2582 4521 ipso
2623 4452 2953 4523 jejuniorum
3007 4471 3237 4511 numero
3282 4464 3719 4519 controversiam

467 4520 575 4606 cibi
616 4567 814 4621 expers
841 4552 1161 4605 traduxisse
1193 4520 1416 4615 dicitur,
1443 4520 1930 4619 satis'intelligitur
1957 4549 2036 4603 al-
2066 4520 2116 4579 Ῐ)
2145 4546 2339 4601 fuisse.
2364 4544 2664 4600 Constabat
2695 4547 2963 4616 siquidem
2991 4562 3057 4605 eo
3089 4558 3329 4620 tempore
3353 4554 3492 4607 inter
3515 4552 3719 4611 Orien-

468 4653 642 4698 teram
679 4644 836 4699 istius
860 4644 1125 4711 temporis
1155 4652 1394 4711 partem,
1435 4641 1601 4695 horas
1629 4655 1749 4694 esse
1792 4641 2034 4704 diurnas,

467 4734 699 4788 alteram
767 4746 1083 4789 nocturnas.
1136 4732 1406 4786 Horarum
1464 4747 1593 4802 ergo
1652 4741 2035 4786 nocturnarum

470 4843 577 4881 una
623 4844 745 4882 cum
781 4830 990 4883 d.urnis
1026 4842 1132 4881 non
1169 4835 1377 4880 tantum
1425 4825 1797 4890 incommode,
1845 4824 1937 4879 sed
1986 4833 2042 4879 et

2149 4636 2286 4690 tales
2313 4646 2369 4691 et
2401 4636 2780 4693 Occidentales
2803 4678 2818 4704 ,
2872 4642 3115 4709 adeoque
3156 4641 3296 4694 inter
3329 4657 3519 4698 omnes
3558 4645 3720 4702 istius

2143 4729 2325 4783 saeculi
2352 4728 2651 4796 Ecclesias,
2681 4730 2862 4799 plures
2889 4732 3078 4787 saltem
3098 4731 3293 4802 jejunii
3319 4734 3432 4788 dies
3457 4734 3715 4792 Paschali

2141 4820 2287 4876 festo
2321 4824 2727 4891 praemittendos
2752 4838 2872 4878 esse
2903 4842 2917 4878 :
2944 4825 3182 4893 alioquin
3220 4834 3367 4879 tanta
3410 4828 3476 4880 de
3518 4842 3715 4884 eorum

472 4920 700 4975 ridicule
721 4922 944 4975 omnino
966 4936 1029 4973 ac
1055 4920 1340 4989 pueriliter
1364 4916 1781 4985 hiciujiceretur
1812 4919 2037 4973 mentio.
2086 4920 2089 4923 ’
2137 4914 2244 4970 fine
2274 4916 2550 4970 contentio
2586 4916 2730 4969 inter
2754 4916 3030 4971 Ecclesias
3055 4931 3177 4970 esse
3200 4932 3304 4971 non
3334 4919 3623 4986 patuisset,
3662 4922 3711 4976 si

541 5010 633 5067 9.5.
660 5011 853 5064 Mirum
888 5012 941 5066 in
985 5023 1221 5082 quantas
1269 5011 1530 5081 ambages
1576 5026 1697 5066 sese
1744 5011 2040 5081 conjiciant

470 5104 667 5157 eruditi
719 5102 847 5167 viri,
872 5118 1008 5173 quas
1031 5106 1279 5159 devitarc
1302 5103 1449 5158 nullo
1472 5104 1688 5172 negotio
1715 5106 2038 5175 potuissent.

469 5195 658 5250 Irenaei
684 5196 848 5249 verba
879 5194 1102 5264 legendo
1126 5211 1189 5250 ac
1218 5196 1608 5266 distinguendo
1638 5210 1704 5251 eo
1749 5198 1908 5252 modo
1932 5212 2041 5267 quo

470 5290 730 5360 superius
756 5289 1143 5357 exscripsimus
1163 5328 1177 5353 ,
1206 5290 1316 5358 jam
1356 5289 1489 5342 nihil
1521 5289 1841 5346 otiensionis
1875 5292 2040 5346 habet

468 5383 587 5446 ejus
610 5380 804 5435 oratio.
833 5376 1037 5449 Nempe
1068 5378 1387 5447 interposita
1417 5394 1523 5435 una
1551 5381 1914 5437 distinctionis
1938 5396 2039 5437 no-

471 5474 585 5529 tula
651 5474 794 5528 inter
836 5473 1246 5544 τεσσαράκοντα
1273 5513 1288 5538 ,
1335 5474 1716 5544 quadraginta,
1759 5484 1814 5529 ct
1846 5473 2035 5544 ὥρας,

467 5568 649 5630 horas,
682 5576 900 5622 amovet
924 5564 1335 5631 offendiculum,
1367 5567 1511 5637 quod
1541 5580 1608 5621 ex
1645 5567 1853 5622 duabus
1890 5568 2037 5622 voci.

470 5662 572 5717 bus
605 5661 745 5716 male
781 5660 986 5729 junctis
1015 5661 1278 5731 exsurgit.
1315 5660 1405 5716 Sic
1439 5660 1686 5731 legerunt
1714 5702 1730 5727 ,
1767 5661 2033 5719 dIStinxe-

607 5824 652 5854 ”
686 5824 782 5893 Ep.
815 5824 1002 5880 Const.
1034 5822 1174 5892 Mag.
1212 5822 1348 5892 apud
1383 5822 1607 5887 Euseb.,
1636 5821 1673 5875 l.
1701 5836 1757 5874 III
1812 5822 1888 5875 De
1926 5820 2031 5875 Vit.

2134 5021 2277 5061 unus
2300 5007 2385 5062 vel
2420 5008 2558 5062 alter
2582 5007 2776 5079 jejunii
2811 5008 2926 5063 dies
2964 5007 3289 5075 suﬁ‘ecisset;
3321 5024 3421 5064 nec
3447 5012 3585 5064 adeo
3616 5012 3709 5065 in-

2135 5102 2379 5155 decorum
2404 5103 2580 5155 visum
2603 5101 2821 5166 fuisset,
2854 5111 2911 5154 ut
2940 5103 3129 5156 iisdem
3151 5103 3336 5157 diebus
3361 5104 3458 5157 alii
3477 5103 3709 5174 jejunii:

2135 5202 2407 5258 vacarent,
2433 5192 2529 5247 alii
2573 5193 2830 5262 agitarent
2874 5194 3144 5259 convivia;
3178 5210 3241 5248 ac
3282 5208 3395 5265 post
3441 5197 3555 5250 dies
3590 5195 3709 5251 Pa-

2134 5284 2332 5338 scltatis
2358 5284 2453 5337 alii
2475 5285 2531 5337 in
2559 5270 2707 5353 [estis
2751 5296 2798 5339 et
2838 5287 3137 5340 animorum
3174 5287 3478 5340 remissione
3526 5302 3708 5342 uersa-

2134 5388 2339 5441 rentur,
2360 5378 2455 5430 alii
2477 5378 2811 5447 (praescriptis
2854 5377 3081 5447 jejuniis
3129 5394 3184 5433 se
3221 5378 3467 5434 dederent
3518 5380 3596 5446 ⁶⁹;
3644 5391 3706 5435 ut

2132 5468 2402 5535 omittam,
2430 5470 2575 5539 quod
2605 5484 2673 5524 ex
2725 5470 2987 5541 Dionysio
3027 5470 3428 5538 Alexandrino,
3462 5474 3555 5542 qui
3592 5489 3701 5528 non

2132 5562 2253 5631 plus
2298 5565 2577 5636 sexaginta
2630 5564 2789 5621 annis
2838 5573 2962 5633 post
3004 5563 3267 5621 Irenaeum
3322 5565 3591 5633 ﬂorebat,
3646 5578 3705 5626 et

2130 5654 2627 5715 Constitutionibus
2645 5657 2960 5728 apostolicis
2979 5656 3026 5691 “
3051 5671 3215 5729 supra
3241 5656 3475 5715 laudatis
3501 5659 3703 5730 liquet,

2120 5819 2165 5855 “
2194 5819 2253 5875 Ο.
2301 5821 2390 5875 18.
