3924 6354
182 374 289 433 201

830 360 1291 427 DISSERTATIO
1326 367 1392 430 ll,
1430 360 1593 421 ΛΒΤ.
1631 363 1672 428 1,
1706 362 1795 417 DE
1834 360 1891 417 S.
1939 362 2200 421 [REX/El
2231 364 2398 419 VITA
2430 362 2518 422 ET
2555 366 2827 427 GESTIS.

3372 374 3482 435 209.

188 502 335 545 totos
362 500 455 543 sex
482 486 714 554 majoris
734 485 1098 541 hebdomadas
1135 485 1253 539 dies
1284 499 1390 537 non
1439 482 1601 536 modo
1635 480 1776 549 jeju—
1805 480 1853 537 Α
1882 480 2208 550 simpliciter
2246 483 2515 551 positum,
2546 500 2827 555 nunquam
2862 490 3147 555 prtesidcre
3182 490 3491 563 signiﬁcat,

184 586 298 647 nio,
326 584 421 637 sed
448 581 698 651 rigidiori
731 581 949 635 ceteris
968 578 1313 631 abstinentia:
1332 577 1547 631 dicatos
1573 575 1773 629 fuisse:

183 694 251 733 ue
284 678 464 731 dicam
524 674 694 728 etiam
740 672 995 743 Origenis
1044 672 1089 704 “
1141 672 1345 727 [renato
1393 672 1507 725 fere
1548 669 1777 737 aequalis

181 779 365 832 astate,
392 768 607 821 habitos
637 767 751 837 jam
777 766 1214 835 Quadragesimaz
1246 767 1361 819 dies
1375 763 1603 835 jejuniis
1637 778 1775 819 con-

180 871 450 916 secratos.
478 859 551 914 Et
578 860 837 929 quamvis
869 861 935 912 de
978 873 1205 911 numero
1244 842 1586 927 jejuniorum
1626 866 1777 909 aule-

180 954 523 1027 paschalium
559 954 803 1008 nondum
833 953 935 1007 sub
956 951 1142 1005 saeculi
1179 950 1405 1005 secundi
1435 951 1598 1003 linem
1632 949 1774 1017 apud

178 1063 371 1104 omnes
411 1055 737 1112 constaret,
788 1062 891 1102 nec
934 1046 1072 1099 adeo
1116 1044 1283 1097 etiam
1326 1042 1573 1097 Socratis
1617 1042 1665 1073 “
1722 1051 1779 1093 et

179 1142 478 1197 Sozomeni
518 1140 566 1173 ⁶⁹
597 1155 716 1195 :evo
754 1138 1105 1199 constiterit,
1144 1138 1275 1205 quin
1321 1136 1465 1204 apud
1511 1137 1774 1204 quosdam

179 1233 381 1296 minor,
413 1232 567 1301 apud
596 1232 735 1285 alios
768 1230 946 1299 major
980 1229 1256 1283 exstiterit
1284 1244 1298 1291 ;
1343 1225 1547 1279 nullam
1590 1234 1771 1278 tamen

179 1327 246 1382 iis
302 1325 655 1395 temporibus
713 1334 917 1378 motam
973 1337 1035 1375 ea
1096 1323 1163 1376 de
1215 1337 1275 1375 re
1333 1320 1772 1375 controversiam

181 1417 428 1487 tegimus.
462 1416 693 1470 Certum
719 1424 802 1467 est
832 1415 1015 1483 itaque
1029 1427 1171 1474 eam,
1198 1413 1263 1465 de
1286 1426 1391 1480 qua
1418 1410 1507 1464 hic
1535 1410 1777 1479 loquitur

179 1508 439 1573 lrenzeus,
476 1508 953 1569 controversiam,
980 1520 1048 1558 ne
1083 1506 1364 1558 minimum
1396 1503 1617 1573 quidem
1654 1518 1776 1569 spe-

183 1613 359 1657 classe
413 1602 503 1656 vel
561 1601 631 1655 ad
676 1601 855 1669 ipsum
895 1598 1195 1666 jejunium,
1242 1598 1401 1667 quasi
1446 1595 1773 1650 servandum

182 1694 346 1763 aliqui
379 1702 709 1764 negassent;
730 1692 814 1746 vel
843 1692 910 1745 ad
932 1690 1267 1761 jejuniorum
1316 1702 1601 1741 numerum
1632 1690 1776 1754 (qua:

186 1797 361 1839 tamen
404 1784 781 1854 plurimorum
818 1780 1117 1836 falsissima
1153 1781 1427 1837 sententia
1457 1779 1589 1847 est),
1619 1775 1774 1847 quasi

183 1879 347 1947 aliqui
394 1879 572 1932 unico
611 1877 702 1932 die
744 1877 848 1931 sibi
894 1875 1214 1945 simpliciter
1250 1874 1606 1944 jejunandum
1657 1888 1778 1925 esse

179 1975 625 2035 existimassem,
653 1972 744 2025 alii
774 1971 987 2025 duobus
1020 1970 1284 2024 duntaxat
1312 2008 1326 2033 ,
1372 1967 1462 2020 alii
1505 1965 1774 2035 pluribus,

180 2069 269 2122 alii
307 2066 716 2138 quadraginta.
751 2064 875 2118 11ωο
908 2063 958 2116 iu
987 2063 1348 2132 quaestionem
1382 2074 1665 2129 nunquam
1710 2072 1775 2110 eo

180 2170 429 2230 tempore
463 2168 686 2214 vocata.
714 2157 899 2225 Longe
934 2157 1116 2209 minus
1142 2153 1433 2223 disceptari
1482 2152 1665 2222 potuit
1710 2151 1778 2203 de

174 2251 381 2322 jejunio
418 2252 571 2320 quod
597 2259 801 2304 vocant
824 2247 1189 2319 ὑπερθέσεως,
1217 2261 1312 2300 seu
1338 2245 1777 2313 superposits'om's

178 2344 265 2411 (ad
289 2339 441 2409 quod
478 2338 672 2391 lremei
712 2338 874 2392 verba
914 2352 1200 2407 perperam
1236 2338 1568 2404 detorquent
1618 2334 1778 2388 Vale-

178 2434 293 2488 sius
326 2441 385 2487 et
413 2431 708 2500 Grabius),
740 2430 885 2498 quod
935 2430 1028 2499 qui
1071 2440 1394 2491 servarent,
1438 2444 1505 2481 ne
1554 2441 1776 2494 vespera

176 2525 400 2595 quidem
466 2525 658 2578 cibum
723 2536 1037 2592 caperent,
1095 2522 1191 2576 sed
1250 2520 1466 2589 penitus
1527 2521 1777 2575 abstine-

177 2627 330 2682 rent,
384 2618 508 2671 sive
553 2631 695 2680 una,
748 2616 865 2670 sive
907 2616 1152 2684 pluribus
1201 2614 1434 2677 diebus,
1483 2627 1657 2683 usque
1709 2612 1777 2665 ad

180 2713 479 2765 terminum
510 2708 741 2781 jejuuii,
783 2708 1047 2764 Pascbale
1088 2709 1303 2763 scilicet
1344 2722 1527 2771 mane,
1569 2706 1713 2775 quod
1746 2721 1776 2758 a

178 2802 305 2871 galli
342 2812 516 2856 cantu
551 2802 769 2871 incipit.
820 2801 892 2855 Ea
928 2802 1077 2855 enim
1126 2800 1319 2869 jejunii
1366 2800 1613 2868 species,
1655 2808 1713 2850 ut
1746 2812 1774 2848 a

178 2892 464 2947 veteribus
486 2891 899 2953 commendata,
931 2900 985 2943 et
1026 2906 1054 2942 a
1088 2889 1194 2957 piis
1239 2888 1491 2957 pluribus
1532 2895 1774 2948 servata;

180 2983 329 3038 nulla
380 2993 573 3036 tamen
614 2983 993 3036 ecclesiastica
1037 2981 1188 3051 lege,
1224 2990 1318 3033 aut
1354 2977 1774 3038 consuetudine,

176 3091 299 3147 qua:
329 3082 444 3131 vim
474 3077 617 3147 legis
638 3075 895 3138 haberet,
923 3074 1130 3132 sancita
1163 3074 1284 3138 fuit;
1305 3074 1401 3129 sed
1433 3070 1777 3139 uniuscujus-

1882 572 1964 626 vel
1993 573 2279 641 dominari,
2317 577 2421 630 nisi
2444 581 2639 632 saltem
2672 580 2868 634 resilla
2899 581 3215 652 adjiciatur,
3237 586 3323 639 cui
3356 589 3479 655 quis

1883 665 2148 720 dominari
2170 665 2487 741 [LXXXIX]
2502 670 2726 739 dicitur,
2746 684 2803 726 ut
2823 677 3045 745 κρατεῖν
3064 676 3161 746 τῆς
3177 676 3477 749 θαλάσσης,

1881 762 2103 828 κρατεῖν
2125 760 2233 815 τῶν
2262 761 2489 833 θηρίων.
2522 763 2756 820 Irenxeus
2779 782 2914 822 vero
2940 768 3041 825 hoc
3064 770 3116 824 in
3141 772 3261 826 loco
3287 787 3394 826 non
3411 775 3480 827 de

1879 856 2299 925 praesidentibus
2323 856 2406 910 vel
2429 858 2755 925 praesulibus
2772 857 3030 915 Ecclesia:
3049 861 3164 931 (qui
3196 879 3477 933 nunquam

1880 946 2209 1018 κρατούντες
2224 958 2453 1003 vocantu
2464 946 2534 1016 r),
2548 950 2641 1002 sed
2656 950 2784 1022 περὶ
2796 950 2889 1004 τοῦ
2901 953 3073 1017 εἴδους
3088 956 3186 1025 τῆς
3197 958 3473 1027 νηστείας,

1884 1042 1952 1095 de
1984 1040 2161 1095 forma
2186 1040 2379 1110 jejunii
2427 1040 2696 1110 loquitur,
2719 1058 2884 1108 quam
2914 1046 3048 1100 dicit
3089 1049 3380 1104 nonnullos
3409 1066 3475 1105 ea:

1879 1130 2217 1199 simplicitate
2244 1140 2291 1183 et
2338 1131 2671 1199 ignorantia,
2705 1132 2957 1189 rudiores
2990 1137 3224 1203 proinde
3262 1142 3476 1194 ac'uri-

1880 1235 2038 1278 vatos
2066 1224 2337 1284 homines,
2388 1221 2625 1287 ἰδιώτας,
2656 1240 2759 1278 non
2798 1236 2949 1281 certe
2993 1230 3281 1301 ἄρχοντας,
3320 1234 3477 1304 παρὰ

1880 1317 1940 1370 τὸ
1973 1317 2197 1389 ἀκριόὲς
2245 1316 2549 1388 κρατῆσαι,
2590 1333 2696 1370 non
2739 1330 2990 1373 accurate
3027 1325 3353 1392 observasse,
3388 1326 3474 1380 vel

1880 1412 2180 1465 retinuisse.
2219 1411 2348 1463 lude
2395 1425 2530 1480 ergo
2576 1414 2972 1479 controversia,
3026 1432 3122 1470 seu
3180 1418 3472 1473 multorum

1879 1505 2125 1575 querela,
2157 1505 2304 1574 quod
2336 1507 2490 1561 multi
2523 1508 2891 1563 remissiorem
2919 1507 3202 1577 jejunandi
3238 1510 3471 1566 formam

1879 1607 2155 1663 tenentes,
2192 1613 2355 1667 quam
2394 1600 2785 1655 nonnullorum
2836 1601 3109 1670 imperitia
3159 1603 3471 1672 invexerat,

1880 1690 1948 1745 ab
2002 1704 2263 1746 accurata
2308 1693 2696 1747 recessissent.
2727 1693 2988 1761 Quasnam
3033 1708 3164 1748 vero
3209 1709 3471 1752 accurata

1884 1790 2031 1836 esset
2057 1781 2341 1850 jejunandi
2376 1781 2578 1849 forma,
2621 1799 2730 1839 non
2769 1786 2991 1855 quidem
3021 1784 3090 1839 ab
3124 1786 3326 1843 Irentco
3357 1789 3474 1859 ipso

1882 1874 2100 1928 discere
2153 1891 2473 1945 possumus,
2535 1877 2631 1931 sed
2677 1892 2744 1931 ex
2784 1876 2899 1944 jam
2949 1878 3136 1932 citatis
3188 1880 3472 1935 veteribus

1880 1980 2075 2021 eruere
2104 1966 2251 2021 licet.
2283 1966 2573 2037 Dionysius
2596 1967 3009 2023 Alexandrinus
3040 1969 3093 2022 in
3128 1986 3223 2022 sua
3254 1972 3321 2024 ad
3364 1971 3474 2026 Ba-

1882 2058 2092 2113 silidem
2142 2060 2372 2127 epistola
2418 2061 2614 2115 scribit
2648 2077 2746 2115 sex
2785 2071 3090 2130 postremos
3130 2062 3471 2131 jejuniorum

1881 2154 2379 2220 ante-paschalium
2410 2155 2543 2214 dies,
2574 2156 2828 2223 quamvis
2858 2170 2963 2209 non
2989 2158 3179 2210 eodem
3216 2160 3377 2213 modo
3402 2160 3472 2214 ab

1880 2245 2135 2300 oumibus
2158 2247 2611 2315 transigerentur,
2642 2264 2670 2299 a
2697 2246 2948 2316 pluribus
2976 2256 3151 2303 tamen
3181 2266 3279 2304 sua
3308 2260 3471 2305 aetate

1880 2338 1962 2392 sic
1994 2338 2351 2393 transmissos
2382 2337 2574 2403 fuisse,
2606 2350 2665 2393 ut
2690 2340 2782 2394 alii
2817 2350 2964 2397 totos
2986 2357 3082 2397 sex
3119 2343 3331 2411 impasti
3373 2345 3474 2399 dun

1881 2436 2091 2492 cereut,
2114 2428 2203 2482 alii
2227 2439 2485 2497 quatuor,
2511 2430 2601 2484 alii
2629 2441 2761 2497 tres,
2799 2432 2892 2487 alii
2919 2435 3226 2501 duos.Qu:e
3250 2437 3469 2505 quidem

1883 2523 2098 2592 piorum
2154 2522 2436 2576 hominum
2474 2522 2761 2593 jejunandi
2811 2523 3010 2589 forma,
3039 2526 3168 2580 licet
3210 2526 3262 2581 in
3297 2528 3468 2597 legem

1882 2615 2142 2668 omnibus
2163 2628 2509 2669 communem
2541 2615 2685 2670 trahi
2721 2632 2830 2671 non
2859 2618 3055 2686 possit,
3080 2634 3147 2672 ex
3181 2636 3244 2673 ea
3289 2631 3471 2673 tamen

1880 2708 2169 2777 perspicue
2196 2707 2499 2777 colligitur,
2528 2722 2649 2762 eam
2668 2706 2783 2775 jam
2814 2711 3118 2766 obtinuisse
3150 2713 3203 2765 in
3228 2712 3470 2768 Ecclesia

1883 2800 2367 2865 consuetudinem,
2418 2810 2479 2853 ut
2530 2816 2624 2855 sex
2664 2802 2885 2856 illorutn
2933 2804 3143 2857 dierum
3198 2804 3469 2873 jejunium

1886 2892 2117 2962 rigidius
2148 2894 2362 2947 caeteris
2404 2904 2739 2948 servaretur.
2778 2893 3115 2964 Epiphanius
3146 2898 3191 2927 "
3219 2899 3468 2953 eamdem

1888 2987 2147 3041 Ecclesia:
2178 2988 2633 3042 consuetudinem
2678 2988 2845 3058 paulo
2877 2990 3219 3045 enucleatius
3266 2993 3464 3062 aperit,

1884 3079 2158 3149 simulque
2178 3080 2353 3134 innuit
2376 3095 2477 3134 sua
2501 3088 2664 3134 aetate
2684 3096 2791 3135 non
2827 3096 3021 3137 recens
3047 3083 3339 3151 invectam,
3370 3087 3467 3142 sed

178 3185 286 3239 que
335 3170 575 3224 arbitrio
597 3184 662 3223 ac
688 3168 904 3238 pietati,
930 3179 983 3221 ut
1012 3183 1115 3237 par
1136 3174 1280 3232 erat,
1313 3168 1576 3236 permissa
1601 3184 1615 3232 ;
1645 3168 1779 3219 adeo
1806 3172 1851 3231 ο
1887 3182 2255 3240 pervetustam
2286 3171 2526 3226 habitam
2545 3171 2735 3239 fuisse,
2758 3184 2943 3243 utpote
2963 3192 3083 3245 qua:
3102 3176 3242 3232 altas
3274 3177 3327 3232 in
3352 3188 3467 3234 tota

180 3274 237 3317 ut
259 3264 574 3318 absurdum
600 3261 698 3325 sit,
728 3276 863 3331 pace
886 3261 1134 3315 virorum
1154 3260 1599 3315 doctissimorum
1626 3259 1675 3311 di
1692 3273 1777 3311 se-

180 3356 320 3418 rim,
354 3354 802 3408 controversiam
836 3367 901 3407 ea
944 3352 1011 3407 de
1063 3367 1121 3406 re
1161 3353 1309 3405 inter
1348 3348 1623 3404 Ecclesias
1670 3352 1772 3399 tin-

177 3464 323 3520 gere.

240 3542 336 3596 27.
367 3542 478 3596 Sed
506 3541 641 3611 quid
669 3541 843 3595 nodus
870 3540 923 3593 in
955 3541 1140 3607 scirpo
1184 3538 1488 3608 quarritur,
1527 3552 1653 3590 cum
1686 3550 1775 3589 as-

178 3645 395 3690 severet
444 3635 691 3689 Irenaaus
744 3634 1175 3691 controversiam
1234 3631 1446 3695 fuisse,
1509 3631 1636 3702 περὶ
1681 3627 1773 3683 τοῦ

177 3728 350 3791 εῐὸους
377 3726 551 3781 αὑτοῦ
584 3727 687 3797 τῆς
719 3727 993 3797 νηστείας,
1017 3728 1081 3779 de
1115 3727 1232 3793 ipsa
1271 3727 1443 3793 [arma
1466 3724 1682 3792 jejunii,
1722 3723 1771 3775 id

178 3830 262 3874 est
287 3820 357 3873 de
385 3819 598 3887 specie,
623 3819 784 3873 modo
800 3830 964 3887 atque
984 3817 1196 3872 ratione
1221 3816 1440 3886 jejunii;
1461 3830 1571 3885 quo
1588 3825 1771 3883 pacto,

179 3926 355 3979 quove
379 3911 493 3965 ritu
525 3912 856 3964 servandum
887 3920 1031 3964 esset
1054 3908 1353 3979 jejunium?
1384 3908 1543 3974 Quis,
1571 3906 1771 3975 inquis,

180 4002 407 4073 hujusce
479 4002 878 4057 controversiae
938 4000 1161 4055 status?
1208 3998 1380 4053 Paulo
1430 4006 1551 4067 post
1599 3998 1776 4067 aperit

178 4093 418 4151 lrcnzeus
456 4096 601 4165 ipse.
637 4094 871 4164 Nempe,
905 4094 1157 4164 quamvis
1195 4092 1383 4147 lideles
1423 4106 1617 4146 ornnes
1656 4091 1774 4160 plu-

178 4189 331 4243 rimis
353 4188 557 4243 diebus
584 4194 714 4241 ante
738 4186 947 4241 Pascha
964 4186 1230 4257 jejunium
1255 4184 1634 4247 observarent,
1664 4197 1773 4237 non

180 4297 281 4335 una
313 4292 503 4336 tamen
541 4280 685 4350 apud
715 4294 909 4334 omnes
953 4278 1283 4334 observandi
1320 4278 1462 4332 ratio
1508 4277 1629 4331 fuit.
1665 4277 1774 4329 Καὶ

176 4374 392 4446 τοιαύτη
426 4374 537 4444 μὲν
590 4371 833 4426 ποικιλία
860 4372 967 4425 τῶν
996 4371 1423 4443 ἐπι-τηρούντων,
1454 4370 1516 4423 οὐ
1561 4370 1652 4423 νῦν
1687 4369 1770 4437 ἐφ’

177 4469 325 4537 ἡμῶν
364 4468 657 4535 γεγονυῖα,
700 4465 837 4519 ἀλλὰ
876 4466 971 4518 καὶ
1018 4465 1153 4518 πολῦ
1209 4464 1474 4535 πρότερον
1525 4465 1617 4516 ἐπὶ
1663 4464 1772 4515 τῶν

1879 3265 2124 3320 Ecclesia
2154 3266 2367 3319 radices
2388 3266 2611 3334 egisset.
2632 3266 2743 3335 Τὴν
2774 3266 2830 3319 δὲ
2864 3270 3327 3341 τεσσαρακοστὴν,
3365 3271 3463 3344 τὴν

1877 3358 1984 3429 πρὸ
2017 3356 2125 3409 τῶν
2184 3357 2322 3410 ἑπτὰ
2356 3357 2581 3428 ἡμερῶν
2640 3357 2731 3411 τσῦ
2776 3359 2932 3427 ἁγίου
2977 3360 3171 3430 Πάσχα
3202 3362 3464 3427 ὡσαύτως

1876 3447 2167 3517 φυλάττειν
2184 3446 2374 3501 εἴωθεν
2404 3447 2718 3519 Ἐκκλησία,
2742 3451 2800 3501 ὲν
2826 3450 3099 3521 νηστείαις
3128 3452 3467 3507 διατελοῦσαο

1874 3541 2048 3605 τὰςδὲ
2099 3539 2385 3613 Κυριακὰς
2426 3540 2534 3594 οὐδ’
2568 3540 2741 3605 ὅλως,
2784 3540 2910 3594 οὔτε
2941 3542 2999 3594 ὲν
3046 3544 3183 3614 αὐτῇ
3230 3547 3298 3615 τῇ
3340 3562 3467 3597 τεσ-

1876 3636 2208 3706 σαρακοστῇ.
2245 3633 2357 3696 Τὰς
2383 3632 2438 3685 δὲ
2475 3631 2533 3700 ἒξ
2564 3633 2777 3703 ἡμέρας
2807 3632 2901 3687 τοῦ
2934 3634 3128 3705 Πάσχα
3150 3638 3207 3689 ὲν
3231 3636 3469 3708 ξηροφα-

1874 3728 1971 3799 γίᾳ
1999 3724 2302 3782 διατελοῦσι
2336 3725 2537 3789 πάντες
2588 3727 2637 3778 οἱ
2672 3725 2822 3778 λαοί·
2880 3727 3026 3797 φημὶ
3067 3727 3123 3780 δὲ
3171 3728 3342 3799 ἄρτῳ,
3374 3731 3463 3784 καὶ

1876 3820 1983 3883 ἁλὶ,
2013 3820 2109 3873 καὶ
2139 3818 2291 3873 ὕδατι
2345 3819 2467 3871 τότε
2516 3816 2789 3889 χρώμενοι
2823 3818 2961 3890 πρὸς
3002 3820 3259 3892 ἑσπέραν.
3314 3821 3469 3890 Ἀλλᾲ

1876 3914 1969 3966 καὶ
2017 3912 2295 3965 σπουδαῖοι
2341 3912 2557 3975 διπλᾶς,
2602 3913 2695 3965 καὶ
2727 3911 2980 3983 τριπλᾶς,
3015 3913 3109 3966 καὶ
3153 3916 3465 3985 τετραπλᾶς

1875 4004 2279 4075 ὑπερτίθενται,
2321 4005 2416 4057 καὶ
2455 4005 2582 4074 ὃλην
2628 4005 2728 4076 τὴν
2783 4004 3055 4076 ἑϐδομάδα
3113 4009 3257 4072 τινὲς
3307 4008 3467 4081 ἄχρις

1874 4098 2245 4169 ἀλεκτρυόνων
2290 4098 2536 4168 κλαγγῆς
2568 4097 2670 4167 τῆς
2705 4100 2991 4170 Κυριακῆς
3020 4102 3462 4173 ὲπιςρωσκούσης.

1875 4190 2011 4243 Eam
2069 4208 2188 4245 vero
2245 4192 2683 4260 Quadrugesimw
2738 4204 2985 4260 partem,
3040 4210 3159 4262 qua:
3212 4197 3465 4262 pra'cedit

1875 4293 2069 4355 septem
2100 4284 2212 4338 dies
2232 4281 2541 4348 Paschalis,
2564 4283 2810 4337 similiter
2836 4287 3139 4348 observare,
3164 4286 3220 4337 in
3234 4285 3464 4356 jejuniis

1877 4377 2282 4443 perseverando,
2323 4377 2508 4430 eadem
2550 4378 2816 4429 consuevit
2858 4376 3116 4429 Ecclesia.
3172 4374 3465 4431 Dominicis

1878 4480 2054 4523 autem
2088 4469 2272 4533 nullis,
2306 4484 2372 4521 ne
2418 4469 2631 4537 quidem
2662 4469 2713 4520 in
2738 4462 2856 4535 ipsa
2892 4468 3343 4537 Quadragesima,
3376 4468 3464 4537 je-

176 4562 273 4630 πρὸ
298 4560 488 4632 ἡμῶν,
526 4562 638 4611 τῶν
667 4559 821 4629 παρὰ
837 4560 897 4611 τὸ
919 4558 1163 4629 ἀκριϐὲς,
1191 4558 1267 4621 ὠς
1303 4559 1470 4621 εἰκὸς,
1515 4557 1771 4628 κρατούν-

1877 4563 2069 4632 iuuare
2126 4558 2275 4614 solet.
2316 4555 2585 4612 Prwterea
2634 4574 2727 4612 sea:
2770 4556 3051 4611 Paschalis
3086 4559 3197 4612 dies
3225 4559 3279 4611 in
3308 4574 3467 4613 xero-

176 4671 293 4718 των,
310 4656 413 4726 τὴν
441 4654 571 4708 καθ’
594 4654 894 4724 ἁπλότητα,
918 4654 1011 4705 καὶ
1040 4652 1348 4723 ἰδιωτισμὸν
1378 4652 1663 4723 συνήθειαν
1695 4652 1774 4713 εἰς

177 4749 231 4802 τὺ
259 4750 567 4819 μετέπειτα
596 4747 1005 4818 πεποιηκότων.
1040 4748 1171 4814 Qua:
1203 4747 1425 4817 quidem
1452 4746 1618 4800 verba
1652 4761 1777 4814 pau-

180 4842 336 4894 lulum
379 4841 674 4902 intricata,
714 4845 794 4894 sic
840 4840 1038 4894 Latine
1083 4840 1354 4893 reddenda
1406 4851 1557 4906 puto.
1601 4840 1773 4904 Atque

177 4935 274 4986 Itec
293 4935 517 5004 quidem
547 4935 685 4988 inter
710 4950 822 4999 eos,
853 4939 945 5003 qui
970 4934 1180 5002 jejunio
1208 4934 1504 4996 observant,
1539 4933 1767 4987 varietas

179 5044 269 5081 non
300 5037 491 5082 nostra
530 5028 762 5093 primum
806 5036 961 5080 wtate
985 5039 1112 5080 nata
1147 5038 1245 5090 est,
1281 5027 1371 5079 sed
1405 5026 1559 5098 longe
1607 5040 1766 5082 antea

179 5122 309 5185 apud
335 5120 579 5188 majores
607 5129 814 5171 nostros
841 5127 1015 5170 ortum
1047 5120 1206 5185 cepit;
1237 5121 1330 5185 qui
1360 5135 1464 5173 non
1493 5131 1763 5185 accurate,

179 5221 226 5263 It
267 5210 559 5265 verisimile
590 5220 690 5276 est,
730 5211 1005 5263 retinentes
1055 5211 1273 5281 (jejuuii
1308 5212 1558 5281 formam)
1606 5228 1759 5277 eam,
1803 5252 1812 5260 .

1880 4655 2086 4724 phagiis
2148 4652 2518 4706 transmittunt
2570 4651 2750 4720 populi
2810 4668 3025 4713 omnes;
3066 4653 3163 4704 hoc
3194 4661 3295 4717 est,
3328 4668 3468 4721 pane

1884 4750 2186 4813 duntaxat,
2234 4762 2353 4799 cum
2413 4744 2525 4799 sale
2582 4755 2630 4798 et
2704 4760 2842 4813 aqua
2890 4756 3011 4797 tunc
3046 4746 3141 4798 sub
3198 4762 3463 4816 vesperam

1872 4852 2157 4894 vescentes.
2183 4838 2287 4894 Sed
2323 4851 2371 4892 et
2404 4841 2647 4907 pietalent
2694 4840 2931 4892 studiose
2986 4837 3235 4903 colentes,
3266 4842 3335 4892 ad
3385 4842 3463 4893 bis

1870 4933 2167 4997 duunt,vel
2214 4932 2477 4995 triduum,
2506 4931 2583 4984 vel
2635 4930 2981 4999 quatriduum
3047 4945 3211 4999 usque
3247 4931 3463 5001 jejunia

1869 5033 2191 5095 prorogata;
2250 5022 2470 5087 quidam
2517 5020 2677 5075 etiam
2740 5029 2904 5072 totam
2949 5020 3335 5076 hebdomadam
3391 5033 3458 5078 ad

1868 5134 2031 5186 usque
2054 5115 2320 5183 sequentis
2348 5113 2641 5166 Dominira:
2656 5112 2987 5182 gallicinium
3009 5115 3123 5168 sine
3149 5116 3264 5169 cibo
3292 5126 3461 5170 trans.

1864 5213 2043 5282 igunt.
2087 5207 2383 5277 Triplicem
2416 5205 2505 5259 hic
2524 5204 2721 5274 jejnnii
2746 5204 2978 5259 formam
3004 5208 3152 5260 clare
3170 5208 3457 5279 distingua

180 5319 283 5371 que
310 5321 377 5357 ea:
408 5302 754 5369 simplicitate
781 5312 828 5355 et
854 5302 1125 5370 imperitia
1152 5315 1324 5355 artant
1354 5304 1580 5373 habuit,
1633 5321 1762 5357 con-
1858 5303 2207 5373 Epiphanius
2254 5317 2270 5353 :
2306 5299 2535 5353 alteram
2579 5297 2725 5353 illius
2776 5298 3225 5367 Quadragesima:
3262 5305 3450 5369 partis,

178 5396 503 5450 suetudinem
525 5401 583 5449 in
607 5407 874 5466 posterum
893 5397 1235 5451 induxerunt.
1264 5395 1462 5452 Vocem
1490 5397 1728 5468 κρατοςῖδ
1747 5427 1761 5436 -

179 5502 273 5539 των
302 5488 586 5543 Musculus
612 5498 667 5541 et
696 5487 761 5541 11.
793 5485 1043 5542 Valesius
1070 5488 1215 5543 male
1243 5489 1469 5542 omnino
1496 5490 1759 5542 reddide-

183 5593 291 5633 runt
308 5596 411 5651 per
442 5597 623 5634 rerum
641 5584 858 5636 habenis
880 5586 1095 5650 potitos,
1112 5584 1193 5639 vel
1215 5585 1574 5652 prtt'sidentes.
1601 5583 1761 5650 Nam,

182 5682 233 5725 ut
254 5675 462 5742 optime
482 5674 719 5728 advertit
740 5674 822 5729 Cl.
842 5673 1169 5746 Bevcrcgius
1186 5674 1252 5741 ⁸⁸,
1278 5676 1507 5729 verbum
1536 5676 1761 5746 κρατέω

271 5786 319 5816 ⁸⁸
352 5786 413 5841 1,.
456 5799 727 5844 vmcont.
760 5788 932 5853 Cels,
957 5799 1012 5842 et
1040 5790 1227 5845 ltomil.
1265 5805 1300 5841 χ
1364 5788 1420 5842 in
1447 5789 1619 5843 Levit.

184 5848 312 5914 Eccl.
352 5860 543 5929 priut.,
583 5860 621 5913 Ι.
653 5875 736 5921 ιιι,
774 5879 823 5915 c.
854 5848 974 5930 τίς
1004 5861 1057 5914 4.
1156 5862 1198 5896 ‘9
1232 5860 1365 5929 Exp.
1408 5859 1524 5927 (ἰώ,
1563 5860 1713 5932 δεῖ.

446 5955 728 6021 Panos.
760 5955 878 6019 Gn.
929 5958 1063 6032 Yll.

1726 5792 1772 5823 “
1809 5792 1872 5852 ιιι
1907 5810 1935 5850 v
1990 5792 2153 5858 Hist,
2184 5808 2233 5845 c.
2264 5790 2357 5844 Ἡ.

1863 5414 1985 5467 qua:
2021 5406 2234 5465 septem
2262 5392 2379 5448 dies
2407 5390 2714 5459 Paschalis,
2736 5408 2835 5447 seu
2872 5392 3136 5462 majorem
3162 5393 3431 5449 hebdoma

1863 5493 1986 5546 dam
2007 5488 2272 5558 praecedit
2310 5506 2323 5541 :
2359 5487 2476 5541 haec
2506 5487 2690 5541 mitior
2722 5496 2865 5553 erat,
2911 5497 3099 5557 utpote
3127 5503 3157 5541 a
3181 5492 3457 5558 xempha-

1862 5585 2076 5653 giorum
2109 5580 2227 5651 lege
2277 5580 2489 5645 libera,
2534 5579 2763 5633 alteram
2808 5577 3034 5645 majoris
3079 5582 3453 5646 hebdomadas,

1865 5676 2044 5745 prima
2080 5674 2420 5730 strictiorem
2464 5682 2519 5726 et
2567 5670 2913 5741 xerophagiis
2941 5673 3261 5740 astrictam;
3320 5676 3459 5729 alte-

2435 5789 2477 5819 ⁸⁷
2504 5786 2626 5841 Lib.
2665 5801 2761 5851 vn,
2798 5800 2848 5840 c.
2890 5785 2976 5844 19.
3075 5789 3122 5820 ⁶⁸
3146 5790 3280 5845 Cod.
3315 5789 3453 5849 Cum.

3138 5948 3172 6010 Ἰ
