  <div class='ocr_page' id='page_1' title='image "/cluster/home/n/w/nwhite01/storage/ocr_20150623/7/hvd.32044019206614/109.png"; bbox 0 0 3924 6354; ppageno 0'>
   <div class='ocr_carea' id='block_1_1' title="bbox 461 360 572 419">
    <p class='ocr_par' dir='ltr' id='par_1_1' title="bbox 461 360 572 419">
     <span class='ocr_line' id='line_1_1' title="bbox 461 360 572 419; baseline 0 -1"><span class='ocrx_word' id='word_1_1' title='bbox 461 360 572 419; x_wconf 69' lang='lat'><strong>$05</strong></span> 
     </span>
    </p>
   </div>
   <div class='ocr_carea' id='block_1_2' title="bbox 1290 353 2937 415">
    <p class='ocr_par' dir='ltr' id='par_1_2' title="bbox 1290 353 2937 415">
     <span class='ocr_line' id='line_1_2' title="bbox 1290 353 2937 415; baseline 0.001 -2"><span class='ocrx_word' id='word_1_2' title='bbox 1290 355 1886 415; x_wconf 80' lang='lat' dir='ltr'><strong>DISSERTATIONES</strong></span> <span class='ocrx_word' id='word_1_3' title='bbox 1921 353 2227 410; x_wconf 55' lang='lat' dir='ltr'><strong>PRINle</strong></span> <span class='ocrx_word' id='word_1_4' title='bbox 2265 355 2332 410; x_wconf 79' lang='lat' dir='ltr'><strong>IN</strong></span> <span class='ocrx_word' id='word_1_5' title='bbox 2370 355 2630 411; x_wconf 60' lang='lat' dir='ltr'><strong>lREN1El</strong></span> <span class='ocrx_word' id='word_1_6' title='bbox 2669 357 2937 414; x_wconf 82' lang='lat' dir='ltr'><strong>LIBROS.</strong></span> 
     </span>
    </p>
   </div>
   <div class='ocr_carea' id='block_1_3' title="bbox 3647 353 3764 416">
    <p class='ocr_par' dir='ltr' id='par_1_3' title="bbox 3647 353 3764 416">
     <span class='ocr_line' id='line_1_3' title="bbox 3647 353 3764 416; baseline 0 -4"><span class='ocrx_word' id='word_1_7' title='bbox 3647 353 3764 416; x_wconf 66' lang='grc'><strong>904</strong></span> 
     </span>
    </p>
   </div>
   <div class='ocr_carea' id='block_1_4' title="bbox 460 475 3765 550">
    <p class='ocr_par' dir='ltr' id='par_1_4' title="bbox 460 475 3765 550">
     <span class='ocr_line' id='line_1_4' title="bbox 460 475 3765 550; baseline -0.002 -14"><span class='ocrx_word' id='word_1_8' title='bbox 460 499 578 540; x_wconf 87' lang='lat' dir='ltr'><strong>ram</strong></span> <span class='ocrx_word' id='word_1_9' title='bbox 602 480 840 550; x_wconf 91' lang='lat' dir='ltr'><strong>denique</strong></span> <span class='ocrx_word' id='word_1_10' title='bbox 859 479 1125 536; x_wconf 85' lang='lat' dir='ltr'><strong>ambabus</strong></span> <span class='ocrx_word' id='word_1_11' title='bbox 1149 480 1504 544; x_wconf 88' lang='lat' dir='ltr'><strong>severiorem,</strong></span> <span class='ocrx_word' id='word_1_12' title='bbox 1527 494 1630 548; x_wconf 90' lang='lat' dir='ltr'><strong>qua</strong></span> <span class='ocrx_word' id='word_1_13' title='bbox 1653 476 1814 546; x_wconf 85' lang='lat' dir='ltr'><strong>hujus</strong></span> <span class='ocrx_word' id='word_1_14' title='bbox 1845 477 2055 532; x_wconf 85' lang='lat' dir='ltr'><strong>hebdo-</strong></span> <span class='ocrx_word' id='word_1_15' title='bbox 2084 485 2128 535; x_wconf 80' lang='grc' dir='ltr'>Α</span> <span class='ocrx_word' id='word_1_16' title='bbox 2159 476 2408 544; x_wconf 85' lang='lat' dir='ltr'><strong>gesimam</strong></span> <span class='ocrx_word' id='word_1_17' title='bbox 2445 478 2696 548; x_wconf 86' lang='lat' dir='ltr'><strong>jejunare</strong></span> <span class='ocrx_word' id='word_1_18' title='bbox 2728 481 2894 534; x_wconf 82' lang='lat' dir='ltr'><strong>aridis</strong></span> <span class='ocrx_word' id='word_1_19' title='bbox 2932 477 3060 531; x_wconf 86' lang='lat' dir='ltr'><strong>cibis</strong></span> <span class='ocrx_word' id='word_1_20' title='bbox 3085 484 3370 531; x_wconf 78' lang='lat' dir='ltr'><strong>vescentes.</strong></span> <span class='ocrx_word' id='word_1_21' title='bbox 3404 475 3483 531; x_wconf 81' lang='lat' dir='ltr'><strong>Ex</strong></span> <span class='ocrx_word' id='word_1_22' title='bbox 3518 489 3630 546; x_wconf 91' lang='lat' dir='ltr'><strong>quo</strong></span> <span class='ocrx_word' id='word_1_23' title='bbox 3661 490 3765 546; x_wconf 81' lang='lat' dir='ltr'><strong>pa-</strong></span> 
     </span>
    </p>
   </div>
   <div class='ocr_carea' id='block_1_5' title="bbox 461 569 2054 644">
    <p class='ocr_par' dir='ltr' id='par_1_5' title="bbox 461 569 2054 644">
     <span class='ocr_line' id='line_1_5' title="bbox 461 569 2054 644; baseline -0.003 -16"><span class='ocrx_word' id='word_1_24' title='bbox 461 574 637 629; x_wconf 70' lang='lat' dir='ltr'><strong>mada:</strong></span> <span class='ocrx_word' id='word_1_25' title='bbox 677 590 824 644; x_wconf 89' lang='lat' dir='ltr'><strong>pars,</strong></span> <span class='ocrx_word' id='word_1_26' title='bbox 858 575 966 629; x_wconf 93' lang='lat' dir='ltr'><strong>imo</strong></span> <span class='ocrx_word' id='word_1_27' title='bbox 991 583 1046 627; x_wconf 92' lang='lat' dir='ltr'><strong>et</strong></span> <span class='ocrx_word' id='word_1_28' title='bbox 1075 583 1188 628; x_wconf 90' lang='lat' dir='ltr'><strong>tota</strong></span> <span class='ocrx_word' id='word_1_29' title='bbox 1229 573 1349 626; x_wconf 86' lang='lat' dir='ltr'><strong>sine</strong></span> <span class='ocrx_word' id='word_1_30' title='bbox 1379 569 1503 626; x_wconf 90' lang='lat' dir='ltr'><strong>cibo</strong></span> <span class='ocrx_word' id='word_1_31' title='bbox 1554 570 2054 626; x_wconf 88' lang='lat' dir='ltr'><strong>transmittebatur.</strong></span> 
     </span>
    </p>
   </div>
   <div class='ocr_carea' id='block_1_6' title="bbox 460 664 2056 736">
    <p class='ocr_par' dir='ltr' id='par_1_6' title="bbox 460 664 2056 736">
     <span class='ocr_line' id='line_1_6' title="bbox 460 664 2056 736; baseline -0.003 -14"><span class='ocrx_word' id='word_1_32' title='bbox 460 667 644 722; x_wconf 80' lang='lat' dir='ltr'><strong>Prima</strong></span> <span class='ocrx_word' id='word_1_33' title='bbox 679 677 734 722; x_wconf 91' lang='lat' dir='ltr'><strong>et</strong></span> <span class='ocrx_word' id='word_1_34' title='bbox 763 667 1008 722; x_wconf 90' lang='lat' dir='ltr'><strong>secunda</strong></span> <span class='ocrx_word' id='word_1_35' title='bbox 1045 667 1139 722; x_wconf 92' lang='lat' dir='ltr'><strong>toti</strong></span> <span class='ocrx_word' id='word_1_36' title='bbox 1166 665 1443 731; x_wconf 64' lang='lat' dir='ltr'><strong>Ecclesiae,</strong></span> <span class='ocrx_word' id='word_1_37' title='bbox 1475 664 1687 736; x_wconf 87' lang='lat' dir='ltr'><strong>populis</strong></span> <span class='ocrx_word' id='word_1_38' title='bbox 1720 665 1970 716; x_wconf 90' lang='lat' dir='ltr'><strong>omnibus</strong></span> <span class='ocrx_word' id='word_1_39' title='bbox 2004 664 2056 717; x_wconf 92' lang='lat' dir='ltr'><strong>in</strong></span> 
     </span>
    </p>
   </div>
   <div class='ocr_carea' id='block_1_7' title="bbox 462 755 2052 828">
    <p class='ocr_par' dir='ltr' id='par_1_7' title="bbox 462 755 2052 828">
     <span class='ocr_line' id='line_1_7' title="bbox 462 755 2052 828; baseline -0.003 -17"><span class='ocrx_word' id='word_1_40' title='bbox 462 774 613 813; x_wconf 90' lang='lat' dir='ltr'><strong>more</strong></span> <span class='ocrx_word' id='word_1_41' title='bbox 645 759 820 827; x_wconf 89' lang='lat' dir='ltr'><strong>posita</strong></span> <span class='ocrx_word' id='word_1_42' title='bbox 879 758 1015 822; x_wconf 84' lang='lat' dir='ltr'><strong>fuit;</strong></span> <span class='ocrx_word' id='word_1_43' title='bbox 1069 775 1130 812; x_wconf 90' lang='lat' dir='ltr'><strong>ac</strong></span> <span class='ocrx_word' id='word_1_44' title='bbox 1193 758 1420 828; x_wconf 88' lang='lat' dir='ltr'><strong>proinde</strong></span> <span class='ocrx_word' id='word_1_45' title='bbox 1472 757 1580 810; x_wconf 85' lang='lat' dir='ltr'><strong>vim</strong></span> <span class='ocrx_word' id='word_1_46' title='bbox 1634 755 1773 824; x_wconf 84' lang='lat' dir='ltr'><strong>legis</strong></span> <span class='ocrx_word' id='word_1_47' title='bbox 1815 756 2052 809; x_wconf 91' lang='lat' dir='ltr'><strong>habuit:</strong></span> 
     </span>
    </p>
   </div>
   <div class='ocr_carea' id='block_1_8' title="bbox 459 849 2054 921">
    <p class='ocr_par' dir='ltr' id='par_1_8' title="bbox 459 849 2054 921">
     <span class='ocr_line' id='line_1_8' title="bbox 459 849 2054 921; baseline -0.003 -15"><span class='ocrx_word' id='word_1_48' title='bbox 459 862 737 921; x_wconf 89' lang='lat' dir='ltr'><strong>postrema</strong></span> <span class='ocrx_word' id='word_1_49' title='bbox 790 852 857 906; x_wconf 90' lang='lat' dir='ltr'><strong>iis</strong></span> <span class='ocrx_word' id='word_1_50' title='bbox 899 855 1190 915; x_wconf 84' lang='lat' dir='ltr'><strong>duntaxat,</strong></span> <span class='ocrx_word' id='word_1_51' title='bbox 1229 851 1321 920; x_wconf 86' lang='lat' dir='ltr'><strong>qui</strong></span> <span class='ocrx_word' id='word_1_52' title='bbox 1371 865 1486 921; x_wconf 70' lang='lat' dir='ltr'><strong>pra:</strong></span> <span class='ocrx_word' id='word_1_53' title='bbox 1530 850 1744 904; x_wconf 63' lang='lat' dir='ltr'><strong>caeteris</strong></span> <span class='ocrx_word' id='word_1_54' title='bbox 1795 849 2054 917; x_wconf 86' lang='lat' dir='ltr'><strong>pietatem</strong></span> 
     </span>
    </p>
   </div>
   <div class='ocr_carea' id='block_1_9' title="bbox 461 944 2056 1013">
    <p class='ocr_par' dir='ltr' id='par_1_9' title="bbox 461 944 2056 1013">
     <span class='ocr_line' id='line_1_9' title="bbox 461 944 2056 1013; baseline -0.003 -13"><span class='ocrx_word' id='word_1_55' title='bbox 461 947 709 1000; x_wconf 77' lang='lat' dir='ltr'><strong>studiose</strong></span> <span class='ocrx_word' id='word_1_56' title='bbox 743 946 1034 1010; x_wconf 89' lang='lat' dir='ltr'><strong>colebant;</strong></span> <span class='ocrx_word' id='word_1_57' title='bbox 1087 958 1408 1013; x_wconf 89' lang='lat' dir='ltr'><strong>merumque</strong></span> <span class='ocrx_word' id='word_1_58' title='bbox 1435 944 1746 1004; x_wconf 89' lang='lat' dir='ltr'><strong>consilium,</strong></span> <span class='ocrx_word' id='word_1_59' title='bbox 1779 958 1885 996; x_wconf 90' lang='lat' dir='ltr'><strong>non</strong></span> <span class='ocrx_word' id='word_1_60' title='bbox 1917 957 2056 1010; x_wconf 63' lang='lat' dir='ltr'><strong>pra:-</strong></span> 
     </span>
    </p>
   </div>
   <div class='ocr_carea' id='block_1_10' title="bbox 461 1037 2053 1107">
    <p class='ocr_par' dir='ltr' id='par_1_10' title="bbox 461 1037 2053 1107">
     <span class='ocr_line' id='line_1_10' title="bbox 461 1037 2053 1107; baseline -0.003 -15"><span class='ocrx_word' id='word_1_61' title='bbox 461 1048 680 1107; x_wconf 89' lang='lat' dir='ltr'><strong>ceptum</strong></span> <span class='ocrx_word' id='word_1_62' title='bbox 741 1038 866 1095; x_wconf 79' lang='lat' dir='ltr'><strong>fuit.</strong></span> <span class='ocrx_word' id='word_1_63' title='bbox 928 1039 1065 1093; x_wconf 86' lang='lat' dir='ltr'><strong>Hinc</strong></span> <span class='ocrx_word' id='word_1_64' title='bbox 1118 1039 1257 1092; x_wconf 90' lang='lat' dir='ltr'><strong>idem</strong></span> <span class='ocrx_word' id='word_1_65' title='bbox 1310 1037 1654 1106; x_wconf 81' lang='lat' dir='ltr'><strong>Epiphanius</strong></span> <span class='ocrx_word' id='word_1_66' title='bbox 1687 1037 1732 1067; x_wconf 87' lang='lat'><strong>&quot;°</strong></span> <span class='ocrx_word' id='word_1_67' title='bbox 1789 1037 2053 1105; x_wconf 87' lang='lat' dir='ltr'><strong>majorem</strong></span> 
     </span>
    </p>
   </div>
   <div class='ocr_carea' id='block_1_11' title="bbox 461 1130 2055 1204">
    <p class='ocr_par' dir='ltr' id='par_1_11' title="bbox 461 1130 2055 1204">
     <span class='ocr_line' id='line_1_11' title="bbox 461 1130 2055 1204; baseline -0.004 -16"><span class='ocrx_word' id='word_1_68' title='bbox 461 1133 884 1199; x_wconf 85' lang='lat' dir='ltr'><strong>hebdomadam,</strong></span> <span class='ocrx_word' id='word_1_69' title='bbox 907 1134 1005 1204; x_wconf 85' lang='grc' dir='ltr'><strong>τῆς</strong></span> <span class='ocrx_word' id='word_1_70' title='bbox 1022 1131 1357 1203; x_wconf 70' lang='grc' dir='ltr'>ξηροφαγιας</span> <span class='ocrx_word' id='word_1_71' title='bbox 1388 1130 1684 1200; x_wconf 75' lang='grc' dir='ltr'>ἑϐδομάδα,</span> <span class='ocrx_word' id='word_1_72' title='bbox 1718 1131 2055 1197; x_wconf 75' lang='lat' dir='ltr'><strong>xerophagiw</strong></span> 
     </span>
    </p>
   </div>
   <div class='ocr_carea' id='block_1_12' title="bbox 460 1223 2055 1292">
    <p class='ocr_par' dir='ltr' id='par_1_12' title="bbox 460 1223 2055 1292">
     <span class='ocr_line' id='line_1_12' title="bbox 460 1223 2055 1292; baseline -0.002 -14"><span class='ocrx_word' id='word_1_73' title='bbox 460 1227 843 1281; x_wconf 83' lang='lat' dir='ltr'><strong>hebdomadam</strong></span> <span class='ocrx_word' id='word_1_74' title='bbox 872 1236 1052 1280; x_wconf 86' lang='lat' dir='ltr'><strong>vocat.</strong></span> <span class='ocrx_word' id='word_1_75' title='bbox 1113 1225 1178 1278; x_wconf 88' lang='lat' dir='ltr'><strong>Et</strong></span> <span class='ocrx_word' id='word_1_76' title='bbox 1211 1234 1502 1292; x_wconf 89' lang='lat' dir='ltr'><strong>eapropter</strong></span> <span class='ocrx_word' id='word_1_77' title='bbox 1544 1224 1814 1277; x_wconf 82' lang='lat' dir='ltr'><strong>Aerianos</strong></span> <span class='ocrx_word' id='word_1_78' title='bbox 1859 1223 2055 1275; x_wconf 88' lang='lat' dir='ltr'><strong>merito</strong></span> 
     </span>
    </p>
   </div>
   <div class='ocr_carea' id='block_1_13' title="bbox 460 1315 2054 1390">
    <p class='ocr_par' dir='ltr' id='par_1_13' title="bbox 460 1315 2054 1390">
     <span class='ocr_line' id='line_1_13' title="bbox 460 1315 2054 1390; baseline -0.005 -17"><span class='ocrx_word' id='word_1_79' title='bbox 460 1320 802 1390; x_wconf 72' lang='lat' dir='ltr'><strong>perstringit,</strong></span> <span class='ocrx_word' id='word_1_80' title='bbox 838 1319 982 1388; x_wconf 88' lang='lat' dir='ltr'><strong>quod</strong></span> <span class='ocrx_word' id='word_1_81' title='bbox 1029 1317 1212 1370; x_wconf 83' lang='lat' dir='ltr'><strong>diebus</strong></span> <span class='ocrx_word' id='word_1_82' title='bbox 1254 1315 1562 1380; x_wconf 77' lang='lat' dir='ltr'><strong>Paschalis,</strong></span> <span class='ocrx_word' id='word_1_83' title='bbox 1625 1331 1733 1383; x_wconf 91' lang='lat' dir='ltr'><strong>quo</strong></span> <span class='ocrx_word' id='word_1_84' title='bbox 1786 1324 2054 1382; x_wconf 90' lang='lat' dir='ltr'><strong>tempore,</strong></span> 
     </span>
    </p>
   </div>
   <div class='ocr_carea' id='block_1_14' title="bbox 461 1405 2055 1480">
    <p class='ocr_par' dir='ltr' id='par_1_14' title="bbox 461 1405 2055 1480">
     <span class='ocr_line' id='line_1_14' title="bbox 461 1405 2055 1480; baseline -0.005 -15"><span class='ocrx_word' id='word_1_85' title='bbox 461 1412 656 1480; x_wconf 91' lang='lat' dir='ltr'><strong>inquit,</strong></span> <span class='ocrx_word' id='word_1_86' title='bbox 707 1411 970 1466; x_wconf 84' lang='lat' dir='ltr'><strong>catholici</strong></span> <span class='ocrx_word' id='word_1_87' title='bbox 1004 1411 1151 1464; x_wconf 89' lang='lat' dir='ltr'><strong>lmmi</strong></span> <span class='ocrx_word' id='word_1_88' title='bbox 1185 1411 1461 1471; x_wconf 89' lang='lat' dir='ltr'><strong>cubando,</strong></span> <span class='ocrx_word' id='word_1_89' title='bbox 1510 1405 1896 1462; x_wconf 76' lang='lat' dir='ltr'><strong>castimoniam</strong></span> <span class='ocrx_word' id='word_1_90' title='bbox 1936 1419 2055 1458; x_wconf 89' lang='lat' dir='ltr'><strong>ser-</strong></span> 
     </span>
    </p>
   </div>
   <div class='ocr_carea' id='block_1_15' title="bbox 454 1498 2056 1572">
    <p class='ocr_par' dir='ltr' id='par_1_15' title="bbox 454 1498 2056 1572">
     <span class='ocr_line' id='line_1_15' title="bbox 454 1498 2056 1572; baseline -0.002 -17"><span class='ocrx_word' id='word_1_91' title='bbox 454 1503 655 1568; x_wconf 89' lang='lat' dir='ltr'><strong>vando,</strong></span> <span class='ocrx_word' id='word_1_92' title='bbox 704 1503 978 1572; x_wconf 82' lang='lat' dir='ltr'><strong>precibus,</strong></span> <span class='ocrx_word' id='word_1_93' title='bbox 1008 1501 1236 1570; x_wconf 87' lang='lat' dir='ltr'><strong>vigiliis,</strong></span> <span class='ocrx_word' id='word_1_94' title='bbox 1267 1499 1514 1567; x_wconf 88' lang='lat' dir='ltr'><strong>jejuuiis,</strong></span> <span class='ocrx_word' id='word_1_95' title='bbox 1563 1500 1842 1553; x_wconf 83' lang='lat' dir='ltr'><strong>aridorum</strong></span> <span class='ocrx_word' id='word_1_96' title='bbox 1903 1498 2056 1553; x_wconf 91' lang='lat' dir='ltr'><strong>cibo-</strong></span> 
     </span>
    </p>
   </div>
   <div class='ocr_carea' id='block_1_16' title="bbox 456 1576 2056 1666">
    <p class='ocr_par' dir='ltr' id='par_1_16' title="bbox 456 1576 2056 1666">
     <span class='ocr_line' id='line_1_16' title="bbox 456 1576 2056 1666; baseline -0.005 -15"><span class='ocrx_word' id='word_1_97' title='bbox 456 1613 576 1651; x_wconf 90' lang='lat' dir='ltr'><strong>rum</strong></span> <span class='ocrx_word' id='word_1_98' title='bbox 607 1613 730 1659; x_wconf 91' lang='lat' dir='ltr'><strong>usu,</strong></span> <span class='ocrx_word' id='word_1_99' title='bbox 760 1597 990 1666; x_wconf 86' lang='lat' dir='ltr'><strong>aliisque</strong></span> <span class='ocrx_word' id='word_1_100' title='bbox 1019 1595 1071 1648; x_wconf 90' lang='lat' dir='ltr'><strong>id</strong></span> <span class='ocrx_word' id='word_1_101' title='bbox 1099 1607 1272 1662; x_wconf 85' lang='lat' dir='ltr'><strong>genus</strong></span> <span class='ocrx_word' id='word_1_102' title='bbox 1303 1576 1756 1646; x_wconf 86' lang='lat' dir='ltr'><strong>aﬁlictatiouibus</strong></span> <span class='ocrx_word' id='word_1_103' title='bbox 1780 1605 1978 1658; x_wconf 90' lang='lat' dir='ltr'><strong>corpus</strong></span> <span class='ocrx_word' id='word_1_104' title='bbox 2001 1599 2056 1644; x_wconf 92' lang='lat' dir='ltr'><strong>et</strong></span> 
     </span>
    </p>
   </div>
   <div class='ocr_carea' id='block_1_17' title="bbox 458 1685 2053 1756">
    <p class='ocr_par' dir='ltr' id='par_1_17' title="bbox 458 1685 2053 1756">
     <span class='ocr_line' id='line_1_17' title="bbox 458 1685 2053 1756; baseline -0.004 -11"><span class='ocrx_word' id='word_1_105' title='bbox 458 1691 698 1746; x_wconf 89' lang='lat' dir='ltr'><strong>animam</strong></span> <span class='ocrx_word' id='word_1_106' title='bbox 736 1705 934 1745; x_wconf 78' lang='lat' dir='ltr'><strong>vexare</strong></span> <span class='ocrx_word' id='word_1_107' title='bbox 970 1689 1258 1755; x_wconf 81' lang='lat' dir='ltr'><strong>solebant;</strong></span> <span class='ocrx_word' id='word_1_108' title='bbox 1305 1687 1694 1756; x_wconf 63' lang='lat' dir='ltr'><strong>ipsi’carnibus</strong></span> <span class='ocrx_word' id='word_1_109' title='bbox 1732 1685 1906 1748; x_wconf 85' lang='lat' dir='ltr'><strong>vesci,</strong></span> <span class='ocrx_word' id='word_1_110' title='bbox 1936 1686 2053 1755; x_wconf 84' lang='lat' dir='ltr'><strong>agi-</strong></span> 
     </span>
    </p>
   </div>
   <div class='ocr_carea' id='block_1_18' title="bbox 457 1778 2049 1849">
    <p class='ocr_par' dir='ltr' id='par_1_18' title="bbox 457 1778 2049 1849">
     <span class='ocr_line' id='line_1_18' title="bbox 457 1778 2049 1849; baseline -0.005 -11"><span class='ocrx_word' id='word_1_111' title='bbox 457 1796 577 1841; x_wconf 88' lang='lat' dir='ltr'><strong>lare</strong></span> <span class='ocrx_word' id='word_1_112' title='bbox 634 1784 907 1849; x_wconf 89' lang='lat' dir='ltr'><strong>convivia,</strong></span> <span class='ocrx_word' id='word_1_113' title='bbox 958 1793 1014 1836; x_wconf 90' lang='lat' dir='ltr'><strong>et</strong></span> <span class='ocrx_word' id='word_1_114' title='bbox 1071 1781 1243 1835; x_wconf 83' lang='lat' dir='ltr'><strong>eﬁ‘use</strong></span> <span class='ocrx_word' id='word_1_115' title='bbox 1294 1780 1461 1834; x_wconf 60' lang='lat' dir='ltr'><strong>laetari</strong></span> <span class='ocrx_word' id='word_1_116' title='bbox 1493 1794 1599 1832; x_wconf 91' lang='lat' dir='ltr'><strong>non</strong></span> <span class='ocrx_word' id='word_1_117' title='bbox 1639 1778 2049 1832; x_wconf 85' lang='lat' dir='ltr'><strong>erubescerent.</strong></span> 
     </span>
    </p>
   </div>
   <div class='ocr_carea' id='block_1_19' title="bbox 2167 569 3762 638">
    <p class='ocr_par' dir='ltr' id='par_1_19' title="bbox 2167 569 3762 638">
     <span class='ocr_line' id='line_1_19' title="bbox 2167 569 3762 638; baseline 0.001 -18"><span class='ocrx_word' id='word_1_118' title='bbox 2167 569 2270 622; x_wconf 89' lang='lat' dir='ltr'><strong>lam</strong></span> <span class='ocrx_word' id='word_1_119' title='bbox 2331 571 2390 621; x_wconf 85' lang='lat' dir='ltr'><strong>tit</strong></span> <span class='ocrx_word' id='word_1_120' title='bbox 2436 571 2798 638; x_wconf 89' lang='lat' dir='ltr'><strong>quarumdam</strong></span> <span class='ocrx_word' id='word_1_121' title='bbox 2859 569 3234 624; x_wconf 76' lang='lat' dir='ltr'><strong>Ecclesiarum</strong></span> <span class='ocrx_word' id='word_1_122' title='bbox 3291 569 3762 624; x_wconf 86' lang='lat' dir='ltr'><strong>consuetudinem</strong></span> 
     </span>
    </p>
   </div>
   <div class='ocr_carea' id='block_1_20' title="bbox 2162 660 3750 735">
    <p class='ocr_par' dir='ltr' id='par_1_20' title="bbox 2162 660 3750 735">
     <span class='ocr_line' id='line_1_20' title="bbox 2162 660 3750 735; baseline 0.004 -21"><span class='ocrx_word' id='word_1_123' title='bbox 2162 660 2333 716; x_wconf 81' lang='lat' dir='ltr'><strong>fuisse</strong></span> <span class='ocrx_word' id='word_1_124' title='bbox 2365 679 2469 718; x_wconf 93' lang='lat' dir='ltr'><strong>non</strong></span> <span class='ocrx_word' id='word_1_125' title='bbox 2500 665 2658 717; x_wconf 89' lang='lat' dir='ltr'><strong>modo</strong></span> <span class='ocrx_word' id='word_1_126' title='bbox 2683 679 2778 733; x_wconf 90' lang='lat' dir='ltr'><strong>per</strong></span> <span class='ocrx_word' id='word_1_127' title='bbox 2812 679 2904 718; x_wconf 89' lang='lat' dir='ltr'><strong>sex</strong></span> <span class='ocrx_word' id='word_1_128' title='bbox 2945 675 3280 733; x_wconf 88' lang='lat' dir='ltr'><strong>postremos,</strong></span> <span class='ocrx_word' id='word_1_129' title='bbox 3317 666 3412 718; x_wconf 92' lang='lat' dir='ltr'><strong>sed</strong></span> <span class='ocrx_word' id='word_1_130' title='bbox 3453 674 3507 720; x_wconf 92' lang='lat' dir='ltr'><strong>et</strong></span> <span class='ocrx_word' id='word_1_131' title='bbox 3538 681 3638 735; x_wconf 90' lang='lat' dir='ltr'><strong>per</strong></span> <span class='ocrx_word' id='word_1_132' title='bbox 3668 677 3750 720; x_wconf 74' lang='lat' dir='ltr'><strong>to~</strong></span> 
     </span>
    </p>
   </div>
   <div class='ocr_carea' id='block_1_21' title="bbox 2167 737 3767 827">
    <p class='ocr_par' dir='ltr' id='par_1_21' title="bbox 2167 737 3767 827">
     <span class='ocr_line' id='line_1_21' title="bbox 2167 737 3767 827; baseline 0.003 -20"><span class='ocrx_word' id='word_1_133' title='bbox 2167 757 2627 827; x_wconf 82' lang='lat' dir='ltr'><strong>tosquadraginta</strong></span> <span class='ocrx_word' id='word_1_134' title='bbox 2660 758 2778 811; x_wconf 86' lang='lat' dir='ltr'><strong>dies</strong></span> <span class='ocrx_word' id='word_1_135' title='bbox 2803 758 2974 811; x_wconf 91' lang='lat' dir='ltr'><strong>aridis</strong></span> <span class='ocrx_word' id='word_1_136' title='bbox 3004 737 3140 812; x_wconf 81' lang='lat' dir='ltr'><strong>cibis</strong></span> <span class='ocrx_word' id='word_1_137' title='bbox 3167 758 3335 812; x_wconf 86' lang='lat' dir='ltr'><strong>vesci.</strong></span> <span class='ocrx_word' id='word_1_138' title='bbox 3371 757 3608 813; x_wconf 86' lang='lat' dir='ltr'><strong>Aliunde</strong></span> <span class='ocrx_word' id='word_1_139' title='bbox 3624 775 3767 814; x_wconf 78' lang='lat' dir='ltr'><strong>vero</strong></span> 
     </span>
    </p>
   </div>
   <div class='ocr_carea' id='block_1_22' title="bbox 2165 850 3764 922">
    <p class='ocr_par' dir='ltr' id='par_1_22' title="bbox 2165 850 3764 922">
     <span class='ocr_line' id='line_1_22' title="bbox 2165 850 3764 922; baseline 0.003 -22"><span class='ocrx_word' id='word_1_140' title='bbox 2165 859 2421 902; x_wconf 80' lang='lat' dir='ltr'><strong>testatum</strong></span> <span class='ocrx_word' id='word_1_141' title='bbox 2460 850 2590 905; x_wconf 80' lang='lat' dir='ltr'><strong>facit</strong></span> <span class='ocrx_word' id='word_1_142' title='bbox 2649 851 2907 905; x_wconf 73' lang='lat' dir='ltr'><strong>Socrates</strong></span> <span class='ocrx_word' id='word_1_143' title='bbox 2951 850 3032 912; x_wconf 70' lang='grc' dir='ltr'><strong>τ’.</strong></span> <span class='ocrx_word' id='word_1_144' title='bbox 3073 852 3258 907; x_wconf 89' lang='lat' dir='ltr'><strong>ﬁdeles</strong></span> <span class='ocrx_word' id='word_1_145' title='bbox 3303 852 3764 922; x_wconf 88' lang='lat' dir='ltr'><strong>aute-paschalia</strong></span> 
     </span>
    </p>
   </div>
   <div class='ocr_carea' id='block_1_23' title="bbox 2129 940 3764 1009">
    <p class='ocr_par' dir='ltr' id='par_1_23' title="bbox 2129 940 3764 1009">
     <span class='ocr_line' id='line_1_23' title="bbox 2129 940 3764 1009; baseline 0.004 -18"><span class='ocrx_word' id='word_1_146' title='bbox 2129 940 2359 1009; x_wconf 84' lang='lat' dir='ltr'><strong>&#39;jejunia</strong></span> <span class='ocrx_word' id='word_1_147' title='bbox 2394 954 2700 1006; x_wconf 79' lang='lat' dir='ltr'><strong>servantes,</strong></span> <span class='ocrx_word' id='word_1_148' title='bbox 2739 962 2841 999; x_wconf 86' lang='lat' dir='ltr'><strong>non</strong></span> <span class='ocrx_word' id='word_1_149' title='bbox 2870 946 2926 999; x_wconf 89' lang='lat' dir='ltr'><strong>in</strong></span> <span class='ocrx_word' id='word_1_150' title='bbox 2954 961 3173 1000; x_wconf 88' lang='lat' dir='ltr'><strong>numero</strong></span> <span class='ocrx_word' id='word_1_151' title='bbox 3207 946 3413 999; x_wconf 89' lang='lat' dir='ltr'><strong>dierum</strong></span> <span class='ocrx_word' id='word_1_152' title='bbox 3459 946 3764 1006; x_wconf 72' lang='lat' dir='ltr'><strong>duntaxat.</strong></span> 
     </span>
    </p>
   </div>
   <div class='ocr_carea' id='block_1_24' title="bbox 2162 1038 3766 1094">
    <p class='ocr_par' dir='ltr' id='par_1_24' title="bbox 2162 1038 3766 1094">
     <span class='ocr_line' id='line_1_24' title="bbox 2162 1038 3766 1094; baseline 0.004 -8"><span class='ocrx_word' id='word_1_153' title='bbox 2162 1051 2339 1088; x_wconf 84' lang='lat' dir='ltr'><strong>verum</strong></span> <span class='ocrx_word' id='word_1_154' title='bbox 2363 1038 2523 1090; x_wconf 81' lang='lat' dir='ltr'><strong>etiam</strong></span> <span class='ocrx_word' id='word_1_155' title='bbox 2561 1039 2616 1091; x_wconf 88' lang='lat' dir='ltr'><strong>in</strong></span> <span class='ocrx_word' id='word_1_156' title='bbox 2653 1039 2890 1092; x_wconf 86' lang='lat' dir='ltr'><strong>ciborum</strong></span> <span class='ocrx_word' id='word_1_157' title='bbox 2921 1040 3246 1094; x_wconf 75' lang='lat' dir='ltr'><strong>abstinentia</strong></span> <span class='ocrx_word' id='word_1_158' title='bbox 3277 1042 3418 1094; x_wconf 89' lang='lat' dir='ltr'><strong>inter</strong></span> <span class='ocrx_word' id='word_1_159' title='bbox 3446 1056 3502 1094; x_wconf 82' lang='lat' dir='ltr'><strong>se</strong></span> <span class='ocrx_word' id='word_1_160' title='bbox 3545 1041 3766 1094; x_wconf 78' lang='lat' dir='ltr'><strong>discre-</strong></span> 
     </span>
    </p>
   </div>
   <div class='ocr_carea' id='block_1_25' title="bbox 2160 1129 3766 1201">
    <p class='ocr_par' dir='ltr' id='par_1_25' title="bbox 2160 1129 3766 1201">
     <span class='ocr_line' id='line_1_25' title="bbox 2160 1129 3766 1201; baseline 0.006 -23"><span class='ocrx_word' id='word_1_161' title='bbox 2160 1143 2332 1194; x_wconf 83' lang='lat' dir='ltr'><strong>posse.</strong></span> <span class='ocrx_word' id='word_1_162' title='bbox 2362 1131 2501 1181; x_wconf 86' lang='lat' dir='ltr'><strong>Nam</strong></span> <span class='ocrx_word' id='word_1_163' title='bbox 2532 1129 2627 1183; x_wconf 82' lang='lat' dir='ltr'><strong>alii</strong></span> <span class='ocrx_word' id='word_1_164' title='bbox 2660 1131 2894 1199; x_wconf 86' lang='lat' dir='ltr'><strong>quidem,</strong></span> <span class='ocrx_word' id='word_1_165' title='bbox 2917 1131 3132 1201; x_wconf 64' lang='lat' dir='ltr'><strong>,inquit,</strong></span> <span class='ocrx_word' id='word_1_166' title='bbox 3165 1133 3229 1185; x_wconf 92' lang='lat' dir='ltr'><strong>ab</strong></span> <span class='ocrx_word' id='word_1_167' title='bbox 3257 1133 3510 1186; x_wconf 89' lang='lat' dir='ltr'><strong>animatis</strong></span> <span class='ocrx_word' id='word_1_168' title='bbox 3541 1134 3766 1201; x_wconf 72' lang='lat' dir='ltr'><strong>penitus</strong></span> 
     </span>
    </p>
   </div>
   <div class='ocr_carea' id='block_1_26' title="bbox 2160 1221 3762 1293">
    <p class='ocr_par' dir='ltr' id='par_1_26' title="bbox 2160 1221 3762 1293">
     <span class='ocr_line' id='line_1_26' title="bbox 2160 1221 3762 1293; baseline 0.005 -21"><span class='ocrx_word' id='word_1_169' title='bbox 2160 1222 2457 1285; x_wconf 88' lang='lat' dir='ltr'><strong>abstinent;</strong></span> <span class='ocrx_word' id='word_1_170' title='bbox 2489 1221 2587 1275; x_wconf 88' lang='lat' dir='ltr'><strong>alii</strong></span> <span class='ocrx_word' id='word_1_171' title='bbox 2619 1240 2682 1276; x_wconf 76' lang='lat' dir='ltr'><strong>ex</strong></span> <span class='ocrx_word' id='word_1_172' title='bbox 2712 1225 3072 1278; x_wconf 81' lang='lat' dir='ltr'><strong>animantibus</strong></span> <span class='ocrx_word' id='word_1_173' title='bbox 3095 1226 3262 1293; x_wconf 86' lang='lat' dir='ltr'><strong>pisces</strong></span> <span class='ocrx_word' id='word_1_174' title='bbox 3283 1225 3425 1278; x_wconf 87' lang='lat' dir='ltr'><strong>solos</strong></span> <span class='ocrx_word' id='word_1_175' title='bbox 3444 1226 3762 1280; x_wconf 75' lang='lat' dir='ltr'><strong>comedunt.</strong></span> 
     </span>
    </p>
   </div>
   <div class='ocr_carea' id='block_1_27' title="bbox 2164 1311 3768 1386">
    <p class='ocr_par' dir='ltr' id='par_1_27' title="bbox 2164 1311 3768 1386">
     <span class='ocr_line' id='line_1_27' title="bbox 2164 1311 3768 1386; baseline 0.007 -21"><span class='ocrx_word' id='word_1_176' title='bbox 2164 1311 2426 1367; x_wconf 79' lang='lat' dir='ltr'><strong>Nonnulli</strong></span> <span class='ocrx_word' id='word_1_177' title='bbox 2459 1333 2576 1370; x_wconf 85' lang='lat' dir='ltr'><strong>cum</strong></span> <span class='ocrx_word' id='word_1_178' title='bbox 2629 1318 2861 1386; x_wconf 84' lang='lat' dir='ltr'><strong>piscibus</strong></span> <span class='ocrx_word' id='word_1_179' title='bbox 2899 1321 3060 1373; x_wconf 87' lang='lat' dir='ltr'><strong>etiam</strong></span> <span class='ocrx_word' id='word_1_180' title='bbox 3092 1320 3277 1372; x_wconf 85' lang='lat' dir='ltr'><strong>avibus</strong></span> <span class='ocrx_word' id='word_1_181' title='bbox 3327 1329 3652 1386; x_wconf 82' lang='lat' dir='ltr'><strong>vescuntur;</strong></span> <span class='ocrx_word' id='word_1_182' title='bbox 3691 1338 3768 1376; x_wconf 67' lang='lat' dir='ltr'><strong>ex</strong></span> 
     </span>
    </p>
   </div>
   <div class='ocr_carea' id='block_1_28' title="bbox 2159 1409 3766 1481">
    <p class='ocr_par' dir='ltr' id='par_1_28' title="bbox 2159 1409 3766 1481">
     <span class='ocr_line' id='line_1_28' title="bbox 2159 1409 3766 1481; baseline 0.006 -21"><span class='ocrx_word' id='word_1_183' title='bbox 2159 1409 2331 1475; x_wconf 86' lang='lat' dir='ltr'><strong>aquis,</strong></span> <span class='ocrx_word' id='word_1_184' title='bbox 2359 1419 2416 1461; x_wconf 92' lang='lat' dir='ltr'><strong>ut</strong></span> <span class='ocrx_word' id='word_1_185' title='bbox 2444 1420 2523 1462; x_wconf 80' lang='lat' dir='ltr'><strong>est</strong></span> <span class='ocrx_word' id='word_1_186' title='bbox 2549 1412 2690 1478; x_wconf 83' lang='lat' dir='ltr'><strong>apud</strong></span> <span class='ocrx_word' id='word_1_187' title='bbox 2716 1410 2935 1481; x_wconf 83' lang='lat' dir='ltr'><strong>Moysen</strong></span> <span class='ocrx_word' id='word_1_188' title='bbox 2955 1413 3020 1476; x_wconf 80' lang='grc'><strong>⁷³,</strong></span> <span class='ocrx_word' id='word_1_189' title='bbox 3047 1429 3136 1466; x_wconf 88' lang='lat' dir='ltr'><strong>eas</strong></span> <span class='ocrx_word' id='word_1_190' title='bbox 3156 1428 3362 1481; x_wconf 86' lang='lat' dir='ltr'><strong>quoque</strong></span> <span class='ocrx_word' id='word_1_191' title='bbox 3378 1415 3620 1468; x_wconf 87' lang='lat' dir='ltr'><strong>conditas</strong></span> <span class='ocrx_word' id='word_1_192' title='bbox 3643 1431 3766 1469; x_wconf 76' lang='lat' dir='ltr'><strong>esse</strong></span> 
     </span>
    </p>
   </div>
   <div class='ocr_carea' id='block_1_29' title="bbox 2159 1500 3764 1572">
    <p class='ocr_par' dir='ltr' id='par_1_29' title="bbox 2159 1500 3764 1572">
     <span class='ocr_line' id='line_1_29' title="bbox 2159 1500 3764 1572; baseline 0.006 -22"><span class='ocrx_word' id='word_1_193' title='bbox 2159 1500 2506 1569; x_wconf 70' lang='lat' dir='ltr'><strong>affirmantes.</strong></span> <span class='ocrx_word' id='word_1_194' title='bbox 2548 1501 2781 1566; x_wconf 83' lang='lat' dir='ltr'><strong>Quidam</strong></span> <span class='ocrx_word' id='word_1_195' title='bbox 2817 1505 2881 1555; x_wconf 91' lang='lat' dir='ltr'><strong>ab</strong></span> <span class='ocrx_word' id='word_1_196' title='bbox 2907 1505 3054 1558; x_wconf 88' lang='lat' dir='ltr'><strong>omni</strong></span> <span class='ocrx_word' id='word_1_197' title='bbox 3081 1505 3333 1558; x_wconf 87' lang='lat' dir='ltr'><strong>arborum</strong></span> <span class='ocrx_word' id='word_1_198' title='bbox 3375 1503 3555 1572; x_wconf 80' lang='lat' dir='ltr'><strong>[ructu</strong></span> <span class='ocrx_word' id='word_1_199' title='bbox 3595 1515 3644 1560; x_wconf 87' lang='lat' dir='ltr'><strong>et</strong></span> <span class='ocrx_word' id='word_1_200' title='bbox 3688 1505 3764 1559; x_wconf 73' lang='lat' dir='ltr'><strong>ab</strong></span> 
     </span>
    </p>
   </div>
   <div class='ocr_carea' id='block_1_30' title="bbox 2160 1593 3767 1666">
    <p class='ocr_par' dir='ltr' id='par_1_30' title="bbox 2160 1593 3767 1666">
     <span class='ocr_line' id='line_1_30' title="bbox 2160 1593 3767 1666; baseline 0.004 -20"><span class='ocrx_word' id='word_1_201' title='bbox 2160 1595 2268 1647; x_wconf 88' lang='lat' dir='ltr'><strong>ovis</strong></span> <span class='ocrx_word' id='word_1_202' title='bbox 2297 1593 2581 1651; x_wconf 75' lang='lat' dir='ltr'><strong>abstinent.</strong></span> <span class='ocrx_word' id='word_1_203' title='bbox 2616 1596 2847 1661; x_wconf 82' lang='lat' dir='ltr'><strong>Quidam</strong></span> <span class='ocrx_word' id='word_1_204' title='bbox 2874 1598 2986 1650; x_wconf 92' lang='lat' dir='ltr'><strong>solo</strong></span> <span class='ocrx_word' id='word_1_205' title='bbox 3018 1610 3302 1652; x_wconf 83' lang='lat' dir='ltr'><strong>vescuntur</strong></span> <span class='ocrx_word' id='word_1_206' title='bbox 3344 1615 3518 1666; x_wconf 86' lang='lat' dir='ltr'><strong>pane;</strong></span> <span class='ocrx_word' id='word_1_207' title='bbox 3549 1599 3650 1651; x_wconf 96' lang='lat' dir='ltr'><strong>alii</strong></span> <span class='ocrx_word' id='word_1_208' title='bbox 3693 1615 3767 1652; x_wconf 84' lang='lat' dir='ltr'><strong>ne</strong></span> 
     </span>
    </p>
   </div>
   <div class='ocr_carea' id='block_1_31' title="bbox 2161 1688 3765 1760">
    <p class='ocr_par' dir='ltr' id='par_1_31' title="bbox 2161 1688 3765 1760">
     <span class='ocr_line' id='line_1_31' title="bbox 2161 1688 3765 1760; baseline 0.004 -22"><span class='ocrx_word' id='word_1_209' title='bbox 2161 1689 2259 1742; x_wconf 80' lang='lat' dir='ltr'><strong>hoc</strong></span> <span class='ocrx_word' id='word_1_210' title='bbox 2283 1688 2494 1758; x_wconf 83' lang='lat' dir='ltr'><strong>quidem</strong></span> <span class='ocrx_word' id='word_1_211' title='bbox 2537 1699 2781 1743; x_wconf 86' lang='lat' dir='ltr'><strong>utuntur.</strong></span> <span class='ocrx_word' id='word_1_212' title='bbox 2819 1689 3082 1744; x_wconf 83' lang='lat' dir='ltr'><strong>Nonnulli</strong></span> <span class='ocrx_word' id='word_1_213' title='bbox 3118 1707 3278 1760; x_wconf 82' lang='lat' dir='ltr'><strong>usque</strong></span> <span class='ocrx_word' id='word_1_214' title='bbox 3322 1692 3391 1744; x_wconf 89' lang='lat' dir='ltr'><strong>ad</strong></span> <span class='ocrx_word' id='word_1_215' title='bbox 3438 1692 3627 1744; x_wconf 79' lang='lat' dir='ltr'><strong>horam</strong></span> <span class='ocrx_word' id='word_1_216' title='bbox 3660 1707 3765 1744; x_wconf 84' lang='lat' dir='ltr'><strong>no-</strong></span> 
     </span>
    </p>
   </div>
   <div class='ocr_carea' id='block_1_32' title="bbox 2161 1781 3765 1852">
    <p class='ocr_par' dir='ltr' id='par_1_32' title="bbox 2161 1781 3765 1852">
     <span class='ocr_line' id='line_1_32' title="bbox 2161 1781 3765 1852; baseline 0.001 -18"><span class='ocrx_word' id='word_1_217' title='bbox 2161 1798 2282 1834; x_wconf 85' lang='lat' dir='ltr'><strong>nam</strong></span> <span class='ocrx_word' id='word_1_218' title='bbox 2311 1781 2636 1850; x_wconf 87' lang='lat' dir='ltr'><strong>jejunantes,</strong></span> <span class='ocrx_word' id='word_1_219' title='bbox 2669 1784 2850 1850; x_wconf 82' lang='lat' dir='ltr'><strong>quovis</strong></span> <span class='ocrx_word' id='word_1_220' title='bbox 2873 1783 3092 1850; x_wconf 78' lang='lat' dir='ltr'><strong>post/iac</strong></span> <span class='ocrx_word' id='word_1_221' title='bbox 3118 1783 3357 1836; x_wconf 88' lang='lat' dir='ltr'><strong>ciborum</strong></span> <span class='ocrx_word' id='word_1_222' title='bbox 3380 1799 3568 1852; x_wconf 87' lang='lat' dir='ltr'><strong>genere</strong></span> <span class='ocrx_word' id='word_1_223' title='bbox 3592 1793 3765 1836; x_wconf 76' lang='lat' dir='ltr'><strong>utun—</strong></span> 
     </span>
    </p>
   </div>
   <div class='ocr_carea' id='block_1_33' title="bbox 456 1839 3758 1947">
    <p class='ocr_par' dir='ltr' id='par_1_33' title="bbox 456 1839 3758 1947">
     <span class='ocr_line' id='line_1_33' title="bbox 456 1839 3758 1947; baseline -0.001 -15"><span class='ocrx_word' id='word_1_224' title='bbox 456 1877 764 1947; x_wconf 86' lang='lat' dir='ltr'><strong>Epiphanio</strong></span> <span class='ocrx_word' id='word_1_225' title='bbox 781 1875 1136 1930; x_wconf 88' lang='lat' dir='ltr'><strong>consentiunt</strong></span> <span class='ocrx_word' id='word_1_226' title='bbox 1157 1873 1587 1928; x_wconf 82' lang='lat' dir='ltr'><strong>Coustitutioues</strong></span> <span class='ocrx_word' id='word_1_227' title='bbox 1602 1871 1966 1940; x_wconf 86' lang='lat' dir='ltr'><strong>apostolorum</strong></span> <span class='ocrx_word' id='word_1_228' title='bbox 1987 1873 2056 1936; x_wconf 70' lang='grc' dir='ltr'><strong>τι,</strong></span> <span class='ocrx_word' id='word_1_229' title='bbox 2088 1839 2130 1894; x_wconf 77' lang='grc' dir='ltr'><strong>Β</strong></span> <span class='ocrx_word' id='word_1_230' title='bbox 2161 1882 2250 1924; x_wconf 90' lang='lat' dir='ltr'><strong>tur</strong></span> <span class='ocrx_word' id='word_1_231' title='bbox 2272 1875 2470 1942; x_wconf 83' lang='lat' dir='ltr'><strong>absque</strong></span> <span class='ocrx_word' id='word_1_232' title='bbox 2501 1872 2828 1927; x_wconf 85' lang='lat' dir='ltr'><strong>discrimine.</strong></span> <span class='ocrx_word' id='word_1_233' title='bbox 2864 1877 2968 1928; x_wconf 80' lang='lat' dir='ltr'><strong>Atii</strong></span> <span class='ocrx_word' id='word_1_234' title='bbox 2998 1874 3107 1927; x_wconf 83' lang='lat' dir='ltr'><strong>alia</strong></span> <span class='ocrx_word' id='word_1_235' title='bbox 3133 1875 3758 1944; x_wconf 69' lang='lat' dir='ltr'><strong>rationejejunant,etc.</strong></span> 
     </span>
    </p>
   </div>
   <div class='ocr_carea' id='block_1_34' title="bbox 455 1964 2054 2039">
    <p class='ocr_par' dir='ltr' id='par_1_34' title="bbox 455 1964 2054 2039">
     <span class='ocr_line' id='line_1_34' title="bbox 455 1964 2054 2039; baseline -0.003 -15"><span class='ocrx_word' id='word_1_236' title='bbox 455 1971 598 2024; x_wconf 81' lang='lat' dir='ltr'><strong>l&#39;also</strong></span> <span class='ocrx_word' id='word_1_237' title='bbox 657 1969 878 2039; x_wconf 91' lang='lat' dir='ltr'><strong>quidem</strong></span> <span class='ocrx_word' id='word_1_238' title='bbox 939 1969 1015 2021; x_wconf 90' lang='lat' dir='ltr'><strong>ita</strong></span> <span class='ocrx_word' id='word_1_239' title='bbox 1078 1975 1446 2036; x_wconf 56' lang='lat' dir='ltr'><strong>nuncupatas,</strong></span> <span class='ocrx_word' id='word_1_240' title='bbox 1507 1964 1814 2033; x_wconf 89' lang='lat' dir='ltr'><strong>Epiphanio</strong></span> <span class='ocrx_word' id='word_1_241' title='bbox 1873 1975 2054 2019; x_wconf 89' lang='lat' dir='ltr'><strong>tamen</strong></span> 
     </span>
    </p>
   </div>
   <div class='ocr_carea' id='block_1_35' title="bbox 460 2053 2055 2131">
    <p class='ocr_par' dir='ltr' id='par_1_35' title="bbox 460 2053 2055 2131">
     <span class='ocr_line' id='line_1_35' title="bbox 460 2053 2055 2131; baseline -0.004 -13"><span class='ocrx_word' id='word_1_242' title='bbox 460 2063 802 2131; x_wconf 82' lang='lat' dir='ltr'><strong>antiquiores</strong></span> <span class='ocrx_word' id='word_1_243' title='bbox 865 2079 880 2114; x_wconf 89' lang='lat'><strong>:</strong></span> <span class='ocrx_word' id='word_1_244' title='bbox 946 2059 1034 2113; x_wconf 88' lang='grc' dir='ltr'>Ἐν</span> <span class='ocrx_word' id='word_1_245' title='bbox 1089 2063 1222 2123; x_wconf 81' lang='grc' dir='ltr'>ταῖς</span> <span class='ocrx_word' id='word_1_246' title='bbox 1266 2059 1501 2130; x_wconf 80' lang='grc' dir='ltr'><strong>ἡμέραις</strong></span> <span class='ocrx_word' id='word_1_247' title='bbox 1547 2053 1638 2111; x_wconf 81' lang='grc' dir='ltr'><strong>οὖν</strong></span> <span class='ocrx_word' id='word_1_248' title='bbox 1707 2058 1802 2111; x_wconf 79' lang='grc' dir='ltr'><strong>τοῦ</strong></span> <span class='ocrx_word' id='word_1_249' title='bbox 1863 2058 2055 2129; x_wconf 83' lang='grc' dir='ltr'><strong>Πάσχα</strong></span> 
     </span>
    </p>
   </div>
   <div class='ocr_carea' id='block_1_36' title="bbox 457 2152 2055 2228">
    <p class='ocr_par' dir='ltr' id='par_1_36' title="bbox 457 2152 2055 2228">
     <span class='ocr_line' id='line_1_36' title="bbox 457 2152 2055 2228; baseline -0.002 -19"><span class='ocrx_word' id='word_1_250' title='bbox 457 2156 767 2228; x_wconf 79' lang='grc' dir='ltr'>νηστεύετε,</span> <span class='ocrx_word' id='word_1_251' title='bbox 803 2156 1097 2226; x_wconf 84' lang='grc' dir='ltr'>ἀρχόμενοι</span> <span class='ocrx_word' id='word_1_252' title='bbox 1129 2153 1237 2207; x_wconf 84' lang='grc' dir='ltr'><strong>ἀπὸ</strong></span> <span class='ocrx_word' id='word_1_253' title='bbox 1268 2152 1529 2224; x_wconf 76' lang='grc' dir='ltr'><strong>δευτέρας</strong></span> <span class='ocrx_word' id='word_1_254' title='bbox 1562 2153 1722 2224; x_wconf 81' lang='grc' dir='ltr'>μέχρι</span> <span class='ocrx_word' id='word_1_255' title='bbox 1746 2153 1846 2223; x_wconf 83' lang='grc' dir='ltr'><strong>τῆς</strong></span> <span class='ocrx_word' id='word_1_256' title='bbox 1875 2171 2055 2224; x_wconf 87' lang='grc' dir='ltr'>παρα-</span> 
     </span>
    </p>
   </div>
   <div class='ocr_carea' id='block_1_37' title="bbox 458 2245 2055 2319">
    <p class='ocr_par' dir='ltr' id='par_1_37' title="bbox 458 2245 2055 2319">
     <span class='ocr_line' id='line_1_37' title="bbox 458 2245 2055 2319; baseline -0.003 -15"><span class='ocrx_word' id='word_1_257' title='bbox 458 2249 681 2319; x_wconf 70' lang='grc' dir='ltr'>σκευῆς,</span> <span class='ocrx_word' id='word_1_258' title='bbox 719 2249 812 2301; x_wconf 78' lang='grc' dir='ltr'><strong>καὶ</strong></span> <span class='ocrx_word' id='word_1_259' title='bbox 869 2247 1171 2310; x_wconf 77' lang='grc' dir='ltr'><strong>Σαϐϐάτου,</strong></span> <span class='ocrx_word' id='word_1_260' title='bbox 1203 2245 1263 2310; x_wconf 81' lang='grc' dir='ltr'>ἓξ</span> <span class='ocrx_word' id='word_1_261' title='bbox 1314 2245 1526 2317; x_wconf 81' lang='grc' dir='ltr'>ἡμέρας</span> <span class='ocrx_word' id='word_1_262' title='bbox 1579 2247 1725 2316; x_wconf 78' lang='grc' dir='ltr'><strong>μόνῳ</strong></span> <span class='ocrx_word' id='word_1_263' title='bbox 1783 2245 2055 2316; x_wconf 81' lang='grc' dir='ltr'>χρώμενοι</span> 
     </span>
    </p>
   </div>
   <div class='ocr_carea' id='block_1_38' title="bbox 457 2339 2054 2415">
    <p class='ocr_par' dir='ltr' id='par_1_38' title="bbox 457 2339 2054 2415">
     <span class='ocr_line' id='line_1_38' title="bbox 457 2339 2054 2415; baseline -0.003 -18"><span class='ocrx_word' id='word_1_264' title='bbox 457 2345 631 2415; x_wconf 77' lang='grc' dir='ltr'>ἄρτῳ,</span> <span class='ocrx_word' id='word_1_265' title='bbox 669 2342 762 2396; x_wconf 74' lang='grc' dir='ltr'>καὶ</span> <span class='ocrx_word' id='word_1_266' title='bbox 795 2341 904 2405; x_wconf 79' lang='grc' dir='ltr'><strong>ἁλὶ,</strong></span> <span class='ocrx_word' id='word_1_267' title='bbox 941 2342 1036 2394; x_wconf 75' lang='grc' dir='ltr'><strong>καὶ</strong></span> <span class='ocrx_word' id='word_1_268' title='bbox 1067 2340 1342 2410; x_wconf 82' lang='grc' dir='ltr'><strong>λαχάνοις,</strong></span> <span class='ocrx_word' id='word_1_269' title='bbox 1375 2339 1469 2392; x_wconf 69' lang='grc' dir='ltr'>καὶ</span> <span class='ocrx_word' id='word_1_270' title='bbox 1499 2339 1648 2410; x_wconf 82' lang='grc' dir='ltr'>ποτῷ</span> <span class='ocrx_word' id='word_1_271' title='bbox 1682 2339 1856 2392; x_wconf 77' lang='grc' dir='ltr'>ὕδατι.</span> <span class='ocrx_word' id='word_1_272' title='bbox 1895 2339 2054 2393; x_wconf 79' lang='grc' dir='ltr'><strong>Οἴνου</strong></span> 
     </span>
    </p>
   </div>
   <div class='ocr_carea' id='block_1_39' title="bbox 457 2430 2055 2507">
    <p class='ocr_par' dir='ltr' id='par_1_39' title="bbox 457 2430 2055 2507">
     <span class='ocr_line' id='line_1_39' title="bbox 457 2430 2055 2507; baseline -0.002 -19"><span class='ocrx_word' id='word_1_273' title='bbox 457 2435 514 2488; x_wconf 75' lang='grc' dir='ltr'><strong>δὲ</strong></span> <span class='ocrx_word' id='word_1_274' title='bbox 549 2437 643 2488; x_wconf 58' lang='grc' dir='ltr'><strong>καὶ⁵</strong></span> <span class='ocrx_word' id='word_1_275' title='bbox 672 2433 851 2507; x_wconf 83' lang='grc' dir='ltr'>κρεῶν</span> <span class='ocrx_word' id='word_1_276' title='bbox 883 2431 1152 2504; x_wconf 80' lang='grc' dir='ltr'><strong>ἀπέχεσθε</strong></span> <span class='ocrx_word' id='word_1_277' title='bbox 1187 2434 1244 2484; x_wconf 78' lang='grc' dir='ltr'>ὲν</span> <span class='ocrx_word' id='word_1_278' title='bbox 1277 2430 1530 2495; x_wconf 81' lang='grc' dir='ltr'><strong>ταύταις⁹</strong></span> <span class='ocrx_word' id='word_1_279' title='bbox 1567 2431 1775 2503; x_wconf 82' lang='grc' dir='ltr'><strong>ἡμέραι</strong></span> <span class='ocrx_word' id='word_1_280' title='bbox 1807 2432 1916 2502; x_wconf 85' lang='grc' dir='ltr'><strong>γάρ</strong></span> <span class='ocrx_word' id='word_1_281' title='bbox 1950 2434 2055 2485; x_wconf 78' lang='grc' dir='ltr'>εἱσι</span> 
     </span>
    </p>
   </div>
   <div class='ocr_carea' id='block_1_40' title="bbox 459 2524 2056 2597">
    <p class='ocr_par' dir='ltr' id='par_1_40' title="bbox 459 2524 2056 2597">
     <span class='ocr_line' id='line_1_40' title="bbox 459 2524 2056 2597; baseline 0.001 -16"><span class='ocrx_word' id='word_1_282' title='bbox 459 2528 712 2592; x_wconf 78' lang='grc' dir='ltr'><strong>πένθους,</strong></span> <span class='ocrx_word' id='word_1_283' title='bbox 750 2527 863 2581; x_wconf 83' lang='grc' dir='ltr'><strong>ἀλλ’</strong></span> <span class='ocrx_word' id='word_1_284' title='bbox 898 2527 997 2597; x_wconf 76' lang='grc' dir='ltr'>οὐχ</span> <span class='ocrx_word' id='word_1_285' title='bbox 1030 2526 1246 2597; x_wconf 82' lang='grc' dir='ltr'>ἑορτῆς.</span> <span class='ocrx_word' id='word_1_286' title='bbox 1303 2524 1371 2578; x_wconf 84' lang='grc' dir='ltr'><strong>1η</strong></span> <span class='ocrx_word' id='word_1_287' title='bbox 1411 2526 1594 2578; x_wconf 91' lang='lat' dir='ltr'><strong>diebus</strong></span> <span class='ocrx_word' id='word_1_288' title='bbox 1634 2527 1801 2594; x_wconf 79' lang='lat' dir='ltr'><strong>igitur</strong></span> <span class='ocrx_word' id='word_1_289' title='bbox 1828 2525 2056 2582; x_wconf 68' lang='lat' dir='ltr'><strong>Pascha:</strong></span> 
     </span>
    </p>
   </div>
   <div class='ocr_carea' id='block_1_41' title="bbox 452 2617 2056 2693">
    <p class='ocr_par' dir='ltr' id='par_1_41' title="bbox 452 2617 2056 2693">
     <span class='ocr_line' id='line_1_41' title="bbox 452 2617 2056 2693; baseline -0.002 -16"><span class='ocrx_word' id='word_1_290' title='bbox 452 2625 717 2693; x_wconf 81' lang='lat' dir='ltr'><strong>jejunate,</strong></span> <span class='ocrx_word' id='word_1_291' title='bbox 744 2621 1052 2691; x_wconf 84' lang='lat' dir='ltr'><strong>incipientes</strong></span> <span class='ocrx_word' id='word_1_292' title='bbox 1084 2637 1116 2672; x_wconf 92' lang='lat' dir='ltr'><strong>a</strong></span> <span class='ocrx_word' id='word_1_293' title='bbox 1158 2619 1297 2688; x_wconf 81' lang='lat' dir='ltr'><strong>feria</strong></span> <span class='ocrx_word' id='word_1_294' title='bbox 1324 2620 1559 2672; x_wconf 87' lang='lat' dir='ltr'><strong>secunda</strong></span> <span class='ocrx_word' id='word_1_295' title='bbox 1584 2635 1746 2686; x_wconf 85' lang='lat' dir='ltr'><strong>usque</strong></span> <span class='ocrx_word' id='word_1_296' title='bbox 1776 2620 1843 2671; x_wconf 84' lang='lat' dir='ltr'><strong>ad</strong></span> <span class='ocrx_word' id='word_1_297' title='bbox 1879 2617 2056 2673; x_wconf 87' lang='lat' dir='ltr'><strong>Para-</strong></span> 
     </span>
    </p>
   </div>
   <div class='ocr_carea' id='block_1_42' title="bbox 458 2711 2054 2781">
    <p class='ocr_par' dir='ltr' id='par_1_42' title="bbox 458 2711 2054 2781">
     <span class='ocr_line' id='line_1_42' title="bbox 458 2711 2054 2781; baseline -0.002 -13"><span class='ocrx_word' id='word_1_298' title='bbox 458 2732 640 2769; x_wconf 81' lang='lat' dir='ltr'><strong>sceven</strong></span> <span class='ocrx_word' id='word_1_299' title='bbox 663 2725 712 2769; x_wconf 90' lang='lat' dir='ltr'><strong>et</strong></span> <span class='ocrx_word' id='word_1_300' title='bbox 740 2714 1062 2779; x_wconf 88' lang='lat' dir='ltr'><strong>Sabbatum,</strong></span> <span class='ocrx_word' id='word_1_301' title='bbox 1095 2729 1189 2781; x_wconf 86' lang='lat' dir='ltr'><strong>per</strong></span> <span class='ocrx_word' id='word_1_302' title='bbox 1220 2728 1314 2766; x_wconf 76' lang='lat' dir='ltr'><strong>sea:</strong></span> <span class='ocrx_word' id='word_1_303' title='bbox 1343 2712 1456 2765; x_wconf 87' lang='lat' dir='ltr'><strong>dies</strong></span> <span class='ocrx_word' id='word_1_304' title='bbox 1488 2711 1600 2766; x_wconf 88' lang='lat' dir='ltr'><strong>solo</strong></span> <span class='ocrx_word' id='word_1_305' title='bbox 1631 2721 1832 2765; x_wconf 85' lang='lat' dir='ltr'><strong>utentes</strong></span> <span class='ocrx_word' id='word_1_306' title='bbox 1849 2728 1983 2779; x_wconf 88' lang='lat' dir='ltr'><strong>pane</strong></span> <span class='ocrx_word' id='word_1_307' title='bbox 2007 2723 2054 2767; x_wconf 90' lang='lat' dir='ltr'><strong>et</strong></span> 
     </span>
    </p>
   </div>
   <div class='ocr_carea' id='block_1_43' title="bbox 459 2804 2054 2875">
    <p class='ocr_par' dir='ltr' id='par_1_43' title="bbox 459 2804 2054 2875">
     <span class='ocr_line' id='line_1_43' title="bbox 459 2804 2054 2875; baseline -0.003 -13"><span class='ocrx_word' id='word_1_308' title='bbox 459 2808 590 2872; x_wconf 82' lang='lat' dir='ltr'><strong>sale,</strong></span> <span class='ocrx_word' id='word_1_309' title='bbox 612 2817 661 2862; x_wconf 89' lang='lat' dir='ltr'><strong>et</strong></span> <span class='ocrx_word' id='word_1_310' title='bbox 691 2807 942 2872; x_wconf 82' lang='lat' dir='ltr'><strong>oleribus,</strong></span> <span class='ocrx_word' id='word_1_311' title='bbox 968 2814 1018 2860; x_wconf 89' lang='lat' dir='ltr'><strong>et</strong></span> <span class='ocrx_word' id='word_1_312' title='bbox 1043 2821 1195 2875; x_wconf 79' lang='lat' dir='ltr'><strong>aqute</strong></span> <span class='ocrx_word' id='word_1_313' title='bbox 1214 2815 1363 2874; x_wconf 89' lang='lat' dir='ltr'><strong>potu.</strong></span> <span class='ocrx_word' id='word_1_314' title='bbox 1381 2804 1654 2857; x_wconf 82' lang='lat' dir='ltr'><strong>Abstiuete</strong></span> <span class='ocrx_word' id='word_1_315' title='bbox 1672 2815 1847 2858; x_wconf 90' lang='lat' dir='ltr'><strong>autem</strong></span> <span class='ocrx_word' id='word_1_316' title='bbox 1868 2805 1984 2858; x_wconf 84' lang='lat' dir='ltr'><strong>vino</strong></span> <span class='ocrx_word' id='word_1_317' title='bbox 2006 2813 2054 2857; x_wconf 91' lang='lat' dir='ltr'><strong>et</strong></span> 
     </span>
    </p>
   </div>
   <div class='ocr_carea' id='block_1_44' title="bbox 457 2897 2052 2964">
    <p class='ocr_par' dir='ltr' id='par_1_44' title="bbox 457 2897 2052 2964">
     <span class='ocr_line' id='line_1_44' title="bbox 457 2897 2052 2964; baseline -0.001 -9"><span class='ocrx_word' id='word_1_318' title='bbox 457 2918 620 2955; x_wconf 87' lang='lat' dir='ltr'><strong>carne</strong></span> <span class='ocrx_word' id='word_1_319' title='bbox 639 2902 754 2955; x_wconf 85' lang='lat' dir='ltr'><strong>istis</strong></span> <span class='ocrx_word' id='word_1_320' title='bbox 774 2901 964 2954; x_wconf 90' lang='lat' dir='ltr'><strong>diebus</strong></span> <span class='ocrx_word' id='word_1_321' title='bbox 987 2913 1006 2952; x_wconf 90' lang='lat'><strong><em>:</em></strong></span> <span class='ocrx_word' id='word_1_322' title='bbox 1030 2899 1154 2954; x_wconf 87' lang='lat' dir='ltr'><strong>Dies</strong></span> <span class='ocrx_word' id='word_1_323' title='bbox 1187 2900 1325 2953; x_wconf 90' lang='lat' dir='ltr'><strong>enim</strong></span> <span class='ocrx_word' id='word_1_324' title='bbox 1353 2908 1474 2952; x_wconf 89' lang='lat' dir='ltr'><strong>sunt</strong></span> <span class='ocrx_word' id='word_1_325' title='bbox 1495 2898 1695 2963; x_wconf 75' lang='lat' dir='ltr'><strong>luctus,</strong></span> <span class='ocrx_word' id='word_1_326' title='bbox 1721 2908 1768 2952; x_wconf 92' lang='lat' dir='ltr'><strong>et</strong></span> <span class='ocrx_word' id='word_1_327' title='bbox 1788 2915 1889 2952; x_wconf 90' lang='lat' dir='ltr'><strong>non</strong></span> <span class='ocrx_word' id='word_1_328' title='bbox 1909 2897 2052 2964; x_wconf 77' lang='lat' dir='ltr'><strong>festi.</strong></span> 
     </span>
    </p>
   </div>
   <div class='ocr_carea' id='block_1_45' title="bbox 526 2991 2055 3063">
    <p class='ocr_par' dir='ltr' id='par_1_45' title="bbox 526 2991 2055 3063">
     <span class='ocr_line' id='line_1_45' title="bbox 526 2991 2055 3063; baseline -0.001 -16"><span class='ocrx_word' id='word_1_329' title='bbox 526 2995 620 3050; x_wconf 74' lang='grc'><strong>28.</strong></span> <span class='ocrx_word' id='word_1_330' title='bbox 656 2993 782 3048; x_wconf 77' lang='lat' dir='ltr'><strong>Haec</strong></span> <span class='ocrx_word' id='word_1_331' title='bbox 839 2995 1006 3063; x_wconf 79' lang='lat' dir='ltr'><strong>igitur</strong></span> <span class='ocrx_word' id='word_1_332' title='bbox 1049 3002 1311 3048; x_wconf 88' lang='lat' dir='ltr'><strong>accurata</strong></span> <span class='ocrx_word' id='word_1_333' title='bbox 1361 2991 1465 3046; x_wconf 81' lang='lat' dir='ltr'><strong>fuit</strong></span> <span class='ocrx_word' id='word_1_334' title='bbox 1517 2993 1792 3060; x_wconf 86' lang='lat' dir='ltr'><strong>prioribus</strong></span> <span class='ocrx_word' id='word_1_335' title='bbox 1839 2992 2055 3046; x_wconf 63' lang='lat' dir='ltr'><strong>saeculis</strong></span> 
     </span>
    </p>
   </div>
   <div class='ocr_carea' id='block_1_46' title="bbox 457 3086 2051 3158">
    <p class='ocr_par' dir='ltr' id='par_1_46' title="bbox 457 3086 2051 3158">
     <span class='ocr_line' id='line_1_46' title="bbox 457 3086 2051 3158; baseline -0.002 -17"><span class='ocrx_word' id='word_1_336' title='bbox 457 3089 602 3158; x_wconf 87' lang='lat' dir='ltr'><strong>apud</strong></span> <span class='ocrx_word' id='word_1_337' title='bbox 654 3088 950 3142; x_wconf 75' lang='lat' dir='ltr'><strong>maximam</strong></span> <span class='ocrx_word' id='word_1_338' title='bbox 987 3086 1358 3142; x_wconf 86' lang='lat' dir='ltr'><strong>Ecclesiarum</strong></span> <span class='ocrx_word' id='word_1_339' title='bbox 1392 3095 1603 3154; x_wconf 89' lang='lat' dir='ltr'><strong>partem</strong></span> <span class='ocrx_word' id='word_1_340' title='bbox 1627 3086 1818 3156; x_wconf 85' lang='lat' dir='ltr'><strong>jejuuii</strong></span> <span class='ocrx_word' id='word_1_341' title='bbox 1853 3086 2051 3150; x_wconf 80' lang='lat' dir='ltr'><strong>forma,</strong></span> 
     </span>
    </p>
   </div>
   <div class='ocr_carea' id='block_1_47' title="bbox 2162 1966 3755 2033">
    <p class='ocr_par' dir='ltr' id='par_1_47' title="bbox 2162 1966 3755 2033">
     <span class='ocr_line' id='line_1_47' title="bbox 2162 1966 3755 2033; baseline 0.002 -14"><span class='ocrx_word' id='word_1_342' title='bbox 2162 1966 2376 2033; x_wconf 86' lang='lat' dir='ltr'><strong>Quibus</strong></span> <span class='ocrx_word' id='word_1_343' title='bbox 2408 1971 2646 2022; x_wconf 79' lang='lat' dir='ltr'><strong>maxime</strong></span> <span class='ocrx_word' id='word_1_344' title='bbox 2673 1967 3020 2022; x_wconf 88' lang='lat' dir='ltr'><strong>illustrantur</strong></span> <span class='ocrx_word' id='word_1_345' title='bbox 3061 1968 3253 2024; x_wconf 86' lang='lat' dir='ltr'><strong>lreuaei</strong></span> <span class='ocrx_word' id='word_1_346' title='bbox 3297 1969 3488 2033; x_wconf 88' lang='lat' dir='ltr'><strong>verba,</strong></span> <span class='ocrx_word' id='word_1_347' title='bbox 3519 1977 3574 2022; x_wconf 90' lang='lat' dir='ltr'><strong>et</strong></span> <span class='ocrx_word' id='word_1_348' title='bbox 3615 1982 3755 2022; x_wconf 84' lang='lat' dir='ltr'><strong>con-</strong></span> 
     </span>
    </p>
   </div>
   <div class='ocr_carea' id='block_1_48' title="bbox 2161 2058 3763 2131">
    <p class='ocr_par' dir='ltr' id='par_1_48' title="bbox 2161 2058 3763 2131">
     <span class='ocr_line' id='line_1_48' title="bbox 2161 2058 3763 2131; baseline 0.002 -19"><span class='ocrx_word' id='word_1_349' title='bbox 2161 2058 2452 2114; x_wconf 90' lang='lat' dir='ltr'><strong>ﬁrmantur</strong></span> <span class='ocrx_word' id='word_1_350' title='bbox 2476 2075 2596 2128; x_wconf 65' lang='lat' dir='ltr'><strong>quae</strong></span> <span class='ocrx_word' id='word_1_351' title='bbox 2626 2059 2736 2128; x_wconf 87' lang='lat' dir='ltr'><strong>jam</strong></span> <span class='ocrx_word' id='word_1_352' title='bbox 2784 2061 3040 2125; x_wconf 80' lang='lat' dir='ltr'><strong>diximus,</strong></span> <span class='ocrx_word' id='word_1_353' title='bbox 3081 2061 3350 2131; x_wconf 87' lang='lat' dir='ltr'><strong>quosdam</strong></span> <span class='ocrx_word' id='word_1_354' title='bbox 3392 2061 3652 2115; x_wconf 86' lang='lat' dir='ltr'><strong>videlicet</strong></span> <span class='ocrx_word' id='word_1_355' title='bbox 3682 2060 3763 2115; x_wconf 78' lang='lat' dir='ltr'><strong>ab</strong></span> 
     </span>
    </p>
   </div>
   <div class='ocr_carea' id='block_1_49' title="bbox 2161 2153 3760 2224">
    <p class='ocr_par' dir='ltr' id='par_1_49' title="bbox 2161 2153 3760 2224">
     <span class='ocr_line' id='line_1_49' title="bbox 2161 2153 3760 2224; baseline 0.001 -18"><span class='ocrx_word' id='word_1_356' title='bbox 2161 2163 2422 2208; x_wconf 87' lang='lat' dir='ltr'><strong>accurata</strong></span> <span class='ocrx_word' id='word_1_357' title='bbox 2469 2153 2664 2224; x_wconf 81' lang='lat' dir='ltr'><strong>jejunii</strong></span> <span class='ocrx_word' id='word_1_358' title='bbox 2695 2154 2869 2210; x_wconf 87' lang='lat' dir='ltr'><strong>lorma</strong></span> <span class='ocrx_word' id='word_1_359' title='bbox 2901 2155 2982 2210; x_wconf 89' lang='lat' dir='ltr'><strong>sic</strong></span> <span class='ocrx_word' id='word_1_360' title='bbox 3024 2155 3338 2220; x_wconf 77' lang='lat' dir='ltr'><strong>recessisse,</strong></span> <span class='ocrx_word' id='word_1_361' title='bbox 3367 2164 3425 2208; x_wconf 93' lang='lat' dir='ltr'><strong>ut</strong></span> <span class='ocrx_word' id='word_1_362' title='bbox 3465 2153 3555 2207; x_wconf 88' lang='lat' dir='ltr'><strong>alii</strong></span> <span class='ocrx_word' id='word_1_363' title='bbox 3583 2153 3760 2208; x_wconf 86' lang='lat' dir='ltr'><strong>unico</strong></span> 
     </span>
    </p>
   </div>
   <div class='ocr_carea' id='block_1_50' title="bbox 2160 2248 3762 2318">
    <p class='ocr_par' dir='ltr' id='par_1_50' title="bbox 2160 2248 3762 2318">
     <span class='ocr_line' id='line_1_50' title="bbox 2160 2248 3762 2318; baseline 0.001 -17"><span class='ocrx_word' id='word_1_364' title='bbox 2160 2248 2270 2312; x_wconf 90' lang='lat' dir='ltr'><strong>die,</strong></span> <span class='ocrx_word' id='word_1_365' title='bbox 2306 2249 2398 2302; x_wconf 86' lang='lat' dir='ltr'><strong>alii</strong></span> <span class='ocrx_word' id='word_1_366' title='bbox 2448 2249 2665 2303; x_wconf 91' lang='lat' dir='ltr'><strong>duobus</strong></span> <span class='ocrx_word' id='word_1_367' title='bbox 2727 2250 3020 2312; x_wconf 81' lang='lat' dir='ltr'><strong>duntaxat,</strong></span> <span class='ocrx_word' id='word_1_368' title='bbox 3055 2256 3186 2311; x_wconf 90' lang='lat' dir='ltr'><strong>etc.,</strong></span> <span class='ocrx_word' id='word_1_369' title='bbox 3226 2263 3292 2304; x_wconf 89' lang='lat' dir='ltr'><strong>eo</strong></span> <span class='ocrx_word' id='word_1_370' title='bbox 3333 2265 3440 2318; x_wconf 85' lang='lat' dir='ltr'><strong>quo</strong></span> <span class='ocrx_word' id='word_1_371' title='bbox 3476 2263 3575 2316; x_wconf 83' lang='lat' dir='ltr'><strong>par</strong></span> <span class='ocrx_word' id='word_1_372' title='bbox 3630 2256 3762 2302; x_wconf 82' lang='lat' dir='ltr'><strong>erat</strong></span> 
     </span>
    </p>
   </div>
   <div class='ocr_carea' id='block_1_51' title="bbox 2160 2340 3387 2410">
    <p class='ocr_par' dir='ltr' id='par_1_51' title="bbox 2160 2340 3387 2410">
     <span class='ocr_line' id='line_1_51' title="bbox 2160 2340 3387 2410; baseline 0 -16"><span class='ocrx_word' id='word_1_373' title='bbox 2160 2341 2342 2406; x_wconf 88' lang='lat' dir='ltr'><strong>modo,</strong></span> <span class='ocrx_word' id='word_1_374' title='bbox 2387 2341 2558 2397; x_wconf 90' lang='lat' dir='ltr'><strong>aridis</strong></span> <span class='ocrx_word' id='word_1_375' title='bbox 2584 2341 2724 2397; x_wconf 89' lang='lat' dir='ltr'><strong>cibis</strong></span> <span class='ocrx_word' id='word_1_376' title='bbox 2746 2351 3030 2396; x_wconf 87' lang='lat' dir='ltr'><strong>vescentes</strong></span> <span class='ocrx_word' id='word_1_377' title='bbox 3051 2340 3387 2410; x_wconf 82' lang='lat' dir='ltr'><strong>jejunarent.</strong></span> 
     </span>
    </p>
   </div>
   <div class='ocr_carea' id='block_1_52' title="bbox 2232 2435 3761 2506">
    <p class='ocr_par' dir='ltr' id='par_1_52' title="bbox 2232 2435 3761 2506">
     <span class='ocr_line' id='line_1_52' title="bbox 2232 2435 3761 2506; baseline -0.001 -15"><span class='ocrx_word' id='word_1_378' title='bbox 2232 2437 2325 2493; x_wconf 73' lang='lat'><strong>29.</strong></span> <span class='ocrx_word' id='word_1_379' title='bbox 2349 2437 2537 2494; x_wconf 85' lang='lat' dir='ltr'><strong>Monet</strong></span> <span class='ocrx_word' id='word_1_380' title='bbox 2566 2447 2748 2492; x_wconf 89' lang='lat' dir='ltr'><strong>autem</strong></span> <span class='ocrx_word' id='word_1_381' title='bbox 2783 2435 3061 2491; x_wconf 86' lang='lat' dir='ltr'><strong>Victorem</strong></span> <span class='ocrx_word' id='word_1_382' title='bbox 3091 2451 3284 2506; x_wconf 80' lang='lat' dir='ltr'><strong>papam</strong></span> <span class='ocrx_word' id='word_1_383' title='bbox 3311 2436 3580 2501; x_wconf 67' lang='lat' dir='ltr'><strong>lreuaeus,</strong></span> <span class='ocrx_word' id='word_1_384' title='bbox 3619 2436 3761 2490; x_wconf 78' lang='lat' dir='ltr'><strong>istos</strong></span> 
     </span>
    </p>
   </div>
   <div class='ocr_carea' id='block_1_53' title="bbox 2159 2527 3763 2600">
    <p class='ocr_par' dir='ltr' id='par_1_53' title="bbox 2159 2527 3763 2600">
     <span class='ocr_line' id='line_1_53' title="bbox 2159 2527 3763 2600; baseline -0.001 -14"><span class='ocrx_word' id='word_1_385' title='bbox 2159 2546 2352 2587; x_wconf 89' lang='lat' dir='ltr'><strong>omnes</strong></span> <span class='ocrx_word' id='word_1_386' title='bbox 2382 2545 2574 2600; x_wconf 86' lang='lat' dir='ltr'><strong>pacem</strong></span> <span class='ocrx_word' id='word_1_387' title='bbox 2615 2545 2834 2600; x_wconf 90' lang='lat' dir='ltr'><strong>semper</strong></span> <span class='ocrx_word' id='word_1_388' title='bbox 2875 2531 3018 2584; x_wconf 90' lang='lat' dir='ltr'><strong>inter</strong></span> <span class='ocrx_word' id='word_1_389' title='bbox 3042 2545 3103 2584; x_wconf 92' lang='lat' dir='ltr'><strong>se</strong></span> <span class='ocrx_word' id='word_1_390' title='bbox 3127 2529 3390 2585; x_wconf 91' lang='lat' dir='ltr'><strong>coluisse.</strong></span> <span class='ocrx_word' id='word_1_391' title='bbox 3421 2527 3492 2582; x_wconf 85' lang='lat' dir='ltr'><strong>Et</strong></span> <span class='ocrx_word' id='word_1_392' title='bbox 3518 2545 3638 2595; x_wconf 80' lang='lat' dir='ltr'><strong>nos,</strong></span> <span class='ocrx_word' id='word_1_393' title='bbox 3669 2530 3763 2586; x_wconf 88' lang='lat' dir='ltr'><strong>in-</strong></span> 
     </span>
    </p>
   </div>
   <div class='ocr_carea' id='block_1_54' title="bbox 2159 2621 3760 2694">
    <p class='ocr_par' dir='ltr' id='par_1_54' title="bbox 2159 2621 3760 2694">
     <span class='ocr_line' id='line_1_54' title="bbox 2159 2621 3760 2694; baseline 0.001 -18"><span class='ocrx_word' id='word_1_394' title='bbox 2159 2625 2301 2694; x_wconf 88' lang='lat' dir='ltr'><strong>quit,</strong></span> <span class='ocrx_word' id='word_1_395' title='bbox 2336 2640 2451 2676; x_wconf 89' lang='lat' dir='ltr'><strong>eam</strong></span> <span class='ocrx_word' id='word_1_396' title='bbox 2478 2623 2798 2687; x_wconf 86' lang='lat' dir='ltr'><strong>retinemus;</strong></span> <span class='ocrx_word' id='word_1_397' title='bbox 2839 2623 3018 2691; x_wconf 81' lang='lat' dir='ltr'><strong>sicque</strong></span> <span class='ocrx_word' id='word_1_398' title='bbox 3054 2621 3364 2692; x_wconf 82' lang='lat' dir='ltr'><strong>discrepans</strong></span> <span class='ocrx_word' id='word_1_399' title='bbox 3390 2621 3593 2691; x_wconf 89' lang='lat' dir='ltr'><strong>jejunii</strong></span> <span class='ocrx_word' id='word_1_400' title='bbox 3611 2624 3760 2678; x_wconf 82' lang='lat' dir='ltr'><strong>ratio</strong></span> 
     </span>
    </p>
   </div>
   <div class='ocr_carea' id='block_1_55' title="bbox 2159 2714 3756 2784">
    <p class='ocr_par' dir='ltr' id='par_1_55' title="bbox 2159 2714 3756 2784">
     <span class='ocr_line' id='line_1_55' title="bbox 2159 2714 3756 2784; baseline -0.001 -14"><span class='ocrx_word' id='word_1_401' title='bbox 2159 2717 2493 2772; x_wconf 83' lang='lat' dir='ltr'><strong>concordiam</strong></span> <span class='ocrx_word' id='word_1_402' title='bbox 2547 2718 2673 2784; x_wconf 79' lang='grc' dir='ltr'><strong>[ἱαεὶ</strong></span> <span class='ocrx_word' id='word_1_403' title='bbox 2721 2717 3080 2771; x_wconf 85' lang='lat' dir='ltr'><strong>commendat.</strong></span> <span class='ocrx_word' id='word_1_404' title='bbox 3119 2714 3272 2770; x_wconf 84' lang='lat' dir='ltr'><strong>Unde</strong></span> <span class='ocrx_word' id='word_1_405' title='bbox 3319 2714 3650 2770; x_wconf 85' lang='lat' dir='ltr'><strong>concludere</strong></span> <span class='ocrx_word' id='word_1_406' title='bbox 3697 2715 3756 2770; x_wconf 85' lang='lat' dir='ltr'><strong>in</strong></span> 
     </span>
    </p>
   </div>
   <div class='ocr_carea' id='block_1_56' title="bbox 2161 2806 3748 2883">
    <p class='ocr_par' dir='ltr' id='par_1_56' title="bbox 2161 2806 3748 2883">
     <span class='ocr_line' id='line_1_56' title="bbox 2161 2806 3748 2883; baseline -0.001 -19"><span class='ocrx_word' id='word_1_407' title='bbox 2161 2810 2299 2883; x_wconf 74' lang='lat' dir='ltr'><strong>[XC]</strong></span> <span class='ocrx_word' id='word_1_408' title='bbox 2319 2823 2569 2880; x_wconf 87' lang='lat' dir='ltr'><strong>promptu</strong></span> <span class='ocrx_word' id='word_1_409' title='bbox 2595 2810 2886 2879; x_wconf 91' lang='lat' dir='ltr'><strong>erat,quod</strong></span> <span class='ocrx_word' id='word_1_410' title='bbox 2903 2809 2947 2863; x_wconf 88' lang='lat' dir='ltr'><strong>si</strong></span> <span class='ocrx_word' id='word_1_411' title='bbox 2972 2808 3138 2878; x_wconf 91' lang='lat' dir='ltr'><strong>iisqui</strong></span> <span class='ocrx_word' id='word_1_412' title='bbox 3157 2807 3615 2876; x_wconf 75' lang='lat' dir='ltr'><strong>prtescriptamab</strong></span> <span class='ocrx_word' id='word_1_413' title='bbox 3642 2806 3748 2862; x_wconf 81' lang='lat' dir='ltr'><strong>Ec-</strong></span> 
     </span>
    </p>
   </div>
   <div class='ocr_carea' id='block_1_57' title="bbox 2159 2899 3758 2973">
    <p class='ocr_par' dir='ltr' id='par_1_57' title="bbox 2159 2899 3758 2973">
     <span class='ocr_line' id='line_1_57' title="bbox 2159 2899 3758 2973; baseline -0.001 -15"><span class='ocrx_word' id='word_1_414' title='bbox 2159 2904 2324 2958; x_wconf 88' lang='lat' dir='ltr'><strong>clesia</strong></span> <span class='ocrx_word' id='word_1_415' title='bbox 2359 2905 2604 2960; x_wconf 68' lang='lat' dir='ltr'><strong>Itoniaua</strong></span> <span class='ocrx_word' id='word_1_416' title='bbox 2652 2903 2932 2973; x_wconf 88' lang='lat' dir='ltr'><strong>jejunandi</strong></span> <span class='ocrx_word' id='word_1_417' title='bbox 2961 2901 3194 2956; x_wconf 83' lang='lat' dir='ltr'><strong>formam</strong></span> <span class='ocrx_word' id='word_1_418' title='bbox 3230 2916 3337 2955; x_wconf 89' lang='lat' dir='ltr'><strong>non</strong></span> <span class='ocrx_word' id='word_1_419' title='bbox 3370 2901 3656 2966; x_wconf 81' lang='lat' dir='ltr'><strong>tenebant,</strong></span> <span class='ocrx_word' id='word_1_420' title='bbox 3684 2899 3758 2956; x_wconf 79' lang='lat' dir='ltr'><strong>lis</strong></span> 
     </span>
    </p>
   </div>
   <div class='ocr_carea' id='block_1_58' title="bbox 2162 2990 3754 3062">
    <p class='ocr_par' dir='ltr' id='par_1_58' title="bbox 2162 2990 3754 3062">
     <span class='ocr_line' id='line_1_58' title="bbox 2162 2990 3754 3062; baseline -0.004 -12"><span class='ocrx_word' id='word_1_421' title='bbox 2162 2997 2307 3050; x_wconf 89' lang='lat' dir='ltr'><strong>nulla</strong></span> <span class='ocrx_word' id='word_1_422' title='bbox 2343 2997 2704 3058; x_wconf 79' lang='lat' dir='ltr'><strong>movebatur;</strong></span> <span class='ocrx_word' id='word_1_423' title='bbox 2734 3008 2910 3062; x_wconf 90' lang='lat' dir='ltr'><strong>neque</strong></span> <span class='ocrx_word' id='word_1_424' title='bbox 2938 2995 3104 3047; x_wconf 89' lang='lat' dir='ltr'><strong>etiam</strong></span> <span class='ocrx_word' id='word_1_425' title='bbox 3145 2992 3355 3047; x_wconf 79' lang='lat' dir='ltr'><strong>moveri</strong></span> <span class='ocrx_word' id='word_1_426' title='bbox 3382 2990 3620 3045; x_wconf 89' lang='lat' dir='ltr'><strong>debebat</strong></span> <span class='ocrx_word' id='word_1_427' title='bbox 3656 2991 3754 3056; x_wconf 89' lang='lat' dir='ltr'><strong>iis,</strong></span> 
     </span>
    </p>
   </div>
   <div class='ocr_carea' id='block_1_59' title="bbox 2159 3083 3753 3160">
    <p class='ocr_par' dir='ltr' id='par_1_59' title="bbox 2159 3083 3753 3160">
     <span class='ocr_line' id='line_1_59' title="bbox 2159 3083 3753 3160; baseline -0.005 -16"><span class='ocrx_word' id='word_1_428' title='bbox 2159 3091 2251 3160; x_wconf 88' lang='lat' dir='ltr'><strong>qui</strong></span> <span class='ocrx_word' id='word_1_429' title='bbox 2295 3106 2417 3144; x_wconf 86' lang='lat' dir='ltr'><strong>cum</strong></span> <span class='ocrx_word' id='word_1_430' title='bbox 2464 3104 2526 3142; x_wconf 86' lang='lat' dir='ltr'><strong>ea</strong></span> <span class='ocrx_word' id='word_1_431' title='bbox 2585 3089 2649 3142; x_wconf 92' lang='lat' dir='ltr'><strong>de</strong></span> <span class='ocrx_word' id='word_1_432' title='bbox 2699 3084 2994 3140; x_wconf 83' lang='lat' dir='ltr'><strong>Paschatis</strong></span> <span class='ocrx_word' id='word_1_433' title='bbox 3039 3085 3126 3136; x_wconf 89' lang='lat' dir='ltr'><strong>die</strong></span> <span class='ocrx_word' id='word_1_434' title='bbox 3157 3083 3585 3146; x_wconf 89' lang='lat' dir='ltr'><strong>dissentiebant;</strong></span> <span class='ocrx_word' id='word_1_435' title='bbox 3620 3084 3753 3151; x_wconf 85' lang='lat' dir='ltr'><strong>quia</strong></span> 
     </span>
    </p>
   </div>
   <div class='ocr_carea' id='block_1_60' title="bbox 457 3174 3753 3249">
    <p class='ocr_par' dir='ltr' id='par_1_60' title="bbox 457 3174 3753 3249">
     <span class='ocr_line' id='line_1_60' title="bbox 457 3174 3753 3249; baseline -0.001 -17"><span class='ocrx_word' id='word_1_436' title='bbox 457 3189 518 3232; x_wconf 91' lang='lat' dir='ltr'><strong>ut</strong></span> <span class='ocrx_word' id='word_1_437' title='bbox 557 3179 734 3249; x_wconf 90' lang='lat' dir='ltr'><strong>prima</strong></span> <span class='ocrx_word' id='word_1_438' title='bbox 791 3179 1238 3249; x_wconf 82' lang='lat' dir='ltr'><strong>Quadragesimae</strong></span> <span class='ocrx_word' id='word_1_439' title='bbox 1282 3193 1410 3247; x_wconf 90' lang='lat' dir='ltr'><strong>pars</strong></span> <span class='ocrx_word' id='word_1_440' title='bbox 1435 3178 1645 3248; x_wconf 87' lang='lat' dir='ltr'><strong>jejunio</strong></span> <span class='ocrx_word' id='word_1_441' title='bbox 1684 3179 1928 3247; x_wconf 89' lang='lat' dir='ltr'><strong>quidem.</strong></span> <span class='ocrx_word' id='word_1_442' title='bbox 1957 3178 2053 3233; x_wconf 90' lang='lat' dir='ltr'><strong>sed</strong></span> <span class='ocrx_word' id='word_1_443' title='bbox 2083 3183 2127 3243; x_wconf 88' lang='lat' dir='ltr'><strong><em>C</em></strong></span> <span class='ocrx_word' id='word_1_444' title='bbox 2159 3191 2454 3249; x_wconf 89' lang='lat' dir='ltr'><strong>utrumque</strong></span> <span class='ocrx_word' id='word_1_445' title='bbox 2482 3180 2549 3232; x_wconf 90' lang='lat' dir='ltr'><strong>ad</strong></span> <span class='ocrx_word' id='word_1_446' title='bbox 2590 3176 2960 3246; x_wconf 88' lang='lat' dir='ltr'><strong>disciplinam,</strong></span> <span class='ocrx_word' id='word_1_447' title='bbox 2995 3191 3115 3244; x_wconf 75' lang='lat' dir='ltr'><strong>qua:</strong></span> <span class='ocrx_word' id='word_1_448' title='bbox 3141 3190 3239 3243; x_wconf 92' lang='lat' dir='ltr'><strong>pro</strong></span> <span class='ocrx_word' id='word_1_449' title='bbox 3276 3174 3410 3230; x_wconf 88' lang='lat' dir='ltr'><strong>locis</strong></span> <span class='ocrx_word' id='word_1_450' title='bbox 3437 3185 3494 3229; x_wconf 88' lang='lat' dir='ltr'><strong>et</strong></span> <span class='ocrx_word' id='word_1_451' title='bbox 3531 3185 3753 3246; x_wconf 82' lang='lat' dir='ltr'><strong>tempo-</strong></span> 
     </span>
    </p>
   </div>
   <div class='ocr_carea' id='block_1_61' title="bbox 455 3271 2050 3341">
    <p class='ocr_par' dir='ltr' id='par_1_61' title="bbox 455 3271 2050 3341">
     <span class='ocr_line' id='line_1_61' title="bbox 455 3271 2050 3341; baseline 0 -16"><span class='ocrx_word' id='word_1_452' title='bbox 455 3272 622 3340; x_wconf 79' lang='lat' dir='ltr'><strong>paulo</strong></span> <span class='ocrx_word' id='word_1_453' title='bbox 675 3272 1006 3339; x_wconf 87' lang='lat' dir='ltr'><strong>remissiori,</strong></span> <span class='ocrx_word' id='word_1_454' title='bbox 1033 3271 1312 3341; x_wconf 90' lang='lat' dir='ltr'><strong>posterior</strong></span> <span class='ocrx_word' id='word_1_455' title='bbox 1366 3271 1529 3340; x_wconf 84' lang='lat' dir='ltr'><strong>longe</strong></span> <span class='ocrx_word' id='word_1_456' title='bbox 1557 3273 1826 3340; x_wconf 90' lang='lat' dir='ltr'><strong>asperiori</strong></span> <span class='ocrx_word' id='word_1_457' title='bbox 1857 3287 2050 3325; x_wconf 87' lang='lat' dir='ltr'><strong>conse-</strong></span> 
     </span>
    </p>
   </div>
   <div class='ocr_carea' id='block_1_62' title="bbox 455 3364 2048 3435">
    <p class='ocr_par' dir='ltr' id='par_1_62' title="bbox 455 3364 2048 3435">
     <span class='ocr_line' id='line_1_62' title="bbox 455 3364 2048 3435; baseline 0 -17"><span class='ocrx_word' id='word_1_458' title='bbox 455 3375 732 3421; x_wconf 85' lang='lat' dir='ltr'><strong>craretur.</strong></span> <span class='ocrx_word' id='word_1_459' title='bbox 769 3365 826 3419; x_wconf 92' lang='lat' dir='ltr'><strong>Si</strong></span> <span class='ocrx_word' id='word_1_460' title='bbox 879 3380 1000 3433; x_wconf 68' lang='lat' dir='ltr'><strong>quae</strong></span> <span class='ocrx_word' id='word_1_461' title='bbox 1033 3366 1264 3435; x_wconf 85' lang='lat' dir='ltr'><strong>proinde</strong></span> <span class='ocrx_word' id='word_1_462' title='bbox 1311 3364 1498 3418; x_wconf 74' lang='lat' dir='ltr'><strong>lrenzei</strong></span> <span class='ocrx_word' id='word_1_463' title='bbox 1530 3374 1692 3419; x_wconf 58' lang='lat' dir='ltr'><strong>astate</strong></span> <span class='ocrx_word' id='word_1_464' title='bbox 1742 3365 1807 3417; x_wconf 91' lang='lat' dir='ltr'><strong>de</strong></span> <span class='ocrx_word' id='word_1_465' title='bbox 1858 3364 2048 3434; x_wconf 87' lang='lat' dir='ltr'><strong>jejunii</strong></span> 
     </span>
    </p>
   </div>
   <div class='ocr_carea' id='block_1_63' title="bbox 457 3456 2052 3526">
    <p class='ocr_par' dir='ltr' id='par_1_63' title="bbox 457 3456 2052 3526">
     <span class='ocr_line' id='line_1_63' title="bbox 457 3456 2052 3526; baseline -0.001 -15"><span class='ocrx_word' id='word_1_466' title='bbox 457 3457 635 3512; x_wconf 72' lang='lat' dir='ltr'><strong>forma</strong></span> <span class='ocrx_word' id='word_1_467' title='bbox 697 3459 1078 3512; x_wconf 87' lang='lat' dir='ltr'><strong>controversia</strong></span> <span class='ocrx_word' id='word_1_468' title='bbox 1142 3457 1267 3522; x_wconf 78' lang='lat' dir='ltr'><strong>fuit,</strong></span> <span class='ocrx_word' id='word_1_469' title='bbox 1299 3458 1345 3512; x_wconf 91' lang='lat' dir='ltr'><strong>si</strong></span> <span class='ocrx_word' id='word_1_470' title='bbox 1395 3473 1519 3526; x_wconf 65' lang='lat' dir='ltr'><strong>qua:</strong></span> <span class='ocrx_word' id='word_1_471' title='bbox 1569 3459 1717 3511; x_wconf 90' lang='lat' dir='ltr'><strong>inter</strong></span> <span class='ocrx_word' id='word_1_472' title='bbox 1774 3456 2052 3512; x_wconf 87' lang='lat' dir='ltr'><strong>Ecclesias</strong></span> 
     </span>
    </p>
   </div>
   <div class='ocr_carea' id='block_1_64' title="bbox 457 3548 2051 3618">
    <p class='ocr_par' dir='ltr' id='par_1_64' title="bbox 457 3548 2051 3618">
     <span class='ocr_line' id='line_1_64' title="bbox 457 3548 2051 3618; baseline -0.001 -17"><span class='ocrx_word' id='word_1_473' title='bbox 457 3549 848 3618; x_wconf 86' lang='lat' dir='ltr'><strong>discrepantia,</strong></span> <span class='ocrx_word' id='word_1_474' title='bbox 895 3549 950 3602; x_wconf 91' lang='lat' dir='ltr'><strong>in</strong></span> <span class='ocrx_word' id='word_1_475' title='bbox 1003 3563 1068 3602; x_wconf 91' lang='lat' dir='ltr'><strong>eo</strong></span> <span class='ocrx_word' id='word_1_476' title='bbox 1119 3548 1288 3602; x_wconf 83' lang='lat' dir='ltr'><strong>fuisse</strong></span> <span class='ocrx_word' id='word_1_477' title='bbox 1335 3549 1572 3614; x_wconf 89' lang='lat' dir='ltr'><strong>videtur,</strong></span> <span class='ocrx_word' id='word_1_478' title='bbox 1601 3550 1748 3618; x_wconf 92' lang='lat' dir='ltr'><strong>quod</strong></span> <span class='ocrx_word' id='word_1_479' title='bbox 1802 3548 2051 3616; x_wconf 61' lang='lat' dir='ltr'><strong>quasdam</strong></span> 
     </span>
    </p>
   </div>
   <div class='ocr_carea' id='block_1_65' title="bbox 455 3640 2050 3711">
    <p class='ocr_par' dir='ltr' id='par_1_65' title="bbox 455 3640 2050 3711">
     <span class='ocr_line' id='line_1_65' title="bbox 455 3640 2050 3711; baseline -0.001 -17"><span class='ocrx_word' id='word_1_480' title='bbox 455 3640 751 3710; x_wconf 84' lang='lat' dir='ltr'><strong>postremis</strong></span> <span class='ocrx_word' id='word_1_481' title='bbox 830 3656 924 3695; x_wconf 82' lang='lat' dir='ltr'><strong>sex</strong></span> <span class='ocrx_word' id='word_1_482' title='bbox 963 3641 1408 3711; x_wconf 70' lang='lat' dir='ltr'><strong>Quadragcsinm</strong></span> <span class='ocrx_word' id='word_1_483' title='bbox 1431 3640 1853 3697; x_wconf 87' lang='lat' dir='ltr'><strong>diebusmollius</strong></span> <span class='ocrx_word' id='word_1_484' title='bbox 1883 3654 2050 3708; x_wconf 88' lang='lat' dir='ltr'><strong>quam</strong></span> 
     </span>
    </p>
   </div>
   <div class='ocr_carea' id='block_1_66' title="bbox 454 3733 2052 3801">
    <p class='ocr_par' dir='ltr' id='par_1_66' title="bbox 454 3733 2052 3801">
     <span class='ocr_line' id='line_1_66' title="bbox 454 3733 2052 3801; baseline 0.001 -16"><span class='ocrx_word' id='word_1_485' title='bbox 454 3748 557 3801; x_wconf 87' lang='lat' dir='ltr'><strong>par</strong></span> <span class='ocrx_word' id='word_1_486' title='bbox 588 3745 754 3799; x_wconf 88' lang='lat' dir='ltr'><strong>esset,</strong></span> <span class='ocrx_word' id='word_1_487' title='bbox 792 3749 856 3787; x_wconf 91' lang='lat' dir='ltr'><strong>ac</strong></span> <span class='ocrx_word' id='word_1_488' title='bbox 904 3735 1072 3788; x_wconf 79' lang='lat' dir='ltr'><strong>ferret</strong></span> <span class='ocrx_word' id='word_1_489' title='bbox 1121 3733 1474 3789; x_wconf 89' lang='lat' dir='ltr'><strong>communior</strong></span> <span class='ocrx_word' id='word_1_490' title='bbox 1506 3733 1881 3789; x_wconf 67' lang='lat' dir='ltr'><strong>Ecclesiarum</strong></span> <span class='ocrx_word' id='word_1_491' title='bbox 1921 3747 2052 3787; x_wconf 82' lang='lat' dir='ltr'><strong>con-</strong></span> 
     </span>
    </p>
   </div>
   <div class='ocr_carea' id='block_1_67' title="bbox 454 3826 2049 3899">
    <p class='ocr_par' dir='ltr' id='par_1_67' title="bbox 454 3826 2049 3899">
     <span class='ocr_line' id='line_1_67' title="bbox 454 3826 2049 3899; baseline 0.003 -20"><span class='ocrx_word' id='word_1_492' title='bbox 454 3826 709 3891; x_wconf 74' lang='lat' dir='ltr'><strong>suetudo,</strong></span> <span class='ocrx_word' id='word_1_493' title='bbox 733 3827 1068 3896; x_wconf 86' lang='lat' dir='ltr'><strong>jejunareut,</strong></span> <span class='ocrx_word' id='word_1_494' title='bbox 1099 3842 1201 3882; x_wconf 90' lang='lat' dir='ltr'><strong>nec</strong></span> <span class='ocrx_word' id='word_1_495' title='bbox 1260 3829 1614 3899; x_wconf 83' lang='lat' dir='ltr'><strong>xerophagiis</strong></span> <span class='ocrx_word' id='word_1_496' title='bbox 1663 3840 2049 3887; x_wconf 84' lang='lat' dir='ltr'><strong>vescerentur.</strong></span> 
     </span>
    </p>
   </div>
   <div class='ocr_carea' id='block_1_68' title="bbox 455 3916 2052 3993">
    <p class='ocr_par' dir='ltr' id='par_1_68' title="bbox 455 3916 2052 3993">
     <span class='ocr_line' id='line_1_68' title="bbox 455 3916 2052 3993; baseline 0.008 -23"><span class='ocrx_word' id='word_1_497' title='bbox 455 3916 527 3970; x_wconf 84' lang='lat' dir='ltr'><strong>Et</strong></span> <span class='ocrx_word' id='word_1_498' title='bbox 556 3918 790 3986; x_wconf 90' lang='lat' dir='ltr'><strong>idipsum</strong></span> <span class='ocrx_word' id='word_1_499' title='bbox 815 3929 901 3972; x_wconf 90' lang='lat' dir='ltr'><strong>est</strong></span> <span class='ocrx_word' id='word_1_500' title='bbox 927 3920 1073 3988; x_wconf 92' lang='lat' dir='ltr'><strong>quod</strong></span> <span class='ocrx_word' id='word_1_501' title='bbox 1105 3920 1193 3974; x_wconf 92' lang='lat' dir='ltr'><strong>hic</strong></span> <span class='ocrx_word' id='word_1_502' title='bbox 1228 3933 1589 3990; x_wconf 70' lang='lat' dir='ltr'><strong>reprtrsentat</strong></span> <span class='ocrx_word' id='word_1_503' title='bbox 1622 3923 1882 3980; x_wconf 68' lang='lat' dir='ltr'><strong>lrenaaus.</strong></span> <span class='ocrx_word' id='word_1_504' title='bbox 1918 3926 2052 3993; x_wconf 84' lang='lat' dir='ltr'><strong>Qui-</strong></span> 
     </span>
    </p>
   </div>
   <div class='ocr_carea' id='block_1_69' title="bbox 453 4008 2046 4085">
    <p class='ocr_par' dir='ltr' id='par_1_69' title="bbox 453 4008 2046 4085">
     <span class='ocr_line' id='line_1_69' title="bbox 453 4008 2046 4085; baseline 0.009 -26"><span class='ocrx_word' id='word_1_505' title='bbox 453 4009 583 4060; x_wconf 80' lang='lat' dir='ltr'><strong>dam</strong></span> <span class='ocrx_word' id='word_1_506' title='bbox 625 4008 785 4073; x_wconf 85' lang='lat' dir='ltr'><strong>enim,</strong></span> <span class='ocrx_word' id='word_1_507' title='bbox 837 4009 1032 4076; x_wconf 87' lang='lat' dir='ltr'><strong>inquit,</strong></span> <span class='ocrx_word' id='word_1_508' title='bbox 1062 4010 1218 4063; x_wconf 86' lang='lat' dir='ltr'><strong>unico</strong></span> <span class='ocrx_word' id='word_1_509' title='bbox 1273 4013 1358 4066; x_wconf 89' lang='lat' dir='ltr'><strong>die</strong></span> <span class='ocrx_word' id='word_1_510' title='bbox 1401 4014 1500 4066; x_wconf 89' lang='lat' dir='ltr'><strong>sibi</strong></span> <span class='ocrx_word' id='word_1_511' title='bbox 1527 4014 1884 4084; x_wconf 86' lang='lat' dir='ltr'><strong>jejunandum</strong></span> <span class='ocrx_word' id='word_1_512' title='bbox 1915 4036 2046 4085; x_wconf 88' lang='lat' dir='ltr'><strong>esse,</strong></span> 
     </span>
    </p>
   </div>
   <div class='ocr_carea' id='block_1_70' title="bbox 455 4100 2048 4180">
    <p class='ocr_par' dir='ltr' id='par_1_70' title="bbox 455 4100 2048 4180">
     <span class='ocr_line' id='line_1_70' title="bbox 455 4100 2048 4180; baseline 0.011 -30"><span class='ocrx_word' id='word_1_513' title='bbox 455 4100 716 4154; x_wconf 87' lang='lat' dir='ltr'><strong>videlicet</strong></span> <span class='ocrx_word' id='word_1_514' title='bbox 777 4103 1082 4156; x_wconf 88' lang='lat' dir='ltr'><strong>secundum</strong></span> <span class='ocrx_word' id='word_1_515' title='bbox 1145 4118 1465 4160; x_wconf 89' lang='lat' dir='ltr'><strong>accuratam</strong></span> <span class='ocrx_word' id='word_1_516' title='bbox 1518 4107 1712 4177; x_wconf 85' lang='lat' dir='ltr'><strong>jejunii</strong></span> <span class='ocrx_word' id='word_1_517' title='bbox 1771 4111 2048 4180; x_wconf 79' lang='lat' dir='ltr'><strong>formam,</strong></span> 
     </span>
    </p>
   </div>
   <div class='ocr_carea' id='block_1_71' title="bbox 457 4193 2052 4269">
    <p class='ocr_par' dir='ltr' id='par_1_71' title="bbox 457 4193 2052 4269">
     <span class='ocr_line' id='line_1_71' title="bbox 457 4193 2052 4269; baseline 0.008 -23"><span class='ocrx_word' id='word_1_518' title='bbox 457 4193 803 4259; x_wconf 73' lang='lat' dir='ltr'><strong>existimant;</strong></span> <span class='ocrx_word' id='word_1_519' title='bbox 834 4194 930 4247; x_wconf 84' lang='lat' dir='ltr'><strong>alii</strong></span> <span class='ocrx_word' id='word_1_520' title='bbox 985 4194 1214 4257; x_wconf 81' lang='lat' dir='ltr'><strong>duobus,</strong></span> <span class='ocrx_word' id='word_1_521' title='bbox 1257 4195 1356 4249; x_wconf 87' lang='lat' dir='ltr'><strong>alii</strong></span> <span class='ocrx_word' id='word_1_522' title='bbox 1392 4197 1608 4267; x_wconf 84' lang='lat' dir='ltr'><strong>insuper</strong></span> <span class='ocrx_word' id='word_1_523' title='bbox 1635 4201 1913 4269; x_wconf 84' lang='lat' dir='ltr'><strong>pluribus;</strong></span> <span class='ocrx_word' id='word_1_524' title='bbox 1958 4207 2052 4258; x_wconf 88' lang='lat' dir='ltr'><strong>alii</strong></span> 
     </span>
    </p>
   </div>
   <div class='ocr_carea' id='block_1_72' title="bbox 456 4288 2050 4365">
    <p class='ocr_par' dir='ltr' id='par_1_72' title="bbox 456 4288 2050 4365">
     <span class='ocr_line' id='line_1_72' title="bbox 456 4288 2050 4365; baseline 0.009 -25"><span class='ocrx_word' id='word_1_525' title='bbox 456 4305 601 4352; x_wconf 71' lang='lat' dir='ltr'><strong>vero,</strong></span> <span class='ocrx_word' id='word_1_526' title='bbox 631 4302 862 4356; x_wconf 88' lang='lat' dir='ltr'><strong>quorum</strong></span> <span class='ocrx_word' id='word_1_527' title='bbox 897 4288 1075 4355; x_wconf 91' lang='lat' dir='ltr'><strong>pietas</strong></span> <span class='ocrx_word' id='word_1_528' title='bbox 1097 4290 1295 4358; x_wconf 85' lang='lat' dir='ltr'><strong>major,</strong></span> <span class='ocrx_word' id='word_1_529' title='bbox 1334 4291 1549 4361; x_wconf 81' lang='lat' dir='ltr'><strong>longius</strong></span> <span class='ocrx_word' id='word_1_530' title='bbox 1583 4297 1860 4365; x_wconf 79' lang='lat' dir='ltr'><strong>progressi</strong></span> <span class='ocrx_word' id='word_1_531' title='bbox 1908 4308 2050 4354; x_wconf 90' lang='lat' dir='ltr'><strong>totos</strong></span> 
     </span>
    </p>
   </div>
   <div class='ocr_carea' id='block_1_73' title="bbox 455 4379 2052 4457">
    <p class='ocr_par' dir='ltr' id='par_1_73' title="bbox 455 4379 2052 4457">
     <span class='ocr_line' id='line_1_73' title="bbox 455 4379 2052 4457; baseline 0.01 -25"><span class='ocrx_word' id='word_1_532' title='bbox 455 4380 823 4450; x_wconf 82' lang='lat' dir='ltr'><strong>quadraginta</strong></span> <span class='ocrx_word' id='word_1_533' title='bbox 882 4379 1001 4435; x_wconf 90' lang='lat' dir='ltr'><strong>dies</strong></span> <span class='ocrx_word' id='word_1_534' title='bbox 1055 4382 1108 4434; x_wconf 93' lang='lat' dir='ltr'><strong>in</strong></span> <span class='ocrx_word' id='word_1_535' title='bbox 1162 4385 1516 4453; x_wconf 76' lang='lat' dir='ltr'><strong>xerophagiis</strong></span> <span class='ocrx_word' id='word_1_536' title='bbox 1569 4401 1758 4457; x_wconf 89' lang='lat' dir='ltr'><strong>agunt.</strong></span> <span class='ocrx_word' id='word_1_537' title='bbox 1785 4389 2052 4447; x_wconf 90' lang='lat' dir='ltr'><strong>Omnibus</strong></span> 
     </span>
    </p>
   </div>
   <div class='ocr_carea' id='block_1_74' title="bbox 456 4473 2052 4552">
    <p class='ocr_par' dir='ltr' id='par_1_74' title="bbox 456 4473 2052 4552">
     <span class='ocr_line' id='line_1_74' title="bbox 456 4473 2052 4552; baseline 0.008 -26"><span class='ocrx_word' id='word_1_538' title='bbox 456 4486 638 4527; x_wconf 86' lang='lat' dir='ltr'><strong>autem</strong></span> <span class='ocrx_word' id='word_1_539' title='bbox 684 4473 788 4527; x_wconf 90' lang='lat' dir='ltr'><strong>hoc</strong></span> <span class='ocrx_word' id='word_1_540' title='bbox 831 4488 1121 4529; x_wconf 88' lang='lat' dir='ltr'><strong>commune</strong></span> <span class='ocrx_word' id='word_1_541' title='bbox 1173 4475 1298 4539; x_wconf 82' lang='lat' dir='ltr'><strong>fuit,</strong></span> <span class='ocrx_word' id='word_1_542' title='bbox 1327 4485 1387 4530; x_wconf 85' lang='lat' dir='ltr'><strong>nt</strong></span> <span class='ocrx_word' id='word_1_543' title='bbox 1418 4478 1565 4532; x_wconf 81' lang='lat' dir='ltr'><strong>horis</strong></span> <span class='ocrx_word' id='word_1_544' title='bbox 1595 4482 1809 4536; x_wconf 83' lang='lat' dir='ltr'><strong>diurnis</strong></span> <span class='ocrx_word' id='word_1_545' title='bbox 1851 4487 2052 4552; x_wconf 82' lang='lat' dir='ltr'><strong>pariter</strong></span> 
     </span>
    </p>
   </div>
   <div class='ocr_carea' id='block_1_75' title="bbox 455 4565 2046 4642">
    <p class='ocr_par' dir='ltr' id='par_1_75' title="bbox 455 4565 2046 4642">
     <span class='ocr_line' id='line_1_75' title="bbox 455 4565 2046 4642; baseline 0.008 -25"><span class='ocrx_word' id='word_1_546' title='bbox 455 4581 518 4617; x_wconf 86' lang='lat' dir='ltr'><strong>ac</strong></span> <span class='ocrx_word' id='word_1_547' title='bbox 551 4565 826 4618; x_wconf 87' lang='lat' dir='ltr'><strong>nocturnis</strong></span> <span class='ocrx_word' id='word_1_548' title='bbox 871 4567 1210 4633; x_wconf 85' lang='lat' dir='ltr'><strong>computatis,</strong></span> <span class='ocrx_word' id='word_1_549' title='bbox 1256 4569 1393 4620; x_wconf 88' lang='lat' dir='ltr'><strong>diem</strong></span> <span class='ocrx_word' id='word_1_550' title='bbox 1421 4587 1578 4623; x_wconf 88' lang='lat' dir='ltr'><strong>suum</strong></span> <span class='ocrx_word' id='word_1_551' title='bbox 1604 4575 1951 4642; x_wconf 79' lang='lat' dir='ltr'><strong>metireutur‘,</strong></span> <span class='ocrx_word' id='word_1_552' title='bbox 1994 4578 2046 4633; x_wconf 92' lang='lat' dir='ltr'><strong>id</strong></span> 
     </span>
    </p>
   </div>
   <div class='ocr_carea' id='block_1_76' title="bbox 453 4656 2050 4728">
    <p class='ocr_par' dir='ltr' id='par_1_76' title="bbox 453 4656 2050 4728">
     <span class='ocr_line' id='line_1_76' title="bbox 453 4656 2050 4728; baseline 0.012 -20"><span class='ocrx_word' id='word_1_553' title='bbox 453 4667 542 4709; x_wconf 84' lang='lat' dir='ltr'><strong>est</strong></span> <span class='ocrx_word' id='word_1_554' title='bbox 591 4656 710 4710; x_wconf 86' lang='lat' dir='ltr'><strong>dies</strong></span> <span class='ocrx_word' id='word_1_555' title='bbox 732 4657 810 4710; x_wconf 89' lang='lat' dir='ltr'><strong>illi</strong></span> <span class='ocrx_word' id='word_1_556' title='bbox 835 4672 975 4725; x_wconf 90' lang='lat' dir='ltr'><strong>quos</strong></span> <span class='ocrx_word' id='word_1_557' title='bbox 991 4657 1203 4727; x_wconf 91' lang='lat' dir='ltr'><strong>jejunio</strong></span> <span class='ocrx_word' id='word_1_558' title='bbox 1218 4661 1579 4728; x_wconf 78' lang='lat' dir='ltr'><strong>deputabunt,</strong></span> <span class='ocrx_word' id='word_1_559' title='bbox 1603 4681 1708 4720; x_wconf 89' lang='lat' dir='ltr'><strong>non</strong></span> <span class='ocrx_word' id='word_1_560' title='bbox 1735 4668 2050 4728; x_wconf 85' lang='lat' dir='ltr'><strong>artiﬁciales</strong></span> 
     </span>
    </p>
   </div>
   <div class='ocr_carea' id='block_1_77' title="bbox 453 4752 2050 4826">
    <p class='ocr_par' dir='ltr' id='par_1_77' title="bbox 453 4752 2050 4826">
     <span class='ocr_line' id='line_1_77' title="bbox 453 4752 2050 4826; baseline 0.012 -25"><span class='ocrx_word' id='word_1_561' title='bbox 453 4761 652 4816; x_wconf 83' lang='lat' dir='ltr'><strong>erant;</strong></span> <span class='ocrx_word' id='word_1_562' title='bbox 685 4752 778 4804; x_wconf 89' lang='lat' dir='ltr'><strong>sed</strong></span> <span class='ocrx_word' id='word_1_563' title='bbox 812 4753 1120 4817; x_wconf 88' lang='lat' dir='ltr'><strong>naturales,</strong></span> <span class='ocrx_word' id='word_1_564' title='bbox 1151 4753 1270 4806; x_wconf 87' lang='lat' dir='ltr'><strong>sive</strong></span> <span class='ocrx_word' id='word_1_565' title='bbox 1300 4754 1514 4822; x_wconf 84' lang='lat' dir='ltr'><strong>civiles,</strong></span> <span class='ocrx_word' id='word_1_566' title='bbox 1541 4758 1740 4826; x_wconf 91' lang='lat' dir='ltr'><strong>quibus</strong></span> <span class='ocrx_word' id='word_1_567' title='bbox 1771 4775 2050 4819; x_wconf 71' lang='lat' dir='ltr'><strong>nocturna:</strong></span> 
     </span>
    </p>
   </div>
   <div class='ocr_carea' id='block_1_78' title="bbox 455 4843 2045 4925">
    <p class='ocr_par' dir='ltr' id='par_1_78' title="bbox 455 4843 2045 4925">
     <span class='ocr_line' id='line_1_78' title="bbox 455 4843 2045 4925; baseline 0.013 -32"><span class='ocrx_word' id='word_1_568' title='bbox 455 4844 664 4908; x_wconf 89' lang='lat' dir='ltr'><strong>pariter</strong></span> <span class='ocrx_word' id='word_1_569' title='bbox 691 4859 754 4898; x_wconf 90' lang='lat' dir='ltr'><strong>ac</strong></span> <span class='ocrx_word' id='word_1_570' title='bbox 787 4843 998 4898; x_wconf 60' lang='lat' dir='ltr'><strong>diurna)</strong></span> <span class='ocrx_word' id='word_1_571' title='bbox 1046 4846 1402 4900; x_wconf 90' lang='lat' dir='ltr'><strong>continentur</strong></span> <span class='ocrx_word' id='word_1_572' title='bbox 1429 4848 1598 4904; x_wconf 79' lang='lat' dir='ltr'><strong>horae.</strong></span> <span class='ocrx_word' id='word_1_573' title='bbox 1633 4851 1786 4917; x_wconf 89' lang='lat' dir='ltr'><strong>Quod</strong></span> <span class='ocrx_word' id='word_1_574' title='bbox 1821 4857 2045 4925; x_wconf 90' lang='lat' dir='ltr'><strong>quidem</strong></span> 
     </span>
    </p>
   </div>
   <div class='ocr_carea' id='block_1_79' title="bbox 455 4933 2043 5016">
    <p class='ocr_par' dir='ltr' id='par_1_79' title="bbox 455 4933 2043 5016">
     <span class='ocr_line' id='line_1_79' title="bbox 455 4933 2043 5016; baseline 0.011 -30"><span class='ocrx_word' id='word_1_575' title='bbox 455 4949 564 4988; x_wconf 85' lang='lat' dir='ltr'><strong>non</strong></span> <span class='ocrx_word' id='word_1_576' title='bbox 585 4933 830 5000; x_wconf 77' lang='lat' dir='ltr'><strong>frustra;</strong></span> <span class='ocrx_word' id='word_1_577' title='bbox 865 4937 960 4989; x_wconf 87' lang='lat' dir='ltr'><strong>sed</strong></span> <span class='ocrx_word' id='word_1_578' title='bbox 991 4939 1287 5006; x_wconf 83' lang='lat' dir='ltr'><strong>prudenter</strong></span> <span class='ocrx_word' id='word_1_579' title='bbox 1311 4942 1534 4995; x_wconf 89' lang='lat' dir='ltr'><strong>omnino</strong></span> <span class='ocrx_word' id='word_1_580' title='bbox 1555 4943 1763 4998; x_wconf 85' lang='lat' dir='ltr'><strong>addidit</strong></span> <span class='ocrx_word' id='word_1_581' title='bbox 1789 4946 2043 5016; x_wconf 65' lang='lat' dir='ltr'><strong>lrenmus,</strong></span> 
     </span>
    </p>
   </div>
   <div class='ocr_carea' id='block_1_80' title="bbox 455 5027 2041 5108">
    <p class='ocr_par' dir='ltr' id='par_1_80' title="bbox 455 5027 2041 5108">
     <span class='ocr_line' id='line_1_80' title="bbox 455 5027 2041 5108; baseline 0.009 -27"><span class='ocrx_word' id='word_1_582' title='bbox 455 5027 676 5096; x_wconf 87' lang='lat' dir='ltr'><strong>nequis</strong></span> <span class='ocrx_word' id='word_1_583' title='bbox 707 5028 812 5082; x_wconf 87' lang='lat' dir='ltr'><strong>sibi</strong></span> <span class='ocrx_word' id='word_1_584' title='bbox 844 5028 1073 5099; x_wconf 83' lang='lat' dir='ltr'><strong>ﬁngeret</strong></span> <span class='ocrx_word' id='word_1_585' title='bbox 1105 5030 1418 5098; x_wconf 88' lang='lat' dir='ltr'><strong>jejunantes</strong></span> <span class='ocrx_word' id='word_1_586' title='bbox 1458 5033 1596 5098; x_wconf 91' lang='lat' dir='ltr'><strong>illos,</strong></span> <span class='ocrx_word' id='word_1_587' title='bbox 1647 5036 1772 5090; x_wconf 90' lang='lat' dir='ltr'><strong>dum</strong></span> <span class='ocrx_word' id='word_1_588' title='bbox 1821 5042 2041 5108; x_wconf 88' lang='lat' dir='ltr'><strong>quidem</strong></span> 
     </span>
    </p>
   </div>
   <div class='ocr_carea' id='block_1_81' title="bbox 456 5117 2048 5188">
    <p class='ocr_par' dir='ltr' id='par_1_81' title="bbox 456 5117 2048 5188">
     <span class='ocr_line' id='line_1_81' title="bbox 456 5117 2048 5188; baseline 0.01 -18"><span class='ocrx_word' id='word_1_589' title='bbox 456 5117 538 5171; x_wconf 85' lang='lat' dir='ltr'><strong>sol</strong></span> <span class='ocrx_word' id='word_1_590' title='bbox 565 5119 791 5183; x_wconf 85' lang='lat' dir='ltr'><strong>luceret,</strong></span> <span class='ocrx_word' id='word_1_591' title='bbox 828 5122 975 5172; x_wconf 89' lang='lat' dir='ltr'><strong>tenui</strong></span> <span class='ocrx_word' id='word_1_592' title='bbox 1015 5120 1138 5173; x_wconf 92' lang='lat' dir='ltr'><strong>cibo</strong></span> <span class='ocrx_word' id='word_1_593' title='bbox 1172 5137 1304 5176; x_wconf 91' lang='lat' dir='ltr'><strong>usos</strong></span> <span class='ocrx_word' id='word_1_594' title='bbox 1335 5122 1532 5188; x_wconf 82' lang='lat' dir='ltr'><strong>fuisse,</strong></span> <span class='ocrx_word' id='word_1_595' title='bbox 1564 5133 1726 5177; x_wconf 90' lang='lat' dir='ltr'><strong>noctu</strong></span> <span class='ocrx_word' id='word_1_596' title='bbox 1759 5143 1889 5183; x_wconf 91' lang='lat' dir='ltr'><strong>vero</strong></span> <span class='ocrx_word' id='word_1_597' title='bbox 1924 5131 2048 5185; x_wconf 84' lang='lat' dir='ltr'><strong>lau-</strong></span> 
     </span>
    </p>
   </div>
   <div class='ocr_carea' id='block_1_82' title="bbox 458 5211 2048 5283">
    <p class='ocr_par' dir='ltr' id='par_1_82' title="bbox 458 5211 2048 5283">
     <span class='ocr_line' id='line_1_82' title="bbox 458 5211 2048 5283; baseline 0.013 -21"><span class='ocrx_word' id='word_1_598' title='bbox 458 5211 688 5265; x_wconf 88' lang='lat' dir='ltr'><strong>tioribus</strong></span> <span class='ocrx_word' id='word_1_599' title='bbox 719 5212 920 5281; x_wconf 88' lang='lat' dir='ltr'><strong>epulis,</strong></span> <span class='ocrx_word' id='word_1_600' title='bbox 965 5229 1114 5267; x_wconf 90' lang='lat' dir='ltr'><strong>more</strong></span> <span class='ocrx_word' id='word_1_601' title='bbox 1160 5212 1500 5279; x_wconf 69' lang='lat' dir='ltr'><strong>Judteorum,</strong></span> <span class='ocrx_word' id='word_1_602' title='bbox 1532 5218 1847 5275; x_wconf 87' lang='lat' dir='ltr'><strong>indulsisse.</strong></span> <span class='ocrx_word' id='word_1_603' title='bbox 1872 5224 2048 5283; x_wconf 85' lang='lat' dir='ltr'><strong>Porro</strong></span> 
     </span>
    </p>
   </div>
   <div class='ocr_carea' id='block_1_83' title="bbox 453 5304 2048 5375">
    <p class='ocr_par' dir='ltr' id='par_1_83' title="bbox 453 5304 2048 5375">
     <span class='ocr_line' id='line_1_83' title="bbox 453 5304 2048 5375; baseline 0.013 -22"><span class='ocrx_word' id='word_1_604' title='bbox 453 5304 743 5357; x_wconf 85' lang='lat' dir='ltr'><strong>verissima</strong></span> <span class='ocrx_word' id='word_1_605' title='bbox 773 5306 887 5357; x_wconf 69' lang='lat' dir='ltr'><strong>haec</strong></span> <span class='ocrx_word' id='word_1_606' title='bbox 903 5305 1182 5369; x_wconf 85' lang='lat' dir='ltr'><strong>omnia,ct</strong></span> <span class='ocrx_word' id='word_1_607' title='bbox 1203 5321 1326 5358; x_wconf 91' lang='lat' dir='ltr'><strong>cum</strong></span> <span class='ocrx_word' id='word_1_608' title='bbox 1357 5310 1638 5364; x_wconf 83' lang='lat' dir='ltr'><strong>veteribus</strong></span> <span class='ocrx_word' id='word_1_609' title='bbox 1673 5322 2048 5375; x_wconf 86' lang='lat' dir='ltr'><strong>inunumentis</strong></span> 
     </span>
    </p>
   </div>
   <div class='ocr_carea' id='block_1_84' title="bbox 451 5397 2040 5478">
    <p class='ocr_par' dir='ltr' id='par_1_84' title="bbox 451 5397 2040 5478">
     <span class='ocr_line' id='line_1_84' title="bbox 451 5397 2040 5478; baseline 0.011 -32"><span class='ocrx_word' id='word_1_610' title='bbox 451 5397 704 5463; x_wconf 86' lang='lat' dir='ltr'><strong>apprime</strong></span> <span class='ocrx_word' id='word_1_611' title='bbox 733 5407 1124 5451; x_wconf 87' lang='lat' dir='ltr'><strong>consentanea.</strong></span> <span class='ocrx_word' id='word_1_612' title='bbox 1143 5397 1274 5451; x_wconf 79' lang='lat' dir='ltr'><strong>Nam</strong></span> <span class='ocrx_word' id='word_1_613' title='bbox 1307 5403 1602 5456; x_wconf 85' lang='lat' dir='ltr'><strong>concilium</strong></span> <span class='ocrx_word' id='word_1_614' title='bbox 1633 5403 2040 5478; x_wconf 70' lang='lat' dir='ltr'><strong>Laodicmuum,</strong></span> 
     </span>
    </p>
   </div>
   <div class='ocr_carea' id='block_1_85' title="bbox 451 5488 2042 5573">
    <p class='ocr_par' dir='ltr' id='par_1_85' title="bbox 451 5488 2042 5573">
     <span class='ocr_line' id='line_1_85' title="bbox 451 5488 2042 5573; baseline 0.009 -32"><span class='ocrx_word' id='word_1_615' title='bbox 451 5505 578 5542; x_wconf 85' lang='lat' dir='ltr'><strong>can.</strong></span> <span class='ocrx_word' id='word_1_616' title='bbox 643 5488 731 5552; x_wconf 80' lang='lat'><strong>50,</strong></span> <span class='ocrx_word' id='word_1_617' title='bbox 795 5490 1004 5553; x_wconf 88' lang='lat' dir='ltr'><strong>statuit,</strong></span> <span class='ocrx_word' id='word_1_618' title='bbox 1047 5494 1167 5542; x_wconf 79' lang='grc' dir='ltr'>Δεῖν</span> <span class='ocrx_word' id='word_1_619' title='bbox 1228 5494 1406 5544; x_wconf 77' lang='grc' dir='ltr'>πᾶσαν</span> <span class='ocrx_word' id='word_1_620' title='bbox 1441 5495 1541 5565; x_wconf 80' lang='grc' dir='ltr'>τὴν</span> <span class='ocrx_word' id='word_1_621' title='bbox 1582 5495 2042 5573; x_wconf 74' lang='grc' dir='ltr'>Τεσσαρακοστὴν</span> 
     </span>
    </p>
   </div>
   <div class='ocr_carea' id='block_1_86' title="bbox 453 5581 2045 5658">
    <p class='ocr_par' dir='ltr' id='par_1_86' title="bbox 453 5581 2045 5658">
     <span class='ocr_line' id='line_1_86' title="bbox 453 5581 2045 5658; baseline 0.009 -25"><span class='ocrx_word' id='word_1_622' title='bbox 453 5581 736 5654; x_wconf 79' lang='grc' dir='ltr'>νηστεύειν</span> <span class='ocrx_word' id='word_1_623' title='bbox 793 5582 1258 5656; x_wconf 58' lang='grc' dir='ltr'>ξηροφαγοῖωτας,</span> <span class='ocrx_word' id='word_1_624' title='bbox 1298 5585 1548 5651; x_wconf 82' lang='lat' dir='ltr'><strong>Oportere</strong></span> <span class='ocrx_word' id='word_1_625' title='bbox 1591 5602 1754 5643; x_wconf 83' lang='lat' dir='ltr'><strong>totam</strong></span> <span class='ocrx_word' id='word_1_626' title='bbox 1789 5596 2045 5658; x_wconf 77' lang='lat' dir='ltr'><strong>Quadra-</strong></span> 
     </span>
    </p>
   </div>
   <div class='ocr_carea' id='block_1_87' title="bbox 2081 4531 2128 4588">
    <p class='ocr_par' dir='ltr' id='par_1_87' title="bbox 2081 4531 2128 4588">
     <span class='ocr_line' id='line_1_87' title="bbox 2081 4531 2128 4588; baseline 0 -2"><span class='ocrx_word' id='word_1_627' title='bbox 2081 4531 2128 4588; x_wconf 90' lang='lat' dir='ltr'><strong>D</strong></span> 
     </span>
    </p>
   </div>
   <div class='ocr_carea' id='block_1_88' title="bbox 2159 3266 3756 3338">
    <p class='ocr_par' dir='ltr' id='par_1_88' title="bbox 2159 3266 3756 3338">
     <span class='ocr_line' id='line_1_88' title="bbox 2159 3266 3756 3338; baseline -0.005 -11"><span class='ocrx_word' id='word_1_628' title='bbox 2159 3276 2312 3330; x_wconf 84' lang='lat' dir='ltr'><strong>ribus</strong></span> <span class='ocrx_word' id='word_1_629' title='bbox 2344 3273 2495 3326; x_wconf 91' lang='lat' dir='ltr'><strong>varia</strong></span> <span class='ocrx_word' id='word_1_630' title='bbox 2544 3286 2666 3324; x_wconf 88' lang='lat' dir='ltr'><strong>esse</strong></span> <span class='ocrx_word' id='word_1_631' title='bbox 2715 3279 2928 3338; x_wconf 87' lang='lat' dir='ltr'><strong>potest;</strong></span> <span class='ocrx_word' id='word_1_632' title='bbox 2980 3276 3235 3320; x_wconf 88' lang='lat' dir='ltr'><strong>neutrum</strong></span> <span class='ocrx_word' id='word_1_633' title='bbox 3291 3268 3356 3321; x_wconf 90' lang='lat' dir='ltr'><strong>ad</strong></span> <span class='ocrx_word' id='word_1_634' title='bbox 3394 3266 3579 3334; x_wconf 88' lang='lat' dir='ltr'><strong>ﬁdem,</strong></span> <span class='ocrx_word' id='word_1_635' title='bbox 3626 3282 3756 3336; x_wconf 63' lang='lat' dir='ltr'><strong>qum</strong></span> 
     </span>
    </p>
   </div>
   <div class='ocr_carea' id='block_1_89' title="bbox 2154 3359 3754 3423">
    <p class='ocr_par' dir='ltr' id='par_1_89' title="bbox 2154 3359 3754 3423">
     <span class='ocr_line' id='line_1_89' title="bbox 2154 3359 3754 3423; baseline -0.004 -1"><span class='ocrx_word' id='word_1_636' title='bbox 2154 3368 2344 3422; x_wconf 88' lang='lat' dir='ltr'><strong>eadem</strong></span> <span class='ocrx_word' id='word_1_637' title='bbox 2369 3376 2424 3420; x_wconf 88' lang='lat' dir='ltr'><strong>et</strong></span> <span class='ocrx_word' id='word_1_638' title='bbox 2455 3369 2784 3418; x_wconf 90' lang='lat' dir='ltr'><strong>inconcussa</strong></span> <span class='ocrx_word' id='word_1_639' title='bbox 2815 3361 3070 3416; x_wconf 88' lang='lat' dir='ltr'><strong>manebat</strong></span> <span class='ocrx_word' id='word_1_640' title='bbox 3092 3361 3144 3414; x_wconf 92' lang='lat' dir='ltr'><strong>in</strong></span> <span class='ocrx_word' id='word_1_641' title='bbox 3178 3360 3432 3414; x_wconf 90' lang='lat' dir='ltr'><strong>omnibus</strong></span> <span class='ocrx_word' id='word_1_642' title='bbox 3459 3359 3754 3423; x_wconf 85' lang='lat' dir='ltr'><strong>Ecclesiis,</strong></span> 
     </span>
    </p>
   </div>
   <div class='ocr_carea' id='block_1_90' title="bbox 2155 3453 3755 3527">
    <p class='ocr_par' dir='ltr' id='par_1_90' title="bbox 2155 3453 3755 3527">
     <span class='ocr_line' id='line_1_90' title="bbox 2155 3453 3755 3527; baseline -0.003 -15"><span class='ocrx_word' id='word_1_643' title='bbox 2155 3458 2460 3527; x_wconf 81' lang='lat' dir='ltr'><strong>spectabat.</strong></span> <span class='ocrx_word' id='word_1_644' title='bbox 2495 3454 2714 3508; x_wconf 81' lang='lat' dir='ltr'><strong>Maximi</strong></span> <span class='ocrx_word' id='word_1_645' title='bbox 2769 3454 3026 3522; x_wconf 91' lang='lat' dir='ltr'><strong>ponderis</strong></span> <span class='ocrx_word' id='word_1_646' title='bbox 3074 3467 3197 3506; x_wconf 88' lang='lat' dir='ltr'><strong>esse</strong></span> <span class='ocrx_word' id='word_1_647' title='bbox 3259 3462 3576 3521; x_wconf 85' lang='lat' dir='ltr'><strong>argumenta</strong></span> <span class='ocrx_word' id='word_1_648' title='bbox 3631 3453 3755 3507; x_wconf 71' lang='lat' dir='ltr'><strong>[nec</strong></span> 
     </span>
    </p>
   </div>
   <div class='ocr_carea' id='block_1_91' title="bbox 2155 3546 3753 3616">
    <p class='ocr_par' dir='ltr' id='par_1_91' title="bbox 2155 3546 3753 3616">
     <span class='ocr_line' id='line_1_91' title="bbox 2155 3546 3753 3616; baseline -0.001 -12"><span class='ocrx_word' id='word_1_649' title='bbox 2155 3549 2364 3613; x_wconf 88' lang='lat' dir='ltr'><strong>omnia,</strong></span> <span class='ocrx_word' id='word_1_650' title='bbox 2399 3547 2700 3616; x_wconf 69' lang='lat' dir='ltr'><strong>lremeique</strong></span> <span class='ocrx_word' id='word_1_651' title='bbox 2733 3546 2957 3615; x_wconf 88' lang='lat' dir='ltr'><strong>pietate,</strong></span> <span class='ocrx_word' id='word_1_652' title='bbox 2983 3546 3270 3614; x_wconf 89' lang='lat' dir='ltr'><strong>prudentia</strong></span> <span class='ocrx_word' id='word_1_653' title='bbox 3321 3556 3377 3599; x_wconf 91' lang='lat' dir='ltr'><strong>et</strong></span> <span class='ocrx_word' id='word_1_654' title='bbox 3433 3547 3753 3602; x_wconf 88' lang='lat' dir='ltr'><strong>eruditione</strong></span> 
     </span>
    </p>
   </div>
   <div class='ocr_carea' id='block_1_92' title="bbox 2155 3639 3751 3714">
    <p class='ocr_par' dir='ltr' id='par_1_92' title="bbox 2155 3639 3751 3714">
     <span class='ocr_line' id='line_1_92' title="bbox 2155 3639 3751 3714; baseline -0.003 -17"><span class='ocrx_word' id='word_1_655' title='bbox 2155 3643 2498 3714; x_wconf 89' lang='lat' dir='ltr'><strong>dignissima,</strong></span> <span class='ocrx_word' id='word_1_656' title='bbox 2524 3658 2685 3696; x_wconf 91' lang='lat' dir='ltr'><strong>nemo</strong></span> <span class='ocrx_word' id='word_1_657' title='bbox 2710 3642 3017 3709; x_wconf 82' lang='lat' dir='ltr'><strong>negaverit.</strong></span> <span class='ocrx_word' id='word_1_658' title='bbox 3039 3639 3273 3692; x_wconf 89' lang='lat' dir='ltr'><strong>Tantmn</strong></span> <span class='ocrx_word' id='word_1_659' title='bbox 3299 3644 3439 3706; x_wconf 87' lang='lat' dir='ltr'><strong>apud</strong></span> <span class='ocrx_word' id='word_1_660' title='bbox 3467 3639 3751 3694; x_wconf 79' lang='lat' dir='ltr'><strong>Victorem</strong></span> 
     </span>
    </p>
   </div>
   <div class='ocr_carea' id='block_1_93' title="bbox 2155 3733 3749 3802">
    <p class='ocr_par' dir='ltr' id='par_1_93' title="bbox 2155 3733 3749 3802">
     <span class='ocr_line' id='line_1_93' title="bbox 2155 3733 3749 3802; baseline -0.003 -12"><span class='ocrx_word' id='word_1_661' title='bbox 2155 3737 2410 3800; x_wconf 88' lang='lat' dir='ltr'><strong>valuisse,</strong></span> <span class='ocrx_word' id='word_1_662' title='bbox 2440 3747 2498 3789; x_wconf 92' lang='lat' dir='ltr'><strong>ut</strong></span> <span class='ocrx_word' id='word_1_663' title='bbox 2527 3738 2611 3789; x_wconf 91' lang='lat' dir='ltr'><strong>his</strong></span> <span class='ocrx_word' id='word_1_664' title='bbox 2645 3736 2824 3790; x_wconf 88' lang='lat' dir='ltr'><strong>victus</strong></span> <span class='ocrx_word' id='word_1_665' title='bbox 2871 3734 3097 3788; x_wconf 89' lang='lat' dir='ltr'><strong>nimium</strong></span> <span class='ocrx_word' id='word_1_666' title='bbox 3128 3733 3462 3802; x_wconf 77' lang='lat' dir='ltr'><strong>pra-cipitem</strong></span> <span class='ocrx_word' id='word_1_667' title='bbox 3512 3733 3749 3802; x_wconf 86' lang='lat' dir='ltr'><strong>gradum</strong></span> 
     </span>
    </p>
   </div>
   <div class='ocr_carea' id='block_1_94' title="bbox 2154 3823 3751 3895">
    <p class='ocr_par' dir='ltr' id='par_1_94' title="bbox 2154 3823 3751 3895">
     <span class='ocr_line' id='line_1_94' title="bbox 2154 3823 3751 3895; baseline -0.004 -12"><span class='ocrx_word' id='word_1_668' title='bbox 2154 3827 2524 3892; x_wconf 87' lang='lat' dir='ltr'><strong>revocaverit,</strong></span> <span class='ocrx_word' id='word_1_669' title='bbox 2556 3826 2932 3895; x_wconf 82' lang='lat' dir='ltr'><strong>Ecclesiisque</strong></span> <span class='ocrx_word' id='word_1_670' title='bbox 2956 3823 3333 3880; x_wconf 87' lang='lat' dir='ltr'><strong>Orientalibus</strong></span> <span class='ocrx_word' id='word_1_671' title='bbox 3359 3838 3546 3892; x_wconf 89' lang='lat' dir='ltr'><strong>pacem</strong></span> <span class='ocrx_word' id='word_1_672' title='bbox 3581 3825 3751 3877; x_wconf 82' lang='lat' dir='ltr'><strong>resti-</strong></span> 
     </span>
    </p>
   </div>
   <div class='ocr_carea' id='block_1_95' title="bbox 2153 3915 3750 3988">
    <p class='ocr_par' dir='ltr' id='par_1_95' title="bbox 2153 3915 3750 3988">
     <span class='ocr_line' id='line_1_95' title="bbox 2153 3915 3750 3988; baseline -0.005 -12"><span class='ocrx_word' id='word_1_673' title='bbox 2153 3921 2341 3985; x_wconf 89' lang='lat' dir='ltr'><strong>tuerit,</strong></span> <span class='ocrx_word' id='word_1_674' title='bbox 2366 3935 2432 3976; x_wconf 87' lang='lat' dir='ltr'><strong>ex</strong></span> <span class='ocrx_word' id='word_1_675' title='bbox 2487 3934 2553 3974; x_wconf 91' lang='lat' dir='ltr'><strong>eo</strong></span> <span class='ocrx_word' id='word_1_676' title='bbox 2595 3918 2894 3988; x_wconf 87' lang='lat' dir='ltr'><strong>colligitur,</strong></span> <span class='ocrx_word' id='word_1_677' title='bbox 2921 3918 3066 3986; x_wconf 89' lang='lat' dir='ltr'><strong>quod</strong></span> <span class='ocrx_word' id='word_1_678' title='bbox 3117 3915 3536 3970; x_wconf 72' lang='lat' dir='ltr'><strong>Firmiliauus”</strong></span> <span class='ocrx_word' id='word_1_679' title='bbox 3581 3931 3750 3969; x_wconf 80' lang='lat' dir='ltr'><strong>sexa-</strong></span> 
     </span>
    </p>
   </div>
   <div class='ocr_carea' id='block_1_96' title="bbox 2156 4008 3750 4084">
    <p class='ocr_par' dir='ltr' id='par_1_96' title="bbox 2156 4008 3750 4084">
     <span class='ocr_line' id='line_1_96' title="bbox 2156 4008 3750 4084; baseline -0.003 -17"><span class='ocrx_word' id='word_1_680' title='bbox 2156 4014 2305 4084; x_wconf 89' lang='lat' dir='ltr'><strong>ginta</strong></span> <span class='ocrx_word' id='word_1_681' title='bbox 2337 4011 2560 4067; x_wconf 89' lang='lat' dir='ltr'><strong>circiter</strong></span> <span class='ocrx_word' id='word_1_682' title='bbox 2584 4023 2706 4080; x_wconf 89' lang='lat' dir='ltr'><strong>post</strong></span> <span class='ocrx_word' id='word_1_683' title='bbox 2740 4010 2855 4064; x_wconf 78' lang='lat' dir='ltr'><strong>lucc</strong></span> <span class='ocrx_word' id='word_1_684' title='bbox 2880 4009 3039 4062; x_wconf 88' lang='lat' dir='ltr'><strong>annis</strong></span> <span class='ocrx_word' id='word_1_685' title='bbox 3055 4008 3358 4077; x_wconf 87' lang='lat' dir='ltr'><strong>scripserit,</strong></span> <span class='ocrx_word' id='word_1_686' title='bbox 3394 4009 3536 4062; x_wconf 90' lang='lat' dir='ltr'><strong>inter</strong></span> <span class='ocrx_word' id='word_1_687' title='bbox 3559 4009 3750 4062; x_wconf 83' lang='lat' dir='ltr'><strong>diver-</strong></span> 
     </span>
    </p>
   </div>
   <div class='ocr_carea' id='block_1_97' title="bbox 2155 4101 3751 4170">
    <p class='ocr_par' dir='ltr' id='par_1_97' title="bbox 2155 4101 3751 4170">
     <span class='ocr_line' id='line_1_97' title="bbox 2155 4101 3751 4170; baseline -0.006 -8"><span class='ocrx_word' id='word_1_688' title='bbox 2155 4123 2244 4163; x_wconf 89' lang='lat' dir='ltr'><strong>sas</strong></span> <span class='ocrx_word' id='word_1_689' title='bbox 2275 4106 2534 4161; x_wconf 75' lang='lat' dir='ltr'><strong>Romana:</strong></span> <span class='ocrx_word' id='word_1_690' title='bbox 2567 4104 2835 4159; x_wconf 82' lang='lat' dir='ltr'><strong>Ecclesiae</strong></span> <span class='ocrx_word' id='word_1_691' title='bbox 2893 4102 3235 4170; x_wconf 89' lang='lat' dir='ltr'><strong>aliarumque</strong></span> <span class='ocrx_word' id='word_1_692' title='bbox 3277 4101 3562 4170; x_wconf 79' lang='lat' dir='ltr'><strong>regionum</strong></span> <span class='ocrx_word' id='word_1_693' title='bbox 3605 4116 3751 4154; x_wconf 75' lang='lat' dir='ltr'><strong>con-</strong></span> 
     </span>
    </p>
   </div>
   <div class='ocr_carea' id='block_1_98' title="bbox 2154 4192 3750 4264">
    <p class='ocr_par' dir='ltr' id='par_1_98' title="bbox 2154 4192 3750 4264">
     <span class='ocr_line' id='line_1_98' title="bbox 2154 4192 3750 4264; baseline -0.005 -9"><span class='ocrx_word' id='word_1_694' title='bbox 2154 4201 2494 4263; x_wconf 89' lang='lat' dir='ltr'><strong>suetudines,</strong></span> <span class='ocrx_word' id='word_1_695' title='bbox 2554 4197 2782 4251; x_wconf 70' lang='lat' dir='ltr'><strong>illaesam</strong></span> <span class='ocrx_word' id='word_1_696' title='bbox 2828 4209 3042 4264; x_wconf 85' lang='lat' dir='ltr'><strong>semper</strong></span> <span class='ocrx_word' id='word_1_697' title='bbox 3097 4192 3415 4247; x_wconf 71' lang='lat' dir='ltr'><strong>constitisse</strong></span> <span class='ocrx_word' id='word_1_698' title='bbox 3453 4192 3750 4247; x_wconf 61' lang='lat' dir='ltr'><strong>catholicae</strong></span> 
     </span>
    </p>
   </div>
   <div class='ocr_carea' id='block_1_99' title="bbox 2154 4283 3750 4360">
    <p class='ocr_par' dir='ltr' id='par_1_99' title="bbox 2154 4283 3750 4360">
     <span class='ocr_line' id='line_1_99' title="bbox 2154 4283 3750 4360; baseline -0.006 -13"><span class='ocrx_word' id='word_1_699' title='bbox 2154 4292 2416 4347; x_wconf 64' lang='lat' dir='ltr'><strong>Ecclesia:</strong></span> <span class='ocrx_word' id='word_1_700' title='bbox 2447 4305 2638 4360; x_wconf 89' lang='lat' dir='ltr'><strong>pacem</strong></span> <span class='ocrx_word' id='word_1_701' title='bbox 2693 4297 2748 4342; x_wconf 90' lang='lat' dir='ltr'><strong>et</strong></span> <span class='ocrx_word' id='word_1_702' title='bbox 2804 4287 3096 4341; x_wconf 87' lang='lat' dir='ltr'><strong>unitatem.</strong></span> <span class='ocrx_word' id='word_1_703' title='bbox 3131 4283 3234 4338; x_wconf 88' lang='lat' dir='ltr'><strong>Sed</strong></span> <span class='ocrx_word' id='word_1_704' title='bbox 3287 4284 3509 4338; x_wconf 89' lang='lat' dir='ltr'><strong>disertis</strong></span> <span class='ocrx_word' id='word_1_705' title='bbox 3558 4285 3750 4338; x_wconf 88' lang='lat' dir='ltr'><strong>verbis</strong></span> 
     </span>
    </p>
   </div>
   <div class='ocr_carea' id='block_1_100' title="bbox 2156 4378 3749 4448">
    <p class='ocr_par' dir='ltr' id='par_1_100' title="bbox 2156 4378 3749 4448">
     <span class='ocr_line' id='line_1_100' title="bbox 2156 4378 3749 4448; baseline -0.007 -5"><span class='ocrx_word' id='word_1_706' title='bbox 2156 4389 2358 4443; x_wconf 87' lang='lat' dir='ltr'><strong>asserit</strong></span> <span class='ocrx_word' id='word_1_707' title='bbox 2411 4384 2700 4440; x_wconf 83' lang='lat' dir='ltr'><strong>Anatolius</strong></span> <span class='ocrx_word' id='word_1_708' title='bbox 2731 4381 2800 4445; x_wconf 78' lang='grc'><strong>⁸³⁸,</strong></span> <span class='ocrx_word' id='word_1_709' title='bbox 2831 4381 2920 4448; x_wconf 92' lang='lat' dir='ltr'><strong>qui</strong></span> <span class='ocrx_word' id='word_1_710' title='bbox 2959 4382 3118 4433; x_wconf 88' lang='lat' dir='ltr'><strong>annis</strong></span> <span class='ocrx_word' id='word_1_711' title='bbox 3151 4378 3274 4447; x_wconf 85' lang='lat' dir='ltr'><strong>plus</strong></span> <span class='ocrx_word' id='word_1_712' title='bbox 3309 4378 3491 4431; x_wconf 82' lang='lat' dir='ltr'><strong>minus</strong></span> <span class='ocrx_word' id='word_1_713' title='bbox 3518 4393 3588 4430; x_wconf 81' lang='lat' dir='ltr'><strong>xx</strong></span> <span class='ocrx_word' id='word_1_714' title='bbox 3619 4391 3749 4446; x_wconf 88' lang='lat' dir='ltr'><strong>post</strong></span> 
     </span>
    </p>
   </div>
   <div class='ocr_carea' id='block_1_101' title="bbox 2156 4473 3749 4543">
    <p class='ocr_par' dir='ltr' id='par_1_101' title="bbox 2156 4473 3749 4543">
     <span class='ocr_line' id='line_1_101' title="bbox 2156 4473 3749 4543; baseline -0.009 -5"><span class='ocrx_word' id='word_1_715' title='bbox 2156 4481 2542 4538; x_wconf 74' lang='lat' dir='ltr'><strong>Fit-miliarium</strong></span> <span class='ocrx_word' id='word_1_716' title='bbox 2594 4476 2890 4538; x_wconf 86' lang='lat' dir='ltr'><strong>scribebat,</strong></span> <span class='ocrx_word' id='word_1_717' title='bbox 2921 4475 3129 4528; x_wconf 81' lang='lat' dir='ltr'><strong>Irenaeo</strong></span> <span class='ocrx_word' id='word_1_718' title='bbox 3159 4482 3450 4543; x_wconf 89' lang='lat' dir='ltr'><strong>sequestro</strong></span> <span class='ocrx_word' id='word_1_719' title='bbox 3492 4473 3651 4540; x_wconf 90' lang='lat' dir='ltr'><strong>pacis</strong></span> <span class='ocrx_word' id='word_1_720' title='bbox 3687 4481 3749 4526; x_wconf 87' lang='lat' dir='ltr'><strong>et</strong></span> 
     </span>
    </p>
   </div>
   <div class='ocr_carea' id='block_1_102' title="bbox 2156 4568 3748 4640">
    <p class='ocr_par' dir='ltr' id='par_1_102' title="bbox 2156 4568 3748 4640">
     <span class='ocr_line' id='line_1_102' title="bbox 2156 4568 3748 4640; baseline -0.007 -10"><span class='ocrx_word' id='word_1_721' title='bbox 2156 4577 2534 4640; x_wconf 88' lang='lat' dir='ltr'><strong>conciliatore,</strong></span> <span class='ocrx_word' id='word_1_722' title='bbox 2565 4573 2647 4627; x_wconf 91' lang='lat' dir='ltr'><strong>sic</strong></span> <span class='ocrx_word' id='word_1_723' title='bbox 2695 4571 3024 4639; x_wconf 86' lang='lat' dir='ltr'><strong>compositas</strong></span> <span class='ocrx_word' id='word_1_724' title='bbox 3071 4568 3478 4621; x_wconf 84' lang='lat' dir='ltr'><strong>adversantium</strong></span> <span class='ocrx_word' id='word_1_725' title='bbox 3515 4575 3748 4620; x_wconf 86' lang='lat' dir='ltr'><strong>contro-</strong></span> 
     </span>
    </p>
   </div>
   <div class='ocr_carea' id='block_1_103' title="bbox 2152 4662 3744 4733">
    <p class='ocr_par' dir='ltr' id='par_1_103' title="bbox 2152 4662 3744 4733">
     <span class='ocr_line' id='line_1_103' title="bbox 2152 4662 3744 4733; baseline -0.006 -11"><span class='ocrx_word' id='word_1_726' title='bbox 2152 4672 2380 4733; x_wconf 75' lang='lat' dir='ltr'><strong>versias,</strong></span> <span class='ocrx_word' id='word_1_727' title='bbox 2409 4679 2465 4721; x_wconf 91' lang='lat' dir='ltr'><strong>ut</strong></span> <span class='ocrx_word' id='word_1_728' title='bbox 2490 4665 2784 4733; x_wconf 89' lang='lat' dir='ltr'><strong>unicuique</strong></span> <span class='ocrx_word' id='word_1_729' title='bbox 2823 4664 2998 4717; x_wconf 88' lang='lat' dir='ltr'><strong>avitos</strong></span> <span class='ocrx_word' id='word_1_730' title='bbox 3039 4675 3221 4716; x_wconf 89' lang='lat' dir='ltr'><strong>mores</strong></span> <span class='ocrx_word' id='word_1_731' title='bbox 3266 4662 3506 4716; x_wconf 84' lang='lat' dir='ltr'><strong>retinere</strong></span> <span class='ocrx_word' id='word_1_732' title='bbox 3562 4670 3744 4713; x_wconf 89' lang='lat' dir='ltr'><strong>tutum</strong></span> 
     </span>
    </p>
   </div>
   <div class='ocr_carea' id='block_1_104' title="bbox 2150 4756 3747 4825">
    <p class='ocr_par' dir='ltr' id='par_1_104' title="bbox 2150 4756 3747 4825">
     <span class='ocr_line' id='line_1_104' title="bbox 2150 4756 3747 4825; baseline -0.008 -5"><span class='ocrx_word' id='word_1_733' title='bbox 2150 4764 2316 4820; x_wconf 85' lang='lat' dir='ltr'><strong>fuerit</strong></span> <span class='ocrx_word' id='word_1_734' title='bbox 2347 4772 2402 4816; x_wconf 90' lang='lat' dir='ltr'><strong>et</strong></span> <span class='ocrx_word' id='word_1_735' title='bbox 2428 4763 2685 4816; x_wconf 88' lang='lat' dir='ltr'><strong>liberum.</strong></span> <span class='ocrx_word' id='word_1_736' title='bbox 2719 4760 2786 4812; x_wconf 85' lang='lat' dir='ltr'><strong>Et</strong></span> <span class='ocrx_word' id='word_1_737' title='bbox 2809 4773 3018 4818; x_wconf 87' lang='lat' dir='ltr'><strong>revera,</strong></span> <span class='ocrx_word' id='word_1_738' title='bbox 3055 4757 3304 4825; x_wconf 85' lang='lat' dir='ltr'><strong>quamvis</strong></span> <span class='ocrx_word' id='word_1_739' title='bbox 3339 4756 3407 4810; x_wconf 87' lang='lat' dir='ltr'><strong>ab</strong></span> <span class='ocrx_word' id='word_1_740' title='bbox 3451 4770 3536 4818; x_wconf 90' lang='lat' dir='ltr'><strong>ea,</strong></span> <span class='ocrx_word' id='word_1_741' title='bbox 3571 4769 3747 4822; x_wconf 85' lang='lat' dir='ltr'><strong>quam</strong></span> 
     </span>
    </p>
   </div>
   <div class='ocr_carea' id='block_1_105' title="bbox 2151 4846 3742 4926">
    <p class='ocr_par' dir='ltr' id='par_1_105' title="bbox 2151 4846 3742 4926">
     <span class='ocr_line' id='line_1_105' title="bbox 2151 4846 3742 4926; baseline -0.008 -13"><span class='ocrx_word' id='word_1_742' title='bbox 2151 4879 2178 4913; x_wconf 86' lang='lat' dir='ltr'><strong>a</strong></span> <span class='ocrx_word' id='word_1_743' title='bbox 2211 4859 2511 4926; x_wconf 79' lang='lat' dir='ltr'><strong>majoribus</strong></span> <span class='ocrx_word' id='word_1_744' title='bbox 2547 4862 2876 4923; x_wconf 89' lang='lat' dir='ltr'><strong>acceperant</strong></span> <span class='ocrx_word' id='word_1_745' title='bbox 2899 4891 2914 4911; x_wconf 86' lang='lat'><strong>.</strong></span> <span class='ocrx_word' id='word_1_746' title='bbox 2949 4849 3268 4904; x_wconf 87' lang='lat' dir='ltr'><strong>celebrandi</strong></span> <span class='ocrx_word' id='word_1_747' title='bbox 3312 4846 3598 4901; x_wconf 79' lang='lat' dir='ltr'><strong>Paschalis</strong></span> <span class='ocrx_word' id='word_1_748' title='bbox 3647 4863 3742 4900; x_wconf 87' lang='lat' dir='ltr'><strong>ra-</strong></span> 
     </span>
    </p>
   </div>
   <div class='ocr_carea' id='block_1_106' title="bbox 2157 4944 3741 5007">
    <p class='ocr_par' dir='ltr' id='par_1_106' title="bbox 2157 4944 3741 5007">
     <span class='ocr_line' id='line_1_106' title="bbox 2157 4944 3741 5007; baseline -0.007 0"><span class='ocrx_word' id='word_1_749' title='bbox 2157 4955 2305 5007; x_wconf 89' lang='lat' dir='ltr'><strong>tione</strong></span> <span class='ocrx_word' id='word_1_750' title='bbox 2336 4968 2440 5006; x_wconf 90' lang='lat' dir='ltr'><strong>non</strong></span> <span class='ocrx_word' id='word_1_751' title='bbox 2490 4948 2851 5003; x_wconf 82' lang='lat' dir='ltr'><strong>discesserint</strong></span> <span class='ocrx_word' id='word_1_752' title='bbox 2883 4944 3218 5006; x_wconf 89' lang='lat' dir='ltr'><strong>Orientales,</strong></span> <span class='ocrx_word' id='word_1_753' title='bbox 3269 4951 3497 4996; x_wconf 78' lang='lat' dir='ltr'><strong>vexatos</strong></span> <span class='ocrx_word' id='word_1_754' title='bbox 3556 4949 3741 4996; x_wconf 82' lang='lat' dir='ltr'><strong>tamen</strong></span> 
     </span>
    </p>
   </div>
   <div class='ocr_carea' id='block_1_107' title="bbox 2158 5034 3747 5112">
    <p class='ocr_par' dir='ltr' id='par_1_107' title="bbox 2158 5034 3747 5112">
     <span class='ocr_line' id='line_1_107' title="bbox 2158 5034 3747 5112; baseline -0.008 -11"><span class='ocrx_word' id='word_1_755' title='bbox 2158 5048 2413 5112; x_wconf 88' lang='lat' dir='ltr'><strong>deinceps</strong></span> <span class='ocrx_word' id='word_1_756' title='bbox 2446 5059 2474 5096; x_wconf 92' lang='lat' dir='ltr'><strong>a</strong></span> <span class='ocrx_word' id='word_1_757' title='bbox 2499 5040 2736 5096; x_wconf 77' lang='lat' dir='ltr'><strong>Victoris</strong></span> <span class='ocrx_word' id='word_1_758' title='bbox 2763 5037 3174 5092; x_wconf 89' lang='lat' dir='ltr'><strong>successoribus</strong></span> <span class='ocrx_word' id='word_1_759' title='bbox 3203 5049 3308 5088; x_wconf 88' lang='lat' dir='ltr'><strong>non</strong></span> <span class='ocrx_word' id='word_1_760' title='bbox 3329 5034 3557 5104; x_wconf 87' lang='lat' dir='ltr'><strong>legimus</strong></span> <span class='ocrx_word' id='word_1_761' title='bbox 3588 5051 3606 5088; x_wconf 84' lang='lat'><strong>:</strong></span> <span class='ocrx_word' id='word_1_762' title='bbox 3642 5034 3747 5090; x_wconf 82' lang='lat' dir='ltr'><strong>do-</strong></span> 
     </span>
    </p>
   </div>
   <div class='ocr_carea' id='block_1_108' title="bbox 2153 5125 3748 5191">
    <p class='ocr_par' dir='ltr' id='par_1_108' title="bbox 2153 5125 3748 5191">
     <span class='ocr_line' id='line_1_108' title="bbox 2153 5125 3748 5191; baseline -0.007 0"><span class='ocrx_word' id='word_1_763' title='bbox 2153 5153 2253 5191; x_wconf 87' lang='lat' dir='ltr'><strong>nec</strong></span> <span class='ocrx_word' id='word_1_764' title='bbox 2283 5134 2498 5189; x_wconf 90' lang='lat' dir='ltr'><strong>concilii</strong></span> <span class='ocrx_word' id='word_1_765' title='bbox 2533 5133 2737 5186; x_wconf 68' lang='lat' dir='ltr'><strong>Nicmni</strong></span> <span class='ocrx_word' id='word_1_766' title='bbox 2761 5133 2984 5184; x_wconf 85' lang='lat' dir='ltr'><strong>decreto</strong></span> <span class='ocrx_word' id='word_1_767' title='bbox 3012 5128 3220 5181; x_wconf 84' lang='lat' dir='ltr'><strong>saucita</strong></span> <span class='ocrx_word' id='word_1_768' title='bbox 3258 5125 3518 5180; x_wconf 68' lang='lat' dir='ltr'><strong>Romana:</strong></span> <span class='ocrx_word' id='word_1_769' title='bbox 3546 5125 3748 5182; x_wconf 36' lang='lat' dir='ltr'><strong>Eccles</strong></span> 
     </span>
    </p>
   </div>
   <div class='ocr_carea' id='block_1_109' title="bbox 2147 5215 3748 5283">
    <p class='ocr_par' dir='ltr' id='par_1_109' title="bbox 2147 5215 3748 5283">
     <span class='ocr_line' id='line_1_109' title="bbox 2147 5215 3748 5283; baseline -0.005 -6"><span class='ocrx_word' id='word_1_770' title='bbox 2147 5225 2244 5277; x_wconf 82' lang='lat' dir='ltr'><strong>sia:</strong></span> <span class='ocrx_word' id='word_1_771' title='bbox 2276 5222 2636 5283; x_wconf 85' lang='lat' dir='ltr'><strong>consuetudo,</strong></span> <span class='ocrx_word' id='word_1_772' title='bbox 2665 5219 3203 5274; x_wconf 90' lang='lat' dir='ltr'><strong>communiomnium</strong></span> <span class='ocrx_word' id='word_1_773' title='bbox 3233 5215 3748 5279; x_wconf 77' lang='lat' dir='ltr'><strong>aliarum&#39;gentium</strong></span> 
     </span>
    </p>
   </div>
   <div class='ocr_carea' id='block_1_110' title="bbox 2147 5306 3746 5380">
    <p class='ocr_par' dir='ltr' id='par_1_110' title="bbox 2147 5306 3746 5380">
     <span class='ocr_line' id='line_1_110' title="bbox 2147 5306 3746 5380; baseline -0.001 -17"><span class='ocrx_word' id='word_1_774' title='bbox 2147 5325 2416 5363; x_wconf 87' lang='lat' dir='ltr'><strong>consensu</strong></span> <span class='ocrx_word' id='word_1_775' title='bbox 2449 5319 2662 5378; x_wconf 83' lang='lat' dir='ltr'><strong>recepta</strong></span> <span class='ocrx_word' id='word_1_776' title='bbox 2687 5321 2733 5362; x_wconf 91' lang='lat' dir='ltr'><strong>ct</strong></span> <span class='ocrx_word' id='word_1_777' title='bbox 2763 5311 2986 5380; x_wconf 87' lang='lat' dir='ltr'><strong>probata</strong></span> <span class='ocrx_word' id='word_1_778' title='bbox 3014 5309 3194 5362; x_wconf 81' lang='lat' dir='ltr'><strong>fuerit.</strong></span> <span class='ocrx_word' id='word_1_779' title='bbox 3225 5307 3348 5361; x_wconf 67' lang='lat' dir='ltr'><strong>llaec</strong></span> <span class='ocrx_word' id='word_1_780' title='bbox 3370 5307 3598 5377; x_wconf 90' lang='lat' dir='ltr'><strong>proinde</strong></span> <span class='ocrx_word' id='word_1_781' title='bbox 3627 5306 3746 5361; x_wconf 86' lang='lat' dir='ltr'><strong>Ire-</strong></span> 
     </span>
    </p>
   </div>
   <div class='ocr_carea' id='block_1_111' title="bbox 2147 5400 3736 5471">
    <p class='ocr_par' dir='ltr' id='par_1_111' title="bbox 2147 5400 3736 5471">
     <span class='ocr_line' id='line_1_111' title="bbox 2147 5400 3736 5471; baseline -0.002 -17"><span class='ocrx_word' id='word_1_782' title='bbox 2147 5403 2247 5455; x_wconf 79' lang='lat' dir='ltr'><strong>mei</strong></span> <span class='ocrx_word' id='word_1_783' title='bbox 2295 5403 2413 5455; x_wconf 86' lang='lat' dir='ltr'><strong>laus</strong></span> <span class='ocrx_word' id='word_1_784' title='bbox 2451 5401 2570 5467; x_wconf 79' lang='lat' dir='ltr'><strong>luit,</strong></span> <span class='ocrx_word' id='word_1_785' title='bbox 2609 5405 2754 5471; x_wconf 89' lang='lat' dir='ltr'><strong>quod</strong></span> <span class='ocrx_word' id='word_1_786' title='bbox 2797 5405 3125 5457; x_wconf 78' lang='lat' dir='ltr'><strong>dissidentes</strong></span> <span class='ocrx_word' id='word_1_787' title='bbox 3161 5400 3453 5459; x_wconf 84' lang='lat' dir='ltr'><strong>Ecclesias,</strong></span> <span class='ocrx_word' id='word_1_788' title='bbox 3491 5415 3736 5469; x_wconf 81' lang='lat' dir='ltr'><strong>moxque</strong></span> 
     </span>
    </p>
   </div>
   <div class='ocr_carea' id='block_1_112' title="bbox 2145 5492 3733 5554">
    <p class='ocr_par' dir='ltr' id='par_1_112' title="bbox 2145 5492 3733 5554">
     <span class='ocr_line' id='line_1_112' title="bbox 2145 5492 3733 5554; baseline -0.002 -6"><span class='ocrx_word' id='word_1_789' title='bbox 2145 5495 2335 5549; x_wconf 79' lang='lat' dir='ltr'><strong>fractis</strong></span> <span class='ocrx_word' id='word_1_790' title='bbox 2371 5495 2668 5549; x_wconf 65' lang='lat' dir='ltr'><strong>findet-ibus</strong></span> <span class='ocrx_word' id='word_1_791' title='bbox 2698 5501 2868 5550; x_wconf 82' lang='lat' dir='ltr'><strong>sacris</strong></span> <span class='ocrx_word' id='word_1_792' title='bbox 2898 5495 3306 5554; x_wconf 86' lang='lat' dir='ltr'><strong>discindendas,</strong></span> <span class='ocrx_word' id='word_1_793' title='bbox 3343 5492 3733 5546; x_wconf 80' lang='lat' dir='ltr'><strong>recunciliave~</strong></span> 
     </span>
    </p>
   </div>
   <div class='ocr_carea' id='block_1_113' title="bbox 2145 5578 3738 5656">
    <p class='ocr_par' dir='ltr' id='par_1_113' title="bbox 2145 5578 3738 5656">
     <span class='ocr_line' id='line_1_113' title="bbox 2145 5578 3738 5656; baseline -0.007 -14"><span class='ocrx_word' id='word_1_794' title='bbox 2145 5591 2250 5654; x_wconf 86' lang='lat' dir='ltr'><strong>rit;</strong></span> <span class='ocrx_word' id='word_1_795' title='bbox 2295 5590 2418 5643; x_wconf 90' lang='lat' dir='ltr'><strong>inde</strong></span> <span class='ocrx_word' id='word_1_796' title='bbox 2447 5586 2586 5656; x_wconf 87' lang='lat' dir='ltr'><strong>apud</strong></span> <span class='ocrx_word' id='word_1_797' title='bbox 2619 5595 2879 5655; x_wconf 88' lang='lat' dir='ltr'><strong>utrasque</strong></span> <span class='ocrx_word' id='word_1_798' title='bbox 2907 5596 3184 5650; x_wconf 88' lang='lat' dir='ltr'><strong>nunquam</strong></span> <span class='ocrx_word' id='word_1_799' title='bbox 3215 5581 3354 5633; x_wconf 80' lang='lat' dir='ltr'><strong>satis</strong></span> <span class='ocrx_word' id='word_1_800' title='bbox 3386 5593 3486 5646; x_wconf 91' lang='lat' dir='ltr'><strong>pro</strong></span> <span class='ocrx_word' id='word_1_801' title='bbox 3533 5578 3738 5631; x_wconf 89' lang='lat' dir='ltr'><strong>merito</strong></span> 
     </span>
    </p>
   </div>
   <div class='ocr_carea' id='block_1_114' title="bbox 527 5783 3736 5869">
    <p class='ocr_par' dir='ltr' id='par_1_114' title="bbox 527 5783 3736 5869">
     <span class='ocr_line' id='line_1_114' title="bbox 527 5783 3736 5869; baseline 0.007 -36"><span class='ocrx_word' id='word_1_802' title='bbox 527 5783 574 5815; x_wconf 56' lang='grc' dir='ltr'>γα</span> <span class='ocrx_word' id='word_1_803' title='bbox 605 5783 742 5867; x_wconf 61' lang='lat' dir='ltr'><strong>nm.</strong></span> <span class='ocrx_word' id='word_1_804' title='bbox 771 5786 955 5869; x_wconf 43' lang='grc' dir='ltr'><strong>ινα-..ᾗ</strong></span> <span class='ocrx_word' id='word_1_805' title='bbox 992 5785 1076 5869; x_wconf 66' lang='lat' dir='ltr'><strong>te,</strong></span> <span class='ocrx_word' id='word_1_806' title='bbox 1117 5788 1336 5869; x_wconf 48' lang='lat' dir='ltr'><strong>«iam.</strong></span> <span class='ocrx_word' id='word_1_807' title='bbox 1370 5805 1490 5869; x_wconf 71' lang='lat' dir='ltr'><strong>Lx_v.</strong></span> <span class='ocrx_word' id='word_1_808' title='bbox 1528 5790 1631 5858; x_wconf 80' lang='lat'><strong>§5.</strong></span> <span class='ocrx_word' id='word_1_809' title='bbox 1710 5793 1752 5822; x_wconf 79' lang='grc' dir='ltr'>τι</span> <span class='ocrx_word' id='word_1_810' title='bbox 1795 5791 1856 5847; x_wconf 86' lang='lat' dir='ltr'><strong>L.</strong></span> <span class='ocrx_word' id='word_1_811' title='bbox 1887 5809 1937 5850; x_wconf 74' lang='grc' dir='ltr'><strong>ν,</strong></span> <span class='ocrx_word' id='word_1_812' title='bbox 1969 5809 2017 5845; x_wconf 90' lang='lat' dir='ltr'><strong>c.</strong></span> <span class='ocrx_word' id='word_1_813' title='bbox 2055 5793 2138 5846; x_wconf 82' lang='grc'><strong>18.</strong></span> <span class='ocrx_word' id='word_1_814' title='bbox 2217 5795 2262 5824; x_wconf 67' lang='grc' dir='ltr'><strong>τί</strong></span> <span class='ocrx_word' id='word_1_815' title='bbox 2289 5794 2354 5848; x_wconf 80' lang='lat'><strong>1..</strong></span> <span class='ocrx_word' id='word_1_816' title='bbox 2394 5810 2420 5846; x_wconf 89' lang='lat' dir='ltr'><strong>v</strong></span> <span class='ocrx_word' id='word_1_817' title='bbox 2455 5791 2618 5856; x_wconf 78' lang='lat' dir='ltr'><strong>Hi$!.,</strong></span> <span class='ocrx_word' id='word_1_818' title='bbox 2650 5807 2697 5846; x_wconf 91' lang='lat' dir='ltr'><strong>c.</strong></span> <span class='ocrx_word' id='word_1_819' title='bbox 2742 5791 2831 5844; x_wconf 58' lang='lat'><strong>2‘3.</strong></span> <span class='ocrx_word' id='word_1_820' title='bbox 2875 5790 2920 5820; x_wconf 82' lang='grc'><strong>⁷³</strong></span> <span class='ocrx_word' id='word_1_821' title='bbox 2959 5787 3094 5841; x_wconf 66' lang='grc' dir='ltr'>ϐιετι-</span> <span class='ocrx_word' id='word_1_822' title='bbox 3135 5804 3170 5849; x_wconf 82' lang='grc' dir='ltr'>ι,</span> <span class='ocrx_word' id='word_1_823' title='bbox 3210 5785 3298 5851; x_wconf 67' lang='lat'><strong>&#39;30.</strong></span> <span class='ocrx_word' id='word_1_824' title='bbox 3341 5786 3432 5838; x_wconf 66' lang='lat' dir='ltr'><strong>‘Zl-</strong></span> <span class='ocrx_word' id='word_1_825' title='bbox 3499 5785 3546 5816; x_wconf 80' lang='lat'>“</span> <span class='ocrx_word' id='word_1_826' title='bbox 3573 5785 3736 5858; x_wconf 71' lang='lat' dir='ltr'><strong>Apud</strong></span> 
     </span>
    </p>
   </div>
   <div class='ocr_carea' id='block_1_115' title="bbox 457 5855 1322 5928">
    <p class='ocr_par' dir='ltr' id='par_1_115' title="bbox 457 5855 1322 5928">
     <span class='ocr_line' id='line_1_115' title="bbox 457 5855 1322 5928; baseline -0.001 -16"><span class='ocrx_word' id='word_1_827' title='bbox 457 5855 718 5925; x_wconf 68' lang='lat' dir='ltr'><strong>C)’pl&#39;latlt.</strong></span> <span class='ocrx_word' id='word_1_828' title='bbox 742 5874 824 5928; x_wconf 75' lang='lat' dir='ltr'><strong>cp.</strong></span> <span class='ocrx_word' id='word_1_829' title='bbox 864 5855 950 5925; x_wconf 64' lang='lat'><strong>75),</strong></span> <span class='ocrx_word' id='word_1_830' title='bbox 981 5860 1112 5912; x_wconf 81' lang='lat' dir='ltr'><strong>edit.</strong></span> <span class='ocrx_word' id='word_1_831' title='bbox 1149 5860 1322 5914; x_wconf 75' lang='lat' dir='ltr'><strong>Oxon.</strong></span> 
     </span>
    </p>
   </div>
   <div class='ocr_carea' id='block_1_116' title="bbox 1404 5861 2133 5933">
    <p class='ocr_par' dir='ltr' id='par_1_116' title="bbox 1404 5861 2133 5933">
     <span class='ocr_line' id='line_1_116' title="bbox 1404 5861 2133 5933; baseline 0.007 -22"><span class='ocrx_word' id='word_1_832' title='bbox 1404 5861 1453 5891; x_wconf 69' lang='grc' dir='ltr'>τ’</span> <span class='ocrx_word' id='word_1_833' title='bbox 1483 5868 1583 5930; x_wconf 77' lang='lat' dir='ltr'><strong>.\p.</strong></span> <span class='ocrx_word' id='word_1_834' title='bbox 1631 5862 1888 5927; x_wconf 60' lang='lat' dir='ltr'><strong>Both-ctu,</strong></span> <span class='ocrx_word' id='word_1_835' title='bbox 1918 5881 1968 5933; x_wconf 86' lang='lat' dir='ltr'><strong>p.</strong></span> <span class='ocrx_word' id='word_1_836' title='bbox 2010 5865 2073 5916; x_wconf 65' lang='grc'><strong>44</strong></span> <span class='ocrx_word' id='word_1_837' title='bbox 2103 5887 2133 5916; x_wconf 83' lang='grc' dir='ltr'>ι.</span> 
     </span>
    </p>
   </div>
  </div>
