3924 6354
183 386 295 444 905

821 384 1283 446 DISSERTATIO
1321 391 1380 453 ll,
1420 387 1578 443 ART.
1622 388 1662 451 l,
1703 387 1787 440 DE
1826 389 1880 444 S.
1921 390 2176 447 IREN.EI
2216 393 2375 449 VITA
2412 395 2501 450 ET
2538 396 2808 454 GESTIS.

3348 405 3456 459 206

179 504 667 567 commendandus,
712 508 860 575 quod
914 508 1227 561 schismatis
1275 506 1476 558 malum
1526 504 1772 570 utrisque
1804 504 1847 557 A
1879 518 1909 554 ει
1948 518 2006 558 se
2041 506 2129 559 diu
2167 508 2475 577 conquisita
2521 512 2761 578 reperire
2807 528 2912 565 non
2956 517 3207 582 potuerit.
3257 518 3457 572 Eorum

180 602 451 654 funestum
479 600 771 653 averterit.

243 691 338 745 30.
380 691 654 744 Prmclaro
683 693 809 745 huic
836 691 1062 747 facinori
1086 692 1177 745 ditt
1219 702 1499 762 superstes
1527 707 1631 744 non
1669 690 1771 743 fuit

177 784 431 837 locamus.
490 782 736 837 Vixdum
787 785 1048 838 intestina
1083 824 1099 849 ,
1169 786 1373 854 quibus
1420 783 1771 852 agitabantur

174 876 456 937 Ecclesize,
492 877 633 930 bella
674 878 1033 941 restinxerat,
1062 894 1183 931 cum
1215 878 1463 931 externis
1514 877 1769 930 acerbius

174 979 415 1022 vastatas
438 970 729 1037 ingemuit.
761 970 976 1023 Samum
1005 970 1133 1023 illud
1160 986 1224 1025 ac
1251 971 1615 1025 truculentum
1644 972 1766 1025 dico

171 1061 390 1125 bellum,
433 1064 583 1130 quod
633 1063 710 1115 rei
755 1061 1082 1116 Christianae
1128 1062 1313 1115 intulit
1348 1060 1586 1117 Severus
1619 1078 1767 1116 anno

169 1155 383 1207 decimo
416 1154 663 1223 imperii,
690 1155 892 1210 Christi
923 1170 1053 1209 vero
1081 1154 1215 1217 202,
1245 1155 1373 1208 nulli
1400 1154 1660 1209 Ecclesize
1690 1155 1766 1207 in-

168 1243 359 1297 festius
403 1259 576 1313 quam
624 1244 997 1313 Lugdunensi.
1028 1245 1203 1311 Quam
1254 1246 1474 1299 immani
1523 1246 1761 1301 fidelium

169 1346 347 1404 strage
399 1351 526 1391 eam
570 1340 888 1402 vastaverit,
922 1339 1267 1407 pastorisque
1300 1354 1422 1392 cum
1452 1354 1615 1409 grege
1666 1356 1766 1408 pro

169 1429 389 1482 Christo
458 1430 681 1484 fortiter
735 1431 1045 1484 dimicantis
1097 1430 1363 1499 sanguine
1408 1434 1761 1498 resperserit,

170 1521 319 1574 docet
342 1520 653 1590 Gregorius
676 1522 1012 1577 Turonensis
1039 1524 1106 1580 ⁷⁸.
1152 1522 1417 1587 Veniente,
1446 1524 1542 1585 ait,
1584 1541 1763 1593 perse-

171 1615 378 1668 cutione
439 1616 576 1669 (alia
630 1616 825 1669 ibidem
874 1617 1119 1668 diabolus
1166 1617 1302 1669 bella
1332 1634 1425 1682 per
1472 1628 1761 1685 tyrannum

169 1710 424 1768 exercuit,
460 1719 510 1762 et
566 1720 716 1761 tanta
752 1711 824 1763 ibi
881 1710 1171 1763 multitudo
1226 1710 1654 1763 Christianorum
1697 1714 1760 1764 ob

169 1801 557 1866 confessionem
589 1800 854 1853 Dominici
881 1802 1107 1855 nominis
1139 1811 1216 1854 est
1250 1802 1526 1871 jugulata,
1575 1814 1629 1855 ut
1672 1821 1762 1870 per

168 1894 363 1960 plateas
413 1895 647 1961 ﬂumina
698 1904 970 1947 currerent
995 1895 1060 1948 de
1100 1896 1357 1963 sanguine
1410 1896 1760 1961 Christiano;

166 2001 388 2050 quorum
406 2000 502 2037 nec
531 2001 835 2047 numerum,
864 2003 955 2038 nec
982 1988 1193 2039 nomina
1214 1987 1459 2056 colligere
1474 1990 1764 2055 potuimus.

168 2074 429 2131 Dominus
467 2077 608 2131 enim
637 2092 725 2130 eos
760 2078 815 2130 in
846 2078 977 2131 libro
1010 2080 1127 2132 vilic
1156 2080 1489 2148 conscripsit.
1540 2079 1767 2133 Beatum

167 2167 463 2232 lremeum,
504 2171 737 2224 diversis
775 2172 830 2222 in
865 2186 962 2223 sua
1016 2172 1256 2239 carnifex
1286 2174 1566 2237 prwsentia
1606 2176 1767 2241 pwnis

164 2259 443 2327 electum,
471 2260 688 2313 Christo
726 2260 952 2313 Domino
992 2278 1086 2328 per
1138 2254 1454 2331 martyrium
1481 2262 1764 2317 dedicavit.

164 2350 438 2421 Gregorio
455 2352 817 2406 consentiunt
842 2354 958 2405 Ado
984 2363 1039 2407 et
1068 2352 1366 2416 Notkerus,
1387 2354 1515 2407 dum
1535 2365 1769 2408 narrant

164 2444 428 2501 Irenaeum
458 2462 583 2499 cum
624 2447 767 2499 omni
792 2447 903 2515 fere
928 2446 1163 2500 civitatis
1194 2463 1307 2500 sua:
1326 2448 1518 2515 populo
1541 2464 1769 2501 corona-

163 2548 271 2591 tum
303 2554 421 2591 esse
456 2538 692 2607 glorioso
721 2541 999 2608 martyrio.
1035 2539 1184 2592 Alias
1208 2550 1315 2593 tam
1345 2540 1598 2609 pretiosre
1624 2556 1769 2595 mor-

166 2631 229 2685 tis
285 2631 747 2685 circumstantias
801 2647 911 2685 non
971 2633 1245 2687 novimus.
1298 2633 1447 2699 Quas
1492 2634 1639 2686 enim
1701 2649 1766 2687 ex

162 2724 395 2779 vetustis
432 2724 766 2793 quihusdam
792 2724 1051 2779 Ecclesia:
1077 2724 1462 2795 Lugdunensis
1486 2725 1769 2781 codicibus

162 2830 298 2872 mss.
342 2817 575 2871 eruisse
617 2832 679 2872 se
723 2818 912 2873 dicunt
956 2818 1234 2875 Severtius
1264 2821 1331 2885 ⁷⁷,
1388 2820 1690 2874 llalloixius
1724 2820 1767 2851 ⁷⁸

162 2918 214 2963 es
242 2908 597 2978 Theophilus
639 2910 958 2981 [laynaldus
983 2914 1049 2978 ⁷⁸,
1096 2929 1287 2983 parum
1329 2922 1475 2967 tutas
1500 2929 1621 2971 esse
1648 2916 1767 2969 exi—

163 2999 345 3055 stimo.
378 3001 443 3055 ln
478 3017 550 3056 eo
602 3004 871 3057 duntaxat
900 3005 1145 3073 antiquis
1197 3006 1349 3060 hisce
1398 3008 1769 3062 monumentis

164 3092 417 3147 habenda
437 3092 599 3155 ﬁdes,
629 3093 775 3162 quod
803 3094 1069 3149 Irenaeum
1095 3095 1238 3150 inter
1259 3096 1467 3151 Christi
1502 3108 1769 3169 martyres

1896 594 2267 665 fragmentum
2297 616 2401 656 ase
2434 611 2710 671 repertum
2736 604 2906 660 fuisse
2936 606 3167 662 allirmat
3193 608 3463 666 Barouius

1876 686 1929 739 in
1963 690 2105 744 notis
2136 691 2201 743 ad
2228 691 2680 765 Martyrologium
2724 694 3058 763 Romanum,
3091 711 3143 752 et
3173 700 3223 752 in
3263 701 3458 756 Annal.

1873 778 2057 831 eccles.
2093 782 2159 833 ad
2190 800 2392 838 annum
2416 785 2542 852 205,
2568 804 2624 840 n.
2652 787 2740 849 98,
2787 787 2927 840 idem
2955 788 3095 843 forte
3132 791 3275 857 quod
3309 806 3338 844 e
3369 808 3461 847 ve-

1874 872 1977 925 teri
2017 876 2204 929 codice
2227 876 2577 944 Lugdunensi
2602 894 2822 935 erutum
2853 881 3146 951 descripsit
3178 886 3459 939 Severtius

1873 962 2129 1017 laudatus
2157 982 2171 1021 :
2206 982 2366 1033 quam
2397 970 2545 1023 enim
2570 968 2758 1024 lrena-i
2791 973 2981 1027 mortis
3014 966 3296 1028 historiam
3332 991 3463 1029 nar-

1873 1065 1959 1108 rat
2010 1055 2304 1119 Baronius.
2354 1061 2423 1114 ad
2462 1062 2842 1118 Severtianam
2888 1066 3027 1119 satis
3082 1068 3317 1128 accedit.
3354 1070 3462 1123 Sed

1870 1148 2003 1201 Acta
2039 1150 2175 1217 ipsa,
2208 1167 2331 1219 qua:
2378 1154 2591 1208 sublata
2626 1169 2735 1210 una
2777 1156 2973 1225 pagina
3038 1160 3227 1211 mutila
3263 1171 3462 1215 nactus

1872 1240 2052 1295 fuerat
2096 1243 2213 1295 Em.
2240 1246 2557 1311 cardinalis,
2594 1248 2807 1318 integra
2850 1248 3061 1305 invenit
3110 1251 3464 1308 doctissimus

1870 1344 2056 1389 noster
2086 1336 2149 1389 ι).
2181 1336 2557 1392 Theodericus
2589 1340 2858 1405 Ruinart,
2892 1342 2946 1395 in
2975 1342 3098 1398 cod.
3134 1359 3237 1398 ms.
3274 1348 3463 1399 archi-

1869 1427 2107 1481 coenobii
2134 1428 2748 1494 Clslcl‘cielISlS;\'0l‘llm
2778 1449 2901 1487 cum
2935 1435 3001 1488 ad
3025 1437 3209 1490 lrenzei
3242 1448 3461 1493 aztatcm

1870 1520 2130 1573 accedere
2162 1535 2268 1574 non
2304 1521 2617 1589 videantur,
2646 1539 2707 1578 ea
2735 1526 2982 1594 proferre
3005 1542 3184 1597 opera:
3224 1530 3461 1597 pretium

1866 1625 1973 1665 non
1998 1611 2169 1666 duxit.
2212 1612 2280 1667 Ut
2314 1623 2373 1666 ut
2396 1625 2481 1667 est
2507 1614 2574 1667 de
2601 1617 2762 1681 actis,
2794 1634 2916 1687 qua:
2943 1634 3010 1672 ex
3036 1621 3314 1676 veteribus
3339 1637 3463 1675 mo-

1866 1706 2142 1757 nmneutis
2176 1705 2489 1760 testimonia
2525 1708 2970 1778 deprompsimus
2995 1752 3009 1773 ,
3041 1712 3222 1780 palam
3254 1713 3465 1767 faciunt

1867 1796 1978 1862 jam
2012 1796 2203 1851 saltem
2236 1812 2266 1849 a
2307 1799 2501 1867 quinto
2546 1800 2747 1855 smculo
2783 1816 2905 1855 eam
2939 1802 2991 1854 in
3034 1818 3227 1857 omnes
3271 1814 3466 1873 gentes

1877 1903 2130 1943 manasse
2200 1891 2572 1954 sententiam,
2641 1891 2903 1947 lrenzcum
2962 1895 3231 1963 martyrio
3297 1895 3464 1949 vitam

1877 1980 2106 2035 (iniisse.

1944 2072 2034 2129 5L
2082 2074 2189 2129 Sed
2224 2090 2371 2142 ecce,
2411 2093 2654 2146 nuperus
2685 2078 2925 2148 scriptor
2951 2078 3262 2135 Dodwellus
3282 2082 3326 2111 ⁸⁷
3367 2081 3466 2135 ad-

1873 2182 2066 2223 versus
2104 2182 2380 2237 receptam
2425 2171 2691 2226 hactenus
2719 2182 2774 2227 et
2797 2172 3056 2227 traditam
3087 2190 3114 2225 a
3150 2181 3228 2227 tot
3263 2175 3463 2229 veteri-

1874 2259 1975 2314 bus
2009 2264 2339 2316 sententiam
2391 2265 2648 2333 insurgit,
2683 2275 2739 2319 et
2771 2280 2839 2319 ex
2882 2265 3070 2320 lrentei
3103 2267 3285 2337 capite
3319 2282 3465 2320 mar-

1874 2353 2002 2420 tyrii
2032 2352 2276 2407 lauream
2308 2354 2544 2409 avellere
2568 2356 2783 2412 nititur.
2833 2357 3031 2411 Mirum
3065 2360 3110 2412 si
3158 2369 3463 2431 martyrum

1873 2443 2207 2498 multitudini
2242 2462 2272 2499 a
2309 2447 2513 2501 teneris
2544 2449 2855 2517 unguiculis
2884 2450 3312 2519 int’ensissimus,
3332 2453 3465 2508 Gal-

1872 2535 2070 2589 liarum
2110 2538 2278 2591 sideri
2324 2541 2682 2608 pepercisset.
2739 2544 2830 2606 At,
2871 2545 3074 2610 quibus
3113 2545 3460 2615 argumentis

1871 2629 2293 2700 Lugdunensem
2318 2633 2635 2701 episcopum
2670 2650 2739 2689 ex
2776 2635 2902 2690 albo
2937 2645 3239 2707 martyrum
3257 2656 3471 2708 expun-

1872 2725 1992 2793 git?
2033 2723 2105 2778 lis
2129 2725 2406 2789 videlicet,
2440 2726 2642 2795 quibus
2667 2728 2789 2797 plus
2817 2743 2975 2797 atquo
3007 2732 3333 2797 delectatur,
3368 2748 3467 2787 va-

1871 2816 1957 2871 nis
1985 2816 2326 2886 inﬁnitisque
2354 2819 2709 2887 conjecturis,
2734 2836 2798 2874 ac
2821 2824 3148 2889 negantibus
3170 2840 3469 2894 argumen-

1872 2908 1981 2971 tis;
2010 2922 2131 2977 qua:
2168 2909 2211 2962 si
2244 2910 2376 2978 quid
2416 2912 2507 2965 hic
2543 2912 2785 2979 valeant,
2830 2913 2966 2967 nihil
3000 2915 3053 2968 in
3087 2925 3196 2970 tota
3227 2918 3469 2985 antiqui-

1875 3011 1983 3057 tate
2013 3003 2390 3058 ecclesiastica
2425 3004 2584 3074 adeo,
2612 3017 2828 3060 certum
2852 3007 2979 3070 erit,
3009 3009 3139 3078 quin
3173 3011 3469 3065 audaculo-

1874 3109 1996 3149 rum
2026 3095 2283 3151 manibus
2320 3096 2484 3152 facile
2529 3100 2897 3153 concutiatur.
2928 3102 3006 3154 Ac
3044 3104 3217 3170 primo
3248 3103 3467 3172 quidem

162 3194 514 3239 recenseam.
564 3184 703 3238 Nam
745 3186 801 3240 in
834 3186 938 3241 hoc
967 3186 1073 3241 sibi
1104 3190 1515 3244 consentientes
1562 3191 1767 3245 habent
1794 3213 1836 3269 ο
1874 3202 1970 3243 eos
2020 3189 2293 3252 confutat,
2323 3190 2421 3260 qui
2461 3198 2653 3259 putant
2683 3208 2750 3247 eo
2799 3209 2943 3248 anno
2981 3194 3312 3250 trucidatum
3352 3197 3466 3252 Ire-

165 3273 566 3347 Hieronymum
599 3278 670 3341 ⁸ο,
721 3285 776 3332 et
828 3286 1107 3331 auctorem
1141 3278 1509 3344 Qtiwstionum
1554 3284 1623 3334 ait
1656 3279 1765 3336 0r-

167 3367 430 3421 thodoxos
448 3369 521 3431 ⁸³,
571 3368 716 3422 inter
745 3382 912 3437 Opera
944 3366 1146 3423 Justini
1180 3369 1456 3441 Martyris,
1503 3375 1598 3442 qui
1652 3372 1762 3428 lre-

165 3475 342 3513 παπ]
370 3459 601 3513 disertis
646 3459 830 3513 verbis
868 3470 1152 3529 martyrem
1181 3462 1475 3530 appellant,
1518 3479 1583 3517 ac
1616 3471 1769 3517 vetu-

166 3551 446 3605 stissimos
503 3566 763 3620 quosque
817 3551 1329 3623 Martyrologiorum
1361 3556 1597 3623 {codices
1638 3571 1763 3610 cum

165 3643 367 3705 editos,
398 3653 519 3697 tum
561 3644 1218 3717 mss.,llieronymianum
1260 3649 1423 3715 vulgo
1451 3649 1682 3713 dictum,
1734 3664 1765 3702 a

166 3735 516 3791 Flo’rentinio
541 3737 751 3791 editum
784 3738 851 3801 δ’,
878 3738 1053 3799 Beda‘,
1085 3737 1344 3803 Usuardi,
1369 3747 1501 3801 etc..
1531 3749 1584 3795 et
1616 3744 1766 3810 ipso-

167 3845 289 3886 rum
325 3829 663 3886 Menarorum
694 3830 1009 3885 Graecorum
1026 3832 1091 3886 ³³.
1119 3832 1309 3886 Exstat
1334 3833 1387 3887 in
1424 3834 1764 3889 Bibliotheca

168 3934 356 3980 nostra
411 3925 459 3956 ⁸⁸
511 3924 1024 3980 Sau-Germanensi
1084 3926 1546 3981 membranaceus
1592 3930 1765 3982 codex

170 4018 338 4080 iii--l°,
372 4034 427 4071 η.
461 4017 594 4079 264,
629 4016 813 4086 plures
859 4017 1148 4072 continens
1203 4017 1495 4073 Tractatns
1544 4018 1759 4087 lsidori,

170 4117 398 4171 Joannis
447 4104 868 4185 Chrysostomi,
906 4113 1150 4185 Gregorii
1192 4114 1358 4185 Μυκη
1404 4126 1546 4180 etc.,
1596 4132 1758 4187 quem

171 4208 622 4277 antiquissimum
660 4220 783 4259 esse
828 4212 882 4258 et
932 4220 1203 4259 annorum
1256 4206 1378 4275 plus
1414 4223 1578 4275 quam
1614 4209 1759 4262 mille

170 4304 360 4371 probat
410 4301 533 4370 ipsa
586 4300 874 4369 scripturae
913 4297 1105 4352 forma.
1165 4298 1221 4353 In
1263 4301 1442 4354 medio
1489 4302 1757 4371 siquidem

170 4396 299 4451 duos
333 4394 740 4465 quaterniones
762 4393 945 4446 videre
979 4401 1083 4457 est,
1118 4392 1307 4446 eadem
1342 4394 1388 4447 si
1424 4409 1531 4447 non
1571 4410 1755 4460 manu,

171 4490 351 4545 saltem
394 4499 564 4543 :ctate
602 4488 939 4556 descriptus,
977 4502 1208 4554 quorum
1256 4502 1379 4552 pars
1418 4488 1757 4559 vulgaribus,

169 4596 284 4650 pars
311 4580 709 4652 Slerovingicis
746 4579 1154 4633 characteribus
1183 4587 1404 4633 exarata
1434 4588 1517 4634 est
1539 4619 1553 4642 ,
1592 4581 1663 4632 ita
1700 4589 1758 4633 ut

170 4673 216 4725 in
247 4690 358 4729 uno
408 4685 465 4729 et
514 4673 709 4727 eodem
758 4673 1059 4742 opusculo,
1099 4673 1209 4725 imo
1243 4682 1295 4725 et
1332 4671 1461 4725 folio
1495 4680 1757 4740 utrosque

168 4766 513 4821 characteres
546 4765 729 4834 legere
764 4766 835 4818 sit
872 4781 884 4814 :
924 4764 1070 4833 quod
1105 4779 1376 4818 summam
1418 4764 1625 4817 codicis
1658 4780 1755 4817 an-

170 4858 465 4927 tiquitatem
543 4857 906 4910 demonstrat.
972 4855 1142 4909 Porro
1196 4856 1353 4909 initio
1413 4856 1756 4925 praemittitur

170 4950 547 5005 brevissimum
576 4948 991 5009 Kalendarium,
1023 4949 1211 5003 eadem
1249 4965 1411 5001 manu
1445 4960 1606 5019 atque
1638 4951 1757 5004 reli-

170 5057 321 5109 quum
357 5058 506 5111 opus
538 5042 901 5110 descriptum,
936 5043 991 5095 in
1018 5058 1128 5111 quo
1156 5043 1225 5095 ita
1256 5042 1452 5111 legitur
1484 5060 1494 5092 :
1537 5059 1587 5096 iv
1617 5043 1751 5096 ΚΑΙ..

169 5131 273 5187 Ιει..
311 5134 577 5188 Lccncso
610 5133 827 5187 GALLEA
857 5132 983 5189 Pas.
1036 5134 1092 5188 S.
1134 5134 1371 5188 Hennam
1419 5134 1513 5189 Ep.
1560 5134 1757 5189 Dolen-

170 5225 282 5279 dum
319 5228 468 5294 quod
501 5225 781 5293 passionis
811 5224 930 5293 ejus
961 5226 1091 5279 Acta
1120 5226 1331 5280 sincera
1361 5237 1412 5280 et
1444 5242 1575 5281 sana
1606 5226 1754 5281 exci-

168 5320 330 5371 derint
354 5320 422 5371 ”.
455 5317 673 5371 Dudum
702 5327 786 5372 est
814 5319 957 5387 quod
988 5320 1240 5373 interiere
1266 5336 1278 5371 :
1311 5336 1435 5373 nam
1459 5319 1754 5390 Gregorius

169 5409 291 5482 ﬂag.
309 5412 359 5445 ⁸⁸
384 5414 751 5483 conqueritur
769 5414 914 5478 quod
939 5413 1081 5467 beati
1107 5412 1292 5466 lrcnazi
1316 5422 1459 5482 gesta
1482 5422 1529 5465 et
1554 5415 1752 5481 scripta

239 5576 287 5607 ⁷⁸
319 5575 439 5627 Lib.
476 5590 493 5626 ι
532 5573 669 5627 Hist.
704 5570 926 5635 Franc.,
963 5571 989 5643 ς
1020 5573 1110 5643 27.

181 5643 221 5673 ”
245 5644 304 5699 T.
340 5644 476 5705 Vlll,
516 5661 637 5711 pag.
666 5644 758 5701 22.
790 5643 880 5696 25.

183 5712 307 5793 "1:.-
336 5713 629 5793 sisne?-
724 5714 769 5745 ”
804 5712 1038 5793 eam;

182 5799 227 5852 p.
264 5786 379 5841 706.
458 5787 507 5818 ⁸⁸
531 5786 593 5838 L.
631 5798 707 5845 xt,
738 5799 827 5850 ep.
859 5786 947 5843 56,
978 5786 1043 5835 ad
1085 5786 1289 5836 IEther.

185 5853 223 5887 ⁸³
252 5855 498 5927 Theoph.
536 5856 738 5926 Rayn.,
770 5864 905 5907 tom.
946 5853 1074 5918 V'lll,
1108 5870 1161 5921 p.
1203 5854 1289 5907 5'7.

1114 5714 1160 5743 ⁸⁵
1196 5715 1453 5768 Biblioth.
1497 5713 1661 5777 Ca:s.,

1796 4554 1841 4610 θ
1868 4586 1995 4646 post
2036 4577 2323 4631 suscitavit
2368 4577 2604 4630 Severus
2634 4618 2649 4641 ,

1220 5574 1264 5604 '"
1292 5573 1363 5626 De
1398 5572 1570 5643 Lugd.
1598 5573 1861 5640 archiep.,
1892 5590 1945 5642 p.
1980 5590 2017 5635 ι,
2060 5590 2210 5628 num.
2235 5574 2289 5635 5,
2324 5572 2350 5643 ς
2382 5574 2434 5627 2.

958 5644 1003 5673 ⁸⁸⁵
1036 5642 1089 5695 1η
1114 5659 1249 5725 ἐειρεῖ
1284 5660 1409 5725 inv
1438 5642 1565 5725 Ιεέχ,
1599 5654 1734 5699 tum.
1768 5644 1831 5725 ll!
1854 5660 1992 5725 “nov.
2036 5646 2168 5725 edit.
2245 5646 2285 5674 ⁸¹
2320 5642 2461 5725 Resp

1694 5729 1745 5781 p.
1779 5714 1903 5772 2&18,
1952 5713 2230 5775 Lambcc.,
2262 5724 2390 5767 tom.
2422 5712 2556 5766 V'lll.

458 5787 507 5818 ⁸⁸
531 5784 593 5838 L.
631 5798 707 5845 xt,
738 5799 827 5850 ep.
859 5783 947 5843 56,
978 5784 1043 5854 ad
1085 5782 1295 5836 Hither.
1334 5784 1504 5854 Lugd.
1532 5786 1697 5854 episc.
1729 5793 1858 5837 tom.
1890 5783 1930 5838 ll
1959 5800 2083 5839 nov.
2113 5786 2242 5840 edit.

1872 3297 2077 3347 meum,
2099 3298 2209 3351 quo
2227 3285 2487 3339 Albinum
2514 3286 2701 3354 praelio
2732 3289 2800 3342 ad
2832 3289 3023 3343 urbem
3047 3287 3467 3358 Lugdunensem

1871 3376 2167 3430 commisso
2196 3376 2763 3445 superavitSeverus;
2794 3390 2953 3450 capta
2985 3382 3243 3435 nimirum
3272 3384 3466 3437 eodem

1873 3466 2075 3535 impetu
2121 3467 2281 3533 urbe,
2313 3479 2366 3523 et
2406 3470 2458 3523 in
2501 3472 2651 3526 cives
2683 3470 2820 3539 ejus,
2865 3476 3164 3541 praisertim
3203 3474 3469 3530 Christia-

1872 3573 1995 3623 nos,
2028 3560 2176 3613 caule
2206 3562 2350 3614 edita
2379 3562 3011 3619 immanissima.Annus
3036 3566 3081 3619 is
3112 3577 3233 3621 erat
3259 3546 3467 3621 Christi

1872 3652 1998 3717 497,
2043 3649 2232 3706 Severi
2266 3652 2320 3707 5.
2355 3651 2462 3708 Sed
2495 3656 2540 3708 si
2588 3657 2833 3725 excipias
2879 3666 3162 3712 auctorem
3196 3661 3465 3716 Actorum

1874 3743 1933 3799 S.
1959 3745 2171 3810 lrentei,
2202 3762 2437 3815 quorum
2471 3748 2638 3803 dubia
2669 3750 2898 3803 omnino
2936 3750 3095 3815 tides,
3138 3753 3461 3821 paucissimi

1870 3848 1998 3890 sunt
2030 3837 2122 3904 qui
2155 3837 2228 3890 ita
2260 3838 2521 3891 sentiant.
2555 3838 2631 3892 Eo
2662 3838 2942 3908 siquidem
2974 3853 3141 3903 anno,
3165 3848 3307 3895 teste
3338 3840 3470 3895 Hie-

1874 3943 2107 3999 ronymo
2150 3927 2207 3982 in
2240 3928 2528 3993 Chronico,
2565 3940 2678 3985 tum
2707 3931 2944 3998 primum
2971 3931 3322 3999 emergebat,
3370 3942 3470 3986 aut

1872 4020 2065 4075 Saltem
2099 4021 2465 4076 invalescehat
2492 4022 2771 4077 Paschalis
2796 4024 2937 4077 inter
2960 4022 3236 4079 Victorem
3270 4036 3465 4095 papam

1870 4123 1924 4168 et
1950 4114 2185 4168 Asianos
2217 4115 2625 4178 controversia,
2656 4131 2780 4185 quae
2804 4117 3064 4186 deinceps
3095 4117 3301 4174 lrenteo
3328 4134 3465 4175 con-

1870 4208 2116 4261 ciliatore
2142 4208 2447 4276 composita
2483 4219 2589 4262 est.
2627 4207 2782 4262 Ultro
2814 4209 2982 4278 igitur
3002 4213 3307 4265 concedunt
3340 4228 3467 4267 eru-

1870 4303 1992 4365 diti,
2017 4302 2333 4371 episcopum
2367 4301 2787 4370 Lugdunensem
2837 4304 3023 4357 tandiu
3056 4305 3223 4358 vitam
3271 4321 3467 4374 proro-

1868 4405 2049 4460 gasse,
2082 4392 2255 4446 donec
2283 4393 2493 4445 veniens
2520 4392 2839 4460 persecutio,
2872 4402 2930 4445 ut
2978 4394 3226 4463 loquitur
3258 4396 3465 4465 Grego-

1870 4484 1985 4538 rius
2033 4483 2394 4548 Turouensis,
2436 4499 2499 4537 ea
2536 4483 2799 4537 nimirum
2856 4501 3021 4553 quam
3084 4487 3465 4555 quinquennio

2713 4587 2989 4645 pastorem
3054 4592 3178 4630 cum
3225 4578 3464 4633 maxima

1867 4669 2056 4739 gregis
2082 4680 2239 4737 parte
2275 4669 2659 4723 demessuerit.
2698 4669 2817 4735 Quo
2839 4685 2984 4723 anno
3019 4669 3274 4739 martyrii
3301 4684 3463 4725 coro-

1868 4778 1995 4816 nam
2030 4762 2208 4830 adepti
2236 4760 2588 4826 fuerint,non
2613 4762 2823 4831 liquet;
2854 4777 2961 4815 non
2983 4760 3091 4815 nisi
3112 4772 3461 4831 postannum

1862 4853 1971 4908 202
2002 4854 2233 4924 adipisci
2284 4856 2531 4922 potuisse
2561 4865 2799 4918 constat,
2846 4870 2943 4907 nec
2974 4852 3135 4926 [XCI]
3184 4857 3463 4923 improba-

1862 4948 1988 5002 bilis
2016 4946 2284 5018 Raynaldi
2318 4947 2362 4977 ⁸⁸
2388 4946 2730 5014 conjectura,
2760 4944 3118 4999 diﬂerendam
3143 4962 3265 5002 esse
3287 4963 3461 5018 usque

1864 5043 1933 5095 ad
1995 5057 2202 5095 annum
2243 5042 2374 5104 208,
2401 5056 2511 5109 quo
2554 5038 2792 5093 Severus
2816 5038 3010 5093 Galliis
3062 5043 3367 5107 peragratis
3408 5044 3459 5096 iu

1873 5132 2131 5200 Majorem
2165 5132 2509 5187 Britanniam
2564 5130 2845 5197 profectus
2876 5139 2982 5186 est.
3013 5130 3136 5183 Haec
3170 5145 3236 5184 ne
3262 5132 3461 5185 leviter

1859 5230 2081 5297 quidem
2111 5227 2333 5296 attingit
2355 5222 2666 5278 Dodwellus
2688 5239 2703 5285 ;
2726 5222 2836 5275 imo
2860 5238 2960 5276 nec
2988 5235 3245 5278 auctores
3266 5224 3460 5294 prima:

1858 5320 2153 5374 sententia:
2184 5317 2343 5371 valde
2374 5324 2635 5386 premunt
2663 5328 2728 5367 ea
2760 5330 2883 5383 quae
2910 5313 3123 5383 profert
3161 5316 3215 5369 in
3241 5331 3336 5371 eos
3364 5332 3458 5369 ar-

1856 5423 2135 5485 gumeuta.

2558 5574 2602 5603 ’⁷⁸
2629 5572 2840 5659 Νριλίη
2873 5588 2997 5659 (κιρΖ
3020 5573 3095 5659 nl?
3144 5571 3279 5659 Vl'ith:
3316 5574 3455 5659 lren.

2370 5658 2589 5708 espons.
2621 5645 2685 5697 ad
2730 5644 2932 5709 Quaest.
2979 5644 3080 5695 115
3115 5646 3179 5697 ad
3225 5644 3454 5698 Ot'lltml.

2380 5757 2390 5767 .
2422 5712 2556 5766 V'lll.
2650 5715 2694 5744 ⁸⁸
2723 5715 2843 5766 Act.
2877 5713 3030 5765 Mart.
3063 5715 3200 5767 sine.
3234 5724 3286 5767 ct
3331 5718 3453 5774 sel.,

2351 5784 2395 5816 ⁸⁷
2430 5784 2655 5840 Dissert.
2690 5786 2743 5853 ’5,
2788 5786 2839 5837 in
2868 5784 3033 5848 lren.,
3064 5783 3091 5854 ᾗ
3124 5784 3182 5837 51
3218 5793 3271 5838 et
3301 5800 3455 5854 seqq.
