3924 6354
510 356 617 413 207

1325 356 1915 414 DISSERTATIONES
1948 356 2251 413 PRIEVL’E
2289 357 2353 413 IN
2390 359 2646 415 ΙΒΕΝΑΕΙ
2681 362 2953 424 LIBROS.

3660 372 3755 430 203

580 476 672 531 32.
704 492 721 526 ι
752 475 841 542 At,
867 475 1064 545 inquit,
1091 482 1241 529 tanta
1270 489 1394 530 cum
1423 475 1588 531 fuerit
1616 484 1915 546 martyrum
1948 473 2089 543 apud
2118 481 2161 534 Α
2194 474 2474 543 phanium,
2504 476 2931 544 Theodoretum,
2961 489 3016 535 et
3046 482 3185 537 alios
3212 500 3349 552 quos
3383 485 3434 540 in
3459 502 3626 542 causa;
3651 505 3755 543 sum

509 580 726 626 veteres
778 572 1119 633 auctoritas,
1178 578 1238 623 ut
1287 579 1589 640 martyrum
1634 582 1912 637 nunquam
1972 569 2095 623 sine

510 665 759 735 martyrii
806 664 1057 719 encomio
1096 664 1428 719 mentionem
1464 663 1768 717 faciendam
1798 662 2095 717 existima-

510 768 665 821 rent;
697 757 827 827 quid
859 767 943 811 est
996 759 1143 825 quod
1189 757 1451 810 Irenazum
1488 768 1648 809 nemo
1706 767 1738 807 e
1784 753 2089 818 veteribus,

509 848 678 902 etiam
701 848 789 901 ubi
822 848 978 901 testis
1003 847 1314 909 adducitur,
1339 846 1503 899 etiam
1529 844 1617 900 ubi
1644 860 1766 899 cum
1786 843 1907 899 aliis
1935 849 2091 899 testi-

509 942 610 996 bus
664 939 995 1010 martyribus
1026 937 1254 1009 junctus
1290 937 1511 1007 legitur,
1555 945 1852 1007 martyrem
1908 944 2087 988 tamen

508 1032 835 1102 appellavit?
857 1050 875 1083 ι
903 1030 959 1085 Id
977 1030 1342 1085 conﬁdentius
1366 1030 1561 1083 asserit
1582 1028 1913 1084 Dodwellus.
1944 1030 2029 1082 An
2056 1044 2088 1082 e

505 1132 749 1177 veterum
772 1122 1016 1191 catalogo
1040 1129 1315 1189 expunget
1345 1119 1763 1189 Hieronymum,
1801 1129 2082 1175 auctorem

507 1218 869 1284 Quwstionum
910 1225 959 1268 et
1016 1214 1432 1281 Responsionum
1484 1214 1553 1265 ad
1592 1214 1934 1269 Orthudoxos
1965 1257 1980 1280 ,
2028 1224 2086 1269 et

503 1312 823 1381 Gregorium
879 1309 1252 1363 Turonensem
1276 1309 1299 1362 ?
1327 1310 1487 1378 Atqui
1536 1308 1610 1362 illi
1647 1309 1870 1364 disertis
1900 1310 2083 1364 verbis

501 1406 763 1459 lrentenm
810 1413 1108 1473 martyrem
1143 1401 1419 1471 appellant
1451 1442 1465 1465 ,
1520 1417 1584 1455 ac
1618 1403 1825 1469 priores
1858 1403 2079 1470 quidem

502 1496 611 1550 duo
639 1494 729 1549 ubi
770 1504 966 1548 testem
999 1495 1294 1547 adducunt.
1326 1493 1522 1547 Eorum
1556 1494 1780 1561 quidem
1807 1495 1890 1547 vel
1920 1494 2080 1549 ﬁdem

500 1587 737 1652 elevare,
763 1588 845 1639 vel
871 1585 1244 1640 testimonium
1271 1584 1553 1639 inﬁrmare
1574 1585 1783 1645 nititur,
1806 1586 1899 1640 sed
1926 1587 2080 1640 vanis

499 1679 958 1741 cavillationibus,
989 1693 1125 1749 quas
1157 1688 1341 1746 postea
1363 1679 1742 1734 discutiemus.
1767 1679 1859 1733 His
1886 1679 2079 1748 adjun-

497 1773 655 1840 gendi
692 1770 1049 1826 vetustissimi
1082 1769 1591 1839 Martyrologiornm
1622 1780 1677 1825 et
1709 1771 2077 1826 Kalcndario-

496 1879 619 1917 rum
651 1864 948 1931 scriptores
972 1862 1039 1926 3’,
1073 1861 1163 1928 qui
1196 1861 1459 1914 lrcnmum
1486 1862 1537 1913 in
1572 1868 1868 1933 martyrum
1907 1862 2075 1916 fastos

495 1954 945 2009 constantissime
978 1953 1317 2015 retulerunt;
1363 1955 1526 2024 idque
1587 1968 1694 2007 non
1731 1953 1944 2021 propria
1978 1969 2078 2006 au-

495 2047 771 2109 ctoritate,
801 2060 903 2098 non
929 2044 1174 2098 futilibus
1205 2044 1563 2112 conjecturis,
1588 2056 1681 2099 aut
1702 2055 1907 2101 temere
1938 2045 2079 2101 divi-

493 2138 697 2200 nando,
733 2137 827 2190 sed
856 2153 919 2190 ex
958 2137 1237 2189 veteribus
1286 2136 1651 2190 Ecclesiarum
1707 2138 2075 2194 monumentis

493 2245 613 2299 qua!
641 2227 1023 2291 consulebant,
1081 2240 1136 2283 et
1189 2245 1297 2300 pne
1331 2229 1505 2281 oculis
1539 2229 1832 2283 habebant.
1870 2229 1978 2282 llos
2026 2228 2073 2283 si

491 2321 832 2376 fabulatores
866 2321 1062 2375 iterum
1098 2321 1335 2391 appellet
1367 2321 1696 2388 Dodwellus,
1734 2323 2070 2387 meminerit,

494 2415 562 2469 iis
592 2414 775 2469 verbis
803 2416 1072 2485 ejusmodi
1106 2414 1522 2469 criminationes
1555 2415 1759 2467 dudum
1788 2414 2072 2481 excepisse

489 2504 868 2559 doctissimum
904 2514 1152 2558 nostrum
1186 2518 1251 2557 ac
1277 2503 1380 2571 pia:
1413 2503 1692 2555 memoria:
1722 2501 1783 2557 Ι).
1816 2501 2071 2555 Theode-

489 2598 665 2651 ricum
708 2596 963 2660 Ruinart,
996 2605 1055 2649 ut
1088 2596 1156 2650 ad
1204 2595 1402 2649 incitas
1436 2593 1691 2647 redactus
1726 2592 2070 2661 desperatam

487 2705 709 2744 causam
748 2691 891 2744 tueri
934 2687 1207 2744 hactenus
1247 2704 1352 2744 non
1385 2687 1644 2756 potuerit.
1691 2703 1709 2736 ι
1743 2685 1858 2740 Etsi
1895 2686 2066 2751 enim,

485 2784 663 2852 inquit
698 2782 810 2847 ille,
841 2782 1110 2852 ejusmodi
1135 2782 1308 2837 libros
1343 2782 1412 2836 ab
1443 2781 1592 2837 omni
1624 2782 1845 2850 penitus
1871 2779 2067 2834 mendo

483 2877 754 2929 immunes
774 2889 895 2929 esse
915 2873 1190 2929 allirmare
1215 2890 1377 2928 nemo
1396 2874 1722 2942 possit(htcc
1749 2874 1952 2942 quippe
1981 2880 2065 2927 est

484 2967 790 3039 singularis
824 2983 1111 3022 sacrorum
1163 2968 1417 3023 codicum
1453 2969 1810 3036 pnerogativa
1837 2968 1855 3039 )
1882 3007 1897 3031 ,
1952 2982 2061 3020 non

478 3069 662 3115 tamen
699 3061 827 3116 hinc
851 3059 1057 3115 inferre
1080 3060 1231 3126 licet,
1259 3075 1353 3114 eos
1384 3060 1524 3113 mala
1552 3062 1681 3123 ﬁde,
1714 3068 1807 3114 aut
1838 3071 2060 3126 temere,

2196 565 2566 621 defensionem
2596 569 2732 623 citat
2761 570 3088 639 Dodwellus,
3114 576 3305 642 pedem
3338 578 3649 645 referamus;
3681 580 3753 634 illi

2194 658 2413 727 quidem
2472 660 2729 715 Iremeum
2787 678 3057 732 nusquam
3115 666 3391 734 appellant
3440 680 3751 739 martyrem;

2194 752 2287 805 sed
2321 752 2458 806 nihil
2492 753 2637 806 aliud
2671 754 2737 808 ad
2773 770 3048 809 summum
3076 772 3143 811 ex
3168 772 3359 812 eorum
3395 760 3605 815 silentio
3645 763 3753 817 col-

2192 843 2286 913 ligi
2320 854 2521 914 potest,
2560 846 2659 901 nisi
2690 849 2832 915 quod
2857 848 2924 901 ad
2956 863 3144 902 eorum
3180 850 3429 903 notitiam
3456 852 3585 906 Acta
3615 869 3752 907 mar-

2192 934 2315 1004 tyrii
2360 949 2463 988 non
2495 938 2865 1006 pervenerint,
2897 948 2989 992 aut
3015 952 3312 1011 martyrem
3349 943 3518 998 fuisse
3549 945 3750 1000 nescie-

2192 1026 2317 1079 rint.
2352 1025 2429 1079 Ex
2456 1041 2521 1080 eo
2553 1042 2684 1082 vero
2715 1028 2857 1097 quod
2886 1031 2955 1085 ad
2988 1029 3330 1096 Tertulliani,
3363 1033 3597 1099 Eusebii,
3628 1035 3750 1104 Epi-

2190 1118 2375 1186 phanii
2404 1126 2459 1173 et
2483 1119 2712 1174 aliorum
2733 1123 3091 1190 quorumdam
3126 1121 3484 1180 Orientaliutn
3525 1128 3751 1196 scripto-

2189 1225 2306 1263 rum
2355 1211 2606 1265 notitiam
2650 1214 2911 1283 martyris
2941 1214 3174 1284 alicujus
3200 1216 3569 1273 Occidentalis
3614 1221 3746 1275 Acta

2189 1316 2292 1355 non
2310 1304 2678 1371 pervenerint,
2700 1316 2998 1375 martyrem
3020 1306 3193 1362 fuisse
3207 1308 3543 1364 conﬁdenter
3559 1326 3753 1381 negare

2185 1409 2212 1445 a
2245 1395 2454 1448 ratione
2491 1410 2721 1463 prorsus
2742 1396 2980 1452 alienum
3015 1400 3249 1453 videtur.
3284 1400 3352 1456 Ut
3390 1402 3533 1455 enim
3559 1404 3635 1457 sic
3664 1403 3750 1457 in-

2186 1484 2321 1539 ferri
2356 1486 2477 1556 jure
2510 1488 2700 1556 possit,
2755 1500 3093 1559 supponatur
3124 1508 3350 1547 necesse
3376 1504 3458 1548 est
3489 1506 3749 1567 martyres

2183 1594 2371 1634 omnes
2400 1580 2777 1636 Occidentales
2809 1583 2876 1638 iis
2899 1585 3147 1654 apprime
3174 1589 3429 1657 cognitos
3458 1590 3622 1644 fuisse
3649 1606 3748 1645 nec

2183 1671 2344 1725 ullam
2377 1686 2471 1728 eos
2503 1673 2672 1728 latere
2700 1676 2939 1743 potuisse
2971 1679 3222 1748 martyrii
3253 1679 3575 1745 historiam;
3606 1684 3747 1750 quod

2183 1780 2340 1833 quam
2366 1767 2658 1822 absurdum
2692 1769 2786 1833 sit,
2820 1785 2984 1826 nemo
3015 1786 3120 1826 non
3156 1773 3325 1828 videt.
3358 1772 3424 1826 Et
3456 1775 3501 1828 si
3535 1777 3749 1844 quidem

2182 1857 2246 1911 iis
2272 1858 2324 1911 in
2361 1859 2694 1927 regionibus,
2733 1860 2818 1915 vel
2850 1877 2955 1917 non
2991 1863 3179 1933 procul
3211 1863 3280 1917 ab
3310 1865 3375 1919 iis
3404 1879 3597 1934 passus
3623 1867 3752 1922 fuis-

2179 1958 2261 2005 set
2289 1949 2544 2015 lrenaeus,
2580 1952 2633 2006 in
2658 1953 2857 2022 quibus
2887 1954 3053 2009 vitam
3098 1970 3261 2025 egere
3303 1959 3596 2027 scriptores
3629 1960 3747 2015 latt-

2178 2045 2615 2115 dati,quidpiam
2650 2046 2908 2116 ponderis
2976 2048 3180 2104 habere
3221 2062 3406 2119 posset
3459 2067 3751 2122 argumen-

2172 2143 2286 2193 tum
2332 2140 2401 2193 ab
2434 2155 2622 2194 eorum
2664 2140 2884 2195 silentio
2924 2141 3237 2210 repetitum.
3277 2140 3380 2196 Sed
3426 2142 3569 2211 quod
3604 2158 3754 2195 mar-

2170 2238 2340 2296 tyrem
2402 2230 2574 2286 fuisse
2626 2224 2949 2287 nescierunt
2995 2232 3356 2303 episcopum,
3408 2232 3499 2302 qui
3554 2233 3607 2286 in
3662 2249 3754 2288 re-

2174 2318 2493 2372 motissimis
2544 2318 2864 2376 Occidentis
2933 2323 3220 2392 partibus,
3281 2330 3341 2377 et
3392 2322 3447 2378 in
3505 2322 3748 2378 Ecclesia

2174 2420 2455 2476 nascente,
2480 2412 2709 2466 necdum
2736 2413 2917 2483 magni
2947 2413 3208 2480 nominis,
3234 2423 3328 2469 aut
3349 2414 3508 2483 longe
3533 2413 3750 2483 lateque

2171 2501 2389 2568 dill'usa,
2438 2504 2758 2574 sanguinem
2788 2505 3012 2570 fuderit,
3041 2521 3147 2561 non
3179 2515 3262 2562 est
3289 2508 3437 2576 quod
3467 2508 3601 2562 adeo
3645 2509 3751 2563 mi-

2172 2608 2377 2653 remur.
2419 2595 2581 2651 Certe
2639 2608 2905 2668 martyrcs
2938 2600 3107 2654 fuisse
3131 2598 3488 2655 Saturninum
3522 2599 3749 2657 Tolosa-

2170 2703 2320 2755 num,
2355 2688 2673 2760 Dionysium
2704 2689 3012 2746 Parisinum
3049 2692 3390 2762 episcopum,
3428 2709 3550 2749 cum
3582 2694 3753 2752 sociis

2168 2780 2395 2837 Rustico
2425 2794 2481 2838 et
2504 2784 2844 2850 Eleutherio,
2884 2784 3193 2840 Patroclum
3227 2785 3579 2854 Trecensem,
3605 2788 3750 2843 Fru-

2168 2888 2417 2930 ctuosum
2456 2876 2948 2942 Tarraconensem,
2984 2890 3036 2933 et
3069 2880 3202 2934 alios
3240 2880 3555 2949 complures
3580 2921 3597 2945 ,
3650 2886 3748 2953 qui

2167 2970 2348 3023 varias
2372 2970 2685 3024 Occidentis
2715 2980 2900 3039 partes
2932 2972 3195 3041 sanguine
3224 2988 3324 3026 suo
3350 2986 3750 3043 purpurarunt,

2164 3063 2302 3117 adeo
2358 3071 2575 3118 constat
2616 3070 2675 3115 ut
2706 3078 2773 3117 ne
2802 3063 2837 3116 ii
2883 3062 3104 3131 quidem
3147 3063 3362 3119 inﬁcias
3417 3065 3583 3120 ierint
3608 3080 3753 3135 quos

481 3162 576 3207 aut
604 3153 801 3208 leviter
827 3153 1167 3221 conscriptos
1202 3151 1399 3214 fuisse;
1435 3151 1545 3205 imo
1570 3167 1700 3206 vero
1734 3162 1944 3207 certum
1977 3163 2061 3208 est
2089 3166 2130 3221 ο
2165 3153 2347 3208 acrius
2387 3155 2630 3223 exagitat
2674 3164 2978 3225 martyrum
3044 3170 3331 3210 numerum
3382 3160 3748 3213 contrahendi

478 3243 867 3315 Martyrologia
901 3260 932 3297 a
965 3245 1098 3299 viris
1121 3244 1397 3313 gravibus,
1427 3261 1495 3300 ex
1522 3246 1927 3314 antiquioribus
1947 3262 2061 3301 mo-

477 3340 778 3405 numentis,
810 3349 865 3392 et
899 3340 1255 3408 peculiarium
1294 3340 1664 3394 Ecelesiarum
1716 3339 2061 3396 Kalendariis

477 3430 705 3485 collecta
759 3431 966 3485 fuisse:
1006 3447 1128 3499 qua:
1179 3448 1304 3486 cum
1355 3432 1424 3487 ab
1458 3430 1730 3500 cpiscOpis
1760 3434 2059 3502 approbata

474 3523 726 3587 fuissent,
756 3523 968 3592 publice
1013 3524 1066 3576 in
1092 3523 1486 3578 ecclesiasticis
1528 3523 1887 3579 conventibus
1917 3524 2058 3579 lecta

472 3616 727 3680 fuerunt;
769 3624 827 3669 ut
863 3614 906 3667 si
938 3615 1182 3667 omnium
1214 3623 1533 3669 sanctorum
1561 3613 1884 3670 festivitates
1919 3614 2060 3670 cele-

472 3707 623 3761 brari
652 3722 759 3760 non
802 3716 1047 3784 possent,
1105 3720 1293 3761 eorum
1349 3707 1545 3762 saltem
1596 3706 1779 3777 aliqua
1809 3722 2057 3764 comme-

473 3801 710 3854 moratio
736 3800 925 3864 ﬁeret,
952 3810 1065 3855 tum
1099 3803 1150 3855 in
1184 3810 1445 3856 tesseram
1479 3801 1904 3866 communionis,
1937 3816 2057 3871 quae

472 3897 619 3948 inter
652 3891 933 3947 Ecclesias
964 3893 1264 3949 catholicas
1295 3893 1485 3948 haberi
1513 3893 1706 3959 debet;
1753 3903 1865 3948 tum
1900 3901 1959 3948 ut
1990 3908 2053 3947 ea

471 3985 684 4039 ratione
706 3984 899 4055 aliquis
917 3984 1107 4040 saltem
1128 3984 1307 4039 cultus
1323 3987 1533 4040 exteris
1553 3985 1884 4057 martyribus
1900 3984 2056 4040 exhi-

470 4077 716 4132 beretur.
743 4077 1011 4131 Caeterum
1068 4076 1206 4132 falso
1242 4077 1503 4133 conﬁctas
1535 4087 1835 4147 martyrum
1878 4077 2054 4131 histo-

471 4169 587 4223 rias
647 4169 755 4238 igni
835 4170 973 4223 tradi
1022 4168 1216 4236 jubent
1268 4168 1515 4224 Trullani
1574 4170 1789 4225 concilii
1859 4169 2052 4225 Patres

458 4262 722 4327 can.65,
778 4271 1071 4330 velantque
1124 4276 1193 4317 ne
1241 4262 1296 4316 in
1326 4262 1567 4317 Ecclesia
1624 4263 1910 4333 legantur;
1956 4277 2051 4319 eos

458 4366 648 4411 autem
680 4355 775 4426 qui
805 4370 899 4409 eos
917 4356 1290 4419 admitterent,
1322 4355 1660 4409 anathemati
1690 4355 2041 4425 subjiciunt.»

459 4449 621 4516 Quod
649 4448 892 4503 ostendit
916 4457 1119 4517 quanta
1146 4448 1403 4503 cautione
1442 4462 1507 4502 ac
1553 4447 1819 4517 religione
1848 4461 2044 4501 nomen

462 4540 697 4608 alicujus
748 4555 778 4593 a
813 4538 1117 4607 majoribus
1163 4540 1364 4594 nostris
1408 4539 1463 4593 in
1517 4539 1700 4593 album
1737 4553 2041 4610 martyrum

477 4631 800 4695 referretur,
832 4647 929 4686 nec
957 4631 1131 4685 cuivis
1166 4630 1237 4684 ita
1272 4630 1481 4686 referre
1508 4646 1606 4701 pro
1630 4630 1783 4686 libito
1805 4630 2046 4687 licuisse.

462 4722 657 4776 Editus
685 4731 767 4777 est
798 4737 861 4776 ea
899 4723 964 4776 de
998 4738 1056 4775 re
1087 4737 1263 4776 canon
1295 4722 1569 4778 secundus
1613 4722 1831 4776 concilii
1869 4738 1882 4775 ι
1912 4721 2047 4776 Car-

467 4814 807 4883 thaginensis
824 4813 926 4868 sub
945 4812 1141 4879 Grato,
1170 4821 1414 4882 tempore
1439 4812 1564 4866 Julii
1589 4830 1763 4884 papm.
1782 4812 1893 4868 Nec
1914 4812 2048 4867 latet

461 4905 798 4976 quempiam,
831 4904 1093 4958 Lucillatn
1123 4906 1411 4961 l'actiosam
1438 4906 1582 4959 illam
1608 4904 1887 4969 feminam,
1924 4920 2046 4974 quae

460 4996 746 5052 schismati
773 4995 1191 5065 .Donatistarum
1220 4997 1433 5051 initium
1463 4996 1718 5066 praebuit,
1762 4998 1907 5066 quod
1938 4998 2039 5051 ho-

460 5088 594 5142 mini
630 5087 849 5142 cuidam
876 5097 1111 5154 mortuo,
1149 5089 1250 5143 etsi
1271 5090 1519 5159 martyri,
1544 5090 1639 5142 sed
1669 5088 1891 5143 necdum
1918 5089 2041 5142 oin-

459 5178 635 5230 dicato
666 5176 734 5240 ’°,
765 5176 979 5245 aliquos
1008 5178 1242 5233 honores
1273 5178 1635 5237 exhibuisset,
1664 5178 1732 5233 ab
1776 5177 2036 5233 Ecclesia:

457 5270 727 5324 ministris
757 5282 1049 5339 correptam
1073 5269 1262 5325 fuisse.
1294 5271 1445 5327 Adeo
1474 5281 1687 5325 certum
1710 5281 1812 5334 est,
1839 5280 1896 5326 ut
1929 5271 2035 5324 alia

459 5362 650 5428 multa,
673 5376 796 5432 qua:
826 5362 1059 5431 proferri
1092 5373 1334 5432 possent,
1358 5373 1679 5434 argumenta
1709 5364 2041 5434 prmtermit-

459 5463 590 5516 tam,
622 5452 891 5507 sollicitos
920 5466 1134 5521 semper
1164 5452 1333 5508 fuisse
1355 5454 1722 5509 Ecclesiarmn
1769 5464 2035 5523 rectores,

459 5562 526 5600 ne
548 5546 669 5614 quis
701 5555 902 5599 temere
935 5555 1234 5615 martyrum
1290 5561 1515 5600 numero
1547 5547 1931 5605 ascriberetur.

526 5636 617 5693 55.
652 5636 851 5691 Verum
888 5645 944 5688 ut
975 5636 1043 5691 ad
1082 5634 1506 5700 Tertullianutn,
1541 5638 1861 5703 Eusebium,
1897 5639 2034 5708 Ειιίο

521 5752 906 5823 ⁸ῗ-ΑειηΜιιτι.
947 5752 1085 5823 sine.
1130 5761 1184 5807 et
1224 5753 1321 5806 sel.
1370 5752 1610 5823 Pr;ef.,§
1656 5754 1690 5808 3
1719 5753 1811 5808 ﬁn.

1890 5754 1934 5785 "°
1963 5754 2167 5819 Optat..
2221 5755 2315 5810 lib.
2360 5773 2395 5810 ι.

446 5824 518 5855 ’⁸⁸
548 5821 694 5878 llier.
729 5822 872 5879 Prol.
908 5824 961 5877 in
1000 5822 1189 5880 Matth.
1224 5833 1273 5880 ct
1312 5823 1410 5893 Ep.
1444 5825 1527 5891 ll,
1566 5821 1633 5877 al.
1671 5825 1790 5890 lilii,
1823 5833 1952 5879 tom.
1991 5825 2031 5880 ll
2065 5842 2191 5884 nov.
2232 5828 2365 5883 edit.

2164 3248 2409 3317 prurigo.
2446 3247 2664 3301 Illorum
2691 3256 2875 3302 autem
2900 3250 3232 3304 mentionem
3262 3248 3466 3305 frustra
3493 3253 3754 3321 requiras

2163 3339 2307 3407 apud
2335 3339 2657 3403 Eusebium,
2681 3337 3070 3408 Epiphanium,
3092 3338 3494 3396 Theodoretum
3521 3351 3577 3397 et
3602 3343 3752 3400 alios

2163 3444 2345 3483 rerum
2364 3428 2721 3487 Orientalium
2747 3429 3061 3498 scriptores.
3090 3429 3198 3486 Sed
3224 3441 3282 3485 ut
3303 3447 3479 3487 causae
3493 3432 3747 3506 jugulum

2160 3521 2383 3591 propius
2410 3522 2590 3576 adhuc
2639 3531 2842 3590 petam,
2881 3520 3145 3578 Eusebius
3168 3524 3239 3590 “,
3268 3523 3424 3592 cujus
3455 3525 3747 3581 silentium

2159 3614 2297 3667 adeo
2326 3624 2482 3683 urget
2510 3613 2838 3680 Dodwellus,
2886 3612 3158 3685 Hippolyti
3192 3631 3298 3671 non
3328 3616 3499 3671 semel
3535 3621 3741 3673 memi-

2160 3705 2262 3771 nit,
2294 3705 2600 3776 catalogum
2628 3705 2746 3775 ejus
2767 3722 2994 3778 operum
3032 3709 3189 3773 texit,
3216 3710 3533 3779 episcopum
3562 3709 3751 3768 fuisse

2157 3796 2331 3863 dicit;
2380 3806 2679 3868 martyrem
2712 3799 2987 3868 nuspiam.
3038 3798 3301 3871 Martyrio
3343 3810 3525 3857 tamen
3564 3802 3747 3858 vitam

2159 3887 2371 3943 ﬁniisse
2394 3889 2763 3944 certissimum
2806 3905 2928 3945 esse
2951 3891 3113 3947 debet
3156 3894 3241 3947 vel
3288 3893 3389 3961 ipsi
3420 3895 3745 3960 Dodwello;

2156 3995 2281 4035 nam
2307 3980 2361 4035 in
2386 3980 2456 4035 iis
2483 3980 2618 4051 ipsis
2637 3996 2757 4051 qum
2783 3982 2993 4051 profert
3015 3983 3343 4040 Theodoreti
3368 3986 3437 4050 ",
3462 3987 3749 4045 adversus

2154 4077 2338 4133 Irenaai
2378 4081 2702 4153 martyrium
2745 4080 2902 4147 locis,
2933 4088 3142 4150 martyr
3173 4080 3494 4150 appellatur.
3535 4079 3752 4149 Appel-

2150 4170 2295 4224 latur
2325 4182 2379 4228 et
2410 4174 2481 4229 ab
2506 4171 2841 4247 Hieronymo
2874 4189 2984 4228 non
3018 4172 3185 4227 semel
3226 4172 3317 4226 ⁹²·.
3343 4171 3482 4237 Quid
3506 4173 3627 4241 jam
3657 4190 3754 4228 re-

2153 4259 2423 4329 spondere
2449 4267 2631 4328 posset
2655 4258 2983 4325 Dodwellus,
3017 4260 3061 4314 si
3090 4259 3211 4329 quis
3236 4270 3535 4331 martyrem
3562 4261 3749 4320 fuisse

2152 4348 2502 4421 Hippolytum
2536 4365 2762 4422 negans,
2787 4352 2952 4406 verba
2980 4349 3098 4419 ejus
3126 4354 3179 4405 in
3209 4350 3384 4422 ipsum
3405 4362 3750 4423 retorquens

2153 4445 2397 4498 diceret:
2432 4457 2541 4498 non
2571 4443 2621 4497 id
2671 4444 2860 4512 procul
2892 4443 3056 4497 dubio
3082 4444 3373 4498 taciturum
3407 4444 3746 4511 Eusebium,

2148 4536 2196 4590 si
2234 4550 2362 4591 vere
2391 4544 2619 4598 nosset;
2653 4548 2754 4590 nec
2793 4535 3192 4605 ignoraturum,
3226 4536 3270 4591 si
3299 4551 3406 4605 qua
3430 4538 3750 4607 reperisset

2144 4629 2287 4684 illius
2317 4628 2568 4698 martyrii
2618 4638 2994 4692 monumenta,
3021 4627 3073 4681 in
3098 4643 3197 4682 sua
3226 4638 3532 4699 martyrum
3558 4631 3749 4686 colle-

2146 4721 2327 4775 ctione
2370 4718 2695 4773 inferenda?
2725 4716 2871 4772 Nihil
2900 4718 3071 4784 aliud,
3103 4721 3147 4774 si
3189 4731 3434 4790 saperet,
3487 4736 3549 4777 re
3586 4739 3739 4793 pon-

2146 4813 2383 4868 dendum
2425 4819 2767 4876 occurreret,
2798 4811 2903 4866 nisi
2953 4811 3136 4866 ist-nd:
3172 4811 3468 4869 Eusebium
3501 4815 3749 4884 quidem

2144 4920 2253 4959 non
2279 4920 2441 4960 nosse
2472 4903 2824 4975 Hippolytum
2875 4916 3176 4977 martyrem
3213 4906 3407 4974 fuisse,
3441 4922 3542 4964 nec
3576 4925 3738 4981 repe-

2143 4996 2282 5050 risse
2312 4995 2456 5050 illius
2494 4996 2744 5064 martyrii
2792 5007 3172 5065 monumenta;
3209 4998 3381 5068 ipsius
3414 5010 3599 5054 tamen
3654 5004 3749 5057 si-

2140 5086 2367 5141 lentium
2402 5087 2826 5155 praeponderare
2854 5102 2954 5142 nec
2977 5101 3159 5158 posse,
3186 5103 3286 5143 nec
3317 5089 3516 5144 debere
3547 5090 3755 5146 diser-

2141 5179 2212 5233 tis
2262 5179 2494 5231 aliorum
2548 5191 2795 5233 veterum
2851 5180 3215 5254 testimoniis,
3269 5181 3362 5250 qui
3414 5190 3748 5253 martyrem

2139 5268 2314 5321 fuisse
2360 5277 2695 5321 asseverant.
2742 5266 2875 5323 Boni
2933 5283 3068 5339 ergo
3098 5272 3387 5336 consulat,
3427 5272 3475 5326 si
3527 5276 3752 5329 eadem

2138 5369 2461 5428 reponentes
2474 5359 3105 5425 contendatnus,diserta
3124 5358 3461 5431 Hieronymi,
3482 5360 3754 5416 Eusebio

2135 5450 2412 5520 supparis,
2445 5449 2754 5519 Epiphanio
2780 5451 2969 5518 coaevi,
3016 5450 3365 5506 Theodoreto
3413 5461 3470 5507 et
3510 5451 3752 5523 Cyrillo

2136 5542 2507 5597 Alexandrino
2543 5543 2907 5611 antiquioris;
2950 5544 3194 5599 auctoris
3238 5540 3615 5607 Quwstianum
3690 5555 3752 5599 et

2137 5637 2559 5704 Responsionum
2590 5636 2657 5689 ad
2700 5634 3063 5700 Orthodoxos,
3113 5636 3207 5705 qui
3246 5637 3312 5689 ad
3350 5636 3753 5705 posteriorum

2474 5759 2515 5790 ⁹¹
2548 5755 2665 5813 Lib.
2698 5774 2773 5828 vt,
2808 5774 2927 5833 cap.
2964 5760 3167 5827 20,22:
3241 5761 3285 5794 ⁹²
3321 5761 3457 5817 Dial.
3496 5762 3547 5826 1,
3581 5762 3645 5827 Ξ,
3695 5764 3767 5817 5.
