3924 6354
202 408 305 464 209

843 400 1305 459 DYSSERTATO
1342 403 1403 465 ll,
1442 404 1601 459 ΛΒΤ.
1641 404 1680 469 l,
1721 404 1808 458 DE
1844 403 1901 461 S.
1938 403 2199 460 IRENEI
2233 399 2397 459 VITA
2432 400 2520 456 ΕΤ
2554 400 2822 460 GESTIS.

3362 398 3472 455 210

200 534 405 577 atatem
433 523 671 578 accessit
700 539 716 584 ;
756 522 1008 593 Gregorii
1040 524 1402 585 Turonensis.
1436 525 1775 595 aliorumque
1807 531 1851 586 Α
1884 534 2194 596 repugnant
2232 523 2687 579 antecedentibus
2735 531 2790 577 et
2816 520 3308 591 consequentibus,
3342 503 3483 572 δεμ-⁸

202 628 370 668 rerum
393 613 843 671 Occidentalium
876 616 1207 684 scriptorum
1237 617 1549 673 testimonia
1573 660 1587 684 ,
1617 620 1775 687 longe

198 705 411 773 majoris
433 719 560 761 esse
575 708 863 777 ponderis,
885 708 1104 764 Eusebii
1125 719 1565 779 cteterorumque
1581 709 1779 765 Orien-

197 800 371 853 talium
404 799 655 855 silentio.
682 800 846 857 Certe
870 803 917 856 si
944 802 1129 871 regula
1158 812 1243 858 est
1263 803 1512 858 omnium
1532 804 1774 875 gentium

193 894 558 950 consensione
617 896 859 961 ﬁrmata,
899 896 951 950 in
1013 898 1176 950 rebus
1224 897 1512 952 historicis
1567 899 1777 968 patrios

194 993 352 1040 testes
382 1000 497 1055 pra:
519 988 732 1041 exteris
757 988 1060 1043 audiendos
1085 1004 1230 1055 esse;
1262 999 1374 1042 tum
1399 991 1772 1058 potissimum,

190 1084 279 1129 aut
312 1076 570 1145 nuspiam
598 1076 784 1132 valere
814 1078 997 1141 debet,
1030 1094 1153 1132 cum
1207 1079 1282 1132 illi
1336 1078 1654 1149 loquuntur,
1686 1081 1773 1134 isti

188 1177 384 1222 tacent.
426 1168 639 1239 Ecquis
667 1170 811 1224 enim
838 1172 1059 1226 sobrius
1088 1172 1193 1226 sibi
1227 1175 1572 1242 persuadeat,
1602 1173 1777 1229 histo-

192 1259 295 1313 rica
322 1260 576 1327 regionis
608 1260 842 1329 alicujus
890 1273 1272 1328 monumenta,
1307 1265 1514 1318 exteris
1559 1266 1771 1319 notiora

187 1361 300 1402 esse
330 1362 522 1416 posse,
554 1365 722 1419 quam
762 1350 955 1406 incolis
998 1352 1175 1421 ipsis?
1220 1354 1300 1407 An
1333 1354 1503 1409 ferret
1550 1356 1635 1409 vir
1663 1357 1776 1411 cla-

187 1440 303 1493 riss.
333 1439 536 1494 Italum
582 1439 679 1508 qui
748 1451 950 1496 tantam
984 1444 1086 1498 sibi
1120 1460 1300 1499 rerum
1333 1445 1772 1503 Britannicarum

186 1533 465 1587 scientiam
504 1533 728 1606 [XCII]
762 1548 1067 1607 arrogaret,
1116 1549 1378 1609 quantam
1411 1544 1566 1614 Angli
1624 1544 1770 1613 ipsi;

186 1626 263 1679 rel
296 1628 669 1682 contenderet
710 1629 811 1684 bos
837 1629 958 1685 aliis
999 1646 1104 1686 non
1149 1632 1451 1690 instructos
1505 1652 1626 1691 esse
1658 1654 1775 1693 mo-

185 1719 487 1781 numentis,
519 1719 574 1773 in
611 1720 679 1775 iis
708 1736 832 1790 quae
883 1723 948 1776 ad
985 1738 1169 1778 rerum
1203 1726 1556 1796 Anglicarum
1597 1729 1772 1785 histo-

186 1806 310 1861 rism
337 1808 611 1877 attinent,
658 1826 822 1879 quam
854 1811 1056 1868 Italos?

242 1899 332 1954 δι.
364 1901 702 1969 Argumenti
739 1904 847 1959 vim
876 1908 1051 1961 sensit
1104 1908 1449 1978 Dodwellus;
1488 1929 1554 1966 ne
1589 1926 1769 1971 tamen

182 1992 354 2048 victus
380 1996 798 2061 succumberet,
826 2002 1069 2055 auctoris
1086 2002 1456 2068 Qitazstionum
1475 2008 1543 2060 ad
1568 2007 1771 2063 Ortho-

180 2088 364 2147 doxos,
402 2085 730 2158 Hieronymi
758 2099 810 2143 et
836 2089 1092 2162 Gregorii
1132 2096 1473 2153 Turonensis
1527 2101 1771 2155 testimo-

181 2175 391 2230 niorum
451 2177 619 2232 ﬁdem
674 2180 957 2237 inﬁrmare
996 2186 1213 2242 nititur.
1270 2189 1483 2244 Certum
1519 2203 1619 2256 est,
1671 2194 1766 2257 ait,

178 2280 448 2323 sectorem
499 2269 882 2337 Quaestionum
934 2278 998 2329 ad
1034 2277 1421 2348 Orthodoxos,
1473 2286 1770 2357 quicunque

177 2363 385 2415 tandem
436 2362 483 2418 is
510 2363 697 2433 fuerit,
750 2372 942 2433 recepti
987 2372 1040 2424 in
1091 2372 1314 2438 imperio
1372 2376 1769 2434 Christianismi

176 2456 501 2522 temporibus
537 2473 654 2511 esse
678 2459 993 2529 iuniorem;
1026 2472 1084 2516 ut
1128 2468 1350 2529 promde
1378 2469 1432 2522 in
1477 2471 1653 2525 causis
1683 2473 1770 2525 Iti-

173 2545 407 2608 storicis.
441 2547 605 2599 etiam
634 2550 817 2619 quarti
842 2552 1070 2620 quintire
1104 2555 1290 2608 saeculi
1310 2596 1323 2618 ,
1369 2573 1473 2610 non
1516 2559 1624 2621 sit,
1667 2560 1770 2613 nisi

173 2634 494 2701 interposito
513 2637 868 2705 genuinorum
891 2649 1167 2695 auctorum
1188 2646 1509 2713 testimonio,
1529 2659 1639 2703 tuto
1665 2667 1767 2703 au-

174 2726 428 2781 diendus.
482 2728 775 2800 Egregiam
824 2743 975 2789 certe
1032 2739 1475 2805 responsionem!
1536 2757 1657 2810 quae
1716 2742 1767 2796 id

176 2818 330 2872 liabet
357 2822 669 2886 commodi,
698 2832 757 2877 ut
781 2824 1067 2881 molestam
1101 2839 1346 2884 veterum
1375 2834 1765 2900 quorumlibet,

175 2911 215 2963 si
250 2914 319 2967 de
350 2913 529 2967 trium
568 2915 815 2985 priorum
845 2919 1173 2973 srecnlorum
1207 2922 1368 2977 rebus
1396 2926 1765 2980 testimonium

174 3005 378 3070 ferant,
416 3008 812 3065 auctoritatem
838 3010 908 3065 ab
930 3011 1054 3068 imis
1082 3014 1452 3073 fundamentis
1470 3018 1634 3075 facile
1650 3036 1769 3076 suc-

174 3098 365 3154 cutiat.
402 3099 626 3170 Ergone
658 3102 693 3154 ii
726 3103 998 3159 duntaxat
1046 3116 1163 3161 tuto
1203 3110 1482 3180 audiendi,
1534 3115 1625 3182 qui
1679 3129 1766 3169 re-

1880 636 1999 673 sum
2047 635 2153 672 non
2184 618 2527 688 perturbant,
2560 631 2659 671 nec
2685 614 2957 668 orationis
2987 615 3185 667 seriem
3236 613 3468 666 abrum-

1878 720 2048 779 punt;
2081 710 2386 765 certissima
2418 717 2595 763 textus
2623 707 2826 762 sinceri
2857 722 2955 759 nec
3008 704 3321 773 interpolati
3374 715 3467 754 ar—

1878 812 2155 872 gumenta.
2188 802 2420 857 Veretur
2463 814 2643 856 tamen
2676 799 2979 855 Dodwellus
3029 812 3098 851 ne
3128 796 3291 850 verba
3320 796 3461 859 haec,

1882 895 1947 949 Et
1976 905 2202 964 martyr,
2256 909 2287 949 e
2313 896 2563 965 margine
2614 895 2667 948 in
2699 902 2905 948 textum
2939 890 3296 961 irrepserint:
3351 888 3463 941 imo

1880 1004 2070 1057 parum
2100 988 2255 1042 abest
2279 988 2411 1056 quin
2442 1001 2675 1041 excusso
2692 995 2838 1040 metu
2862 984 3091 1038 ﬁdenter
3116 980 3458 1051 pronuntiet,

1878 1082 2010 1133 adeo
2038 1079 2151 1133 haec
2179 1095 2281 1133 non
2311 1080 2588 1149 scripsisse
2622 1077 3025 1146 Hieronymum,
3068 1084 3123 1127 ut
3160 1092 3222 1129 ne
3250 1076 3467 1145 quidem

1876 1171 2109 1224 scribere
2143 1171 2397 1240 potuerit.
2444 1169 2556 1223 Cur
2603 1168 2717 1223 ita?
2761 1169 2899 1234 Quia
2931 1168 2977 1221 si
3022 1178 3311 1237 martyrem
3342 1164 3460 1218 Ire-

1879 1279 2051 1316 na'um
2082 1274 2251 1316 nosset
2290 1261 2666 1331 Hieronymus,
2695 1278 2810 1325 cur,
2841 1278 3040 1331 quwso,
3065 1260 3264 1314 nullam
3299 1260 3459 1312 habe-

1876 1372 1991 1408 mus
2018 1356 2072 1408 in
2101 1353 2379 1425 Catalogo,
2410 1356 2500 1408 ubi
2536 1353 2889 1423 exspectanda
2923 1364 3035 1406 erat
3062 1394 3076 1416 ,
3113 1355 3357 1421 martyrii
3387 1356 3463 1405 vel

1877 1448 2196 1502 levissimam
2224 1449 2574 1502 mentionem?
2606 1446 2715 1501 Cur
2742 1447 2890 1508 aliis,
2918 1447 3122 1516 quoties
3156 1457 3336 1499 testem
3366 1448 3465 1498 ad-

1876 1541 2044 1603 ducit,
2081 1551 2236 1594 ornat
2265 1542 2543 1603 encomiis.
2581 1541 2935 1609 pra'termisso
2960 1540 3053 1593 illo
3078 1539 3318 1608 martyrii
3349 1555 3464 1591 om-

1877 1633 2023 1685 nium
2059 1632 2409 1701 dignissimo?
2444 1632 2556 1687 lloc
2588 1631 2846 1686 Dodwelli
2878 1640 3283 1702 argumentum,
3315 1632 3462 1701 quod

1878 1724 1931 1779 in
1963 1724 2139 1794 ipsum
2169 1727 2413 1780 auctoris
2442 1736 2601 1793 caput
2632 1724 2792 1778 facile
2824 1724 3111 1777 retorserit
3136 1723 3279 1777 alius
3309 1723 3462 1792 quis-

1878 1818 2021 1885 piam
2056 1817 2428 1872 Dodwelliauo
2478 1833 2628 1872 more
2671 1817 2922 1887 pavidus.
2956 1814 3198 1881 Vereor,
3254 1814 3464 1884 inquiet

1876 1909 1990 1973 ille,
2024 1921 2083 1963 ut
2112 1910 2298 1965 lrenazi
2330 1911 2652 1981 martyrium
2683 1926 2711 1964 e
2740 1909 2980 1978 Gatalogi
3027 1917 3175 1962 textu
3208 1907 3463 1962 librariu-

1876 2017 1992 2057 rum
2025 2003 2373 2073 negligentia,
2404 2004 2551 2073 quod
2586 2017 2729 2071 smpe
2756 2002 2979 2055 evenire
3006 2001 3254 2066 solebat,
3303 2000 3460 2054 exci-

1873 2096 2050 2161 derit;
2081 2106 2208 2149 sunt
2236 2096 2381 2151 enim
2412 2096 2515 2149 alia
2547 2112 2667 2162 qua}
2718 2095 2917 2148 merito
2948 2093 3153 2147 faciant
3182 2101 3242 2146 ut
3274 2092 3458 2160 suspi-

1873 2200 2061 2239 cemur
2090 2187 2252 2239 verba
2282 2185 2371 2239 illa
2399 2195 2448 2238 et
2478 2198 2702 2255 martyr,
2736 2185 2872 2239 adeo
2916 2200 3021 2239 non
3051 2183 3306 2237 omisisse
3333 2182 3463 2236 Hie-

1878 2294 2183 2350 ronynmm,
2215 2290 2272 2332 ut
2313 2295 2382 2333 ne
2410 2279 2628 2348 quidem
2664 2277 2921 2332 omittere
2960 2277 3223 2346 potuerit.
3261 2275 3461 2344 Ecquis

1873 2372 1975 2426 sibi
2006 2372 2336 2440 persuadeat
2361 2386 2510 2435 eum,
2554 2370 2639 2425 cui
2667 2380 2961 2441 martyrem
2995 2369 3165 2425 fuisse
3192 2368 3457 2424 Irenmnm

1874 2461 2180 2517 certissime
2237 2461 2552 2515 constitisse
2606 2470 2757 2529 patet
2813 2476 2878 2513 ex
2933 2460 3361 2516 Commentariis
3402 2464 3454 2515 in

1874 2553 2093 2629 Isaiam,
2128 2554 2329 2607 nullam
2362 2554 2413 2606 iu
2443 2553 2703 2623 Catalogo
2728 2594 2743 2617 ,
2776 2553 2866 2608 ubi
2902 2557 3268 2621 exspectanda
3315 2566 3456 2617 erat,

1875 2646 2122 2718 martyrii
2165 2647 2249 2699 vel
2292 2647 2626 2700 levissimam
2679 2646 2878 2701 fecisse
2930 2648 3302 2701 mentionem?
3349 2658 3454 2702 etc.

1878 2739 2047 2796 Pares
2075 2742 2336 2809 utrinque
2368 2740 2591 2795 timendi
2630 2740 2872 2795 rationes
2901 2756 3024 2794 cum
3048 2740 3181 2804 sint,
3212 2741 3296 2795 vel
3340 2756 3456 2797 me-

1874 2843 1984 2887 tum
2010 2848 2167 2888 suum
2196 2832 2436 2899 inanem,
2463 2834 2541 2885 vel
2566 2832 2795 2886 alterius
2818 2848 3039 2902 gravem
3068 2847 3191 2888 esse
3220 2832 3458 2886 fateatur
3514 2892 3519 2903 I

1875 2924 2182 2979 Dodwellus
2209 2938 2434 2977 necesse
2458 2935 2562 2977 est.
2583 2924 2744 2979 Certe
2772 2923 3124 2994 Hippolytum
3154 2935 3453 2993 martyrem

1873 3006 2061 3081 fuisse,
2100 3024 2155 3069 et
2183 3016 2252 3070 ab
2282 3014 2616 3087 Hieronymo
2666 3025 2960 3087 martyrem
2997 3016 3245 3086 agnitum
3278 3026 3334 3072 et
3361 3032 3459 3083 ap-

1872 3108 2129 3180 pellatum
2161 3108 2355 3171 fuisse,
2391 3123 2592 3177 negare
2622 3122 2722 3162 nec
2751 3118 2951 3178 potest,
2983 3123 3083 3162 nec
3109 3108 3298 3161 audet.
3332 3108 3458 3162 Ilie-

173 3190 310 3255 cepti
368 3191 426 3244 in
462 3191 698 3262 imperio
721 3193 1131 3252 Christianismi
1169 3203 1505 3272 temporibus
1544 3217 1637 3261 aut
1669 3222 1762 3262 an-
1794 3217 1841 3279 ο
1874 3214 2135 3271 ronymus
2164 3208 2373 3264 tamen.
2431 3198 2525 3267 (illi
2574 3198 2626 3252 ίη
2656 3212 2753 3252 εικι
2784 3199 2851 3254 ad
2880 3199 3174 3253 Damasum
3222 3198 3478 3269 θρῖεῑο¹³ο

173 3279 463 3348 tiquiores,
483 3291 581 3336 aut
603 3284 799 3339 saltem
822 3286 1059 3356 mquales
1075 3290 1354 3356 exstitere;
1382 3302 1437 3348 et
1461 3294 1550 3350 alii
1581 3312 1768 3355 omnes

172 3375 357 3439 quarti
403 3375 714 3430 desinentis
739 3418 754 3443 ,
789 3378 875 3432 vel
928 3381 1103 3449 quinti
1145 3384 1330 3439 δίρρυῐί
1359 3397 1612 3444 auctores
1640 3391 1770 3461 reji-

174 3466 395 3519 ciendi?
427 3465 485 3521 Si
534 3468 611 3520 ita
662 3469 765 3533 sit,
798 3484 897 3523 cur
938 3471 991 3525 in
1021 3487 1198 3528 causa
1244 3491 1355 3531 sua:
1400 3481 1766 3547 patrocinium

172 3559 397 3612 adducit
430 3557 748 3615 Dodwcllus
776 3559 1166 3631 Epiphaniam,
1197 3566 1624 3637 Tlteodoretum,
1652 3572 1765 3626 Au-

172 3651 455 3716 gustinum
478 3663 537 3707 et
560 3652 828 3724 Cyrillum
853 3654 1326 3715 Alexandrinum?
1352 3660 1553 3719 Omnes
1569 3666 1767 3735 quippe

175 3744 381 3813 recepti
426 3745 479 3798 in
538 3746 773 3816 imperio
824 3748 1232 3809 Cbristianismi
1303 3757 1639 3824 temporibus
1669 3758 1763 3827 ju-

174 3838 359 3891 niores
389 3836 637 3894 fuerunt.
666 3840 814 3907 Quas
842 3843 964 3899 aliis
991 3843 1270 3914 imponere
1298 3849 1411 3904 vult
1440 3852 1607 3923 leges,
1628 3856 1765 3911 adeo

171 3931 357 3985 sensui
390 3933 678 3987 communi
706 3934 1091 4004 adversantur,
1120 3950 1177 3994 ut
1204 3957 1270 3993 ne
1298 3944 1413 4011 ipse
1439 3945 1763 4014 quidemju-

173 4038 301 4089 gum
328 4022 480 4079 terre
530 4027 727 4093 possit.
761 4027 819 4081 Si
850 4030 1066 4097 quidem
1098 4043 1287 4086 auctor
1314 4034 1495 4089 szeculi
1545 4039 1761 4106 quinti,

172 4115 545 4183 scriptoribus
561 4119 742 4187 quarti
772 4122 1121 4190 negantibus,
1146 4124 1425 4194 quidpiam
1447 4126 1760 4196 allirmaret;

173 4207 284 4265 ille.
304 4206 509 4272 fateor,
538 4217 654 4263 tuto
675 4212 979 4268 audiendus
1005 4229 1108 4268 non
1136 4225 1316 4280 esset;
1340 4219 1436 4272 sed
1460 4218 1504 4273 si
1529 4219 1617 4274 ille
1648 4231 1762 4277 tuto

172 4300 483 4354 audiendus
516 4315 622 4355 non
652 4302 747 4367 sit,
777 4303 905 4357 dum
940 4305 1025 4358 bis
1055 4308 1367 4362 tacentibus
1385 4309 1591 4379 aliquid
1621 4310 1764 4365 afﬁr-

174 4400 283 4443 mat
309 4431 324 4455 ,
354 4390 509 4459 quod
540 4389 632 4444 alii
662 4400 792 4445 ante
818 4400 874 4446 et
912 4402 1034 4462 post
1079 4409 1203 4447 eum
1245 4395 1607 4462 aﬁirmarunt,
1636 4407 1691 4453 et
1724 4400 1759 4453 ii

172 4482 388 4550 quidem
419 4481 626 4549 quibus
676 4494 956 4553 perspecta
1009 4495 1063 4540 et
1103 4486 1385 4555 explorata
1440 4489 1611 4560 magis
1637 4506 1758 4546 esse

1872 3292 2076 3361 scripta
2106 3300 2232 3345 ante
2260 3305 2465 3343 annum
2493 3289 2621 3353 584,
2650 3299 2708 3342 ιιι
2738 3290 2930 3357 probat
2960 3290 3212 3345 eruditus
3229 3288 3456 3344 Martia-

1872 3398 2020 3437 meus
2048 3392 2238 3437 noster
2267 3383 2317 3436 in
2347 3382 2462 3436 suis
2489 3383 2542 3436 in
2565 3391 2769 3435 tomum
2802 3382 2843 3436 ll
2873 3381 3317 3453 llieronymianzn
3336 3384 3453 3439 edi—

1872 3475 2039 3530 tionis
2092 3473 2539 3544 Prolegomenis,
2572 3474 2779 3528 dudmn
2831 3484 3126 3543 antequam
3155 3473 3455 3546 Catalogus

1870 3568 2148 3633 ederetur,
2182 3564 2530 3637 Hippolytum
2580 3576 2878 3635 martyrem
2915 3565 3305 3634 appellaverat,
3362 3582 3458 3635 ap-

1869 3659 2095 3730 pellavit
2119 3667 2173 3713 et
2227 3668 2415 3729 postea
2444 3674 2567 3711 cum
2627 3658 2682 3711 in
2736 3656 3049 3711 Martha:qu
3099 3658 3455 3724 praeferetur;

1867 3750 2070 3805 nullam
2100 3750 2152 3804 in
2183 3749 2473 3820 Catalogo,
2505 3750 2593 3803 ubi
2625 3750 2991 3820 exspectanda
3020 3762 3172 3815 erat,
3204 3753 3457 3823 martyrii

1867 3842 1949 3899 vel
1979 3843 2311 3898 levissimam
2342 3843 2517 3913 injicit
2546 3844 2902 3897 mentionem.
2938 3843 3017 3895 An
3048 3858 3179 3914 ergo
3212 3844 3339 3899 hinc
3366 3844 3455 3899 in-

1866 3934 2013 3990 ferre
2046 3935 2231 4000 liceat,
2262 3936 2313 3989 id
2343 3935 2496 4005 quod
2534 3936 2599 3988 de
2627 3933 2900 4005 Hippolyti
2960 3936 3221 4006 martyrio
3254 3936 3456 4007 legitur

1869 4039 1977 4084 tum
2009 4029 2062 4083 in
2090 4029 2251 4083 citata
2289 4031 2353 4083 ad
2387 4030 2674 4083 Damasum
2704 4028 2955 4096 epistola,
2999 4038 3109 4083 tum
3141 4030 3191 4084 in
3221 4030 3453 4102 Prologo

1866 4124 1919 4177 in
1966 4120 2283 4176 Mattlueum
2315 4161 2331 4183 .
2381 4137 2412 4175 e
2462 4121 2708 4190 margine
2758 4123 2811 4174 in
2858 4132 3067 4176 textum
3121 4123 3450 4191 irrepsisse,

1864 4213 2090 4282 haecque
2117 4214 2251 4267 adeo
2280 4228 2384 4268 non
2415 4212 2705 4281 scripsisse
2721 4210 3136 4283 Hieronymum,
3157 4225 3213 4269 ut
3238 4232 3304 4270 ne
3329 4217 3457 4284 qui-

1863 4309 1985 4363 dem
2013 4306 2253 4361 scribere
2279 4305 2554 4376 potuerit?
2583 4306 2787 4363 lnl‘erat
2826 4305 3159 4370 Dodwellns,
3187 4308 3232 4362 si
3280 4309 3451 4375 lubet,

1864 4401 1958 4455 sed
1985 4399 2123 4453 alius
2151 4413 2328 4454 nemo.
2362 4397 2577 4467 Scripta
2614 4415 2741 4469 quae
2780 4399 2849 4452 ab
2879 4399 3184 4454 illustribus
3215 4400 3347 4453 viris
3397 4400 3457 4454 in.

1864 4489 2038 4545 lucem
2072 4490 2271 4543 emissa
2310 4487 2573 4553 fuissent,
2600 4500 2854 4543 accurate
2913 4504 3206 4544 recensere
3256 4489 3453 4543 Hiero-

173 4575 481 4628 debuerunt
537 4576 611 4628 rei
665 4587 1039 4643 monumenta,
1082 4580 1430 4649 antiquanda:
1456 4593 1581 4637 sunt
1611 4598 1762 4639 com-
1796 4570 1843 4630 D
1870 4592 2038 4649 nymo
2078 4579 2295 4632 animus
2335 4587 2477 4640 erat,
2534 4578 2627 4631 sed
2685 4594 2790 4632 non
2829 4594 3016 4632 eorum
3072 4588 3249 4649 gesta.
3304 4579 3455 4633 Nihil

175 4683 364 4722 attines
394 4668 651 4721 historiae
678 4673 845 4738 leges.

238 4761 328 4816 55.
360 4759 479 4815 Nec
510 4759 728 4815 felicius
758 4761 1032 4818 Dodwello
1060 4763 1263 4819 cedunt
1292 4766 1351 4831 ii,
1404 4766 1602 4836 quibus
1630 4765 1758 4821 [lie-

174 4868 463 4925 rouymum
493 4862 797 4908 concutere
839 4856 1080 4919 molitur,
1110 4864 1357 4912 conatus.
1399 4857 1613 4925 Vereor,
1658 4860 1754 4926 ait,

173 4963 231 4999 ne
258 4946 410 5015 quod
460 4945 609 5014 apud
646 4959 772 4998 eum
835 4944 903 4999 de
937 4947 1198 5018 martyrio
1232 4945 1419 5003 lrenmi
1477 4949 1696 5021 legitur,
1730 4967 1758 5005 e

175 5038 407 5108 margine
446 5036 615 5105 (quod
645 5052 787 5106 strpe
819 5038 1023 5092 evenire
1052 5040 1276 5111 solebat)
1313 5058 1345 5094 a
1374 5042 1613 5097 studioso
1650 5046 1755 5096 ali-

172 5146 264 5198 qua
290 5132 593 5184 recentiore
626 5140 891 5194 tralatum,
918 5129 971 5185 in
999 5140 1202 5186 textum
1231 5133 1522 5203 irrepserit.
1558 5132 1651 5192 Sic
1675 5152 1756 5191 sa-

174 5225 449 5289 gacissimi
481 5222 586 5277 viri
618 5222 673 5276 in
704 5224 920 5287 salebra
950 5241 1226 5295 nunquam
1258 5228 1488 5284 luerent.
1540 5228 1596 5285 Si
1627 5232 1755 5301 quid

174 5318 304 5384 apud
338 5331 611 5373 auctores
653 5317 943 5375 molestum
972 5330 1249 5386 occurrat,
1277 5323 1421 5391 quod
1471 5323 1632 5378 facile
1659 5325 1755 5379 de-

176 5413 411 5481 torqueri
442 5429 554 5468 non
588 5414 802 5483 possit;
833 5414 887 5470 in
915 5416 1134 5471 caeteris
1162 5415 1462 5482 lidentiori,
1492 5416 1581 5471 bic
1611 5416 1756 5472 timi-

173 5504 300 5560 diori
328 5504 556 5569 animo,
599 5516 861 5561 verentur
888 5522 955 5562 ne
980 5522 1012 5563 e
1063 5509 1311 5578 margine
1356 5510 1410 5563 in
1442 5517 1648 5563 textum
1680 5509 1756 5562 ir-

176 5599 417 5667 repserit.
447 5596 561 5654 Sed
613 5600 739 5669 quis
766 5597 859 5653 hic
904 5600 1329 5668 pertimescendi
1374 5599 1565 5655 locus?
1614 5599 1755 5655 Ecce

173 5690 327 5754 enim,
358 5691 413 5745 in
442 5690 705 5745 omnibus
734 5708 857 5746 cum
885 5691 1069 5759 editis,
1099 5700 1212 5745 tum
1233 5706 1363 5746 mss.
1382 5690 1540 5747 codd.
1562 5690 1753 5746 lliero-

178 5795 358 5851 manus
385 5783 440 5837 in
472 5799 599 5853 cap.
642 5800 771 5839 thv
803 5783 1258 5851 lsaiae,lreu:eum
1288 5785 1493 5839 diserte
1519 5782 1753 5853 appellat

180 5874 478 5946 episcopum
508 5883 565 5931 et
595 5887 931 5947 martyrem:
963 5876 1078 5933 lucc
1118 5892 1185 5933 ne
1212 5876 1497 5932 minimum
1526 5875 1747 5946 quidem

1863 4668 2097 4738 proinde
2122 4682 2189 4722 ex
2228 4666 2447 4722 silentio
2479 4666 2723 4736 Catalogi
2767 4678 2958 4724 contra
3009 4668 3194 4724 irentei
3236 4682 3445 4742 marty~

1864 4759 2006 4813 rium
2034 4757 2217 4828 colligi
2249 4768 2446 4826 potest,
2496 4760 2642 4827 quod
2671 4774 2775 4812 non
2837 4769 2892 4812 et
2923 4770 3113 4813 contra
3169 4759 3447 4831 llippulyti

1862 4852 2187 4921 martyrium
2223 4851 2434 4905 meliori
2460 4851 2586 4921 jure
2622 4851 2938 4921 colligatur.
2971 4851 3077 4907 Sed
3110 4854 3213 4907 etsi
3244 4865 3450 4924 tnarty-

1859 4945 2003 5000 rium
2054 4943 2269 5007 Irena'i,
2302 4945 2428 4999 dum
2481 4945 2805 5012 Catalogum
2853 4945 3122 5000 scriberet
3173 4946 3443 5016 Hierony-

1860 5051 2004 5103 mus,
2035 5040 2275 5109 prudens
2311 5039 2581 5100 omiserit,
2614 5038 2699 5091 rei
2730 5047 2857 5090 tunc
2898 5038 3192 5102 nescierit;
3226 5040 3449 5109 dispen-

1862 5129 2012 5183 dium
2043 5132 2463 5202 resarcivitjam
2496 5133 2637 5185 forte
2666 5131 2879 5187 doctior
2910 5132 3108 5198 factus,
3136 5150 3259 5189 cum
3290 5136 3447 5191 lectis

1865 5224 2112 5294 martyrii
2152 5224 2541 5286 monumentis,
2570 5222 2724 5280 Isaia:
2783 5228 3129 5296 prophetiam
3160 5229 3443 5298 exposuit.

1862 5316 2010 5383 Quos
2039 5317 2184 5371 enim
2215 5318 2265 5371 iu
2292 5333 2411 5373 eam
2440 5318 2611 5372 edidit
2637 5321 3085 5383 commentarios,
3112 5320 3307 5391 viginti
3333 5322 3446 5375 cir-

1858 5409 1999 5465 citer
2025 5410 2186 5463 annis
2220 5420 2339 5479 post
2362 5412 2628 5479 scriptum
2648 5411 2970 5481 Catalogum
2997 5411 3130 5467 editi
3163 5423 3312 5469 sunt.
3345 5412 3444 5469 llic

1858 5502 2058 5573 quippe
2089 5504 2328 5571 scriptus
2365 5514 2445 5558 est
2473 5545 2486 5569 ,
2538 5505 2583 5557 si
2623 5502 2958 5576 Hieronymo
2994 5505 3093 5574 ipsi
3125 5506 3408 5560 credimus
3430 5545 3445 5569 ,

1857 5611 1997 5649 anno
2025 5593 2303 5650 Theodosii
2332 5597 2585 5665 principis
2612 5599 2814 5652 decimo
2838 5610 3050 5668 quarto,
3078 5597 3282 5653 Christi
3312 5599 3445 5661 392,

1857 5686 1936 5741 illi
1972 5701 2102 5741 vero
2149 5689 2305 5741 annis
2360 5690 2585 5759 triginta
2626 5692 2915 5761 postquam
2974 5689 3444 5758 Constantinopoli

1856 5779 1998 5847 apud
2055 5780 2225 5831 uirum
2282 5781 2767 5849 eloquentissimum
2809 5781 3122 5851 Gregorium
3193 5781 3444 5835 Nazian-

1857 5884 2070 5936 senum,
2117 5880 2239 5923 tunc
2281 5868 2514 5939 ejusdem
2574 5874 2716 5927 urbis
2766 5875 3088 5943 episcopum,
3130 5883 3435 5928 sanctarum
