3924 6354
439 381 539 436 ΞΗ

1261 367 1855 428 DISSERTATIONES
1891 362 2195 421 PRAEVUE
2234 361 2298 418 IN
2339 360 2594 417 ΙΒΕΝᾹΞΙ
2627 347 2896 415 LIBROS;

3612 354 3726 408 212

444 494 847 560 Scripturarum
896 489 1089 543 studiis
1118 489 1363 542 eruditus
1393 489 1621 557 Iuisset,‘
1679 500 1742 538 ac
1800 477 2362 552 proindeAIiberior
2418 479 2489 533 sit
2544 477 2833 532 Ruﬁniana
2893 474 3306 544 interpretatio;
3363 474 3466 529 alia
3532 483 3721 530 tamen

442 585 667 646 circiter
693 597 896 636 annum
928 581 1130 636 Christi
1155 579 1278 633 410.
1307 579 1442 633 Nam
1469 577 1766 646 Gregorius
1794 573 2030 627 Nazian-

444 691 612 731 zenus
640 672 1300 742 Constantinopolitanam
1326 671 1546 740 regebat
1568 669 1868 726 Ecclesiam
1889 679 2031 721 anno

445 768 550 824 580
583 777 638 821 et
666 764 792 820 581.

515 862 604 917 56.
637 861 953 915 Postremus
989 874 1018 914 e
1067 858 1241 913 tribus
1285 858 1475 913 Irentei
1510 854 1760 926 martyrii
1799 853 2033 908 testibus

448 971 476 1009 a
529 953 806 1010 Dodwello
849 953 1146 1018 exagitatis
1199 959 1452 1019 superest
1507 948 1806 1018 Gregorius
1853 947 2033 1000 Turo-

448 1052 672 1117 nensis;
709 1052 821 1115 cui,
862 1051 986 1118 quia
1017 1048 1233 1104 caeteris
1261 1062 1325 1100 eo
1357 1045 1638 1099 molestior
1661 1043 1900 1106 videtur,
1925 1055 2034 1110 quo

449 1144 580 1196 trita
629 1144 696 1198 de
726 1143 911 1198 verbis
955 1157 985 1196 e
1035 1138 1282 1209 margine
1317 1139 1369 1191 in
1415 1145 1622 1191 textum
1653 1143 1860 1189 temere
1900 1147 2032 1186 con-

443 1236 609 1303 jectis
641 1234 822 1290 fabula
857 1232 1138 1288 decantari
1185 1231 1272 1284 hic
1302 1244 1410 1283 non
1446 1235 1644 1297 potest,
1686 1235 1744 1279 ut
1792 1222 2036 1278 auctori-

446 1335 612 1378 tatem
637 1339 857 1380 omnem
901 1339 966 1378 ac
999 1323 1160 1377 ﬁdem
1191 1323 1421 1388 deroget
1471 1333 1624 1372 suam
1655 1330 1873 1370 omnem
1903 1329 2036 1369 con-

439 1418 762 1488 jecturaletn
794 1416 1116 1471 industriam
1133 1414 1366 1468 confert.
1392 1411 1685 1468 Contendit
1710 1409 2034 1479 Gregorium

445 1514 822 1567 Turonensem
854 1510 930 1564 ita
959 1510 1228 1564 Irenaeum
1280 1516 1578 1576 martyrem
1626 1503 1946 1568 credidisse,
1976 1511 2037 1556 ut

445 1622 553 1661 non
587 1606 693 1659 alia
723 1620 888 1674 quam
916 1601 1370 1672 Lugdunensium
1398 1597 1898 1665 Viennensiumque
1919 1609 2038 1664 per-

445 1698 732 1753 secutione
755 1735 771 1760 ,
820 1710 927 1764 qua
979 1701 1279 1747 coronatus
1313 1699 1398 1746 est
1427 1689 1699 1744 Pothinus
1729 1730 1743 1754 ,
1791 1699 1846 1744 et
1879 1688 2035 1742 illum

446 1804 665 1860 quoque
717 1795 1044 1842 coronatum
1083 1784 1404 1840 crediderit.
1446 1782 1602 1839 Unde
1633 1797 1763 1837 vero
1793 1790 1902 1834 tam
1938 1781 2037 1836 im-

447 1895 664 1935 manem
697 1893 943 1933 errorem
972 1877 1220 1932 hauserit
1248 1876 1572 1944 Gregorius,
1625 1889 1653 1927 a
1687 1873 1966 1929 Dodwello
1990 1875 2036 1929 si

447 1983 702 2038 quaeras;
738 1966 1110 2036 respondebit,
1151 1980 1216 2020 ex
1270 1965 1463 2020 eodem
1495 1963 1643 2018 fonte
1671 1963 1941 2030 hausisse,
1971 1975 2038 2016 ex

447 2083 559 2138 quo
590 2066 840 2136 imperite
875 2081 906 2120 e
939 2064 1152 2118 Latinis
1179 2063 1398 2118 Eusebii
1429 2060 1699 2116 Ruﬁniani
1731 2059 1912 2115 verbis
1940 2075 2040 2112 nu-

445 2175 658 2213 merum
712 2173 876 2211 vam
934 2164 1262 2226 martyrum,
1299 2169 1439 2225 quos
1471 2152 1784 2222 persecutio
1815 2150 2040 2220 Lugdu-

447 2253 633 2307 nensis
692 2251 832 2306 coelo
882 2249 1291 2312 transmiserit,
1361 2248 1707 2316 collegerunt
1766 2242 2039 2300 recentio~

447 2359 536 2398 res
593 2341 1005 2412 martyrologi;
1085 2338 1348 2408 conjectis
1431 2348 1636 2393 temere
1698 2339 1749 2392 in
1812 2350 2037 2392 censum

446 2448 789 2505 quaecunque
853 2433 1223 2487 occurrebant
1273 2432 1326 2485 in
1388 2429 1780 2485 Viennensium
1820 2428 2041 2498 Lugdu-

447 2531 810 2597 nensiumque
837 2527 1107 2596 epistolis,
1162 2524 1501 2580 nominibus.
1545 2523 1659 2590 Qua
1701 2522 1922 2590 quidem
1958 2529 2041 2574 te~

448 2623 704 2677 meritate
734 2619 938 2673 factum
973 2626 1081 2682 est,
1115 2617 1216 2682 ait,
1247 2624 1306 2670 ut
1337 2613 1636 2670 Zacharias
1664 2611 1957 2683 presbyter
1984 2609 2039 2664 in

449 2725 759 2786 martyrum
791 2726 1080 2766 numerum
1126 2709 1337 2764 relatus
1362 2709 1452 2763 sit.
1490 2705 1814 2779 Πρεσϐύτην
1849 2719 2042 2772 nempe

449 2808 745 2878 Ζαχαρίαν,
771 2806 1132 2876 presbyterum
1160 2801 1478 2854 Zachariam
1517 2807 1761 2853 verterat
1786 2796 2039 2859 Rufinus,

450 2916 558 2954 non
618 2898 1070 2953 animadverteus
1102 2896 1168 2948 de
1205 2893 1474 2948 Zacharia
1503 2889 1730 2946 Joannis
1782 2889 2043 2958 Baptistae

451 2991 666 3065 [XCIII]
699 3002 877 3060 patre,
927 3004 1037 3042 non
1065 2988 1132 3041 de
1166 2985 1275 3040 alio
1324 2984 1519 3038 nescio
1548 2997 1678 3052 quo,
1712 2981 1803 3050 qui
1834 2989 2041 3050 martyr

449 3085 638 3147 fuerit,
707 3080 977 3136 Zacharia
1046 3079 1371 3149 presbytero
1420 3073 1654 3140 ,locutos
1701 3072 2042 3126 Viennenses

2137 571 2581 641 Lugdunensium
2620 578 2926 639 martyrum
2977 569 3225 633 nomina,
3261 567 3498 623 aliumve
3525 580 3724 622 nume-

2137 681 2257 720 rum
2292 679 2401 718 uon
2437 663 2680 726 exhibet,
2713 677 2876 731 quam
2908 660 3518 730 Christophorsoniana,
3550 659 3722 717 Vale-

2135 759 2290 813 siana
2323 765 2378 811 et
2409 755 2552 810 alias.
2587 754 2665 808 Ex
2689 754 2779 808 illa
2811 752 3058 823 proinde,
3093 725 3457 822 quascunque
3473 725 3753 811 rationes.

2137 852 2302 905 ducat
2325 847 2654 912 Dodwellus,
2696 855 2791 900 aut
2825 844 2966 899 alius
3000 844 3206 914 quivis,
3240 848 3522 914 geminato
3551 847 3726 902 etiam

2137 955 2386 1005 numero,
2430 948 2526 994 aut
2572 948 2781 994 temere
2812 938 3078 1007 conjectis
3115 937 3166 991 in
3202 952 3429 994 censum
3463 953 3732 1008 quaecun—

2139 1049 2245 1104 que
2265 1033 2611 1089 occurrerint
2657 1031 2999 1095 nominibus,
3033 1047 3204 1086 XLVIII
3231 1046 3508 1101 nunquam
3539 1042 3728 1087 emet.

2146 1127 2524 1182 ilallucinatus
2559 1127 2776 1195 quidem
2834 1124 3066 1180 Ruﬁnus
3099 1125 3448 1190 Zachariam,
3498 1124 3736 1181 Joannis

2140 1221 2403 1290 Baptista:
2435 1231 2670 1290 patrem,
2707 1220 3089 1291 presbyterum
3112 1219 3486 1275 Christianum
3529 1234 3735 1289 perpe-

2143 1332 2258 1369 ram
2291 1315 2592 1370 arbitratus
2624 1324 2746 1379 est;
2804 1314 2897 1368 sed
2938 1313 3083 1368 hunc
3120 1322 3418 1384 martyrem
3451 1313 3622 1368 fuisse
3652 1327 3730 1368 ne

2143 1408 2306 1462 verbo
2348 1408 2566 1477 quidem
2603 1407 2759 1461 dixit.
2806 1407 2908 1474 Qui
2944 1421 3076 1474 ergo
3108 1405 3397 1475 designato
3435 1405 3730 1461 Zachariae

2137 1499 2440 1570 presbyteri
2479 1497 2749 1568 supplicio
2789 1497 2970 1552 securi
3006 1510 3327 1565 percussum
3354 1506 3637 1560 asserunt,
3667 1505 3733 1552 et

2140 1610 2286 1648 xcvu
2321 1592 2777 1664 Lugdunensibus
2829 1591 3171 1661 martyribus
3219 1589 3544 1661 adiungunt,
3577 1589 3732 1646 Gre—

2140 1689 2330 1759 gorius
2359 1687 2718 1751 Turonensis,
2755 1685 2893 1747 Ado,
2922 1683 3224 1747 Notkerus,
3249 1692 3307 1737 et
3335 1683 3462 1750 alii;
3498 1697 3736 1738 necesse

2141 1789 2302 1836 estet
2335 1779 2618 1834 Zachariae
2653 1777 2819 1842 illius,
2867 1791 3028 1846 quem
3081 1775 3466 1847 presbyterum
3513 1789 3734 1829 nuneu~

2142 1883 2294 1945 pant,
2331 1872 2678 1942 martyrium,
2711 1881 2767 1925 et
2798 1885 2941 1923 van
2970 1869 3245 1924 sociorum
3287 1868 3508 1922 nomina
3539 1881 3604 1921 ac
3632 1883 3736 1920 nu-

2141 1981 2352 2021 merum
2406 1965 2624 2018 aliunde
2685 1963 3042 2034 collegerint,
3102 1977 3265 2032 quam
3314 1975 3378 2014 ex
3432 1958 3730 2012 Ruﬁnian:

2141 2059 2592 2130 Lugdunensium
2638 2065 2694 2109 et
2723 2054 3117 2110 Viennensium
3154 2052 3508 2122 epistularum
3543 2053 3730 2104 inter-

2143 2147 2666 2224 pretationMUnde
2695 2165 2844 2214 vero,
2878 2147 2983 2202 nisi
3020 2162 3086 2202 ex
3123 2146 3256 2215 ipsis
3291 2143 3564 2215 epistolis,
3588 2159 3736 2212 qua-

2144 2261 2261 2299 rum
2299 2259 2406 2299 non
2451 2243 2761 2298 Eusebiana
2806 2241 2967 2293 modo
2997 2237 3326 2306 fragmenta,
3362 2235 3457 2290 sed
3481 2243 3536 2289 et
3575 2235 3731 2288 inte-
3799 2299 3806 2304 _

2142 2352 2239 2408 gra
2287 2335 2624 2406 exemplaria
2683 2332 2971 2403 legerant?
3015 2331 3072 2384 lu
3129 2329 3196 2383 iis
3237 2327 3440 2397 quippe
3463 2334 3735 2380 accurate

2145 2430 2418 2487 recensita
2481 2428 2652 2482 fuisse
2708 2437 2764 2480 et
2821 2435 3124 2494 martyrum
3181 2420 3426 2485 nomina,
3475 2426 3531 2472 et
3571 2419 3736 2470 varia

2143 2527 2340 2596 quibus
2361 2525 2619 2580 interiere
2641 2520 3035 2591 suppliciorum
3062 2531 3267 2588 genera
3304 2523 3514 2569 eertum
3545 2519 3631 2566 est
3661 2525 3735 2565 ex

2146 2621 2401 2677 Eusebio.
2437 2617 2578 2682 Quid
2613 2632 2744 2684 Opus
2775 2625 2874 2680 est,
2909 2611 3111 2681 inquit,
3133 2622 3437 2678 expressum
3459 2607 3516 2657 in
3539 2619 3740 2671 supra-

2143 2715 2287 2768 dicta
2337 2710 2561 2781 epistola
2586 2707 2924 2776 :catalogum
2965 2711 3258 2772 martyrum
3303 2700 3389 2752 hic
3439 2711 3738 2759 recensere,

2144 2821 2370 2876 quorum
2416 2803 2513 2858 alii
2539 2802 2711 2855 securi
2735 2798 2992 2870 percussi,
3018 2795 3116 2848 alii
3145 2793 3273 2862 feris
3301 2790 3520 2860 objecti,
3550 2789 3648 2842 alii
3678 2789 3743 2841 in

2145 2914 2356 2953 carcere
2383 2896 2678 2952 exanimati
2705 2891 2876 2946 sunt?
2907 2888 3067 2958 Atqui
3094 2885 3296 2940 laudati
3328 2892 3585 2939 auctores
3622 2894 3736 2932 non

2147 3000 2358 3044 tantum
2394 2997 2696 3058 martyrum
2734 2981 3046 3050 catalogum
3079 2983 3389 3035 recensent,
3435 2972 3529 3027 sed
3563 2970 3738 3024 etiam

2144 3085 2236 3153 qui
2271 3081 2447 3137 securi
2474 3077 2740 3151 percussi,
2769 3073 3010 3152 quifcris
3037 3068 3263 3140 objecti,
3291 3066 3385 3136 qui
3410 3066 3463 3119 in
3494 3076 3737 3118 carcere

452 3184 620 3244 atque
648 3172 1069 3242 Lugdunenses.
1093 3167 1273 3222 Simili
1289 3180 1498 3228 errore,
1521 3165 1674 3219 addit
1703 3162 2038 3226 Dodwellus,
2074 3191 2115 3248 ο
2148 3176 2449 3232 exanimari
2496 3179 2646 3232 δυηι,
2695 3175 2959 3224 accurare
3011 3164 3380 3232 distinguunt,
3422 3168 3478 3213 et
3538 3155 3740 3211 eodem

455 3267 719 3321 Irenaeum
759 3262 1094 3332 martyribus
1120 3259 1406 3314 accensuit
1449 3256 1771 3325 Gregorius,
1816 3253 2043 3322 quodin

455 3365 647 3420 eadem
690 3357 1094 3430 persecutionis
1160 3356 1398 3411 historia
1460 3351 1655 3406 Irenazi
1710 3350 2043 3405 mentionem

455 3455 756 3527 reperissct
799 3453 851 3506 iu
899 3449 1131 3520 epistola
1189 3455 1490 3518 martyrum
1545 3445 1611 3499 ad
1665 3444 2044 3498 Eleutherum.

457 3549 631 3602 Erant
653 3546 798 3599 enim
821 3554 1085 3613 praeterea
1117 3543 1170 3594 in
1190 3541 1381 3594 cadent
1413 3537 1666 3607 epistola,
1687 3551 1853 3606 quaea
1879 3535 2048 3591 lecto-

456 3641 630 3704 ribus,
673 3637 863 3707 quales
899 3635 976 3689 illi
1021 3641 1179 3688 erant
1212 3633 1564 3702 impostores,
1596 3643 1786 3698 parum
1823 3628 2050 3683 attentis

456 3743 684 3804 possent
710 3735 764 3786 in
800 3745 919 3785 eam
958 3727 1288 3784 sententiam
1319 3725 1570 3795 intelligi.
1607 3725 1868 3779 Irenaeum
1904 3737 2048 3776 mar-

461 3839 613 3898 tyres
647 3824 877 3894 ἀδελφὸν
907 3822 1001 3875 καὶ
1032 3819 1288 3873 κοινωνὸν
1320 3817 1613 3888 appellant.
1651 3816 1899 3870 Proclive
1929 3823 2050 3870 erat

461 3931 522 3972 ut
555 3934 677 3972 eam
713 3915 999 3970 κοινωνίαν
1030 3913 1095 3968 de
1125 3911 1442 3973 tolerandis,
1469 3908 1673 3963 Christi
1709 3923 1896 3974 causa,
1932 3919 2051 3974 pas-

459 4011 707 4067 sionibus
738 4008 1145 4076 intelligerent,
1177 4004 1270 4074 qui
1313 4017 1482 4056 novos
1519 4003 1746 4056 eruendi
1780 4008 2049 4072 martyres

460 4103 739 4173 quaslibet
755 4101 1075 4156 occasiones
1095 4097 1252 4152 avide
1269 4093 1914 4164 captarent.thuamvis
1930 4107 2050 4146 san-

461 4199 680 4268 guinem
701 4208 799 4263 pro
829 4192 1051 4247 Christo
1079 4206 1185 4244 non
1216 4188 1669 4241 I‘uderitlrenaaus
1692 4225 1708 4249 ,
1752 4199 1815 4238 ea
1863 4193 2046 4239 tamen

462 4293 806 4364 παθημάτων
841 4277 1117 4349 κοινωνίά,
1144 4285 1456 4354 passionum
1475 4278 2055 4336 communio,suﬂicere

462 4389 645 4457 p0tuit
669 4387 738 4440 ad
769 4382 988 4436 titulum
1043 4378 1316 4448 martyrii,
1349 4389 1457 4445 quo
1483 4389 1648 4430 sensu
1675 4385 1868 4427 vocem
1900 4371 2048 4424 illam

464 4479 844 4550 intelligebant
873 4477 1019 4530 illius
1068 4474 1168 4528 αξνί
1223 4480 1459 4525 veteres.
1515 4467 1608 4521 Sic
1637 4465 1866 4521 omnino
1905 4462 2048 4518 Dod—

2152 3284 2379 3341 prorsus
2429 3265 2590 3320 modo
2639 3270 2698 3316 et
2751 3257 2966 3321 ordine,
3009 3264 3174 3323 atque
3220 3250 3484 3320 epistolas
3535 3247 3746 3302 fecisse

2098 3406 2110 3416 .
2151 3369 2342 3417 narrat
2383 3356 2673 3412 Eusebius.
2703 3352 2775 3408 Ut
2819 3349 2899 3404 vel
2927 3348 3089 3402 caecis
3125 3343 3257 3412 ipsis
3283 3341 3410 3395 hinc
3447 3345 3737 3408 appareat,

2151 3471 2214 3509 ex
2271 3468 2338 3506 eo
2382 3451 2500 3506 solo
2548 3446 2722 3510 fonte,
2759 3457 2866 3497 non
2902 3456 2969 3494 ex
3003 3436 3222 3499 Ruﬁno,
3272 3432 3414 3502 apud
3466 3444 3630 3499 quem
3670 3442 3738 3479 ea

2153 3551 2360 3603 frustra
2397 3543 2673 3610 requiras,
2707 3547 2938 3589 manare
2982 3530 3227 3600 potuisse
3261 3540 3380 3595 qua:
3407 3524 3476 3577 de
3523 3530 3741 3590 marty-

2153 3659 2270 3696 rmu
2299 3636 2609 3694 nominibus
2647 3643 2702 3687 et
2727 3629 3010 3699 suppliciis
3036 3626 3283 3680 referunt
3317 3622 3417 3678 illi.

2223 3734 2312 3788 38.
2371 3729 2628 3787 Graviter
2675 3725 2894 3794 quidem
2958 3721 3011 3774 in
3063 3719 3130 3772 iis
3189 3714 3444 3770 omnibus
3509 3709 3745 3764 olIendit

2154 3823 2502 3885 Dodwellus;
2537 3821 2632 3874 sed
2663 3817 2826 3886 longe
2856 3812 3081 3884 gravius
3106 3811 3162 3866 in
3187 3823 3252 3862 eo
3281 3806 3424 3878 quod
3455 3803 3747 3860 conliden-

2159 3926 2238 3968 ter
2305 3917 2618 3972 asseverat,
2674 3906 2997 3976 Gregorium
3052 3903 3431 3956 Turonensem
3488 3913 3590 3948 non
3629 3895 3748 3948 alia

2157 4020 2315 4074 quam
2356 4000 2789 4071 Lugdunensium
2836 3997 2934 4050 illa
2985 3995 3453 4058 Viennensiumque
3500 4004 3747 4057 persecu-

2162 4097 2320 4157 tione,
2351 4109 2455 4162 qua
2481 4099 2765 4144 coronatus
2792 4099 2869 4142 est
2899 4087 3178 4146 Pothinus,
3206 4093 3255 4137 et
3285 4095 3520 4134 nostrum
3540 4094 3748 4148 quoque

2161 4194 2472 4238 coronatum
2514 4179 2802 4233 credidisse
2840 4176 3122 4230 Irenaeum.
3173 4172 3231 4226 Si
3277 4169 3598 4239 Gregorium
3651 4183 3749 4221 us-

2160 4290 2322 4345 quam
2380 4273 2591 4344 legerit,
2629 4269 2990 4341 caligantibus
3039 4266 3214 4320 oculis
3262 4263 3474 4332 legerit.
3505 4259 3557 4314 ls
3593 4261 3746 4312 enim

2133 4373 2280 4422 ‘eam
2306 4365 2737 4437 persecutionem
2765 4378 2885 4431 qua:
2915 4357 3214 4414 Pothinum.
3237 4354 3560 4423 absumpsit,
3585 4353 3655 4407 ab
3681 4367 3752 4406 ea

2163 4475 2270 4530 qua
2305 4466 2600 4512 coronatus
2647 4465 2730 4510 est
2775 4456 3045 4519 lreuazus,
3081 4451 3285 4506 clarius
3319 4461 3601 4504 secernere
3635 4460 3752 4498 non

459 4533 679 4637 wellusu,
703 4584 921 4640 semper
966 4565 1069 4622 sibi
1123 4563 1339 4629 similis,
1387 4561 1791 4629 ingentemque,
1816 4573 1927 4626 quo
1955 4570 2053 4610 ca-
2086 4533 2128 4587 ἶ)
2167 4561 2401 4622 poterat.
2431 4547 2499 4602 In
2545 4549 2760 4614 Galliis,
2788 4549 2863 4601 ait
2891 4548 2958 4610 ⁸³,
2987 4546 3142 4600 multi
3171 4563 3264 4614 pro
3301 4542 3499 4596 Christ:
3536 4539 3756 4591 nomine

465 4667 669 4723 tholica
727 4662 1002 4735 gloriatur
1049 4655 1340 4719 Ecclesia,
1395 4661 1696 4723 martyrum
1758 4661 2049 4702 numerum

465 4761 704 4813 arietare
746 4753 957 4808 frivolis
995 4747 1331 4814 conjecturis
1368 4745 1636 4807 studens;
1674 4741 1805 4796 licet
1832 4755 1952 4794 eam
1982 4739 2053 4793 ob

464 4867 581 4907 rem
612 4855 690 4904 sic
717 4866 745 4902 a
768 4845 1058 4902 Ruinartio
1088 4853 1278 4896 nostro
1329 4839 1532 4893 dudum
1566 4843 1827 4904 exceptus
1864 4835 2047 4898 fuerit,

466 4956 525 4998 ut
549 4943 726 5012 primo
767 4953 1064 5008 congressu
1109 4933 1318 4987 fractus
1344 4931 1635 4997 victusque
1669 4926 1925 4980 cesserit.

541 5037 630 5091 5⁸7.
671 5033 763 5086 Ille
799 5046 928 5084 vero
954 5031 1106 5099 plura
1149 5028 1240 5082 hic
1269 5022 1542 5092 supponit,
1575 5035 1695 5088 qua;
1731 5035 1852 5071 cum
1901 5028 2049 5071 recta

468 5133 684 5186 ratione
726 5142 756 5180 e
808 5125 1077 5178 diametro
1143 5126 1412 5190 pugnant.
1470 5116 1548 5169 Ac
1601 5114 1778 5182 primo
1829 5111 2050 5180 quidem

469 5227 635 5278 inane
710 5224 1081 5274 commentum
1136 5222 1241 5275 est,
1297 5209 1443 5280 quod
1497 5207 1716 5268 asserit,
1767 5217 2052 5257 numerum

467 5331 638 5375 XLVIII
716 5323 1020 5381 martyrum
1103 5321 1132 5360 e
1211 5305 1428 5359 Latinis
1502 5300 1722 5353 Eusebii
1782 5295 2055 5349 Ruﬁniani

468 5410 758 5464 collectum
800 5422 828 5458 a
869 5399 1296 5457 recentioribus,
1335 5405 1393 5448 ut
1431 5404 1613 5458 vocat,
1669 5385 2057 5460 martyrologis

471 5504 659 5556 fuisse.
686 5500 789 5565 Qui
826 5498 970 5550 enim
1019 5494 1052 5546 ii
1085 5507 1151 5546 ex
1187 5491 1476 5543 ltul‘tniana
1516 5486 1736 5541 Eusebii
1789 5485 2055 5549 interpre-

475 5596 676 5647 tatione
730 5605 852 5645 eum
899 5600 1184 5640 munerum
1245 5583 1501 5650 colligere
1537 5585 1858 5647 potuerunt,
1896 5569 2053 5638 cuius

473 5703 572 5741 nec
617 5685 762 5747 vola,
810 5698 911 5736 nec
962 5677 1249 5745 vestigium
1304 5675 1503 5728 ibidem
1566 5670 1838 5741 apparet?
1884 5665 2051 5722 Paulo

583 5870 628 5901 ³³
662 5868 779 5924 Lib.
825 5884 840 5923 t
905 5863 1044 5921 llist.
1078 5862 1192 5925 l’r.,
1226 5879 1272 5917 c.
1313 5859 1403 5925 ‘26,
1433 5861 1515 5924 :27,
1547 5859 1678 5914 edit.

2159 4664 2281 4710 sunt
2338 4667 2430 4722 per
2479 4645 2794 4715 martyrium
2843 4635 3058 4709 gcnmtis
3115 4629 3409 4685 coelestibus
3455 4625 3743 4685 coronati;

2160 4720 2388 4819 quorum
2419 4743 2728 4813 passionum
2759 4731 2998 4788 historia:
3027 4726 3171 4797 apud
3206 4741 3300 4777 nos
3324 4720 3550 4789 fideliter
3580 4734 3750 4786 usque

2160 4809 2316 4896 hodie
2348 4809 2666 4891 retinentur.
2728 4827 2810 4880 Ea:
2849 4824 3040 4894 quibus
3067 4830 3118 4874 et
3150 4817 3240 4871 ille
3281 4815 3483 4884 primus
3519 4809 3749 4879 Lugdu-

2161 4935 2334 4990 nensis
2363 4927 2618 4983 Ecclesia:
2647 4921 2908 4974 Photinus
2940 4915 3042 4987 (sic
3066 4909 3284 4980 scribit)
3315 4907 3588 4976 episcopus
3613 4902 3748 4972 fuit,

2159 5029 2247 5097 qui
2291 5023 2472 5091 plenus
2515 5019 2724 5070 dierum
2773 5011 2996 5064 diuersis
3043 5005 3267 5073 affectus
3320 4996 3616 5066 suppliciis,
3647 5012 3750 5063 pro

2165 5117 2365 5173 Christi
2394 5112 2602 5167 nomine
2625 5121 2814 5178 passus
2846 5113 2942 5156 est.
2977 5097 3324 5154 Beatissimus
3347 5109 3468 5147 vero
3500 5089 3749 5144 Iremcus

2165 5212 2323 5279 hujus
2349 5218 2619 5261 successor
2663 5197 2938 5268 martyris,
2973 5193 3060 5261 qui
3093 5209 3124 5243 a
3147 5191 3297 5242 beato
3344 5183 3644 5254 Polycarpo
3678 5181 3750 5233 ad

2167 5306 2302 5356 [tunc
2329 5299 2507 5352 urbem
2550 5296 2781 5349 directus
2813 5299 2912 5352 est,
2943 5281 3253 5338 admirabili
3300 5280 3489 5332 uirtute
3517 5273 3750 5336 enituit;

2165 5396 2255 5464 qui
2283 5395 2337 5446 in
2369 5391 2563 5445 modici
2594 5385 2842 5453 temporis
2866 5381 3062 5452 spatio,
3087 5371 3469 5446 prazdicatioue
3498 5385 3597 5422 sua
3630 5383 3750 5420 ma—

2166 5457 2306 5537 :i:ime
2333 5483 2388 5533 in
2412 5481 2616 5548 integro
2651 5476 2914 5528 civitatem
2948 5467 3180 5524 reddidit
3211 5463 3597 5518 Christianam.
3623 5457 3750 5513 ,Sed

2169 5575 2401 5629 ueniente
2442 5569 2805 5639 persecutione
2869 5564 3002 5617 talia
3050 5559 3242 5614 ibidem
3299 5552 3546 5608 diabolus
3613 5549 3752 5603 bella

2170 5685 2260 5737 per
2289 5678 2571 5735 tyrannum
2598 5660 2852 5722 excreuit,
2888 5666 2935 5709 et
2974 5664 3118 5708 tanta
3154 5650 3224 5704 ibi
3257 5648 3536 5702 mtu'tittulo
3597 5641 3752 5697 Chri-
