3924 6354
232 369 339 425 213

868 364 1323 421 DISSERTATIO
1360 367 1422 429 ll,
1463 363 1618 417 ART.
1665 362 1702 425 l,
1747 360 1833 415 DE
1868 360 1925 414 S.
1964 356 2230 413 ΙΒΕΝιΕΙ
2265 355 2424 410 VITA
2459 353 2547 408 ET
2583 350 2847 408 GESTIS.

3372 341 3496 394 SH»

230 488 511 538 stiunorum
543 483 607 536 ob
638 481 1021 550 confessionem
1043 481 1306 535 Dominici
1337 480 1562 532 nominis
1590 486 1663 530 est
1704 477 1801 543 ju-
1835 478 1881 534 Α
1911 474 2204 542 reperisset
2237 472 2291 526 in
2326 470 2553 541 epistola
2579 479 2883 538 martyrum
2908 465 2973 519 ad
3003 464 3392 523 Eleutherum;
3424 472 3477 513 et

227 580 423 648 gelata,
452 587 506 629 ut
533 593 626 644 per
650 576 860 644 plateas
889 577 1109 643 [lumina
1144 587 1413 628 currerent
1449 576 1513 626 de
1542 575 1802 641 sanguine

227 668 557 731 Christiano;
590 684 816 737 quorum
852 684 945 719 nec
975 683 1273 726 numerum,
1294 682 1385 717 nec
1413 664 1627 717 nomina
1651 663 1803 716 colli-

224 776 338 829 gere
393 760 691 825 potuimus.
769 757 1031 809 Dominus
1072 757 1211 809 enim
1260 772 1347 808 eos
1399 756 1453 806 in
1501 754 1639 804 libro
1686 753 1802 806 vita:

222 850 556 916 conscripsit.
593 848 823 903 Beatum
850 849 1115 902 [remeam
1150 848 1368 900 diversis
1400 848 1454 898 in
1487 864 1585 898 sua
1622 847 1798 898 carni-

223 947 305 1011 fex
336 943 631 1007 pra'sentia
673 945 838 1009 panis
871 942 1137 1009 affectum,
1181 941 1390 993 Christo
1442 939 1662 991 Domino
1708 956 1800 1004 per

221 1037 540 1105 martyrium
582 1035 871 1088 dedicavit.
921 1033 1025 1087 Nec
1062 1049 1126 1086 eo
1175 1033 1276 1085 loci
1308 1032 1571 1085 duntaxat
1598 1032 1667 1083 ita
1724 1029 1800 1082 l0-

221 1126 405 1194 quitur
451 1124 779 1195 Gregorius,
827 1124 922 1177 sed
956 1132 1009 1177 et
1052 1124 1206 1186 alihi,
1248 1138 1462 1191 semper
1505 1122 1606 1174 sibi
1662 1136 1799 1173 con-

220 1225 385 1277 stans,
424 1226 550 1281 post
582 1218 853 1269 recensita
889 1231 1055 1269 sum
1112 1225 1410 1282 martyrum
1461 1212 1702 1275 nomina,
1746 1219 1801 1265 et

218 1306 484 1375 supplicia
521 1317 970 1376 postremumque
1002 1306 1243 1360 onitiium
1277 1314 1637 1358 memoratum
1694 1302 1796 1356 Po-

220 1399 452 1461 thimun,
522 1400 716 1465 paucis
769 1399 1069 1465 interiectis
1115 1400 1181 1453 de
1230 1412 1424 1451 corum
1475 1394 1719 1463 reliquiis
1746 1405 1800 1449 et

218 1490 518 1558 sepultura,
542 1489 825 1559 subiungit
855 1494 901 1526 ’⁸
936 1507 949 1542 :
986 1489 1158 1559 Igitur
1188 1490 1441 1557 martyrio
1466 1503 1799 1541 consumma-

220 1594 293 1633 tus
319 1582 592 1650 gloriosus
621 1581 908 1644 Photinus,
944 1584 1031 1651 qui
1061 1581 1396 1650 Lugdunensi
1436 1581 1649 1649 pra'fnit
1681 1578 1798 1632 urbi

217 1674 484 1736 sacerdos,
512 1689 608 1733 per
633 1674 938 1725 certaminis
970 1674 1156 1726 nobilis
1185 1674 1428 1725 meritum
1464 1673 1691 1726 invectus
1722 1681 1797 1723 est

217 1763 357 1817 co'lo.
387 1746 492 1816 Cui
537 1774 589 1816 et
636 1766 823 1817 merito
854 1774 904 1818 et
931 1768 1211 1818 sanctitate
1242 1766 1530 1833 condignas
1561 1763 1797 1816 fremens

1904 566 2119 633 quidem
2158 579 2223 620 eo
2252 563 2445 631 magis,
2491 576 2600 631 quo
2638 561 2896 614 Irenaeum
2950 566 3220 627 martyres
3251 552 3480 622 ἀδελφὸν

1904 666 1959 709 et
2009 656 2259 709 κοινωνὸν
2310 654 2603 725 appellant.
2646 652 3056 720 ltane,qu;eso,
3111 647 3395 717 plumbeus
3421 654 3475 701 et

1905 748 2069 801 hebes
2121 748 2400 800 exstiterit
2446 746 2771 814 Gregorius,
2804 753 2863 797 nt
2916 744 2970 795 in
3027 738 3476 823 Lugdunensium

1902 852 1955 895 et
2018 840 2401 896 Viennensium
2460 850 2765 910 martyrum
2824 838 3086 897 historiis,
3145 851 3281 904 quas
3336 834 3478 903 apud

1907 950 2061 988 suam
2120 943 2457 1001 czeterasque
2530 933 2842 987 Gallicanas
2919 931 3187 985 Ecclesias
3244 928 3479 997 ﬁdeliter

1903 1046 2064 1098 usque
2086 1029 2240 1081 hodie
2272 1030 2483 1081 retineri
2522 1030 2693 1092 dicit;
2724 1038 2776 1080 et
2806 1028 2857 1079 in
2891 1027 2957 1079 iis
2990 1037 3098 1077 tum
3152 1023 3311 1084 cleri,
3361 1032 3474 1076 tum

1901 1120 2342 1188 Lugdunensium
2371 1128 2424 1174 et
2454 1118 2840 1173 Viennensium
2877 1126 3174 1185 martyrum
3205 1114 3474 1185 epistolis,

1902 1230 2039 1281 quas
2069 1212 2267 1281 legisse
2299 1228 2420 1266 cum
2451 1212 2648 1266 fatetur
2681 1211 3010 1273 Dodwellns,
3038 1224 3100 1263 ea
3138 1210 3476 1278 distinguere

1903 1322 2007 1358 non
2041 1305 2299 1373 potuerit.
2328 1320 2446 1372 quae
2472 1305 2552 1357 vel
2586 1302 3012 1358 Londinensium
3052 1301 3353 1371 hajulorum
3384 1308 3477 1351 aut

1903 1406 2192 1448 nautarum
2231 1395 2636 1464 stnpidissimus
2672 1394 2903 1463 quisque
2951 1408 3227 1462 utinquam
3277 1392 3477 1461 permi-

1901 1490 2113 1544 sceret?
2150 1489 2313 1553 Ecce,
2342 1500 2613 1560 martyres
2646 1490 2695 1541 in
2732 1504 2824 1541 sua
2861 1494 2926 1541 ad
2959 1487 3309 1540 Eleutherum
3356 1487 3473 1555 epi-

1901 1580 2037 1634 stola
2093 1582 2344 1635 scribunt
2384 1581 2644 1634 lreuwum
2684 1580 2910 1633 Romam
2968 1595 3027 1633 se
3080 1580 3318 1640 mittere,
3378 1578 3469 1647 qui

1900 1671 2109 1726 litteras
2140 1687 2328 1725 eorum
2377 1673 2641 1740 perferat;
2681 1674 2824 1727 hunc
2877 1673 3249 1741 profecturum
3289 1672 3471 1739 ponti-

1902 1763 1990 1816 liei
2017 1763 2423 1827 connueudant,
2452 1762 2756 1830 debitisque
2784 1772 2985 1817 ornant
3008 1763 3300 1823 encomiis,
3332 1760 3474 1815 hunc

215 1855 458 1905 successit
513 1855 814 1922 epi::copus,
858 1873 952 1920 per
986 1856 1296 1924 martyrium
1338 1865 1386 1909 et
1441 1856 1553 1923 ipse
1588 1856 1789 1921 ﬁnitus.
1826 1836 1868 1890 Β
1898 1853 2123 1908 fratrem
2201 1855 2561 1922 laborumque
2635 1863 2947 1909 consortem
3008 1860 3237 1914 vocant,
3310 1868 3471 1918 quem

213 1946 532 1999 Clarissima
577 1951 709 2008 haec,
743 1962 843 2001 nec
878 1948 1131 2001 Dodwclli
1162 1948 1597 2013 conjecturarum
1631 1946 1796 2002 nebu—

215 2033 277 2086 lis
334 2050 574 2101 nsquam
616 2035 982 2090 obscuranda.
1032 2035 1091 2089 lii
1142 2052 1201 2089 ea
1252 2038 1650 2105 persecutione,
1690 2054 1793 2106 qua

213 2128 362 2179 inulti
406 2129 463 2178 in
497 2126 695 2181 Gal’iis
726 2146 821 2195 pro
860 2129 1057 2181 Christi
1103 2131 1309 2182 nomine
1334 2139 1457 2182 sunt
1486 2146 1577 2196 per
1600 2140 1796 2198 marty-

210 2220 346 2270 rium
376 2222 657 2282 coronati,
686 2218 1054 2289 Lugdunensis
1092 2222 1362 2287 episcopus
1388 2220 1649 2273 Photinus
1674 2238 1795 2288 pas-

207 2326 290 2363 sus
316 2321 419 2363 est.
458 2310 846 2365 Beatissimum
877 2328 996 2365 vero
1041 2310 1302 2366 Irenwum
1336 2312 1495 2381 hujus
1525 2327 1793 2365 successo-

207 2418 310 2454 rem
352 2404 613 2471 martyris
649 2402 851 2456 factum
898 2402 1068 2456 fuisse
1123 2404 1287 2455 tradit
1332 2402 1650 2472 Gregorius.
1691 2404 1790 2469 Qui

208 2493 373 2562 igitur
403 2495 638 2548 credere
672 2496 847 2561 potuit
894 2494 1084 2549 eadem
1139 2496 1538 2562 persecutione,
1582 2513 1701 2565 qua:
1747 2495 1790 2549 si

205 2582 460 2652 Lugduni
514 2587 720 2640 multos
777 2590 915 2652 dies,
959 2604 1061 2641 non
1092 2598 1239 2641 certe
1271 2603 1489 2644 menses
1518 2588 1787 2653 efferbuit,

204 2687 540 2730 coronatum
570 2688 865 2747 utrumque.
894 2678 1103 2734 fuisse?
1132 2679 1243 2734 Nisi
1279 2681 1419 2734 lorte
1452 2680 1620 2750 lingat
1652 2680 1794 2736 Dod-

202 2769 422 2834 wellns,
459 2786 585 2823 eam
638 2771 812 2826 fuisse
860 2770 1105 2841 Gregorii
1150 2774 1497 2838 sententiam,
1534 2773 1790 2829 Irenazum

201 2882 391 2951 paucis
434 2882 730 2935 admodum
780 2883 970 2937 diebus
1014 2875 1435 2954 Lugdunensem
1485 2885 1789 2939 Ecclesiam

204 2968 433 3021 rexisse.
490 2968 562 3020 At
611 2970 683 3022 ita
716 2971 925 3024 sentire
969 2988 1074 3025 non
1126 2976 1298 3041 potuit
1349 2972 1668 3043 Gregorius,
1695 2974 1787 3041 qui

204 3058 463 3113 lrenmum
529 3062 729 3115 asserit
788 3071 897 3115 tam
965 3064 1181 3117 naviter
1227 3066 1488 3134 paStorali
1543 3064 1786 3120 {unctum

1896 1947 2264 2001 Christianqu
2308 1956 2361 2001 et
2390 1948 2763 2017 presbyterum
2806 1962 2948 2013 esse,
3006 1956 3383 2014 martyresque
3418 1945 3470 1996 iu

1898 2056 2121 2095 carcere
2164 2042 2415 2095 delentes
2466 2040 2717 2106 consilio,
2782 2040 3027 2103 monitis,
3084 2038 3470 2106 eleemosynis,

1900 2151 1999 2203 pro
2038 2134 2183 2188 virili
2211 2150 2328 2194 sua,
2366 2150 2470 2188 non
2526 2144 2675 2189 certe
2718 2134 2855 2188 citra
2914 2134 3111 2202 capitis
3151 2132 3468 2193 discrimen,

1898 2228 2241 2294 sublevasse,
2297 2230 2631 2293 constabat;
2674 2239 2727 2281 et
2791 2227 3091 2296 Gregorius
3152 2226 3473 2291 imprudens

1897 2322 2023 2375 hinc
2053 2331 2274 2390 arrepta
2310 2321 2637 2389 turpissume
2673 2319 3119 2373 hallucinationis
3151 2317 3470 2378 occasione.

1893 2428 2015 2467 eum
2068 2412 2246 2481 ipsum
2276 2428 2437 2481 quem
2487 2412 2667 2465 itineri
2716 2426 2837 2467 sese
2880 2412 3343 2473 committentem,
3381 2418 3475 2462 aut

1895 2521 2019 2559 mox
2049 2506 2467 2560 commissurum
2512 2506 2746 2575 legebat,
2784 2506 2925 2558 inter
2954 2503 3079 2558 illos
3105 2503 3469 2561 recensuerit,

1894 2597 1982 2663 qui
2037 2597 2089 2649 in
2142 2612 2204 2651 ea
2265 2598 2671 2664 persecutione,
2726 2612 2845 2664 qua:
2896 2593 3227 2662 delegationi
3281 2607 3469 2645 ansam

1895 2688 2151 2755 praebuit,
2211 2690 2377 2741 vitam
2442 2702 2540 2756 pro
2611 2688 2829 2741 Christo
2886 2686 3267 2756 profuderint?
3335 2685 3471 2751 Quis

1892 2781 2113 2833 credat?

1961 2869 2049 2925 59.
2077 2871 2205 2935 Sed,
2236 2873 2411 2941 inquit
2437 2872 2769 2938 Dodwellus,
2803 2871 3076 2941 descripto
3104 2871 3295 2925 lrenasi
3328 2885 3469 2922 mar-

1895 2964 2033 3033 tyrio
2069 2965 2253 3017 statim
2280 2964 2765 3035 addit_GregoriUS
2793 2982 2806 3016 :
2834 2964 2957 3016 Post
2987 2964 3126 3015 hunc
3153 2972 3202 3015 et
3236 2964 3470 3031 quadra-

1892 3055 2035 3122 ginta
2082 3065 2196 3109 octo
2240 3067 2494 3125 martyres
2522 3057 2665 3123 passi
2710 3066 2854 3120 sunt,
2904 3070 2969 3107 ea:
3004 3054 3191 3123 quibus
3236 3056 3469 3121 primum

202 3148 397 3216 oﬂicio,
424 3159 481 3204 ut
500 3156 555 3204 in
571 3154 767 3206 modici
800 3157 1052 3223 temporis
1075 3158 1272 3224 spatio,
1291 3158 1665 3225 prwdicatione
1689 3176 1784 3213 sua

1892 3146 2056 3214 fuisse
2113 3148 2337 3216 legimus
2380 3147 2604 3201 Vettium
2644 3147 2962 3215 Epagatum.
3017 3147 3249 3201 Constat
3284 3155 3467 3199 autem

202 3241 259 3294 in
286 3244 492 3312 integro
545 3244 805 3298 civitatem
849 3247 1138 3300 reddiderit
1185 3248 1591 3303 Christianam?
1641 3250 1791 3305 Tan-

205 3342 317 3388 tum
353 3336 532 3404 igitur
578 3339 839 3406 temporis
872 3338 1104 3407 spatium
1157 3338 1391 3395 Pothino
1435 3345 1785 3409 superstitem

203 3426 371 3481 fuisse
405 3428 675 3483 lrenzeum
726 3430 1090 3495 existimavit,
1131 3442 1393 3499 quantum
1443 3433 1634 3488 saltem
1693 3450 1787 3489 ne-

201 3522 507 3575 cessarium
536 3532 657 3576 erat
683 3533 740 3576 ut
772 3522 922 3577 illata
952 3540 1048 3593 per
1073 3525 1307 3592 primam
1342 3528 1783 3593 persecutionem

202 3612 461 3670 Ecclesia:
525 3615 878 3684 Lngdunensi
929 3617 1208 3686 dispendia
1270 3618 1580 3672 resarciret.
1645 3618 1780 3673 Dum

202 3721 331 3759 vero
364 3707 482 3760 hmc
519 3716 705 3774 ageret
750 3706 1015 3771 lrenaats,
1050 3709 1257 3762 veniens
1288 3710 1603 3776 persecutio,
1633 3712 1783 3764 addit

202 3796 526 3865 Gregorius,
574 3814 696 3863 qtue
733 3809 810 3852 tot
865 3809 919 3852 ct
973 3810 1246 3853 tantorum
1311 3812 1609 3872 martyrum
1658 3818 1784 3856 san-

204 3891 362 3956 guine
392 3887 643 3960 Lugduni
680 3891 887 3959 plateas
942 3894 1251 3955 inundavit,
1294 3903 1350 3947 ut
1403 3911 1501 3949 uec
1537 3897 1779 3962 nomina,

205 3998 301 4036 nec
352 3999 619 4037 numerus
650 3984 829 4053 colligi
868 3986 1128 4053 potuerit,
1183 3988 1590 4041 sanctissimum
1620 4005 1783 4045 occu-

202 4085 293 4142 pat
320 4076 662 4144 episcopum,
697 4094 761 4128 ac
808 4077 1016 4131 Christo
1071 4078 1299 4131 Domino
1340 4097 1433 4146 per
1463 4085 1779 4151 martyrium

201 4169 430 4221 dedicat.
472 4168 553 4221 Au
600 4168 806 4221 clarius
837 4170 1066 4235 exprimi
1106 4180 1161 4224 et
1194 4170 1469 4239 designari
1516 4176 1781 4243 potuisset

201 4276 331 4311 nova
390 4260 731 4328 persecutio,
767 4276 792 4313 a
830 4262 994 4328 priori
1052 4272 1105 4316 et
1163 4273 1407 4330 tempore
1435 4274 1489 4317 et
1535 4265 1778 4318 cireum-

196 4352 411 4403 stantiis
454 4351 647 4419 procul
674 4352 927 4405 diversa?
976 4353 1027 4404 lu
1082 4354 1255 4421 priori
1299 4366 1498 4406 tantam
1542 4357 1777 4407 multitu-

195 4443 360 4494 dinem
393 4440 826 4495 Christianorum
859 4445 921 4495 ob
958 4444 1339 4513 confessionem
1371 4446 1636 4498 Dominici
1683 4463 1775 4497 no-

195 4536 343 4587 minis
383 4534 641 4603 Lugduni
672 4534 978 4602 jugulatam
1012 4553 1144 4600 esse,
1196 4548 1251 4588 ut
1300 4553 1391 4603 per
1436 4537 1639 4603 plateas
1666 4538 1771 4605 [1η-
1806 4520 1849 4573 Ῑ)

194 4628 326 4678 mina
353 4636 637 4679 currerent
666 4627 730 4678 de
759 4628 1017 4693 sanguine
1045 4627 1374 4689 Christiano,
1422 4628 1610 4681 nullibi
1648 4629 1775 4696 legi-

194 4735 337 4781 mus;
379 4719 477 4772 sed
511 4735 609 4773 ucc
638 4718 884 4772 scribere
915 4734 1149 4784 unquam
1178 4723 1351 4787 potuit
1374 4719 1771 4786 Gregorius,'se

192 4828 275 4864 nec
306 4828 621 4871 numerum,
652 4827 744 4863 nec
770 4813 985 4864 nomina
1032 4823 1346 4881 martyrum,
1399 4815 1487 4881 qui
1520 4814 1571 4865 in
1602 4813 1767 4881 priori

188 4906 322 4969 passi
358 4912 494 4956 sunt
538 4900 811 4969 Lugduni,
850 4904 1091 4972 colligere
1122 4907 1397 4971 patuisse;
1439 4906 1529 4972 qui
1555 4905 1681 4957 alihi
1714 4915 1769 4959 et

188 5010 473 5048 numerum
510 4994 721 5067 [XCIV]
748 5004 803 5049 et
844 4998 1060 5049 nomina
1094 5006 1201 5048 tam
1235 5007 1495 5051 accurate
1523 4997 1764 5065 collegit,

188 5096 237 5137 ut
265 5097 580 5152 recenseat,
619 5097 667 5139 et
697 5102 804 5154 quo
838 5087 1069 5155 quisque
1107 5087 1355 5155 supplicii
1393 5104 1593 5156 genere
1639 5089 1764 5145 aﬂ'e-

186 5184 299 5225 ctus
324 5174 399 5226 sit
429 5176 651 5227 referre
685 5192 791 5226 non
822 5168 1063 5227 omittat.
1090 5176 1213 5229 Ιιίιξε
1238 5177 1507 5231 Dodvvello
1540 5178 1763 5247 legenda

184 5275 361 5329 erant,
393 5276 491 5318 aut
522 5267 564 5319 si
596 5282 715 5334 qua:
751 5267 906 5334 lides,
941 5268 1340 5322 dissimulanda
1377 5284 1482 5322 non
1525 5269 1761 5323 fuerant.

185 5353 233 5407 Id
254 5356 299 5408 si
333 5356 585 5419 fecisset,
614 5371 892 5424 nunquam
920 5367 1068 5409 certe
1104 5358 1490 5423 con'imisisset,
1525 5369 1583 5411 ut
1614 5360 1757 5413 scri-

185 5451 397 5514 psisset,
446 5448 694 5517 prmzlive
742 5448 1009 5515 Gregorio
1059 5450 1368 5503 Turonensi
1425 5450 1591 5505 fuisse
1646 5451 1761 5504 Ire-

186 5556 351 5594 naum
383 5542 534 5595 inter
561 5552 836 5612 martyres
868 5539 1255 5609 Lugdunenses
1275 5559 1585 5604 recensere,
1617 5544 1759 5610 quod

186 5633 232 5686 in
265 5635 459 5689 eadem
496 5636 897 5703 persecutionis
937 5634 1161 5689 historia
1204 5637 1388 5689 lrenaai
1429 5637 1758 5691 mentionem

1892 3238 2012 3293 illos
2068 3254 2234 3292 XLVIII
2284 3250 2573 3310 tnartyres,
2610 3255 2841 3309 quorum
2892 3238 3106 3308 primus
3141 3238 3309 3293 fuerit
3340 3238 3470 3293 Vet-

1893 3330 1997 3385 tius
2052 3329 2348 3401 Epagatus,
2413 3349 2518 3387 non
2578 3332 2628 3385 iu
2682 3332 2790 3385 alia
2844 3331 3223 3399 persecutione
3280 3347 3468 3400 passos

1888 3420 2080 3486 fuisse,
2132 3438 2294 3491 quam
2341 3424 2428 3476 illa
2464 3423 2903 3493 Lugdunensium
2939 3423 3466 3491 Viennensiumque,

1887 3528 1991 3581 qua
2016 3524 2307 3569 coronatus
2342 3527 2426 3568 est
2452 3515 2735 3569 Pothinus.
2777 3515 2831 3568 Si
2880 3528 3011 3585 ergo
3041 3525 3163 3583 post
3198 3516 3465 3569 Irenaeum

1887 3622 2073 3675 passos
2101 3607 2269 3663 fuisse
2293 3610 2587 3663 crediderit
2612 3609 2909 3677 Gregorius
2935 3653 2950 3676 ,
2990 3610 3138 3664 illum
3176 3612 3228 3663 in
3272 3611 3463 3665 eadem

1884 3706 2269 3766 persecutione
2317 3714 2637 3759 coronatum
2690 3702 2858 3757 fuisse
2910 3703 3312 3757 existimaverit
3369 3716 3466 3756 ne-

1884 3806 2037 3847 cesse
2066 3805 2168 3849 est.
2222 3795 2296 3847 lta
2340 3796 2558 3864 quidem
2609 3796 2872 3863 scriptum
2930 3795 3033 3865 legi
3084 3797 3137 3849 in
3198 3796 3464 3850 hodierno

1884 3884 2130 3955 Gregorii
2162 3898 2307 3941 textu
2334 3904 2439 3943 non
2480 3888 2731 3942 diﬂiteor.
2770 3889 2877 3943 Sed
2912 3888 3173 3942 ﬁdentior
3205 3888 3294 3942 hic
3334 3903 3463 3942 eva-

1884 3980 1958 4033 sit
1982 3980 2311 4035 Dodwellns.
2348 3980 2487 4046 Quin
2525 3982 2609 4034 hic
2653 3983 2959 4052 contigisse
3007 3992 3283 4047 vereatur,
3316 3984 3461 4051 quod

1885 4087 2049 4141 supra
2080 4072 2503 4143 Hieronymiano
2542 4074 2711 4126 textui
2746 4074 3015 4129 accidisse
3048 4074 3230 4128 inanis
3265 4075 3462 4127 suade-

1881 4165 1973 4218 bat
2006 4166 2203 4229 timor;
2241 4180 2307 4219 ne
2331 4166 2588 4220 videlicet
2615 4180 2737 4219 mox
2773 4167 2936 4220 citata
2963 4168 3125 4220 verba
3158 4183 3187 4221 e
3215 4168 3460 4237 margine

1881 4256 2048 4325 (quod
2089 4271 2231 4323 saepe
2267 4256 2489 4310 evenire
2519 4256 2678 4325 solet)
2708 4272 2735 4308 a
2769 4257 3014 4310 stmlioso
3047 4258 3230 4325 aliquo
3277 4272 3463 4311 recen-

1880 4348 2021 4402 tiore
2051 4362 2080 4401 e
2116 4348 2253 4402 libro
2281 4365 2293 4401 l
2328 4348 2401 4402 De
2424 4348 2592 4416 gloria
2624 4358 2923 4417 martyrum
2971 4348 3220 4410 collecta,
3250 4350 3301 4401 in
3339 4360 3456 4404 tex-

1882 4450 2014 4507 tum,
2052 4441 2145 4494 sed
2178 4440 2519 4494 incommodo
2548 4440 2665 4495 loco
2701 4442 3046 4509 irrepserint,
3076 4442 3157 4494 vel
3192 4444 3258 4495 ab
3294 4444 3457 4509 impe-

1880 4536 1985 4589 rito
2038 4534 2223 4602 aliquo
2264 4542 2358 4586 aut
2404 4531 2702 4589 festinante
2760 4535 2938 4588 scriba
2996 4535 3113 4587 loco
3166 4550 3452 4602 perperam

1878 4634 2046 4688 mota,
2075 4625 2128 4677 in
2159 4624 2354 4692 capitis
2384 4624 2543 4678 linem
2577 4625 2714 4677 male
2748 4625 3004 4679 translata
3043 4625 3283 4677 fuerint?
3311 4627 3450 4691 Quin

1876 4718 2062 4781 addat,
2120 4732 2241 4771 esse
2292 4716 2491 4784 alioqui
2559 4718 2660 4769 alia
2715 4733 2835 4785 qme
2887 4719 3083 4769 merito
3140 4717 3345 4770 faciant
3396 4730 3454 4772 ut

1876 4810 2236 4879 suspicemur,
2267 4809 2431 4861 verba
2487 4808 2575 4861 illa
2626 4810 2761 4862 adeo
2791 4825 2894 4863 non
2918 4810 3210 4875 scripsisse
3244 4808 3451 4877 Grego-

1875 4902 2037 4966 rium,
2064 4911 2207 4954 utne
2229 4901 2444 4967 quidem
2478 4902 2723 4955 scribere
2748 4902 3027 4967 potuerit?
3056 4902 3308 4957 Fortasse
3340 4920 3444 4956 non

1875 4994 1973 5046 abs
2000 5008 2057 5047 re
2089 4995 2315 5057 veritus,
2348 4991 2723 5060 suspicatusve
2754 4992 2966 5046 fuisset.
2988 4993 3271 5058 Quomodo
3301 4996 3448 5048 enim

1878 5087 1993 5139 ﬁeri
2027 5088 2220 5155 potuit,
2270 5096 2326 5139 ut
2367 5087 2412 5138 is
2454 5084 2545 5152 qni
2605 5084 3045 5153 Lugdunensium
3080 5102 3143 5139 ac
3171 5086 3449 5140 Viennen-

1872 5179 2011 5230 sium
2052 5176 2344 5245 Martyrum
2398 5176 2709 5243 passionum
2749 5175 2999 5228 historias
3034 5177 3085 5229 in
3118 5177 3248 5245 ipsis
3283 5177 3449 5229 fonti-

1873 5273 1973 5324 hns
2005 5270 2225 5339 legerat,
2254 5277 2305 5320 et
2340 5266 2478 5335 apud
2507 5264 2692 5320 Gallos
2724 5268 2955 5320 lideliter
2984 5268 3058 5322 ad
3088 5285 3241 5321 suam
3277 5285 3449 5337 usque

1870 5372 2083 5416 aetatem
2122 5361 2341 5413 retineri
2383 5359 2549 5421 dicit;
2581 5360 2669 5428 qui
2705 5360 2965 5413 Irenaeum
2996 5359 3252 5423 Pothino,
3280 5375 3443 5425 quem

1868 5470 2032 5507 XLVIII
2068 5452 2543 5522 martyribusalihi
2578 5464 2926 5514 annumeral,
2949 5454 3282 5507 successisse
3308 5455 3449 5507 scri-

1870 5546 1968 5607 bit,
1997 5545 2195 5612 diuque
2224 5554 2342 5612 post
2373 5559 2519 5608 etin],
2552 5555 2603 5597 et
2651 5546 2702 5597 in
2734 5546 2840 5597 alia
2877 5545 3035 5613 longe
3062 5546 3275 5599 diversa
3317 5561 3440 5614 per-

1869 5635 2144 5688 secutione
2195 5636 2511 5705 martyrium
2550 5635 2792 5691 subiisse’
2835 5636 3039 5691 diserte
3079 5637 3316 5702 asserit;
3359 5637 3441 5693 sui

270 5816 311 5847 ”
345 5816 524 5886 Grcg.
563 5817 719 5883 Tur.,
756 5818 791 5869 Ι.
829 5833 843 5869 ι
905 5817 974 5871 De
1019 5818 1154 5889 glor.
1192 5830 1378 5887 marl.,
1414 5838 1459 5877 c.
1498 5822 1584 5885 49,
1627 5819 1713 5883 30,
1752 5834 1801 5887 p.
1838 5818 1959 5883 779,
2005 5818 2133 5876 τεο.
