3924 6354
415 348 524 406 215

1239 341 1845 403 DlSSERTATlONES
1876 344 2181 403 ΡΒΕῊᾸΞ
2217 350 2286 404 1N
2321 351 2574 409 IRENAEI
2609 355 2876 411 LIBROS.

3579 353 3692 410 216

413 464 590 534 Ipsius
628 477 694 517 eo
722 477 898 533 usque
922 461 1149 518 oblitum
1185 462 1377 527 fuisse,
1402 473 1462 517 ut
1484 464 1631 531 ipsos
1663 477 1833 516 xt.vttt
1864 478 2003 516 mar—
2031 466 2078 524 Α
2110 467 2365 533 cesserit,
2422 468 2807 525 Praefationem
2863 485 3017 525 novre
3068 470 3317 541 Gregorii
3347 468 3692 525 Turonensis

414 566 586 628 tyres,
614 570 644 609 e
675 571 905 625 quorum
935 572 1169 612 numero
1198 554 1466 621 Pothinus
1506 554 1709 617 lrenazi!
1741 557 1999 611 decessor

412 659 557 713 erat,
595 660 720 720 post
779 651 926 704 hunc
964 660 1261 706 coronatos
1292 664 1411 704 esse
1444 650 1612 705 velit?
1668 649 1781 705 Hoc
1836 659 1999 704 rectae

413 742 614 795 rationi
653 751 763 796 tam
817 742 1135 798 immaniter
1165 743 1511 805 adversatur,
1542 752 1600 795 ut
1646 743 1993 813 gravissimo,

412 834 589 903 qualis
636 844 758 889 erat
806 835 1126 904 Gregorius.
1164 833 1425 903 scriptori
1457 834 1623 888 tribui
1655 834 1804 889 nullo
1835 835 1997 889 modo

412 926 605 993 possit.
626 924 787 980 Certe
828 926 965 981 male
990 926 1369 995 interpolatum
1406 925 1571 981 fuisse
1594 935 1799 981 testum
1829 926 1999 998 legitiv

412 1033 521 1084 nia,
542 1019 585 1073 si
603 1033 723 1088 qua:
740 1019 1261 1088 uttqttam,,5ttspieio
1279 1026 1384 1082 est,
1408 1020 1533 1073 dum
1550 1034 1611 1073 ea
1642 1020 1781 1088 apud
1808 1029 1999 1074 aucto-

414 1126 525 1164 rem
543 1112 779 1181 aliquem
809 1113 1083 1183 leguntur,
1103 1127 1224 1181 qua:
1252 1113 1319 1166 ab
1340 1111 1457 1181 ejus
1483 1112 1753 1168 sententia
1774 1111 1998 1167 aliunde

413 1212 539 1258 nota
569 1205 893 1270 abhorrent,
939 1204 1383 1274 clarissimisque
1412 1219 1475 1258 ac
1520 1205 1826 1273 perspicuis
1851 1202 1999 1272 ejus-

412 1293 535 1347 dem
576 1292 759 1347 verbis
796 1302 989 1363 aperte
1019 1304 1373 1363 repugnant;
1428 1296 1573 1362 quod
1619 1294 1708 1348 hic
1734 1294 1992 1349 occurrit.

412 1383 669 1453 Quisquis
721 1385 865 1439 enim
911 1400 1098 1455 inquas
1148 1401 1334 1441 rerum
1386 1386 1707 1453 testimator,
1736 1386 1996 1455 sepositis

412 1476 681 1544 tantisper
707 1476 967 1532 omnibus
1015 1478 1370 1547 prmjudiciis.
1417 1478 1723 1545 posteriora
1755 1477 1870 1532 haec
1901 1491 1995 1532 ca-

408 1567 537 1638 pitis
565 1568 633 1621 27
663 1568 813 1637 (nov.
867 1569 1028 1637 edit.)
1075 1570 1267 1634 verba,
1310 1568 1437 1623 Post
1482 1572 1621 1623 hunc
1665 1580 1712 1623 et
1756 1570 1993 1639 quadra-

406 1662 553 1729 ginta
615 1670 731 1715 octo
779 1672 1058 1731 martyres,
1115 1672 1251 1727 etc.,
1305 1677 1428 1715 cum
1486 1662 1789 1732 prioribus,
1834 1670 1889 1716 et
1930 1662 1995 1717 iis

406 1768 527 1823 qua!
554 1753 653 1811 lib.
682 1770 698 1807 ι
726 1753 802 1807 De
831 1756 1002 1823 gloria
1031 1765 1215 1818 mart.,
1245 1771 1367 1825 cap.
1408 1755 1478 1809 49
1508 1764 1563 1810 et
1589 1754 1681 1820 50,
1714 1756 1990 1821 leguntur,

405 1843 663 1897 conferre
694 1845 944 1909 voluerit,
989 1845 1135 1899 nulla
1193 1846 1409 1900 ratione
1440 1846 1737 1900 conciliare
1766 1845 1988 1914 poterit.

406 1934 563 1992 llaud
591 1936 899 2007 spernenda
939 1937 1170 2006 proinde
1198 1953 1387 1992 eorum
1417 1937 1758 2005 conjectura,
1808 1936 1899 2004 qui
1926 1949 1991 1989 ea

404 2044 529 2097 qua:
557 2029 625 2084 de
656 2029 1062 2098 posterioribus
1089 2030 1211 2085 istis
1241 2029 1576 2101 martyribus
1616 2029 1757 2099 apud
1787 2027 1991 2097 Grego-

406 2125 546 2179 rium
601 2123 878 2193 leguntur,
909 2138 1201 2194 perperam
1234 2124 1566 2179 translocata
1596 2139 1719 2179 esse
1752 2138 1991 2178 censen-

403 2223 507 2275 tes,
534 2213 813 2281 jungenda
844 2229 965 2268 esse
994 2214 1289 2283 opinantur
1316 2229 1439 2269 cum
1472 2214 1538 2269 iis
1569 2230 1690 2284 quae
1723 2214 1877 2269 initio
1905 2229 1992 2267 ca-

404 2305 536 2374 pitis
562 2306 883 2359 scribuntur
911 2306 977 2360 de
1003 2305 1262 2367 Pothino.
1316 2306 1369 2360 in
1400 2305 1543 2361 hunc
1573 2308 1792 2361 modum
1840 2327 1853 2361 :
1906 2306 1991 2361 Ea:

405 2397 597 2466 quibus
625 2408 672 2451 et
697 2397 786 2450 ille
812 2398 1015 2467 primus
1048 2398 1419 2468 Lugdunensis
1449 2397 1701 2452 Ecclesia:
1731 2396 1989 2453 Photinus

401 2491 675 2557 episcopus
729 2489 855 2556 fuit,
883 2490 972 2560 qui
1009 2490 1195 2559 plenus
1234 2491 1462 2555 dierum,
1508 2492 1729 2545 diversis
1767 2494 1990 2562 affectus

402 2583 701 2653 suppliciis,
730 2602 825 2653 pro
853 2583 1051 2639 Christi
1080 2588 1291 2640 nomine
1316 2604 1503 2655 passus
1533 2598 1632 2641 est.
1686 2587 1816 2642 Post
1851 2588 1988 2641 hunc

402 2684 449 2729 et
483 2674 843 2745 quadraginta
875 2688 993 2730 octo
1041 2688 1301 2747 martyres
1349 2681 1491 2747 passi
1519 2690 1665 2747 sunt,
1702 2697 1765 2734 ea:
1798 2682 1987 2750 quibus

400 2766 627 2836 primum
661 2767 831 2834 fuisse
859 2766 1079 2836 legimus
1118 2768 1345 2823 Vettium
1381 2770 1701 2841 Epagatum.
1734 2773 1990 2827 Beatissi-

401 2871 517 2909 mus
553 2871 675 2908 vero
716 2855 955 2910 Irena'us
1006 2858 1169 2927 hujus
1211 2876 1484 2915 successor
1530 2864 1782 2932 martyris
1810 2904 1825 2927 ,
1878 2874 1985 2919 etc.

402 2948 493 3002 Sic
543 2948 764 3017 conjicit
815 2950 861 3004 is
911 2952 1003 3019 qui
1050 2967 1248 3017 novam
1300 2952 1494 3009 Leonis
1546 2954 1719 3024 Magni
1759 2970 1985 3021 operum

399 3041 695 3095 editionem
726 3041 1016 3097 adornavit
1045 3043 1129 3097 vir
1157 3044 1529 3109 clarissimus;
1574 3056 1631 3098 at
1671 3048 1812 3114 quod
1843 3048 1983 3101 idem

2099 558 2327 611 editioni
2360 561 2663 628 prtcftxam.
2685 570 2791 616 art.
2823 562 2877 623 5.
2910 563 2965 616 in
2993 576 3096 629 qua
3127 561 3432 629 hujusmodi
3463 576 3667 629 serupu

2102 649 2181 702 los
2213 650 2394 715 facile,
2428 668 2528 722 pro
2554 669 2618 707 ea
2651 669 2756 723 qua
2790 655 3086 723 prmstabat
3126 652 3451 715 eruditione.
3481 652 3688 706 exemit

2100 752 2293 797 noster
2328 744 2430 814 piae
2459 747 2741 801 memoriae
2770 746 3147 801 Theodericus
3190 745 3436 800 Ruinart.
3481 743 3589 798 Sed
3626 754 3694 797 ut

2101 842 2159 885 ut
2189 833 2258 888 sit
2297 834 2364 889 de
2408 836 2689 906 prOposita
2735 837 2896 891 modo
2941 836 3287 904 conjectura.
3336 843 3454 891 esto
3479 834 3695 904 Grego-

2100 929 2215 983 rius
2265 943 2329 983 ea
2378 930 2673 999 scripserit
2728 946 2851 1000 quae
2880 933 2945 986 de
2995 945 3163 985 XLVIII
3203 929 3536 1000 martyribus
3563 937 3696 999 post

2098 1017 2289 1073 Irentei
2318 1020 2644 1090 martyrium
2682 1020 2982 1087 leguntur,
3028 1020 3307 1074 memoria:
3344 1018 3529 1088 lapsus
3555 1018 3691 1081 erit,

2098 1120 2153 1165 et
2180 1112 2270 1167 hic
2296 1112 2479 1181 gravis
2504 1112 2752 1183 quidem.
2784 1114 2867 1168 An
2896 1129 3027 1169 vero
3050 1113 3175 1183 quia
3206 1112 3469 1166 memoria
3497 1110 3694 1180 lapsus.

2097 1213 2181 1259 est
2208 1205 2259 1259 in
2288 1206 2475 1275 aliquo
2498 1208 2738 1276 scriptor
2766 1206 2984 1275 aliquis,
3012 1207 3142 1261 huic
3169 1206 3468 1277 aﬂingenda
3494 1202 3687 1259 statim

2096 1296 2275 1351 aliena
2308 1298 2581 1351 sententia
2600 1312 2765 1367 quam
2794 1296 2911 1366 ipse
2937 1298 3141 1352 diserte
3171 1297 3406 1367 respuit?
3436 1297 3517 1350 An
3545 1298 3690 1365 quia

2099 1390 2153 1443 in
2183 1390 2376 1459 capitis
2405 1390 2509 1443 line
2536 1388 2772 1457 paucula
2819 1389 3069 1457 quasdam
3123 1398 3176 1443 et
3221 1388 3475 1443 intricata
3509 1389 3686 1443 verba

2096 1478 2378 1533 subtexuit
2429 1478 2751 1548 Gregorius.
2800 1477 2906 1533 alia
2941 1494 3064 1548 qua:
3112 1480 3395 1550 perspicua
3445 1488 3579 1532 sunt
3626 1488 3689 1533 et

2098 1578 2310 1638 aperta,
2342 1585 2408 1624 ex
2450 1569 2702 1624 obscuris
2748 1569 2860 1624 illis
2906 1569 3253 1639 explicanda,
3283 1578 3339 1622 et
3366 1568 3433 1622 ad
3467 1584 3556 1631 ea,
3597 1568 3690 1623 in-

2097 1660 2209 1715 vito
2244 1675 2309 1714 ac
2346 1662 2655 1716 reluctante
2682 1671 2933 1725 auctore,
2968 1660 3238 1715 violenter
3268 1659 3684 1729 detorquenda?

2098 1752 2154 1807 Si
2184 1753 2257 1807 ita
2286 1754 2381 1818 sit,
2411 1769 2582 1807 novas
2601 1754 2829 1808 critices
2853 1752 3091 1821 regulas,
3116 1752 3397 1808 veteribus
3430 1754 3686 1823 antiqua-

2098 1845 2167 1899 tis
2194 1854 2402 1900 statuat
2430 1844 2761 1900 Dodwellus.

2167 1936 2260 1992 40.
2293 1935 2571 1992 Hactenus
2597 1938 2739 1992 dicta
2768 1936 3171 2000 demonstrant,
3207 1951 3327 1992 eam
3371 1938 3484 2007 jam
3518 1953 3547 1992 a
3578 1952 3685 1993 sa:-

2095 2028 2218 2083 culo
2252 2029 2444 2098 quinto
2473 2037 2589 2081 toto
2619 2029 2757 2083 orbe
2814 2028 3115 2083 invaluisse
3168 2031 3524 2095 sententiam,
3570 2031 3687 2085 Ire-

2096 2136 2273 2175 meum
2327 2134 2428 2190 pro
2477 2118 2795 2174 Christiana
2854 2121 2958 2174 fide
3008 2120 3361 2175 dimicantem
3421 2132 3679 2177 necatum

2096 2211 2288 2274 fuisse,
2320 2224 2554 2279 eamque
2585 2210 2728 2263 haud
2759 2225 2950 2278 parum
2981 2211 3114 2265 tutis
3145 2211 3244 2264 niti
3285 2210 3677 2277 fundamentis,

2096 2320 2218 2375 qua:
2279 2318 2385 2359 non
2457 2303 2561 2359 uisi
2610 2302 2863 2357 futilibus
2920 2305 3286 2372 argumentis,
3356 2304 3684 2374 frivolisque

2092 2397 2423 2469 conjecturis
2475 2397 2585 2467 peti
2638 2397 2829 2467 possit.
2887 2394 3135 2467 Martyrii
3190 2396 3354 2465 hujus
3387 2398 3681 2453 memoria:

2091 2492 2235 2548 diem
2277 2491 2346 2546 28
2379 2490 2525 2545 Junii
2553 2491 2852 2546 solemnem
2893 2500 3217 2545 consecrant
3247 2490 3427 2545 Latini
3456 2506 3681 2559 omnes,

2091 2584 2267 2638 Graeci
2301 2598 2432 2639 vero
2462 2583 2535 2637 23
2556 2581 2807 2653 Augusti.
2833 2581 3046 2651 Corpus
3076 2580 3195 2649 ejus
3224 2582 3473 2654 Gregorii
3504 2583 3684 2638 Turo-

2091 2679 2280 2733 nensis
2306 2678 2353 2710 "
2390 2686 2554 2732 aetate
2608 2675 2897 2730 miraculis
2924 2675 3343 2729 celeberrimum
3393 2677 3447 2730 in
3488 2689 3679 2746 crypta

2096 2769 2331 2822 basilica:
2368 2766 2519 2821 Beati
2554 2767 2779 2821 Joannis
2807 2766 2901 2819 sub
2930 2765 3093 2819 altari
3132 2768 3391 2835 sepultum
3420 2769 3645 2836 quiesce
3665 2797 3679 2809 -

2091 2861 2183 2914 bat
2208 2876 2224 2925 ;
2272 2861 2336 2914 ab
2374 2876 2478 2914 uno
2506 2862 2716 2929 quidem
2745 2862 2910 2917 latere
2939 2862 3284 2932 Epipodium,
3314 2862 3378 2914 ab
3408 2861 3519 2914 alio
3549 2878 3680 2916 vero

2096 2953 2457 3006 Alexandrum
2490 2966 2773 3022 martyrem
2801 2957 3119 3009 tumulatunt
3150 2954 3366 3008 habens.
3400 2954 3506 3008 Sed
3549 2954 3683 3009 Cal»

2098 3044 2319 3098 vinistte
2349 3061 2494 3099 anno
2522 3045 2686 3111 1562,
2720 3056 2880 3116 capto
2933 3046 3223 3117 Lngduno,
3255 3047 3458 3101 amenti
3487 3047 3684 3103 furore

402 3134 761 3188 resecandum
792 3133 954 3190 vellet
983 3144 1156 3191 totum
1200 3137 1401 3206 capitis
1431 3137 1615 3199 liuent,
1647 3138 1714 3191 ab
1743 3139 1826 3193 his
1858 3154 1981 3193 ver-
2009 3151 2054 3209 ς,
2085 3138 2278 3209 perciti
2324 3136 2381 3193 S.
2438 3141 2699 3211 martyris
2743 3142 3049 3211 septtlcrttttt
3098 3140 3241 3195 foede
3292 3141 3681 3203 violaverunt;

400 3224 503 3285 bis,
538 3223 887 3279 Beatissimus
916 3243 1035 3280 vero
1065 3227 1327 3293 Irenwus,
1355 3238 1488 3295 etc.,
1540 3244 1606 3283 eo
1633 3232 1777 3299 quod
1810 3240 1981 3284 totum

399 3314 577 3381 ipsum
606 3327 772 3386 caput
800 3320 852 3371 in
882 3334 1016 3374 mss.
1050 3320 1377 3389 quibusdam
1400 3321 1685 3376 codicibus
1714 3322 1894 3388 desit;
1927 3324 1977 3379 in

400 3405 520 3474 ejus
549 3408 882 3462 sententiam
916 3411 1227 3465 concedere
1254 3424 1363 3465 non
1393 3426 1639 3479 possunt.
1698 3410 1773 3464 Ne
1802 3422 1980 3468 tamen

399 3506 580 3557 actum
621 3516 804 3572 agam,
838 3501 985 3574 legat
1012 3503 1058 3559 is
1099 3518 1257 3574 quem
1286 3520 1347 3560 ea
1377 3506 1443 3560 de
1473 3520 1531 3558 re
1572 3504 1865 3574 scrupulus
1893 3505 1979 3559 in-

2004 3674 2073 3687 -η

2091 3233 2416 3302 ossibusque
2463 3234 2769 3303 dissipatis,
2819 3235 3016 3305 capitis
3055 3234 3326 3295 cranium,
3379 3245 3681 3303 postquam

2093 3323 2299 3378 diutius
2354 3323 2594 3378 ludibrio
2642 3324 2768 3392 fuit,
2823 3326 2876 3379 in
2949 3327 3127 3381 media
3198 3324 3375 3396 platea
3443 3326 3686 3393 turpiter

2090 3414 2392 3484 projectum
2424 3418 2610 3472 tandiu
2633 3418 2828 3487 jacttit,
2858 3418 3031 3483 donec
3073 3418 3205 3473 hinc
3232 3428 3481 3489 ereptum
3509 3419 3684 3474 hodie

2090 3506 2339 3579 Lugduni
2369 3511 2626 3583 religiose
2647 3522 2993 3568 asservatur.

1603 3815 2273 3909 ABTICULUS
2349 3820 2484 3908 II.

1018 4006 1125 4066 DE
1166 4007 1461 4066 IRENJEI
1510 4009 1761 4071 LIBRIS
1806 4009 2159 4082 QUINQUE
2201 4012 2611 4073 ADVERSUS
2653 4011 3033 4075 HERESES

476 4332 661 4408 βίον]
702 4334 790 4389 ιιι.
836 4332 925 4399 lis,
963 4350 1070 4403 quo
1105 4334 1382 4401 potuimus
1412 4336 1615 4399 studio,
1645 4336 1893 4391 collectis
1925 4347 1979 4389 et
2012 4342 2057 4402 υ
2087 4336 2263 4392 adhuc
2290 4338 2555 4392 emiserit.
2597 4338 2791 4407 Colligi
2837 4347 3017 4392 tamen
3062 4355 3187 4393 cum
3232 4339 3313 4393 Cl.
3352 4339 3582 4404 Grabio,
3617 4343 3683 4399 in

404 4427 694 4496 explicatis
715 4441 837 4495 qua:
867 4427 937 4480 ad
971 4425 1158 4481 lrenzei
1191 4428 1365 4481 nostri
1398 4427 1565 4482 vitam
1594 4438 1647 4482 et
1674 4439 1825 4497 gesta
1860 4444 1981 4498 per-

401 4515 598 4580 tinent,
646 4528 825 4584 operze
874 4516 1109 4585 pretium
1154 4529 1237 4573 est
1283 4520 1350 4574 de
1389 4520 1509 4590 ejus
1551 4521 1787 4591 scriptis,
1823 4536 1986 4590 quant

402 4616 661 4663 accurate
716 4606 830 4661 ﬁeri
881 4608 1096 4677 poterit,
1130 4609 1419 4665 disserere.
1456 4611 1633 4666 Plura
1657 4613 1876 4682 reliquit
1904 4616 1987 4667 vir

397 4704 735 4771 apostolicus
771 4703 993 4771 ingenii,
1023 4704 1237 4771 pietatis
1271 4720 1333 4759 ac
1360 4707 1479 4767 zeli,
1508 4722 1615 4775 quo
1653 4723 1748 4774 pro
1787 4706 1984 4760 tuenda

400 4790 675 4845 catholica
736 4791 840 4846 fide
887 4791 1135 4846 fervebat
1196 4794 1552 4849 monimenta.
1612 4796 1719 4849 Sed
1773 4795 1977 4848 nullmn

398 4883 643 4950 antiquis
677 4885 934 4939 omnibus
979 4886 1170 4955 majori
1223 4886 1278 4940 in
1313 4889 1513 4955 pretio,
1546 4888 1855 4957 saepiusque
1912 4890 1981 4944 ab

394 4975 468 5029 iis
497 4976 726 5030 citatum
751 4976 874 5042 fuit,
906 4994 1070 5046 quam
1111 4980 1373 5035 eximium
1412 4981 1540 5036 illud
1564 4999 1699 5051 opus
1729 4984 1779 5037 in
1813 4985 1974 5053 quin-

394 5079 501 5131 que
541 5064 708 5123 libros
760 5068 1016 5134 divisum,
1070 5071 1215 5140 quod
1265 5072 1529 5126 adversus
1580 5072 1975 5128 Gnosticorum

394 5154 635 5212 haereses
681 5158 1045 5226 elucubravit,
1076 5165 1331 5234 quodque
1364 5164 1539 5219 solum
1591 5180 1618 5217 a
1666 5176 1975 5236 temporum

394 5250 669 5304 edacitate
718 5261 894 5307 tutum
933 5252 1199 5308 hactenus
1233 5258 1477 5313 mansit.
1525 5256 1768 5311 Primum
1830 5258 1973 5311 hunc

394 5344 582 5398 Irenaai
614 5343 783 5399 fetum
816 5360 939 5401 esse
975 5346 1187 5417 vulgata
1232 5349 1419 5417 Opinio
1446 5358 1564 5415 est;
1602 5364 1727 5402 nam
1774 5352 1887 5419 ipse
1919 5350 1971 5404 in

394 5436 722 5495 Prtefatione
756 5439 877 5492 libri
923 5440 1082 5507 primi
1138 5449 1391 5508 testatur,
1438 5456 1496 5497 se
1541 5444 1818 5498 scribendi
1870 5459 1970 5498 usu

390 5532 755 5585 exercitatum
787 5547 891 5587 non
924 5547 1064 5595 esse,
1105 5549 1204 5586 nec
1231 5534 1447 5588 dicendi
1481 5547 1656 5589 artem
1702 5536 1971 5601 coluisse;

390 5624 534 5697 quod
568 5623 844 5680 hominem
882 5625 1061 5694 arguit
1089 5620 1179 5694 qui
1208 5626 1363 5690 nihil,
1390 5636 1478 5679 aut
1510 5640 1677 5696 pauca
1708 5628 1758 5680 in
1795 5628 1971 5682 lucem

469 5806 516 5841 ⁸⁸
558 5804 680 5862 Lib.
730 5816 746 5863 t
812 5806 885 5865 De
930 5806 1067 5879 κιαι.
1112 5816 1297 5869 marL.
1331 5823 1376 5862 c.
1417 5808 1506 5877 ξο.

2092 4428 2523 4497 Prolegomenis,
2559 4444 2715 4496 posse
2758 4429 2976 4483 videtur
3006 4445 3074 4484 ex
3121 4430 3219 4487 lib.
3252 4447 3336 4497 ιιι,
3369 4446 3495 4500 cap.
3525 4431 3575 4495 7,
3615 4450 3675 4487 ιι.

2095 4522 2144 4588 l,
2188 4524 2466 4592 quidpiam
2520 4523 2667 4577 aliud
2715 4534 2875 4577 antea
2912 4526 3201 4593 scripsisse
3243 4525 3532 4581 lrenzeum.
3582 4525 3684 4581 Ait

2086 4618 2230 4672 enim
2265 4632 2323 4671 se
2355 4633 2423 4670 ex
2452 4619 2634 4671 multis
2667 4630 2715 4671 et
2753 4617 2879 4670 alibi
2910 4619 3203 4672 ostendisge
3235 4618 3391 4673 Pauli
3438 4633 3681 4674 consueo

2091 4711 2330 4763 tudinem
2378 4725 2497 4765 esse
2544 4711 2861 4779 hyperbatis
2925 4711 3023 4766 uti.
3081 4712 3156 4766 De
3203 4726 3270 4766 eo
3315 4721 3500 4765 autem
3560 4710 3678 4765 fre-

2090 4802 2275 4869 quenti
2322 4801 2673 4855 Paulinorum
2730 4802 3160 4873 hyperbatorum
3216 4818 3315 4857 usu
3371 4819 3439 4857 ne
3502 4804 3679 4857 verbo

2088 4895 2303 4963 quidem
2338 4904 2535 4949 traCtat
2556 4896 2609 4948 in
2642 4896 2853 4950 duobus
2879 4895 3316 4965 praecedentibus
3348 4894 3529 4961 libris,
3557 4896 3678 4950 imo

2088 5002 2187 5041 nec
2219 4988 2269 5041 in
2303 4987 2680 5056 sequentibus.
2716 4988 3035 5057 Quempiam
3072 4987 3243 5056 igitur
3267 4987 3435 5041 alium
3467 4997 3676 5043 tracta-

2088 5093 2197 5135 lum
2240 5084 2391 5151 prius
2417 5081 2651 5137 edidisse
2686 5082 2924 5146 videtur,
2977 5082 3029 5135 in
3075 5097 3185 5151 quo
3216 5082 3284 5137 de
3316 5082 3402 5136 his
3430 5096 3497 5136 ex
3538 5096 3673 5152 pro-

2087 5175 2233 5227 fesso
2261 5173 2457 5241 egerit.

2158 5265 2249 5318 49..
2282 5266 2329 5296 "
2360 5263 2646 5319 Scribendi
2683 5280 2813 5319 vero
2842 5266 2969 5321 dicti
2996 5266 3181 5336 operis
3209 5276 3398 5321 contra
3429 5266 3676 5321 lnereses

2086 5358 2281 5426 duplex
2317 5373 2483 5413 causa
2530 5359 2649 5412 fuit.
2684 5359 2870 5414 Altera
2900 5372 2954 5413 ut
2999 5377 3206 5415 morem
3239 5369 3458 5432 gereret
3485 5362 3674 5415 amico

2086 5451 2326 5515 cuidam,
2366 5450 2458 5519 qui
2497 5452 2753 5520 precibus
2785 5466 2907 5505 eum
2958 5468 3023 5507 eo
3065 5462 3273 5522 egerat,
3304 5462 3363 5508 ιιι
3405 5453 3671 5506 abstrusa

2089 5541 2361 5597 Valentini
2415 5543 2806 5613 discipulorum
2846 5546 3124 5615 mysteria,
3164 5545 3395 5599 necdum
3448 5560 3477 5597 a
3522 5560 3669 5614 quo-

2086 5649 2248 5700 quam
2296 5634 2427 5690 satis
2475 5634 2769 5707 esplicata,
2827 5634 3121 5693 tuanéfesta
3174 5636 3275 5693 sibi
3321 5636 3553 5702 faceret,
3603 5652 3673 5695 ac

1599 5811 1640 5841 9‘
1685 5810 1851 5877 lrcn.,
1886 5809 2041 5871 Puri.
2076 5812 2167 5867 illi.
2203 5826 2240 5870 ι.
