3924 6354
174 382 276 438 ΞΠ

730 346 1199 442 mssrzurArto
1230 380 1296 449 ιι,
1335 381 1499 441 aur.
1530 380 1601 447 ιι,
1638 380 1729 435 DE
1760 382 1763 435 :

1868 382 2020 438 Μςι
2051 382 2278 439 LIBBIS
2312 380 2469 439 ADV.
2510 379 2878 439 HERESES.

3342 379 3449 436 218

173 500 327 555 simul
349 514 501 555 arma
535 501 912 568 ministraret,
959 499 1157 570 quibus
1190 498 1305 555 haec
1352 515 1600 555 errorum
1632 515 1759 570 por—
1789 511 1833 560 A
1864 511 1923 555 ut
1971 507 2174 555 retecta
2224 498 2408 567 lupina
2458 497 2627 552 facies
2661 499 2945 553 horrorem
2979 497 3125 551 veris
3154 496 3442 552 incuteret.

176 601 313 647 lenta
356 591 806 647 confoderentur.
856 592 988 660 Quis
1031 591 1200 647 fuerit
1242 592 1455 647 amicus
1505 592 1618 657 ille,
1667 601 1753 645 ta—

175 694 321 738 cente
362 683 598 751 lrenzeo,
635 684 747 738 dici
793 699 899 740 non
929 692 1125 754 potest.
1159 684 1408 739 Graecum
1445 693 1625 739 tamen
1658 685 1760 739 ho—

175 777 367 830 minem
403 776 579 829 fuisse
602 791 672 829 ex
706 790 775 829 eo
799 776 1053 844 coniicio,
1087 777 1230 844 quod
1259 775 1448 829 Graece
1474 775 1761 846 scripserit

174 868 427 931 Irenzeus,
456 877 522 921 ut
554 867 791 923 inferius
814 869 1090 937 probabo;
1124 867 1263 923 alias
1292 868 1485 923 Latine
1522 868 1760 938 scriptu-

174 974 278 1021 rus,
321 960 366 1013 si
408 960 464 1013 itt
510 959 695 1013 Latini
746 961 982 1031 gratiam
1024 961 1367 1029 scripsisset.
1420 960 1574 1016 Adde
1609 960 1757 1031 quod

173 1047 373 1103 (ἱππεῖς
430 1050 755 1119 regionibus
799 1051 956 1120 longe
1007 1050 1281 1118 infestior,
1325 1066 1493 1121 quam
1546 1051 1759 1108 Latinis

172 1156 383 1209 semper
428 1141 603 1197 fuerit
641 1140 942 1209 Valentini,
984 1153 1417 1214 czeterorumque
1466 1142 1761 1201 Gnoslico-

175 1250 286 1289 rum
323 1234 465 1291 lues.
511 1235 844 1306 EpiscOpum
886 1239 1052 1292 etiam
1113 1238 1283 1293 fuisse
1332 1239 1613 1309 suspicor,
1666 1248 1763 1295 aut

173 1324 405 1393 aliquem
433 1326 487 1379 in
520 1327 677 1382 clero
704 1328 1084 1396 conspicuum,
1108 1329 1203 1399 qui
1234 1328 1447 1399 plebem
1480 1346 1626 1387 curae
1648 1347 1761 1388 suae

173 1416 550 1470 concreditam
580 1417 833 1475 haberet.
869 1416 983 1473 Huc
1018 1419 1209 1473 saltem
1247 1420 1387 1475 trahi
1418 1435 1579 1489 posse
1611 1422 1762 1478 vide-

175 1516 254 1559 tur
280 1509 430 1575 quod
462 1512 544 1562 ait
578 1509 817 1563 Irenaeus
841 1511 910 1575 ",
943 1510 1065 1565 ideo
1102 1526 1160 1565 se
1194 1527 1399 1565 merent
1442 1513 1618 1567 amico
1639 1528 1763 1580 ges-

172 1598 402 1661 sisse,ut
430 1611 484 1651 et
510 1599 632 1667 ipse
659 1615 878 1670 quoque
894 1602 1388 1670 portentuosissima
1413 1613 1462 1658 et
1493 1605 1759 1658 altissima

174 1690 422 1757 mysteria
471 1706 819 1759 cognoscens,
857 1710 919 1746 ea
969 1694 1212 1747 omnibus
1261 1695 1343 1749 his
1397 1696 1491 1765 qui
1536 1713 1655 1750 cum
1700 1714 1761 1752 eo

174 1790 332 1840 eram,
359 1782 505 1835 πᾶσι
527 1785 645 1846 τοῖς
680 1783 818 1853 μετὰ
856 1783 971 1848 σοῦ,
998 1784 1285 1853 manifesta
1308 1785 1526 1855 faceret,
1548 1795 1599 1841 et
1627 1804 1763 1855 prae-

175 1875 359 1936 riperet
380 1872 461 1925 eis
501 1870 785 1926 observare
829 1889 881 1926 se
911 1890 943 1925 a
971 1873 1240 1942 profundo
1283 1877 1688 1941 insensationis,
1713 1889 1762 1931 et
1793 1854 1838 1909 Β

173 1962 276 2027 ejus
308 1979 435 2033 quae
476 1975 557 2017 est
589 1965 646 2018 in
679 1965 844 2019 Deum
880 1966 1372 2034 blasphemationis.
1407 1968 1544 2023 Hinc
1576 1980 1765 2039 postea

174 2054 425 2106 eumdem
480 2065 693 2122 monet,
739 2067 800 2108 ιιι
845 2072 942 2119 pro
987 2072 1049 2111 ea
1102 2074 1208 2126 qua
1242 2059 1386 2113 valet
1425 2061 1761 2127 eruditione,

170 2162 279 2210 qua
310 2145 559 2200 inealide
582 2147 754 2202 relata
787 2159 933 2215 sunt,
953 2160 1187 2219 potenter
1226 2163 1429 2204 asserat
1459 2153 1524 2205 iis
1556 2154 1647 2223 qui
1676 2171 1764 2208 se-

172 2257 280 2292 cum
313 2251 488 2305 sunt;
527 2242 1184 2315 subministrationemque
1224 2246 1328 2299 sibi
1358 2246 1539 2301 datam
1590 2248 1765 2319 e/Iica-

170 2334 292 2386 citer
321 2334 557 2404 reliquis
588 2338 879 2403 ministret,
918 2342 1208 2394 secundum
1239 2344 1469 2412 gratiam
1496 2360 1616 2412 quo:
1664 2343 1766 2413 ipsi

172 2444 200 2476 a
226 2427 463 2481 Domino
502 2428 637 2481 data
664 2440 774 2493 est;
802 2442 860 2482 ut
895 2432 1014 2498 jam
1044 2450 1148 2486 non
1179 2433 1563 2487 abstrahamur
1591 2435 1767 2487 homi-

172 2532 257 2569 nes
303 2535 335 2570 a
386 2516 893 2573 Valentinianorum
952 2524 1199 2579 suadela.
1245 2526 1311 2579 Et
1347 2525 1399 2579 iu
1436 2524 1766 2580 Praefatione

170 2608 288 2661 libri
339 2625 421 2672 tv,
459 2613 698 2680 spondet
738 2627 800 2666 se
830 2613 1007 2668 amico
1047 2616 1282 2685 undique
1320 2617 1755 2670 ministraturum

172 2703 475 2755 occasiones
509 2705 581 2755 ad
629 2704 987 2772 confutandos
1031 2723 1209 2760 omnes
1248 2708 1542 2772 hazrsticos,
1586 2720 1641 2761 ut
1677 2725 1766 2762 eos

172 2794 476 2846 omnimodo
512 2804 717 2850 retusos
755 2813 860 2849 non
888 2798 1098 2867 longius
1140 2801 1283 2853 sinat
1321 2801 1374 2854 in
1413 2803 1613 2856 erroris
1639 2819 1765 2868 pro-

170 2886 337 2937 cidere
351 2886 715 2953 profundum,
738 2906 904 2958 neque
922 2892 1239 2960 ignorantiw
1257 2892 1543 2961 pra’focari
1559 2894 1764 2962 pelago,

171 2979 253 3026 sed
269 2988 588 3030 conrertens
613 2995 701 3031 eos
721 2980 773 3032 in
801 2981 1033 3034 veritatis
1051 2992 1285 3050 portum,
1304 2982 1469 3048 faciat
1488 3001 1638 3037 suam
1656 3001 1769 3054 per-

172 3067 338 3127 tinere
366 3069 625 3123 salutem.
654 3070 783 3136 Quae
807 3074 895 3124 vix
927 3073 977 3134 in
1001 3074 1170 3128 alium
1195 3090 1358 3142 quam
1381 3076 1433 3129 in
1452 3077 1765 3145 episcopum

1930 589 2019 644 45.
2052 590 2297 644 Arduum
2319 591 2539 662 quidem
2570 606 2709 659 opus
2734 591 2803 644 ab
2836 587 3039 643 Irenteo
3063 592 3084 622 ²
3107 598 3444 655 susceptum.

1860 681 2000 752 quod
2034 691 2380 737 tentaverant
2412 684 2678 737 hactenus
2726 682 2932 751 plures,
2973 685 3068 737 sed
3100 698 3292 750 parum
3327 682 3448 735 feli-

1861 773 2020 827 citer.
2071 773 2167 828 Vel
2217 774 2361 829 enim
2412 773 2794 841 indiligentius
2836 773 2886 827 ei
2920 773 3325 834 incumbentes,
3363 772 3445 826 vel

1861 864 2048 921 labore
2091 866 2276 930 fracti,
2328 866 2409 920 vel
2464 865 2667 934 ingenii
2712 866 2831 920 acie
2858 864 3446 931 destituti,portentno.

1860 958 2073 1014 sissima
2096 969 2144 1012 et
2175 952 2437 1012 altissima
2486 958 2793 1027 iniquitatis
2834 959 3091 1027 mysteria
3150 956 3448 1025 pervadere

1861 1066 1969 1107 non
2000 1060 2291 1118 potuerant
2312 1091 2328 1114 ,
2362 1050 2637 1104 hasserant
2668 1050 2780 1104 fere
2806 1049 2859 1103 in
2886 1052 3003 1118 ipso
3041 1047 3252 1101 limine.
3284 1044 3445 1107 Eum,

1862 1144 2043 1213 inquit
2082 1142 2171 1198 ille
2202 1142 2246 1208 ³,
2276 1146 2368 1213 qut
2411 1142 2529 1197 velit
2564 1142 2854 1196 haereticos
2883 1148 3208 1202 convertere,
3242 1149 3446 1207 oportet

1861 1235 2139 1305 diligenter
2187 1236 2322 1290 scire
2372 1235 2621 1305 regulas,
2674 1236 2782 1289 sive
2823 1243 3137 1304 argumenta
3184 1233 3444 1301 ipsorum.

1866 1325 1976 1381 Nec
2001 1327 2141 1381 enim
2176 1326 2425 1397 possibile
2462 1336 2539 1380 est
2567 1326 2733 1381 alicui
2777 1343 2968 1381 curare
2996 1329 3259 1394 quosdam
3306 1325 3445 1379 male

1861 1420 2133 1486 habentes,
2165 1419 2257 1486 qui
2289 1419 2498 1488 ignorat
2521 1418 2820 1485 passionem
2851 1433 3033 1471 eorum
3058 1417 3150 1485 qui
3184 1417 3322 1470 male
3352 1432 3446 1469 va—

1862 1512 1992 1566 lent.
2027 1511 2365 1580 Quapropter
2389 1512 2445 1564 hi
2480 1511 2570 1577 qui
2610 1520 2735 1563 ante
2757 1526 2849 1562 nos
2886 1509 3128 1577 fuerunt,
3165 1518 3213 1562 et
3238 1508 3451 1577 quidem

1864 1604 2029 1657 ntulto
2056 1604 2201 1657 nobis
2226 1602 2487 1666 meliores,
2515 1610 2816 1656 nontamen
2848 1601 2978 1655 satis
3010 1609 3293 1668 potuerunt
3324 1614 3451 1652 con-

1864 1696 2123 1751 tradicere
2156 1695 2238 1748 his
2270 1695 2361 1763 qui
2393 1705 2512 1748 sunt
2557 1710 2589 1746 a
2640 1692 2938 1755 Valentino,
2980 1693 3105 1763 quia
3136 1692 3451 1761 ignorabant

1865 1787 2104 1858 regulam
2138 1788 2403 1855 ipsorum.
2444 1786 2555 1841 Nec
2595 1786 2833 1841 mirum:
2872 1784 3267 1839 obscurissima
3310 1793 3450 1849 erat,

1868 1878 2041 1949 iisque
2065 1878 2193 1934 solis
2228 1876 2437 1948 pervia,
2476 1878 2677 1947 quibus
2701 1893 2762 1930 ea
2806 1877 3007 1948 ingenii
3040 1879 3210 1938 acies,
3248 1885 3302 1929 ιιι
3349 1891 3451 1930 an-

1867 1973 2020 2041 cipiti
2056 1975 2349 2026 verborum
2386 1972 2596 2026 cortice
2632 1981 2834 2025 tectum
2864 1984 3111 2026 errorem
3154 1969 3453 2038 deprehen-

1868 2065 2001 2121 dere
2031 2074 2276 2135 possent.
2312 2064 2546 2117 [renatus
2577 2061 2598 2094 ⁸
2630 2078 2763 2118 vero
2796 2064 2861 2116 ad
2908 2063 2958 2117 id
3005 2063 3188 2132 operis
3216 2063 3454 2117 accessit

1866 2174 1926 2213 ea
1966 2157 2272 2226 diligentia,
2309 2156 2637 2226 sagacitate,
2686 2155 3005 2220 dogmatutn
3060 2155 3450 2209 haereticorum

1870 2249 2091 2312 notitia,
2124 2248 2447 2316 caeterisque
2479 2246 2698 2301 dotibus
2728 2247 3054 2309 instructus,
3088 2246 3288 2314 quibus
3319 2244 3453 2299 illud

1868 2341 1933 2394 ad
1961 2341 2167 2395 exitum
2196 2339 2427 2395 feliciter
2452 2341 2798 2410 perduceret.
2830 2338 2989 2405 Nam,
3013 2339 3331 2410 perqttisitis
3352 2338 3456 2395 Va-

1868 2432 2057 2487 lentini
2105 2432 2496 2499 discipulorum
2547 2431 2958 2485 commentariis
3002 2446 3069 2485 ac
3112 2430 3303 2497 libris,
3354 2445 3455 2485 eos

1868 2535 2123 2578 accurate
2163 2522 2382 2585 evolvit,
2431 2531 2487 2577 et
2534 2538 2657 2576 cum
2704 2521 2983 2576 nonnullis
3028 2538 3215 2578 eorum
3262 2523 3451 2591 pedem

1868 2616 2121 2677 contulit,
2171 2623 2494 2685 tantumque
2546 2614 2798 2684 improbo
2844 2614 3032 2669 labore
3082 2625 3137 2669 et
3180 2614 3454 2668 indefesso

1868 2708 2048 2761 SllltllO
2088 2706 2292 2770 effecit,
2326 2716 2406 2770 ιιι,
2454 2706 2734 2776 dissipatis
2762 2706 3025 2771 tenebris,
3059 2724 3195 2777 quas
3218 2707 3454 2762 artiﬁcio

1869 2801 2236 2857 simulationis
2282 2800 2482 2854 eruditi
2534 2800 2807 2864 homines,
2838 2800 3115 2870 pestifera:
3160 2800 3451 2855 sententiae

1868 2894 2211 2960 olfttderant,
2266 2904 2325 2948 ut
2360 2895 2609 2949 incautos
2639 2894 2937 2962 deciperet,
2970 2910 3090 2947 eam
3122 2895 3451 2964 perceperit,

1868 2998 2296 3057 perceptamque
2343 2990 2556 3043 demunt
2608 2990 2662 3042 in
2718 2989 2896 3042 lucem
2950 2986 3258 3055 protulerit.
3305 2986 3455 3041 Satis

1869 3082 2087 3136 eratad
2136 3082 2285 3135 illaut
2334 3081 2580 3135 funditus
2626 3081 3002 3135 evertendam.
3042 3079 3199 3143 Nam,
3248 3090 3304 3132 ιιι
3339 3080 3454 3148 ipse

174 3161 537 3224 conveniunt,
582 3164 678 3231 qui
726 3166 998 3219 scribendi
1047 3168 1514 3248 procurationem,
1564 3178 1623 3221 ut
1668 3167 1761 3222 lib.
1794 3189 1838 3245 (ς
1872 3175 1949 3227 ait
1979 3175 2026 3236 ⁵,
2072 3174 2309 3229 amicum
2362 3174 2665 3242 alloquens,
2699 3174 2954 3227 adversus
2990 3190 3076 3226 eos
3113 3173 3334 3226 victoria
3377 3180 3455 3226 est

173 3268 229 3317 tt,
258 3269 387 3321 cap.
426 3254 520 3317 17,
544 3270 599 3309 n.
632 3257 686 3318 1,
720 3255 963 3324 loquitur
991 3266 1181 3327 auctor
1206 3271 1411 3324 noster,
1447 3261 1625 3313 amico
1664 3275 1766 3315 suo

172 3346 384 3399 Irenaeo
423 3347 749 3401 crediderit.
788 3346 925 3401 Sunt
969 3350 1062 3417 qui
1095 3350 1333 3404 amicum
1379 3351 1530 3405 illum
1576 3360 1768 3419 putent

172 3436 345 3493 fuisse
400 3439 690 3493 Turibinm
742 3439 1063 3495 Toletanum
1113 3443 1456 3512 episcopum.
1512 3443 1765 3498 Patruini

172 3530 462 3599 cujusdam
507 3547 922 3597 successorem;
978 3534 1309 3589 auctoritate
1349 3534 1472 3588 freti
1520 3535 1765 3591 Pseudo-

174 3628 392 3690 Dexlri,
433 3629 501 3681 ad
536 3643 627 3680 an.
662 3628 863 3682 Christi
899 3629 1024 3694 185,
1058 3630 1198 3683 istud
1233 3631 1639 3695 asseverantis;
1670 3630 1764 3685 sed

172 3718 321 3770 nulla
367 3719 499 3772 huic
531 3718 829 3772 fabulatori
867 3720 1022 3774 tides.
1060 3722 1247 3775 Altera
1282 3721 1561 3775 scribendi
1598 3736 1763 3776 causa

174 3808 301 3868 fuit,
332 3820 387 3861 ιιι
410 3810 814 3863 Marrosiorutn
846 3811 1061 3874 hzeresi,
1086 3812 1482 3866 Valentinianus
1503 3813 1764 3881 germini,

174 3914 305 3968 quae
352 3900 404 3951 in
453 3899 746 3960 Bellicam,
777 3915 871 3955 seu
924 3899 1295 3956 Rhodanenses
1339 3905 1575 3972 regiones
1622 3904 1763 3959 clam

176 3994 455 4058 irruperat
500 3990 571 4050 9⁸.
625 4003 966 4056 occurreret,
1012 3994 1321 4061 malumque
1373 3996 1423 4048 in
1479 3996 1598 4063 ipso
1642 4007 1765 4050 ortu

176 4083 494 4138 suifocaret.
528 4084 610 4138 Eo
640 4085 1004 4151 periculosius
1032 4096 1174 4151 erat,
1216 4103 1328 4155 quo
1377 4088 1612 4155 majores
1644 4106 1765 4143 ntu-

176 4175 373 4229 lierum
406 4178 717 4246 prmsertim
746 4178 1029 4245 Cupiditati
1060 4188 1111 4232 et
1136 4180 1439 4233 euriositati
1478 4182 1767 4236 illecebras

177 4271 501 4340 objiciebat,
534 4270 917 4338 dilIiciliusqne
950 4272 1220 4341 imperitis
1262 4284 1379 4325 erat
1411 4289 1538 4327 oves
1569 4290 1597 4327 a
1626 4275 1767 4342 lupis

178 4363 531 4424 discernere;
570 4378 694 4416 cum
739 4363 952 4416 illarum
987 4379 1176 4417 vocem
1221 4373 1271 4417 et
1321 4366 1513 4433 pellem
1563 4369 1763 4436 passim

180 4456 593 4509 :rmularentur.
628 4455 674 4485 ⁸³
708 4454 947 4509 Maxime
976 4458 1115 4510 enim
1148 4457 1288 4511 circa
1321 4458 1568 4512 mulieres
1609 4477 1767 4515 vaca-

1867 3268 2142 3323 sententia:
2209 3283 2391 3321 eorum
2442 3268 2823 3335 manifestatio.
2882 3266 3214 3333 Quapromcr
3275 3266 3457 3321 conati

1867 3374 2047 3410 sumus
2074 3374 2168 3411 nos
2193 3359 2494 3411 universum
2524 3359 2662 3411 male
2702 3358 3009 3427 compositis
3039 3358 3327 3425 vulpecula:
3353 3358 3456 3410 hu-

1859 3441 1950 3510 jus
1974 3444 2347 3511 corpusculum
2386 3444 2441 3497 in
2482 3446 2711 3498 medium
2740 3446 3052 3515 producere,
3087 3455 3136 3499 et
3167 3463 3259 3515 per
3287 3456 3336 3500 te
3366 3446 3459 3515 [a-

1868 3550 1983 3586 cere
2027 3536 2391 3603 manifestum.
2434 3534 2562 3590 Jam
2609 3539 2748 3590 enim
2796 3554 2899 3591 non
2949 3538 3129 3591 multis
3178 3556 3307 3607 opus
3352 3540 3456 3594 erit

1867 3625 2195 3677 sermonibus
2229 3627 2296 3678 ad
2340 3627 2672 3680 evertendam
2705 3628 3005 3681 doctrinam
3040 3646 3245 3695 eorum,
3282 3631 3456 3683 mani—

1867 3713 2057 3781 festam
2091 3715 2332 3768 omnibus
2374 3716 2596 3785 factam.
2632 3716 2786 3783 Quod
2835 3721 3053 3789 egregia
3098 3719 3456 3774 similitudine

1871 3805 2107 3858 illustrat
2136 3806 2237 3874 (a).
2267 3804 2723 3873 Quemadmodum
2757 3808 2937 3862 bestia:
2966 3809 3199 3879 alicujus
3244 3810 3298 3863 in
3323 3810 3455 3864 silva

1871 3896 2217 3960 absconditis,
2266 3908 2314 3950 et
2366 3898 2489 3951 inde
2537 3901 2786 3962 impetum
2844 3900 3111 3968 facientis,
3163 3911 3210 3955 et
3260 3903 3455 3958 multos

1870 3990 2149 4051 vastantis,
2176 3990 2267 4058 qui
2299 4000 2536 4060 segregat
2578 4000 2625 4044 et
2657 3992 2887 4045 denudat
2928 3992 3136 4057 silvam,
3171 4004 3219 4047 et
3265 3996 3335 4049 ad
3379 3997 3458 4050 vi-

1867 4082 2067 4133 sionem
2096 4082 2324 4134 adduxit
2359 4084 2525 4147 ipsam
2558 4082 2749 4151 feram,
2774 4083 2891 4153 jam
2921 4102 3024 4139 non
3062 4087 3353 4142 elaboravit
3385 4090 3456 4143 ad

1868 4173 2205 4241 capiendam,
2240 4174 2472 4227 videntes
2498 4178 2743 4245 quoniam
2769 4194 2830 4231 ca
2865 4178 2978 4247 fera
3019 4180 3135 4248 fera
3174 4190 3289 4247 est;
3328 4182 3456 4252 ipsis

1869 4265 2002 4318 enim
2033 4266 2182 4319 adest
2211 4266 2384 4319 videre
2420 4277 2467 4320 et
2499 4284 2678 4321 carere
2710 4270 2933 4336 impetus
2975 4271 3114 4339 ejus,
3146 4283 3192 4326 et
3216 4273 3457 4343 jaculari

1871 4355 2142 4423 undique,
2204 4367 2253 4410 et
2312 4356 2593 4412 vulnerare
2645 4371 2690 4412 et
2755 4362 3052 4430 interﬁcere
3112 4366 3455 4421 vastatricem

1872 4444 2081 4520 [XCVI]
2114 4447 2263 4501 illam
2295 4451 2535 4506 bestiam.
2575 4451 2665 4507 Sic
2709 4464 2755 4507 et
2801 4456 2977 4520 nobis,
3011 4473 3131 4509 cum
3180 4459 3234 4511 in
3277 4462 3455 4513 mani-

181 4548 297 4599 ιιιικι
330 4556 682 4601 veteratores
718 4547 814 4611 iui,
850 4547 997 4601 circa
1046 4549 1341 4603 ditissima;
1390 4552 1762 4619 potissimum,
1797 4538 1841 4594 D
1871 4539 2059 4609 festum
2085 4542 2435 4611 redegerimus
2453 4560 2636 4598 eorum
2653 4546 2963 4601 abscondita
2989 4558 3035 4601 et
3059 4548 3201 4616 apud
3218 4567 3271 4602 se
3290 4551 3455 4605 tacita

181 4654 406 4705 quarum
441 4654 551 4692 non
586 4652 790 4706 paucas
814 4636 929 4704 jam
967 4638 1320 4704 seduxerunt,
1351 4656 1487 4695 vana
1531 4645 1764 4713 prophe-

182 4731 265 4782 tire
307 4728 765 4796 sublimiorisque
812 4730 1057 4783 scientia:
1088 4744 1183 4799 spe
1217 4732 1458 4787 delusas.
1497 4734 1513 4764 ¹
1550 4733 1765 4792 Veritus

183 4837 303 4888 ergo
330 4820 727 4874 sanctissimus
755 4822 858 4884 vir,
894 4838 955 4874 ne
997 4821 1135 4891 forte
1177 4833 1226 4877 et
1281 4842 1400 4877 cum
1436 4842 1532 4879 suo
1570 4828 1763 4882 delicto

184 4912 509 4980 abriperetur
542 4927 710 4965 sexus
746 4923 941 4982 suapte
971 4922 1167 4967 natura
1214 4917 1566 4984 imbecillior,
1590 4935 1653 4975 ac
1683 4922 1768 4975 itt-

186 5013 293 5053 nata
325 5001 433 5054 sibi
473 5000 661 5053 indole
708 5002 1001 5067 curiosior,
1033 5014 1091 5058 et
1137 5020 1261 5059 cum
1296 5021 1361 5061 eo
1408 5018 1463 5063 et
1505 5026 1602 5078 per
1637 5027 1762 5065 eum

183 5096 523 5161 simpliciores
567 5095 785 5161 quidam
819 5098 971 5166 quasi
1012 5115 1132 5152 oves
1172 5116 1203 5151 a
1234 5098 1413 5170 lupis;
1463 5103 1764 5174 ignorantes

184 5200 279 5248 eos,
312 5198 534 5253 prapter
567 5186 802 5240 exterius
835 5188 987 5242 ovilis
1026 5190 1180 5259 pellis
1217 5195 1760 5265 superindumentum,

183 5295 212 5327 α
250 5280 439 5345 quibus
490 5295 677 5332 cavere
706 5281 1041 5335 denuntiavit
1079 5285 1229 5337 nobis
1260 5285 1536 5348 Dominus;
1565 5290 1761 5343 similia

183 5372 381 5435 quidem
401 5372 554 5423 nobis
582 5372 876 5440 loquentes,
893 5373 1177 5428 dissimilia
1200 5393 1320 5429 vero
1345 5379 1655 5445 sentientes;
1673 5398 1763 5435 ne—

186 5464 463 5515 sessorium
484 5462 641 5515 duxit
664 5462 872 5517 lat-vam
903 5467 1210 5532 personatis
1234 5468 1424 5522 ovibus
1447 5471 1758 5541 detrahere,

275 5619 318 5650 ’τ
349 5620 455 5688 1a.,
491 5620 628 5675 una.
714 5619 760 5651 ἐ
796 5619 916 5674 Lib.
953 5636 993 5685 ι,
1028 5634 1080 5676 c.
1116 5621 1208 5683 ιδ.
1241 5638 1296 5675 n.
1327 5623 1382 5677 δ.

190 5688 272 5742 Lb.
305 5709 384 5746 ιν.
482 5692 506 5725 ι
551 5693 656 5756 ld.,
695 5691 857 5758 ibid.,
891 5689 985 5746 lib.
1022 5707 1060 5745 ι.

252 5849 321 5925 (α)
366 5850 501 5908 Vide
534 5868 654 5925 qua:
687 5853 1003 5913 notavimus
1040 5853 1093 5915 in
1128 5853 1272 5914 hunc
1302 5855 1501 5915 locum.

1490 5624 1535 5657 ⁹⁹
1565 5625 1666 5690 ld.,
1702 5628 1863 5695 ibid.,
1896 5646 1951 5687 η.
1982 5629 2038 5685 5.

1154 5693 1175 5723 ⁸
1212 5691 1318 5758 ld.,
1350 5694 1445 5751 lib.
1490 5712 1529 5762 ι,
1567 5714 1688 5775 cap.
1727 5691 1859 5766 ult.,'
1899 5718 1951 5756 ιι.
1985 5701 2039 5754 4.

1870 4633 2259 4705 mgsteria,jam
2292 4652 2393 4688 non
2421 4637 2520 4690 erit
2554 4642 2906 4692 necessarium
2956 4641 3138 4694 multis
3183 4642 3455 4698 destruere

1871 4739 2050 4778 eorum
2072 4729 2405 4782 sententiam.
2429 4729 2521 4784 llis
2546 4739 2724 4784 tamen
2752 4746 2854 4785 nou
2871 4742 3162 4788 contentus
3182 4734 3241 4788 S.
3262 4736 3456 4790 doctor

1870 4831 1989 4870 eam
2035 4817 2223 4872 l'usiori
2255 4820 2397 4892 stylo
2426 4822 2761 4891 exagitavit,
2793 4823 3122 4893 penitusque
3153 4825 3449 4881 subvertit.

1870 4909 2153 4981 Oppressit
2181 4928 2313 4968 vero
2344 4912 2686 4984 argumentis
2715 4913 3078 4983 ttndequaque
3102 4916 3451 4985 conquisitis,

1871 5022 1935 5061 ac
1959 5006 2155 5075 petitis
2171 5007 2331 5061 sivea
2359 5007 2571 5061 ratione
2598 5007 2737 5076 ipsa,
2763 5009 2880 5064 sive
2918 5025 2947 5063 a
2993 5010 3179 5066 divina
3212 5014 3456 5068 auctori-

1873 5109 2023 5153 tate:
2061 5114 2125 5153 eo
2159 5113 2412 5153 successu
2443 5100 2529 5153 cui
2557 5100 2693 5154 satis
2736 5115 2835 5168 pro
2872 5102 3072 5158 merito
3108 5103 3367 5173 plaudere
3392 5121 3453 5162 se

1874 5205 1980 5244 non
2012 5206 2170 5260 posse
2206 5200 2469 5260 putarunt
2507 5200 2743 5257 veteres,
2777 5203 2973 5262 putant
3003 5204 3061 5249 et
3095 5195 3452 5257 recentiores.

1873 5285 2185 5353 quicunque
2205 5285 2467 5339 lrenaeum
2491 5300 2554 5339 ea
2574 5302 2678 5356 qua
2701 5303 2800 5357 par
2827 5289 3090 5342 estanimi
3122 5289 3454 5357 attentione,

1872 5386 2038 5456 atque
2070 5377 2332 5447 aequitate
2360 5378 2566 5448 legunt.
2594 5379 2806 5449 Ubique
2838 5382 2984 5435 enim
3017 5381 3320 5452 suspiciunt
3356 5383 3455 5436 hu-

1872 5472 2072 5525 minem
2103 5471 2321 5542 ingenio
2342 5472 2644 5541 praestanti,
2666 5482 2828 5543 atque
2850 5472 3161 5531 eruditione
3187 5473 3451 5544 perfecta.

2133 5630 2149 5662 ⁸
2178 5630 2334 5690 Praef.
2373 5631 2469 5688 lib.
2504 5648 2540 5687 ι.
2643 5634 2663 5665 ’
2694 5631 2795 5697 ld.,
2833 5631 2962 5691 ibid.
3060 5632 3080 5665 ⁸
3110 5630 3215 5700 ld.,
3265 5629 3451 5698 Prien,
