  <div class='ocr_page' id='page_1' title='image "/cluster/home/n/w/nwhite01/storage/ocr_20150623/7/hvd.32044019206614/117.png"; bbox 0 0 3924 6354; ppageno 0'>
   <div class='ocr_carea' id='block_1_1' title="bbox 490 369 597 426">
    <p class='ocr_par' dir='ltr' id='par_1_1' title="bbox 490 369 597 426">
     <span class='ocr_line' id='line_1_1' title="bbox 490 369 597 426; baseline 0.009 -1"><span class='ocrx_word' id='word_1_1' title='bbox 490 369 597 426; x_wconf 73' lang='grc'><strong>219</strong></span> 
     </span>
    </p>
   </div>
   <div class='ocr_carea' id='block_1_2' title="bbox 1307 363 2945 423">
    <p class='ocr_par' dir='ltr' id='par_1_2' title="bbox 1307 363 2945 423">
     <span class='ocr_line' id='line_1_2' title="bbox 1307 363 2945 423; baseline -0.001 -1"><span class='ocrx_word' id='word_1_2' title='bbox 1307 366 1906 423; x_wconf 78' lang='lat' dir='ltr'><strong>DlSSERTATlONES</strong></span> <span class='ocrx_word' id='word_1_3' title='bbox 1938 364 2240 421; x_wconf 63' lang='lat' dir='ltr'><strong>PRAEVHE</strong></span> <span class='ocrx_word' id='word_1_4' title='bbox 2282 366 2347 421; x_wconf 81' lang='grc' dir='ltr'><strong>ΙΝ</strong></span> <span class='ocrx_word' id='word_1_5' title='bbox 2387 363 2645 420; x_wconf 69' lang='lat' dir='ltr'><strong>lREN/EI</strong></span> <span class='ocrx_word' id='word_1_6' title='bbox 2677 363 2945 422; x_wconf 81' lang='lat' dir='ltr'><strong>LIBROS.</strong></span> 
     </span>
    </p>
   </div>
   <div class='ocr_carea' id='block_1_3' title="bbox 3635 365 3727 423">
    <p class='ocr_par' dir='ltr' id='par_1_3' title="bbox 3635 365 3727 423">
     <span class='ocr_line' id='line_1_3' title="bbox 3635 365 3727 423; baseline 0.033 -3"><span class='ocrx_word' id='word_1_7' title='bbox 3635 365 3727 423; x_wconf 74' lang='grc' dir='ltr'><strong>ΞΞῦ</strong></span> 
     </span>
    </p>
   </div>
   <div class='ocr_carea' id='block_1_4' title="bbox 494 480 3722 561">
    <p class='ocr_par' dir='ltr' id='par_1_4' title="bbox 494 480 3722 561">
     <span class='ocr_line' id='line_1_4' title="bbox 494 480 3722 561; baseline -0.002 -16"><span class='ocrx_word' id='word_1_8' title='bbox 494 491 907 561; x_wconf 83' lang='lat' dir='ltr'><strong>Scripturarum</strong></span> <span class='ocrx_word' id='word_1_9' title='bbox 936 503 1218 544; x_wconf 83' lang='lat' dir='ltr'><strong>sacrarum</strong></span> <span class='ocrx_word' id='word_1_10' title='bbox 1245 489 1506 554; x_wconf 88' lang='lat' dir='ltr'><strong>scientia,</strong></span> <span class='ocrx_word' id='word_1_11' title='bbox 1533 503 1596 542; x_wconf 89' lang='lat' dir='ltr'><strong>ac</strong></span> <span class='ocrx_word' id='word_1_12' title='bbox 1621 489 1940 542; x_wconf 72' lang='lat' dir='ltr'><strong>veneranda:</strong></span> <span class='ocrx_word' id='word_1_13' title='bbox 1966 498 2072 541; x_wconf 33' lang='lat' dir='ltr'><strong>ira;</strong></span> <span class='ocrx_word' id='word_1_14' title='bbox 2099 495 2145 550; x_wconf 77' lang='grc' dir='ltr'>Α</span> <span class='ocrx_word' id='word_1_15' title='bbox 2175 495 2500 557; x_wconf 86' lang='lat' dir='ltr'><strong>argumento</strong></span> <span class='ocrx_word' id='word_1_16' title='bbox 2533 485 2836 555; x_wconf 82' lang='lat' dir='ltr'><strong>peregrinis</strong></span> <span class='ocrx_word' id='word_1_17' title='bbox 2861 485 3168 539; x_wconf 88' lang='lat' dir='ltr'><strong>videantur.</strong></span> <span class='ocrx_word' id='word_1_18' title='bbox 3206 480 3465 552; x_wconf 84' lang='lat' dir='ltr'><strong>Quisquis</strong></span> <span class='ocrx_word' id='word_1_19' title='bbox 3487 481 3722 540; x_wconf 64' lang='lat' dir='ltr'><strong>lrenaemn</strong></span> 
     </span>
    </p>
   </div>
   <div class='ocr_carea' id='block_1_5' title="bbox 494 579 2071 650">
    <p class='ocr_par' dir='ltr' id='par_1_5' title="bbox 494 579 2071 650">
     <span class='ocr_line' id='line_1_5' title="bbox 494 579 2071 650; baseline -0.001 -14"><span class='ocrx_word' id='word_1_20' title='bbox 494 582 718 636; x_wconf 87' lang='lat' dir='ltr'><strong>ditionis</strong></span> <span class='ocrx_word' id='word_1_21' title='bbox 751 581 948 635; x_wconf 76' lang='lat' dir='ltr'><strong>notitia</strong></span> <span class='ocrx_word' id='word_1_22' title='bbox 983 581 1116 634; x_wconf 86' lang='lat' dir='ltr'><strong>nulli</strong></span> <span class='ocrx_word' id='word_1_23' title='bbox 1162 581 1489 642; x_wconf 87' lang='lat' dir='ltr'><strong>secundum,</strong></span> <span class='ocrx_word' id='word_1_24' title='bbox 1519 580 1710 645; x_wconf 80' lang='lat' dir='ltr'><strong>virum,</strong></span> <span class='ocrx_word' id='word_1_25' title='bbox 1751 590 1807 631; x_wconf 92' lang='lat' dir='ltr'><strong>ut</strong></span> <span class='ocrx_word' id='word_1_26' title='bbox 1837 579 1913 632; x_wconf 88' lang='lat' dir='ltr'><strong>ait</strong></span> <span class='ocrx_word' id='word_1_27' title='bbox 1944 580 2071 650; x_wconf 88' lang='lat' dir='ltr'><strong>Epi-</strong></span> 
     </span>
    </p>
   </div>
   <div class='ocr_carea' id='block_1_6' title="bbox 493 671 2074 742">
    <p class='ocr_par' dir='ltr' id='par_1_6' title="bbox 493 671 2074 742">
     <span class='ocr_line' id='line_1_6' title="bbox 493 671 2074 742; baseline 0 -16"><span class='ocrx_word' id='word_1_28' title='bbox 493 675 730 742; x_wconf 87' lang='lat' dir='ltr'><strong>phanius</strong></span> <span class='ocrx_word' id='word_1_29' title='bbox 754 674 795 740; x_wconf 85' lang='lat'><strong>&#39;,</strong></span> <span class='ocrx_word' id='word_1_30' title='bbox 827 675 1041 728; x_wconf 83' lang='lat' dir='ltr'><strong>omnino</strong></span> <span class='ocrx_word' id='word_1_31' title='bbox 1076 674 1311 741; x_wconf 79' lang='lat' dir='ltr'><strong>Spiritus</strong></span> <span class='ocrx_word' id='word_1_32' title='bbox 1340 672 1509 726; x_wconf 77' lang='lat' dir='ltr'><strong>sancti</strong></span> <span class='ocrx_word' id='word_1_33' title='bbox 1539 671 1690 725; x_wconf 87' lang='lat' dir='ltr'><strong>donis</strong></span> <span class='ocrx_word' id='word_1_34' title='bbox 1721 673 2074 726; x_wconf 87' lang='lat' dir='ltr'><strong>instructissi-</strong></span> 
     </span>
    </p>
   </div>
   <div class='ocr_carea' id='block_1_7' title="bbox 497 767 2071 832">
    <p class='ocr_par' dir='ltr' id='par_1_7' title="bbox 497 767 2071 832">
     <span class='ocr_line' id='line_1_7' title="bbox 497 767 2071 832; baseline 0.001 -14"><span class='ocrx_word' id='word_1_35' title='bbox 497 784 659 832; x_wconf 90' lang='lat' dir='ltr'><strong>mum,</strong></span> <span class='ocrx_word' id='word_1_36' title='bbox 694 785 756 821; x_wconf 87' lang='lat' dir='ltr'><strong>ac</strong></span> <span class='ocrx_word' id='word_1_37' title='bbox 786 767 1080 821; x_wconf 70' lang='lat' dir='ltr'><strong>caelestibus</strong></span> <span class='ocrx_word' id='word_1_38' title='bbox 1125 768 1468 831; x_wconf 79' lang='lat' dir='ltr'><strong>ornamentis,</strong></span> <span class='ocrx_word' id='word_1_39' title='bbox 1504 781 1556 819; x_wconf 89' lang='lat' dir='ltr'><strong>ut</strong></span> <span class='ocrx_word' id='word_1_40' title='bbox 1585 768 1660 820; x_wconf 87' lang='lat' dir='ltr'><strong>ita</strong></span> <span class='ocrx_word' id='word_1_41' title='bbox 1709 767 1958 830; x_wconf 74' lang='lat' dir='ltr'><strong>dixerint,</strong></span> <span class='ocrx_word' id='word_1_42' title='bbox 2001 767 2071 820; x_wconf 84' lang='lat' dir='ltr'><strong>ad</strong></span> 
     </span>
    </p>
   </div>
   <div class='ocr_carea' id='block_1_8' title="bbox 493 859 2074 928">
    <p class='ocr_par' dir='ltr' id='par_1_8' title="bbox 493 859 2074 928">
     <span class='ocr_line' id='line_1_8' title="bbox 493 859 2074 928; baseline 0.002 -19"><span class='ocrx_word' id='word_1_43' title='bbox 493 869 760 912; x_wconf 79' lang='lat' dir='ltr'><strong>certamen</strong></span> <span class='ocrx_word' id='word_1_44' title='bbox 799 868 1130 928; x_wconf 79' lang='lat' dir='ltr'><strong>perunctum,</strong></span> <span class='ocrx_word' id='word_1_45' title='bbox 1177 859 1268 928; x_wconf 86' lang='lat' dir='ltr'><strong>qui</strong></span> <span class='ocrx_word' id='word_1_46' title='bbox 1313 859 1534 913; x_wconf 68' lang='lat' dir='ltr'><strong>sincera:</strong></span> <span class='ocrx_word' id='word_1_47' title='bbox 1568 859 1694 927; x_wconf 80' lang='lat' dir='ltr'><strong>ﬁdei</strong></span> <span class='ocrx_word' id='word_1_48' title='bbox 1738 876 1798 912; x_wconf 87' lang='lat' dir='ltr'><strong>ac</strong></span> <span class='ocrx_word' id='word_1_49' title='bbox 1839 859 2074 912; x_wconf 69' lang='lat' dir='ltr'><strong>scientiae</strong></span> 
     </span>
    </p>
   </div>
   <div class='ocr_carea' id='block_1_9' title="bbox 492 950 2073 1021">
    <p class='ocr_par' dir='ltr' id='par_1_9' title="bbox 492 950 2073 1021">
     <span class='ocr_line' id='line_1_9' title="bbox 492 950 2073 1021; baseline 0.003 -21"><span class='ocrx_word' id='word_1_50' title='bbox 492 950 759 1017; x_wconf 68' lang='lat' dir='ltr'><strong>pra’sidiis</strong></span> <span class='ocrx_word' id='word_1_51' title='bbox 803 951 982 1004; x_wconf 87' lang='lat' dir='ltr'><strong>omnia</strong></span> <span class='ocrx_word' id='word_1_52' title='bbox 1021 951 1387 1004; x_wconf 69' lang='lat' dir='ltr'><strong>Itwreticornm</strong></span> <span class='ocrx_word' id='word_1_53' title='bbox 1435 951 1750 1019; x_wconf 74' lang='lat' dir='ltr'><strong>prostravit,</strong></span> <span class='ocrx_word' id='word_1_54' title='bbox 1789 953 2073 1021; x_wconf 80' lang='lat' dir='ltr'><strong>evertitque</strong></span> 
     </span>
    </p>
   </div>
   <div class='ocr_carea' id='block_1_10' title="bbox 506 1042 2073 1114">
    <p class='ocr_par' dir='ltr' id='par_1_10' title="bbox 506 1042 2073 1114">
     <span class='ocr_line' id='line_1_10' title="bbox 506 1042 2073 1114; baseline 0.003 -20"><span class='ocrx_word' id='word_1_55' title='bbox 506 1042 816 1107; x_wconf 87' lang='lat' dir='ltr'><strong>mendacia;</strong></span> <span class='ocrx_word' id='word_1_56' title='bbox 850 1059 958 1096; x_wconf 84' lang='lat' dir='ltr'><strong>uno</strong></span> <span class='ocrx_word' id='word_1_57' title='bbox 988 1044 1175 1110; x_wconf 87' lang='lat' dir='ltr'><strong>verbo,</strong></span> <span class='ocrx_word' id='word_1_58' title='bbox 1209 1044 1387 1098; x_wconf 91' lang='lat' dir='ltr'><strong>virum</strong></span> <span class='ocrx_word' id='word_1_59' title='bbox 1423 1045 1807 1114; x_wconf 90' lang='lat' dir='ltr'><strong>apostolicum,</strong></span> <span class='ocrx_word' id='word_1_60' title='bbox 1851 1053 2073 1113; x_wconf 79' lang='lat' dir='ltr'><strong>aposto-</strong></span> 
     </span>
    </p>
   </div>
   <div class='ocr_carea' id='block_1_11' title="bbox 497 1134 2074 1208">
    <p class='ocr_par' dir='ltr' id='par_1_11' title="bbox 497 1134 2074 1208">
     <span class='ocr_line' id='line_1_11' title="bbox 497 1134 2074 1208; baseline 0.003 -21"><span class='ocrx_word' id='word_1_61' title='bbox 497 1134 670 1189; x_wconf 87' lang='lat' dir='ltr'><strong>lorum</strong></span> <span class='ocrx_word' id='word_1_62' title='bbox 711 1137 928 1204; x_wconf 89' lang='lat' dir='ltr'><strong>spiritu,</strong></span> <span class='ocrx_word' id='word_1_63' title='bbox 973 1136 1076 1190; x_wconf 83' lang='lat' dir='ltr'><strong>fide</strong></span> <span class='ocrx_word' id='word_1_64' title='bbox 1120 1145 1176 1189; x_wconf 91' lang='lat' dir='ltr'><strong>et</strong></span> <span class='ocrx_word' id='word_1_65' title='bbox 1215 1137 1484 1192; x_wconf 83' lang='lat' dir='ltr'><strong>charitate</strong></span> <span class='ocrx_word' id='word_1_66' title='bbox 1536 1138 1896 1208; x_wconf 88' lang='lat' dir='ltr'><strong>plenum,qui</strong></span> <span class='ocrx_word' id='word_1_67' title='bbox 1937 1152 2074 1206; x_wconf 89' lang='lat' dir='ltr'><strong>quos</strong></span> 
     </span>
    </p>
   </div>
   <div class='ocr_carea' id='block_1_12' title="bbox 495 1225 2076 1297">
    <p class='ocr_par' dir='ltr' id='par_1_12' title="bbox 495 1225 2076 1297">
     <span class='ocr_line' id='line_1_12' title="bbox 495 1225 2076 1297; baseline 0 -15"><span class='ocrx_word' id='word_1_68' title='bbox 495 1243 564 1282; x_wconf 82' lang='lat' dir='ltr'><strong>ex</strong></span> <span class='ocrx_word' id='word_1_69' title='bbox 587 1227 719 1294; x_wconf 89' lang='lat' dir='ltr'><strong>ipsis</strong></span> <span class='ocrx_word' id='word_1_70' title='bbox 743 1242 880 1296; x_wconf 89' lang='lat' dir='ltr'><strong>pene</strong></span> <span class='ocrx_word' id='word_1_71' title='bbox 906 1225 1143 1281; x_wconf 87' lang='lat' dir='ltr'><strong>fontilnts</strong></span> <span class='ocrx_word' id='word_1_72' title='bbox 1165 1227 1426 1282; x_wconf 76' lang='lat' dir='ltr'><strong>hauserat</strong></span> <span class='ocrx_word' id='word_1_73' title='bbox 1449 1243 1610 1297; x_wconf 89' lang='lat' dir='ltr'><strong>puros</strong></span> <span class='ocrx_word' id='word_1_74' title='bbox 1631 1243 1799 1283; x_wconf 74' lang='lat' dir='ltr'><strong>sacra:</strong></span> <span class='ocrx_word' id='word_1_75' title='bbox 1816 1230 2076 1283; x_wconf 65' lang='lat' dir='ltr'><strong>doctrinm</strong></span> 
     </span>
    </p>
   </div>
   <div class='ocr_carea' id='block_1_13' title="bbox 497 1319 2076 1391">
    <p class='ocr_par' dir='ltr' id='par_1_13' title="bbox 497 1319 2076 1391">
     <span class='ocr_line' id='line_1_13' title="bbox 497 1319 2076 1391; baseline 0.002 -20"><span class='ocrx_word' id='word_1_76' title='bbox 497 1319 709 1384; x_wconf 83' lang='lat' dir='ltr'><strong>latices,</strong></span> <span class='ocrx_word' id='word_1_77' title='bbox 738 1335 903 1390; x_wconf 91' lang='lat' dir='ltr'><strong>puros</strong></span> <span class='ocrx_word' id='word_1_78' title='bbox 934 1319 989 1373; x_wconf 91' lang='lat' dir='ltr'><strong>in</strong></span> <span class='ocrx_word' id='word_1_79' title='bbox 1023 1320 1247 1387; x_wconf 83' lang='lat' dir='ltr'><strong>scriptis</strong></span> <span class='ocrx_word' id='word_1_80' title='bbox 1288 1319 1508 1386; x_wconf 77' lang='lat' dir='ltr'><strong>effudit;</strong></span> <span class='ocrx_word' id='word_1_81' title='bbox 1545 1329 1601 1374; x_wconf 89' lang='lat' dir='ltr'><strong>et</strong></span> <span class='ocrx_word' id='word_1_82' title='bbox 1637 1320 1857 1391; x_wconf 86' lang='lat' dir='ltr'><strong>quidem</strong></span> <span class='ocrx_word' id='word_1_83' title='bbox 1891 1335 1954 1373; x_wconf 89' lang='lat' dir='ltr'><strong>ea</strong></span> <span class='ocrx_word' id='word_1_84' title='bbox 1985 1335 2076 1374; x_wconf 87' lang='lat' dir='ltr'><strong>co-</strong></span> 
     </span>
    </p>
   </div>
   <div class='ocr_carea' id='block_1_14' title="bbox 497 1411 2075 1482">
    <p class='ocr_par' dir='ltr' id='par_1_14' title="bbox 497 1411 2075 1482">
     <span class='ocr_line' id='line_1_14' title="bbox 497 1411 2075 1482; baseline 0 -17"><span class='ocrx_word' id='word_1_85' title='bbox 497 1412 611 1481; x_wconf 85' lang='lat' dir='ltr'><strong>pia,</strong></span> <span class='ocrx_word' id='word_1_86' title='bbox 660 1421 716 1465; x_wconf 89' lang='lat' dir='ltr'><strong>ut</strong></span> <span class='ocrx_word' id='word_1_87' title='bbox 764 1413 959 1466; x_wconf 90' lang='lat' dir='ltr'><strong>mirum</strong></span> <span class='ocrx_word' id='word_1_88' title='bbox 1011 1413 1083 1466; x_wconf 89' lang='lat' dir='ltr'><strong>sit</strong></span> <span class='ocrx_word' id='word_1_89' title='bbox 1111 1421 1190 1468; x_wconf 92' lang='lat' dir='ltr'><strong>tot</strong></span> <span class='ocrx_word' id='word_1_90' title='bbox 1218 1422 1274 1468; x_wconf 90' lang='lat' dir='ltr'><strong>et</strong></span> <span class='ocrx_word' id='word_1_91' title='bbox 1319 1423 1490 1478; x_wconf 84' lang='lat' dir='ltr'><strong>tanta,</strong></span> <span class='ocrx_word' id='word_1_92' title='bbox 1523 1421 1742 1482; x_wconf 88' lang='lat' dir='ltr'><strong>tamque</strong></span> <span class='ocrx_word' id='word_1_93' title='bbox 1789 1411 2075 1481; x_wconf 75' lang='lat' dir='ltr'><strong>multiplici</strong></span> 
     </span>
    </p>
   </div>
   <div class='ocr_carea' id='block_1_15' title="bbox 493 1504 2079 1576">
    <p class='ocr_par' dir='ltr' id='par_1_15' title="bbox 493 1504 2079 1576">
     <span class='ocr_line' id='line_1_15' title="bbox 493 1504 2079 1576; baseline -0.003 -14"><span class='ocrx_word' id='word_1_94' title='bbox 493 1506 802 1563; x_wconf 81' lang='lat' dir='ltr'><strong>eruditione</strong></span> <span class='ocrx_word' id='word_1_95' title='bbox 841 1521 1159 1576; x_wconf 83' lang='lat' dir='ltr'><strong>conspersa,</strong></span> <span class='ocrx_word' id='word_1_96' title='bbox 1214 1524 1319 1562; x_wconf 91' lang='lat' dir='ltr'><strong>non</strong></span> <span class='ocrx_word' id='word_1_97' title='bbox 1369 1508 1507 1562; x_wconf 88' lang='lat' dir='ltr'><strong>adeo</strong></span> <span class='ocrx_word' id='word_1_98' title='bbox 1555 1521 1751 1576; x_wconf 81' lang='lat' dir='ltr'><strong>magno</strong></span> <span class='ocrx_word' id='word_1_99' title='bbox 1799 1504 2079 1560; x_wconf 86' lang='lat' dir='ltr'><strong>volumine</strong></span> 
     </span>
    </p>
   </div>
   <div class='ocr_carea' id='block_1_16' title="bbox 501 1601 1201 1670">
    <p class='ocr_par' dir='ltr' id='par_1_16' title="bbox 501 1601 1201 1670">
     <span class='ocr_line' id='line_1_16' title="bbox 501 1601 1201 1670; baseline 0.003 -16"><span class='ocrx_word' id='word_1_100' title='bbox 501 1601 892 1669; x_wconf 86' lang='lat' dir='ltr'><strong>comprehendi</strong></span> <span class='ocrx_word' id='word_1_101' title='bbox 934 1603 1201 1670; x_wconf 85' lang='lat' dir='ltr'><strong>potuisse.</strong></span> 
     </span>
    </p>
   </div>
   <div class='ocr_carea' id='block_1_17' title="bbox 568 1715 2079 1787">
    <p class='ocr_par' dir='ltr' id='par_1_17' title="bbox 568 1715 2079 1787">
     <span class='ocr_line' id='line_1_17' title="bbox 568 1715 2079 1787; baseline 0.001 -18"><span class='ocrx_word' id='word_1_102' title='bbox 568 1715 661 1770; x_wconf 73' lang='grc'><strong>44.</strong></span> <span class='ocrx_word' id='word_1_103' title='bbox 683 1715 900 1770; x_wconf 82' lang='lat' dir='ltr'><strong>Accidit</strong></span> <span class='ocrx_word' id='word_1_104' title='bbox 921 1725 1124 1780; x_wconf 90' lang='lat' dir='ltr'><strong>tamen,</strong></span> <span class='ocrx_word' id='word_1_105' title='bbox 1154 1716 1348 1781; x_wconf 87' lang='lat' dir='ltr'><strong>fateor,</strong></span> <span class='ocrx_word' id='word_1_106' title='bbox 1370 1723 1449 1779; x_wconf 90' lang='lat' dir='ltr'><strong>ut,</strong></span> <span class='ocrx_word' id='word_1_107' title='bbox 1479 1716 1604 1770; x_wconf 90' lang='lat' dir='ltr'><strong>dum</strong></span> <span class='ocrx_word' id='word_1_108' title='bbox 1631 1717 1934 1772; x_wconf 81' lang='lat' dir='ltr'><strong>sententias</strong></span> <span class='ocrx_word' id='word_1_109' title='bbox 1953 1733 2079 1787; x_wconf 85' lang='lat' dir='ltr'><strong>pre-</strong></span> 
     </span>
    </p>
   </div>
   <div class='ocr_carea' id='block_1_18' title="bbox 497 1806 2075 1870">
    <p class='ocr_par' dir='ltr' id='par_1_18' title="bbox 497 1806 2075 1870">
     <span class='ocr_line' id='line_1_18' title="bbox 497 1806 2075 1870; baseline 0.002 -9"><span class='ocrx_word' id='word_1_110' title='bbox 497 1807 598 1862; x_wconf 89' lang='lat' dir='ltr'><strong>mit</strong></span> <span class='ocrx_word' id='word_1_111' title='bbox 633 1806 895 1870; x_wconf 67' lang='lat' dir='ltr'><strong>lrenaans,</strong></span> <span class='ocrx_word' id='word_1_112' title='bbox 932 1807 1199 1862; x_wconf 87' lang='lat' dir='ltr'><strong>obscurus</strong></span> <span class='ocrx_word' id='word_1_113' title='bbox 1238 1808 1511 1862; x_wconf 83' lang='lat' dir='ltr'><strong>interdum</strong></span> <span class='ocrx_word' id='word_1_114' title='bbox 1539 1810 1756 1863; x_wconf 84' lang='lat' dir='ltr'><strong>evadat.</strong></span> <span class='ocrx_word' id='word_1_115' title='bbox 1800 1810 1906 1864; x_wconf 89' lang='lat' dir='ltr'><strong>Sed</strong></span> <span class='ocrx_word' id='word_1_116' title='bbox 1938 1811 2018 1865; x_wconf 89' lang='lat' dir='ltr'><strong>sic</strong></span> <span class='ocrx_word' id='word_1_117' title='bbox 2047 1826 2075 1864; x_wconf 86' lang='lat' dir='ltr'><strong>a</strong></span> 
     </span>
    </p>
   </div>
   <div class='ocr_carea' id='block_1_19' title="bbox 500 1900 2076 1971">
    <p class='ocr_par' dir='ltr' id='par_1_19' title="bbox 500 1900 2076 1971">
     <span class='ocr_line' id='line_1_19' title="bbox 500 1900 2076 1971; baseline 0 -16"><span class='ocrx_word' id='word_1_118' title='bbox 500 1909 692 1955; x_wconf 88' lang='lat' dir='ltr'><strong>natura</strong></span> <span class='ocrx_word' id='word_1_119' title='bbox 729 1911 1045 1971; x_wconf 87' lang='lat' dir='ltr'><strong>comparata</strong></span> <span class='ocrx_word' id='word_1_120' title='bbox 1088 1912 1218 1954; x_wconf 91' lang='lat' dir='ltr'><strong>sunt</strong></span> <span class='ocrx_word' id='word_1_121' title='bbox 1259 1900 1472 1971; x_wconf 86' lang='lat' dir='ltr'><strong>ingenia</strong></span> <span class='ocrx_word' id='word_1_122' title='bbox 1510 1901 1740 1956; x_wconf 84' lang='lat' dir='ltr'><strong>fecunda</strong></span> <span class='ocrx_word' id='word_1_123' title='bbox 1772 1920 1784 1955; x_wconf 93' lang='lat'><strong>:</strong></span> <span class='ocrx_word' id='word_1_124' title='bbox 1821 1918 1941 1957; x_wconf 89' lang='lat' dir='ltr'><strong>cum</strong></span> <span class='ocrx_word' id='word_1_125' title='bbox 1978 1918 2076 1971; x_wconf 88' lang='lat' dir='ltr'><strong>pa-</strong></span> 
     </span>
    </p>
   </div>
   <div class='ocr_carea' id='block_1_20' title="bbox 500 1991 2077 2064">
    <p class='ocr_par' dir='ltr' id='par_1_20' title="bbox 500 1991 2077 2064">
     <span class='ocr_line' id='line_1_20' title="bbox 500 1991 2077 2064; baseline 0.001 -16"><span class='ocrx_word' id='word_1_126' title='bbox 500 2007 625 2048; x_wconf 87' lang='lat' dir='ltr'><strong>rere</strong></span> <span class='ocrx_word' id='word_1_127' title='bbox 649 1991 1071 2062; x_wconf 87' lang='lat' dir='ltr'><strong>festinantquod</strong></span> <span class='ocrx_word' id='word_1_128' title='bbox 1097 1995 1326 2049; x_wconf 92' lang='lat' dir='ltr'><strong>ubertim</strong></span> <span class='ocrx_word' id='word_1_129' title='bbox 1354 1996 1537 2050; x_wconf 87' lang='lat' dir='ltr'><strong>animo</strong></span> <span class='ocrx_word' id='word_1_130' title='bbox 1559 2009 1882 2064; x_wconf 85' lang='lat' dir='ltr'><strong>concepere,</strong></span> <span class='ocrx_word' id='word_1_131' title='bbox 1912 1996 2077 2049; x_wconf 86' lang='lat' dir='ltr'><strong>verba</strong></span> 
     </span>
    </p>
   </div>
   <div class='ocr_carea' id='block_1_21' title="bbox 501 2088 2080 2156">
    <p class='ocr_par' dir='ltr' id='par_1_21' title="bbox 501 2088 2080 2156">
     <span class='ocr_line' id='line_1_21' title="bbox 501 2088 2080 2156; baseline 0.003 -16"><span class='ocrx_word' id='word_1_132' title='bbox 501 2088 859 2156; x_wconf 87' lang='lat' dir='ltr'><strong>conceptibus</strong></span> <span class='ocrx_word' id='word_1_133' title='bbox 906 2103 1050 2156; x_wconf 66' lang='lat' dir='ltr'><strong>saepe</strong></span> <span class='ocrx_word' id='word_1_134' title='bbox 1095 2103 1200 2141; x_wconf 91' lang='lat' dir='ltr'><strong>non</strong></span> <span class='ocrx_word' id='word_1_135' title='bbox 1247 2088 1601 2156; x_wconf 86' lang='lat' dir='ltr'><strong>respondent.</strong></span> <span class='ocrx_word' id='word_1_136' title='bbox 1651 2088 1878 2143; x_wconf 88' lang='lat' dir='ltr'><strong>Accedit</strong></span> <span class='ocrx_word' id='word_1_137' title='bbox 1909 2089 2080 2144; x_wconf 84' lang='lat' dir='ltr'><strong>altera</strong></span> 
     </span>
    </p>
   </div>
   <div class='ocr_carea' id='block_1_22' title="bbox 498 2179 2080 2250">
    <p class='ocr_par' dir='ltr' id='par_1_22' title="bbox 498 2179 2080 2250">
     <span class='ocr_line' id='line_1_22' title="bbox 498 2179 2080 2250; baseline 0 -16"><span class='ocrx_word' id='word_1_138' title='bbox 498 2179 850 2234; x_wconf 79' lang='lat' dir='ltr'><strong>obscuritatis</strong></span> <span class='ocrx_word' id='word_1_139' title='bbox 905 2196 1104 2244; x_wconf 88' lang='lat' dir='ltr'><strong>causa,</strong></span> <span class='ocrx_word' id='word_1_140' title='bbox 1153 2195 1326 2250; x_wconf 90' lang='lat' dir='ltr'><strong>eaque</strong></span> <span class='ocrx_word' id='word_1_141' title='bbox 1364 2180 1481 2236; x_wconf 87' lang='lat' dir='ltr'><strong>fere</strong></span> <span class='ocrx_word' id='word_1_142' title='bbox 1534 2181 1841 2250; x_wconf 57' lang='lat' dir='ltr'><strong>praecipua,</strong></span> <span class='ocrx_word' id='word_1_143' title='bbox 1895 2196 2080 2236; x_wconf 88' lang='lat' dir='ltr'><strong>rerum</strong></span> 
     </span>
    </p>
   </div>
   <div class='ocr_carea' id='block_1_23' title="bbox 501 2272 2081 2344">
    <p class='ocr_par' dir='ltr' id='par_1_23' title="bbox 501 2272 2081 2344">
     <span class='ocr_line' id='line_1_23' title="bbox 501 2272 2081 2344; baseline 0.003 -20"><span class='ocrx_word' id='word_1_144' title='bbox 501 2272 775 2337; x_wconf 72' lang='lat' dir='ltr'><strong>videlicet,</strong></span> <span class='ocrx_word' id='word_1_145' title='bbox 795 2272 863 2327; x_wconf 92' lang='lat' dir='ltr'><strong>de</strong></span> <span class='ocrx_word' id='word_1_146' title='bbox 881 2274 1080 2344; x_wconf 86' lang='lat' dir='ltr'><strong>quibus</strong></span> <span class='ocrx_word' id='word_1_147' title='bbox 1099 2275 1426 2336; x_wconf 83' lang='lat' dir='ltr'><strong>disserebat,</strong></span> <span class='ocrx_word' id='word_1_148' title='bbox 1446 2273 1736 2330; x_wconf 87' lang='lat' dir='ltr'><strong>dillicultas</strong></span> <span class='ocrx_word' id='word_1_149' title='bbox 1757 2282 1810 2328; x_wconf 87' lang='lat' dir='ltr'><strong>et</strong></span> <span class='ocrx_word' id='word_1_150' title='bbox 1828 2272 2081 2328; x_wconf 89' lang='lat' dir='ltr'><strong>sublimi—</strong></span> 
     </span>
    </p>
   </div>
   <div class='ocr_carea' id='block_1_24' title="bbox 502 2364 2081 2430">
    <p class='ocr_par' dir='ltr' id='par_1_24' title="bbox 502 2364 2081 2430">
     <span class='ocr_line' id='line_1_24' title="bbox 502 2364 2081 2430; baseline 0.001 -12"><span class='ocrx_word' id='word_1_151' title='bbox 502 2374 606 2423; x_wconf 89' lang='lat' dir='ltr'><strong>tas.</strong></span> <span class='ocrx_word' id='word_1_152' title='bbox 641 2364 813 2419; x_wconf 84' lang='lat' dir='ltr'><strong>Totus</strong></span> <span class='ocrx_word' id='word_1_153' title='bbox 857 2374 942 2421; x_wconf 89' lang='lat' dir='ltr'><strong>est</strong></span> <span class='ocrx_word' id='word_1_154' title='bbox 996 2367 1050 2420; x_wconf 90' lang='lat' dir='ltr'><strong>in</strong></span> <span class='ocrx_word' id='word_1_155' title='bbox 1096 2366 1366 2421; x_wconf 85' lang='lat' dir='ltr'><strong>rimandis</strong></span> <span class='ocrx_word' id='word_1_156' title='bbox 1412 2366 1801 2423; x_wconf 87' lang='lat' dir='ltr'><strong>Gnosticorum</strong></span> <span class='ocrx_word' id='word_1_157' title='bbox 1835 2365 2081 2430; x_wconf 90' lang='lat' dir='ltr'><strong>arcanis,</strong></span> 
     </span>
    </p>
   </div>
   <div class='ocr_carea' id='block_1_25' title="bbox 502 2456 2083 2526">
    <p class='ocr_par' dir='ltr' id='par_1_25' title="bbox 502 2456 2083 2526">
     <span class='ocr_line' id='line_1_25' title="bbox 502 2456 2083 2526; baseline 0 -17"><span class='ocrx_word' id='word_1_158' title='bbox 502 2456 1067 2526; x_wconf 87' lang='lat' dir='ltr'><strong>reconditioribusque</strong></span> <span class='ocrx_word' id='word_1_159' title='bbox 1102 2472 1292 2511; x_wconf 88' lang='lat' dir='ltr'><strong>eorum</strong></span> <span class='ocrx_word' id='word_1_160' title='bbox 1323 2459 1580 2511; x_wconf 76' lang='lat' dir='ltr'><strong>sensibus</strong></span> <span class='ocrx_word' id='word_1_161' title='bbox 1609 2456 1903 2520; x_wconf 86' lang='lat' dir='ltr'><strong>eruendis;</strong></span> <span class='ocrx_word' id='word_1_162' title='bbox 1938 2464 2083 2509; x_wconf 84' lang='lat' dir='ltr'><strong>totus</strong></span> 
     </span>
    </p>
   </div>
   <div class='ocr_carea' id='block_1_26' title="bbox 499 2548 2084 2619">
    <p class='ocr_par' dir='ltr' id='par_1_26' title="bbox 499 2548 2084 2619">
     <span class='ocr_line' id='line_1_26' title="bbox 499 2548 2084 2619; baseline 0 -17"><span class='ocrx_word' id='word_1_163' title='bbox 499 2556 583 2603; x_wconf 86' lang='lat' dir='ltr'><strong>est</strong></span> <span class='ocrx_word' id='word_1_164' title='bbox 632 2549 686 2603; x_wconf 89' lang='lat' dir='ltr'><strong>itt</strong></span> <span class='ocrx_word' id='word_1_165' title='bbox 721 2548 1056 2618; x_wconf 89' lang='lat' dir='ltr'><strong>dissipandis</strong></span> <span class='ocrx_word' id='word_1_166' title='bbox 1089 2550 1402 2605; x_wconf 81' lang='lat' dir='ltr'><strong>vanissitnis</strong></span> <span class='ocrx_word' id='word_1_167' title='bbox 1442 2551 1746 2619; x_wconf 85' lang='lat' dir='ltr'><strong>quibusque</strong></span> <span class='ocrx_word' id='word_1_168' title='bbox 1793 2551 2084 2604; x_wconf 87' lang='lat' dir='ltr'><strong>luxurian-</strong></span> 
     </span>
    </p>
   </div>
   <div class='ocr_carea' id='block_1_27' title="bbox 503 2636 2081 2707">
    <p class='ocr_par' dir='ltr' id='par_1_27' title="bbox 503 2636 2081 2707">
     <span class='ocr_line' id='line_1_27' title="bbox 503 2636 2081 2707; baseline 0.002 -16"><span class='ocrx_word' id='word_1_169' title='bbox 503 2636 637 2691; x_wconf 92' lang='lat' dir='ltr'><strong>tium</strong></span> <span class='ocrx_word' id='word_1_170' title='bbox 701 2646 755 2692; x_wconf 90' lang='lat' dir='ltr'><strong>et</strong></span> <span class='ocrx_word' id='word_1_171' title='bbox 808 2639 1340 2707; x_wconf 87' lang='lat' dir='ltr'><strong>eaptiosissimorum</strong></span> <span class='ocrx_word' id='word_1_172' title='bbox 1400 2638 1745 2706; x_wconf 90' lang='lat' dir='ltr'><strong>ingeniorum</strong></span> <span class='ocrx_word' id='word_1_173' title='bbox 1813 2639 2081 2706; x_wconf 84' lang='lat' dir='ltr'><strong>argutiis,</strong></span> 
     </span>
    </p>
   </div>
   <div class='ocr_carea' id='block_1_28' title="bbox 501 2729 2085 2799">
    <p class='ocr_par' dir='ltr' id='par_1_28' title="bbox 501 2729 2085 2799">
     <span class='ocr_line' id='line_1_28' title="bbox 501 2729 2085 2799; baseline 0.001 -15"><span class='ocrx_word' id='word_1_174' title='bbox 501 2729 774 2797; x_wconf 87' lang='lat' dir='ltr'><strong>rebusque</strong></span> <span class='ocrx_word' id='word_1_175' title='bbox 809 2730 1012 2784; x_wconf 80' lang='lat' dir='ltr'><strong>divinis</strong></span> <span class='ocrx_word' id='word_1_176' title='bbox 1053 2730 1426 2799; x_wconf 77' lang='lat' dir='ltr'><strong>explicandis;</strong></span> <span class='ocrx_word' id='word_1_177' title='bbox 1466 2746 1573 2799; x_wconf 92' lang='lat' dir='ltr'><strong>quo</strong></span> <span class='ocrx_word' id='word_1_178' title='bbox 1606 2729 1741 2784; x_wconf 85' lang='lat' dir='ltr'><strong>nihil</strong></span> <span class='ocrx_word' id='word_1_179' title='bbox 1771 2731 2085 2787; x_wconf 86' lang='lat' dir='ltr'><strong>abstrusius</strong></span> 
     </span>
    </p>
   </div>
   <div class='ocr_carea' id='block_1_29' title="bbox 499 2822 2084 2894">
    <p class='ocr_par' dir='ltr' id='par_1_29' title="bbox 499 2822 2084 2894">
     <span class='ocr_line' id='line_1_29' title="bbox 499 2822 2084 2894; baseline -0.001 -18"><span class='ocrx_word' id='word_1_180' title='bbox 499 2829 559 2876; x_wconf 83' lang='lat' dir='ltr'><strong>et</strong></span> <span class='ocrx_word' id='word_1_181' title='bbox 582 2822 871 2876; x_wconf 90' lang='lat' dir='ltr'><strong>sublimius</strong></span> <span class='ocrx_word' id='word_1_182' title='bbox 895 2824 1125 2893; x_wconf 89' lang='lat' dir='ltr'><strong>cogitari</strong></span> <span class='ocrx_word' id='word_1_183' title='bbox 1149 2833 1348 2894; x_wconf 84' lang='lat' dir='ltr'><strong>potest.</strong></span> <span class='ocrx_word' id='word_1_184' title='bbox 1371 2823 1471 2878; x_wconf 81' lang='lat' dir='ltr'><strong>Vix</strong></span> <span class='ocrx_word' id='word_1_185' title='bbox 1501 2834 1678 2878; x_wconf 84' lang='lat' dir='ltr'><strong>autem</strong></span> <span class='ocrx_word' id='word_1_186' title='bbox 1709 2822 1825 2878; x_wconf 83' lang='lat' dir='ltr'><strong>fieri</strong></span> <span class='ocrx_word' id='word_1_187' title='bbox 1847 2829 2084 2892; x_wconf 86' lang='lat' dir='ltr'><strong>poterat,</strong></span> 
     </span>
    </p>
   </div>
   <div class='ocr_carea' id='block_1_30' title="bbox 505 2916 2089 2986">
    <p class='ocr_par' dir='ltr' id='par_1_30' title="bbox 505 2916 2089 2986">
     <span class='ocr_line' id='line_1_30' title="bbox 505 2916 2089 2986; baseline 0 -18"><span class='ocrx_word' id='word_1_188' title='bbox 505 2921 565 2968; x_wconf 91' lang='lat' dir='ltr'><strong>ut</strong></span> <span class='ocrx_word' id='word_1_189' title='bbox 593 2917 680 2986; x_wconf 91' lang='lat' dir='ltr'><strong>qui</strong></span> <span class='ocrx_word' id='word_1_190' title='bbox 709 2919 1031 2972; x_wconf 84' lang='lat' dir='ltr'><strong>versabatur</strong></span> <span class='ocrx_word' id='word_1_191' title='bbox 1060 2920 1112 2972; x_wconf 93' lang='lat' dir='ltr'><strong>in</strong></span> <span class='ocrx_word' id='word_1_192' title='bbox 1151 2919 1415 2984; x_wconf 84' lang='lat' dir='ltr'><strong>ejusmodi</strong></span> <span class='ocrx_word' id='word_1_193' title='bbox 1461 2916 1756 2970; x_wconf 83' lang='lat' dir='ltr'><strong>salebrosis</strong></span> <span class='ocrx_word' id='word_1_194' title='bbox 1800 2931 2089 2986; x_wconf 83' lang='lat' dir='ltr'><strong>argumen-</strong></span> 
     </span>
    </p>
   </div>
   <div class='ocr_carea' id='block_1_31' title="bbox 505 3008 2084 3079">
    <p class='ocr_par' dir='ltr' id='par_1_31' title="bbox 505 3008 2084 3079">
     <span class='ocr_line' id='line_1_31' title="bbox 505 3008 2084 3079; baseline -0.001 -16"><span class='ocrx_word' id='word_1_195' title='bbox 505 3009 596 3074; x_wconf 86' lang='lat' dir='ltr'><strong>tis,</strong></span> <span class='ocrx_word' id='word_1_196' title='bbox 628 3025 656 3062; x_wconf 92' lang='lat' dir='ltr'><strong>a</strong></span> <span class='ocrx_word' id='word_1_197' title='bbox 697 3011 846 3064; x_wconf 88' lang='lat' dir='ltr'><strong>nullo</strong></span> <span class='ocrx_word' id='word_1_198' title='bbox 887 3011 1150 3066; x_wconf 88' lang='lat' dir='ltr'><strong>hactenus</strong></span> <span class='ocrx_word' id='word_1_199' title='bbox 1204 3012 1306 3065; x_wconf 93' lang='lat' dir='ltr'><strong>nisi</strong></span> <span class='ocrx_word' id='word_1_200' title='bbox 1339 3026 1530 3079; x_wconf 89' lang='lat' dir='ltr'><strong>parum</strong></span> <span class='ocrx_word' id='word_1_201' title='bbox 1563 3009 1798 3063; x_wconf 74' lang='lat' dir='ltr'><strong>feliciter</strong></span> <span class='ocrx_word' id='word_1_202' title='bbox 1837 3008 2084 3071; x_wconf 87' lang='lat' dir='ltr'><strong>tentatis,</strong></span> 
     </span>
    </p>
   </div>
   <div class='ocr_carea' id='block_1_32' title="bbox 499 3101 2088 3172">
    <p class='ocr_par' dir='ltr' id='par_1_32' title="bbox 499 3101 2088 3172">
     <span class='ocr_line' id='line_1_32' title="bbox 499 3101 2088 3172; baseline 0 -16"><span class='ocrx_word' id='word_1_203' title='bbox 499 3116 565 3156; x_wconf 90' lang='lat' dir='ltr'><strong>ea</strong></span> <span class='ocrx_word' id='word_1_204' title='bbox 605 3103 684 3158; x_wconf 90' lang='lat' dir='ltr'><strong>sic</strong></span> <span class='ocrx_word' id='word_1_205' title='bbox 728 3112 1113 3172; x_wconf 85' lang='lat' dir='ltr'><strong>pertractaret,</strong></span> <span class='ocrx_word' id='word_1_206' title='bbox 1145 3106 1276 3172; x_wconf 91' lang='lat' dir='ltr'><strong>quin</strong></span> <span class='ocrx_word' id='word_1_207' title='bbox 1331 3102 1626 3158; x_wconf 85' lang='lat' dir='ltr'><strong>lectoribus</strong></span> <span class='ocrx_word' id='word_1_208' title='bbox 1672 3103 1903 3156; x_wconf 85' lang='lat' dir='ltr'><strong>insuetis</strong></span> <span class='ocrx_word' id='word_1_209' title='bbox 1945 3101 2088 3156; x_wconf 85' lang='lat' dir='ltr'><strong>labo-</strong></span> 
     </span>
    </p>
   </div>
   <div class='ocr_carea' id='block_1_33' title="bbox 2174 570 3724 646">
    <p class='ocr_par' dir='ltr' id='par_1_33' title="bbox 2174 570 3724 646">
     <span class='ocr_line' id='line_1_33' title="bbox 2174 570 3724 646; baseline -0.001 -15"><span class='ocrx_word' id='word_1_210' title='bbox 2174 577 2388 646; x_wconf 89' lang='lat' dir='ltr'><strong>assequi</strong></span> <span class='ocrx_word' id='word_1_211' title='bbox 2415 576 2584 646; x_wconf 86' lang='lat' dir='ltr'><strong>cupit,</strong></span> <span class='ocrx_word' id='word_1_212' title='bbox 2606 576 2791 630; x_wconf 70' lang='lat' dir='ltr'><strong>lrenaei</strong></span> <span class='ocrx_word' id='word_1_213' title='bbox 2817 574 3048 638; x_wconf 80' lang='lat' dir='ltr'><strong>vestigia</strong></span> <span class='ocrx_word' id='word_1_214' title='bbox 3073 582 3308 642; x_wconf 86' lang='lat' dir='ltr'><strong>premat,</strong></span> <span class='ocrx_word' id='word_1_215' title='bbox 3327 570 3545 642; x_wconf 86' lang='lat' dir='ltr'><strong>ejusque</strong></span> <span class='ocrx_word' id='word_1_216' title='bbox 3573 572 3724 630; x_wconf 87' lang='lat' dir='ltr'><strong>libros</strong></span> 
     </span>
    </p>
   </div>
   <div class='ocr_carea' id='block_1_34' title="bbox 2173 664 3725 739">
    <p class='ocr_par' dir='ltr' id='par_1_34' title="bbox 2173 664 3725 739">
     <span class='ocr_line' id='line_1_34' title="bbox 2173 664 3725 739; baseline -0.005 -14"><span class='ocrx_word' id='word_1_217' title='bbox 2173 684 2239 725; x_wconf 91' lang='lat' dir='ltr'><strong>eo</strong></span> <span class='ocrx_word' id='word_1_218' title='bbox 2294 669 2487 724; x_wconf 89' lang='lat' dir='ltr'><strong>ordine</strong></span> <span class='ocrx_word' id='word_1_219' title='bbox 2521 683 2630 739; x_wconf 90' lang='lat' dir='ltr'><strong>quo</strong></span> <span class='ocrx_word' id='word_1_220' title='bbox 2661 667 2959 737; x_wconf 90' lang='lat' dir='ltr'><strong>conscripti</strong></span> <span class='ocrx_word' id='word_1_221' title='bbox 3006 674 3158 730; x_wconf 89' lang='lat' dir='ltr'><strong>sunt,</strong></span> <span class='ocrx_word' id='word_1_222' title='bbox 3197 664 3343 735; x_wconf 88' lang='lat' dir='ltr'><strong>legat</strong></span> <span class='ocrx_word' id='word_1_223' title='bbox 3373 679 3592 720; x_wconf 87' lang='lat' dir='ltr'><strong>necesse</strong></span> <span class='ocrx_word' id='word_1_224' title='bbox 3632 676 3725 720; x_wconf 86' lang='lat' dir='ltr'><strong>est.</strong></span> 
     </span>
    </p>
   </div>
   <div class='ocr_carea' id='block_1_35' title="bbox 2242 777 3723 843">
    <p class='ocr_par' dir='ltr' id='par_1_35' title="bbox 2242 777 3723 843">
     <span class='ocr_line' id='line_1_35' title="bbox 2242 777 3723 843; baseline -0.003 -7"><span class='ocrx_word' id='word_1_225' title='bbox 2242 781 2333 836; x_wconf 73' lang='grc'><strong>45.</strong></span> <span class='ocrx_word' id='word_1_226' title='bbox 2377 780 2448 835; x_wconf 91' lang='lat' dir='ltr'><strong>Ut</strong></span> <span class='ocrx_word' id='word_1_227' title='bbox 2482 783 2630 838; x_wconf 91' lang='lat' dir='ltr'><strong>enim</strong></span> <span class='ocrx_word' id='word_1_228' title='bbox 2682 782 2734 835; x_wconf 92' lang='lat' dir='ltr'><strong>in</strong></span> <span class='ocrx_word' id='word_1_229' title='bbox 2783 779 3122 836; x_wconf 86' lang='lat' dir='ltr'><strong>debellandis</strong></span> <span class='ocrx_word' id='word_1_230' title='bbox 3151 777 3450 843; x_wconf 81' lang='lat' dir='ltr'><strong>haereticis,</strong></span> <span class='ocrx_word' id='word_1_231' title='bbox 3478 778 3723 833; x_wconf 88' lang='lat' dir='ltr'><strong>adversus</strong></span> 
     </span>
    </p>
   </div>
   <div class='ocr_carea' id='block_1_36' title="bbox 2177 868 3724 942">
    <p class='ocr_par' dir='ltr' id='par_1_36' title="bbox 2177 868 3724 942">
     <span class='ocr_line' id='line_1_36' title="bbox 2177 868 3724 942; baseline -0.002 -15"><span class='ocrx_word' id='word_1_232' title='bbox 2177 888 2314 942; x_wconf 90' lang='lat' dir='ltr'><strong>quos</strong></span> <span class='ocrx_word' id='word_1_233' title='bbox 2350 888 2502 927; x_wconf 89' lang='lat' dir='ltr'><strong>arma</strong></span> <span class='ocrx_word' id='word_1_234' title='bbox 2546 873 2870 942; x_wconf 88' lang='lat' dir='ltr'><strong>capessebat</strong></span> <span class='ocrx_word' id='word_1_235' title='bbox 2911 871 2970 926; x_wconf 92' lang='lat' dir='ltr'><strong>S.</strong></span> <span class='ocrx_word' id='word_1_236' title='bbox 3020 871 3234 933; x_wconf 87' lang='lat' dir='ltr'><strong>doctor,</strong></span> <span class='ocrx_word' id='word_1_237' title='bbox 3271 868 3457 924; x_wconf 88' lang='lat' dir='ltr'><strong>ordine</strong></span> <span class='ocrx_word' id='word_1_238' title='bbox 3488 869 3724 938; x_wconf 85' lang='lat' dir='ltr'><strong>procede-</strong></span> 
     </span>
    </p>
   </div>
   <div class='ocr_carea' id='block_1_37' title="bbox 2177 961 3727 1034">
    <p class='ocr_par' dir='ltr' id='par_1_37' title="bbox 2177 961 3727 1034">
     <span class='ocr_line' id='line_1_37' title="bbox 2177 961 3727 1034; baseline -0.004 -14"><span class='ocrx_word' id='word_1_239' title='bbox 2177 975 2283 1028; x_wconf 88' lang='lat' dir='ltr'><strong>ret,</strong></span> <span class='ocrx_word' id='word_1_240' title='bbox 2335 965 2704 1020; x_wconf 89' lang='lat' dir='ltr'><strong>necessarinm</strong></span> <span class='ocrx_word' id='word_1_241' title='bbox 2752 964 2856 1019; x_wconf 86' lang='lat' dir='ltr'><strong>sibi</strong></span> <span class='ocrx_word' id='word_1_242' title='bbox 2907 963 3141 1034; x_wconf 89' lang='lat' dir='ltr'><strong>putavit,</strong></span> <span class='ocrx_word' id='word_1_243' title='bbox 3179 975 3231 1018; x_wconf 90' lang='lat' dir='ltr'><strong>et</strong></span> <span class='ocrx_word' id='word_1_244' title='bbox 3279 962 3474 1018; x_wconf 88' lang='lat' dir='ltr'><strong>merito</strong></span> <span class='ocrx_word' id='word_1_245' title='bbox 3507 961 3727 1030; x_wconf 89' lang='lat' dir='ltr'><strong>quidem,</strong></span> 
     </span>
    </p>
   </div>
   <div class='ocr_carea' id='block_1_38' title="bbox 2177 1053 3726 1126">
    <p class='ocr_par' dir='ltr' id='par_1_38' title="bbox 2177 1053 3726 1126">
     <span class='ocr_line' id='line_1_38' title="bbox 2177 1053 3726 1126; baseline -0.003 -15"><span class='ocrx_word' id='word_1_246' title='bbox 2177 1057 2508 1114; x_wconf 86' lang='lat' dir='ltr'><strong>sententiam</strong></span> <span class='ocrx_word' id='word_1_247' title='bbox 2565 1072 2754 1110; x_wconf 88' lang='lat' dir='ltr'><strong>eorum</strong></span> <span class='ocrx_word' id='word_1_248' title='bbox 2805 1057 3121 1111; x_wconf 88' lang='lat' dir='ltr'><strong>accuratius</strong></span> <span class='ocrx_word' id='word_1_249' title='bbox 3149 1071 3314 1126; x_wconf 90' lang='lat' dir='ltr'><strong>quam</strong></span> <span class='ocrx_word' id='word_1_250' title='bbox 3362 1065 3520 1109; x_wconf 83' lang='lat' dir='ltr'><strong>antea</strong></span> <span class='ocrx_word' id='word_1_251' title='bbox 3549 1053 3726 1116; x_wconf 80' lang='lat' dir='ltr'><strong>fuerat,</strong></span> 
     </span>
    </p>
   </div>
   <div class='ocr_carea' id='block_1_39' title="bbox 2175 1145 3726 1219">
    <p class='ocr_par' dir='ltr' id='par_1_39' title="bbox 2175 1145 3726 1219">
     <span class='ocr_line' id='line_1_39' title="bbox 2175 1145 3726 1219; baseline -0.004 -15"><span class='ocrx_word' id='word_1_252' title='bbox 2175 1163 2468 1219; x_wconf 83' lang='lat' dir='ltr'><strong>exponere.</strong></span> <span class='ocrx_word' id='word_1_253' title='bbox 2493 1151 2537 1201; x_wconf 90' lang='lat' dir='ltr'><strong>A</strong></span> <span class='ocrx_word' id='word_1_254' title='bbox 2557 1148 2954 1203; x_wconf 84' lang='lat' dir='ltr'><strong>Valentinianis</strong></span> <span class='ocrx_word' id='word_1_255' title='bbox 2979 1159 3160 1203; x_wconf 88' lang='lat' dir='ltr'><strong>autem</strong></span> <span class='ocrx_word' id='word_1_256' title='bbox 3189 1147 3472 1203; x_wconf 77' lang='lat' dir='ltr'><strong>exordium</strong></span> <span class='ocrx_word' id='word_1_257' title='bbox 3497 1145 3726 1214; x_wconf 87' lang='lat' dir='ltr'><strong>sumpsit,</strong></span> 
     </span>
    </p>
   </div>
   <div class='ocr_carea' id='block_1_40' title="bbox 2175 1237 3728 1310">
    <p class='ocr_par' dir='ltr' id='par_1_40' title="bbox 2175 1237 3728 1310">
     <span class='ocr_line' id='line_1_40' title="bbox 2175 1237 3728 1310; baseline -0.005 -15"><span class='ocrx_word' id='word_1_258' title='bbox 2175 1249 2229 1295; x_wconf 91' lang='lat' dir='ltr'><strong>et</strong></span> <span class='ocrx_word' id='word_1_259' title='bbox 2255 1243 2307 1295; x_wconf 92' lang='lat' dir='ltr'><strong>in</strong></span> <span class='ocrx_word' id='word_1_260' title='bbox 2337 1241 2388 1295; x_wconf 92' lang='lat' dir='ltr'><strong>id</strong></span> <span class='ocrx_word' id='word_1_261' title='bbox 2424 1240 2764 1310; x_wconf 89' lang='lat' dir='ltr'><strong>potissimum</strong></span> <span class='ocrx_word' id='word_1_262' title='bbox 2797 1239 3062 1302; x_wconf 90' lang='lat' dir='ltr'><strong>incubuit,</strong></span> <span class='ocrx_word' id='word_1_263' title='bbox 3097 1249 3154 1292; x_wconf 93' lang='lat' dir='ltr'><strong>ut</strong></span> <span class='ocrx_word' id='word_1_264' title='bbox 3181 1253 3368 1294; x_wconf 86' lang='lat' dir='ltr'><strong>eorum</strong></span> <span class='ocrx_word' id='word_1_265' title='bbox 3403 1237 3728 1308; x_wconf 84' lang='lat' dir='ltr'><strong>bypothesim</strong></span> 
     </span>
    </p>
   </div>
   <div class='ocr_carea' id='block_1_41' title="bbox 2178 1326 3728 1403">
    <p class='ocr_par' dir='ltr' id='par_1_41' title="bbox 2178 1326 3728 1403">
     <span class='ocr_line' id='line_1_41' title="bbox 2178 1326 3728 1403; baseline -0.005 -16"><span class='ocrx_word' id='word_1_266' title='bbox 2178 1333 2368 1403; x_wconf 86' lang='lat' dir='ltr'><strong>majori</strong></span> <span class='ocrx_word' id='word_1_267' title='bbox 2398 1335 2613 1388; x_wconf 72' lang='lat' dir='ltr'><strong>caneris</strong></span> <span class='ocrx_word' id='word_1_268' title='bbox 2639 1348 2770 1386; x_wconf 87' lang='lat' dir='ltr'><strong>cura</strong></span> <span class='ocrx_word' id='word_1_269' title='bbox 2813 1331 3146 1400; x_wconf 79' lang='lat' dir='ltr'><strong>explicatam</strong></span> <span class='ocrx_word' id='word_1_270' title='bbox 3177 1330 3354 1395; x_wconf 85' lang='lat' dir='ltr'><strong>daret,</strong></span> <span class='ocrx_word' id='word_1_271' title='bbox 3387 1338 3500 1382; x_wconf 92' lang='lat' dir='ltr'><strong>tum</strong></span> <span class='ocrx_word' id='word_1_272' title='bbox 3531 1326 3652 1396; x_wconf 81' lang='lat' dir='ltr'><strong>quia</strong></span> <span class='ocrx_word' id='word_1_273' title='bbox 3673 1339 3728 1380; x_wconf 82' lang='lat' dir='ltr'><strong>ea</strong></span> 
     </span>
    </p>
   </div>
   <div class='ocr_carea' id='block_1_42' title="bbox 2177 1417 3730 1489">
    <p class='ocr_par' dir='ltr' id='par_1_42' title="bbox 2177 1417 3730 1489">
     <span class='ocr_line' id='line_1_42' title="bbox 2177 1417 3730 1489; baseline -0.005 -12"><span class='ocrx_word' id='word_1_274' title='bbox 2177 1434 2335 1478; x_wconf 88' lang='lat' dir='ltr'><strong>erant</strong></span> <span class='ocrx_word' id='word_1_275' title='bbox 2363 1423 2522 1477; x_wconf 89' lang='lat' dir='ltr'><strong>amici</strong></span> <span class='ocrx_word' id='word_1_276' title='bbox 2569 1422 2652 1476; x_wconf 91' lang='lat' dir='ltr'><strong>sui</strong></span> <span class='ocrx_word' id='word_1_277' title='bbox 2694 1432 2842 1486; x_wconf 87' lang='lat' dir='ltr'><strong>vota,</strong></span> <span class='ocrx_word' id='word_1_278' title='bbox 2896 1429 3006 1473; x_wconf 90' lang='lat' dir='ltr'><strong>tum</strong></span> <span class='ocrx_word' id='word_1_279' title='bbox 3037 1423 3166 1489; x_wconf 88' lang='lat' dir='ltr'><strong>quia</strong></span> <span class='ocrx_word' id='word_1_280' title='bbox 3216 1420 3268 1474; x_wconf 95' lang='lat' dir='ltr'><strong>in</strong></span> <span class='ocrx_word' id='word_1_281' title='bbox 3319 1433 3438 1473; x_wconf 90' lang='lat' dir='ltr'><strong>eam</strong></span> <span class='ocrx_word' id='word_1_282' title='bbox 3480 1417 3730 1480; x_wconf 68' lang='lat' dir='ltr'><strong>haeresim,</strong></span> 
     </span>
    </p>
   </div>
   <div class='ocr_carea' id='block_1_43' title="bbox 2178 1508 3731 1578">
    <p class='ocr_par' dir='ltr' id='par_1_43' title="bbox 2178 1508 3731 1578">
     <span class='ocr_line' id='line_1_43' title="bbox 2178 1508 3731 1578; baseline -0.005 -10"><span class='ocrx_word' id='word_1_283' title='bbox 2178 1515 2328 1569; x_wconf 89' lang='lat' dir='ltr'><strong>velut</strong></span> <span class='ocrx_word' id='word_1_284' title='bbox 2367 1514 2419 1568; x_wconf 92' lang='lat' dir='ltr'><strong>in</strong></span> <span class='ocrx_word' id='word_1_285' title='bbox 2457 1514 2755 1578; x_wconf 88' lang='lat' dir='ltr'><strong>sentinam,</strong></span> <span class='ocrx_word' id='word_1_286' title='bbox 2801 1511 3179 1568; x_wconf 87' lang='lat' dir='ltr'><strong>confluxerant</strong></span> <span class='ocrx_word' id='word_1_287' title='bbox 3232 1511 3466 1564; x_wconf 90' lang='lat' dir='ltr'><strong>aliarum</strong></span> <span class='ocrx_word' id='word_1_288' title='bbox 3511 1508 3731 1564; x_wconf 88' lang='lat' dir='ltr'><strong>omnium</strong></span> 
     </span>
    </p>
   </div>
   <div class='ocr_carea' id='block_1_44' title="bbox 2179 1602 3728 1673">
    <p class='ocr_par' dir='ltr' id='par_1_44' title="bbox 2179 1602 3728 1673">
     <span class='ocr_line' id='line_1_44' title="bbox 2179 1602 3728 1673; baseline -0.005 -12"><span class='ocrx_word' id='word_1_289' title='bbox 2179 1607 2403 1673; x_wconf 87' lang='lat' dir='ltr'><strong>sordes;</strong></span> <span class='ocrx_word' id='word_1_290' title='bbox 2433 1617 2488 1662; x_wconf 92' lang='lat' dir='ltr'><strong>et</strong></span> <span class='ocrx_word' id='word_1_291' title='bbox 2511 1607 2633 1660; x_wconf 90' lang='lat' dir='ltr'><strong>ideo</strong></span> <span class='ocrx_word' id='word_1_292' title='bbox 2662 1606 2714 1660; x_wconf 92' lang='lat' dir='ltr'><strong>in</strong></span> <span class='ocrx_word' id='word_1_293' title='bbox 2745 1606 2886 1661; x_wconf 88' lang='lat' dir='ltr'><strong>hanc</strong></span> <span class='ocrx_word' id='word_1_294' title='bbox 2913 1619 3103 1661; x_wconf 90' lang='lat' dir='ltr'><strong>omnes</strong></span> <span class='ocrx_word' id='word_1_295' title='bbox 3131 1602 3246 1659; x_wconf 88' lang='lat' dir='ltr'><strong>fere</strong></span> <span class='ocrx_word' id='word_1_296' title='bbox 3272 1605 3419 1658; x_wconf 89' lang='lat' dir='ltr'><strong>vires</strong></span> <span class='ocrx_word' id='word_1_297' title='bbox 3455 1602 3728 1665; x_wconf 77' lang='lat' dir='ltr'><strong>convertit,</strong></span> 
     </span>
    </p>
   </div>
   <div class='ocr_carea' id='block_1_45' title="bbox 2181 1694 3734 1766">
    <p class='ocr_par' dir='ltr' id='par_1_45' title="bbox 2181 1694 3734 1766">
     <span class='ocr_line' id='line_1_45' title="bbox 2181 1694 3734 1766; baseline -0.005 -16"><span class='ocrx_word' id='word_1_298' title='bbox 2181 1705 2332 1752; x_wconf 87' lang='lat' dir='ltr'><strong>ratus</strong></span> <span class='ocrx_word' id='word_1_299' title='bbox 2375 1712 2436 1750; x_wconf 88' lang='lat' dir='ltr'><strong>ea</strong></span> <span class='ocrx_word' id='word_1_300' title='bbox 2486 1696 2653 1751; x_wconf 90' lang='lat' dir='ltr'><strong>semel</strong></span> <span class='ocrx_word' id='word_1_301' title='bbox 2690 1694 2860 1766; x_wconf 89' lang='lat' dir='ltr'><strong>probe</strong></span> <span class='ocrx_word' id='word_1_302' title='bbox 2892 1705 3018 1750; x_wconf 90' lang='lat' dir='ltr'><strong>nota</strong></span> <span class='ocrx_word' id='word_1_303' title='bbox 3071 1705 3126 1749; x_wconf 91' lang='lat' dir='ltr'><strong>et</strong></span> <span class='ocrx_word' id='word_1_304' title='bbox 3178 1702 3476 1764; x_wconf 87' lang='lat' dir='ltr'><strong>prostrata,</strong></span> <span class='ocrx_word' id='word_1_305' title='bbox 3528 1700 3734 1746; x_wconf 58' lang='lat' dir='ltr'><strong>exteras</strong></span> 
     </span>
    </p>
   </div>
   <div class='ocr_carea' id='block_1_46' title="bbox 2181 1783 3736 1856">
    <p class='ocr_par' dir='ltr' id='par_1_46' title="bbox 2181 1783 3736 1856">
     <span class='ocr_line' id='line_1_46' title="bbox 2181 1783 3736 1856; baseline -0.004 -12"><span class='ocrx_word' id='word_1_306' title='bbox 2181 1799 2331 1844; x_wconf 78' lang='lat' dir='ltr'><strong>Stare</strong></span> <span class='ocrx_word' id='word_1_307' title='bbox 2379 1803 2485 1842; x_wconf 91' lang='lat' dir='ltr'><strong>non</strong></span> <span class='ocrx_word' id='word_1_308' title='bbox 2539 1802 2720 1856; x_wconf 91' lang='lat' dir='ltr'><strong>posse.</strong></span> <span class='ocrx_word' id='word_1_309' title='bbox 2779 1787 2912 1842; x_wconf 89' lang='lat' dir='ltr'><strong>Cum</strong></span> <span class='ocrx_word' id='word_1_310' title='bbox 2965 1802 3095 1843; x_wconf 88' lang='lat' dir='ltr'><strong>vero</strong></span> <span class='ocrx_word' id='word_1_311' title='bbox 3151 1787 3294 1840; x_wconf 89' lang='lat' dir='ltr'><strong>inter</strong></span> <span class='ocrx_word' id='word_1_312' title='bbox 3349 1783 3736 1839; x_wconf 77' lang='lat' dir='ltr'><strong>Valentinianus</strong></span> 
     </span>
    </p>
   </div>
   <div class='ocr_carea' id='block_1_47' title="bbox 2182 1877 3736 1949">
    <p class='ocr_par' dir='ltr' id='par_1_47' title="bbox 2182 1877 3736 1949">
     <span class='ocr_line' id='line_1_47' title="bbox 2182 1877 3736 1949; baseline -0.005 -15"><span class='ocrx_word' id='word_1_313' title='bbox 2182 1894 2372 1935; x_wconf 87' lang='lat' dir='ltr'><strong>omnes</strong></span> <span class='ocrx_word' id='word_1_314' title='bbox 2411 1879 2616 1949; x_wconf 89' lang='lat' dir='ltr'><strong>primas</strong></span> <span class='ocrx_word' id='word_1_315' title='bbox 2669 1879 2827 1934; x_wconf 88' lang='lat' dir='ltr'><strong>facile</strong></span> <span class='ocrx_word' id='word_1_316' title='bbox 2876 1888 3126 1934; x_wconf 88' lang='lat' dir='ltr'><strong>tenerent</strong></span> <span class='ocrx_word' id='word_1_317' title='bbox 3176 1887 3233 1933; x_wconf 90' lang='lat' dir='ltr'><strong>et</strong></span> <span class='ocrx_word' id='word_1_318' title='bbox 3279 1877 3608 1933; x_wconf 86' lang='lat' dir='ltr'><strong>asseclarum</strong></span> <span class='ocrx_word' id='word_1_319' title='bbox 3654 1890 3736 1928; x_wconf 88' lang='lat' dir='ltr'><strong>nu-</strong></span> 
     </span>
    </p>
   </div>
   <div class='ocr_carea' id='block_1_48' title="bbox 2183 1965 3738 2040">
    <p class='ocr_par' dir='ltr' id='par_1_48' title="bbox 2183 1965 3738 2040">
     <span class='ocr_line' id='line_1_48' title="bbox 2183 1965 3738 2040; baseline -0.003 -16"><span class='ocrx_word' id='word_1_320' title='bbox 2183 1985 2366 2034; x_wconf 89' lang='lat' dir='ltr'><strong>mero,</strong></span> <span class='ocrx_word' id='word_1_321' title='bbox 2421 1984 2476 2024; x_wconf 85' lang='lat' dir='ltr'><strong>et</strong></span> <span class='ocrx_word' id='word_1_322' title='bbox 2523 1970 2795 2040; x_wconf 84' lang='lat' dir='ltr'><strong>indigesta</strong></span> <span class='ocrx_word' id='word_1_323' title='bbox 2850 1971 3166 2038; x_wconf 83' lang='lat' dir='ltr'><strong>dogtnatum</strong></span> <span class='ocrx_word' id='word_1_324' title='bbox 3217 1970 3568 2040; x_wconf 85' lang='lat' dir='ltr'><strong>omnigenum</strong></span> <span class='ocrx_word' id='word_1_325' title='bbox 3615 1965 3738 2020; x_wconf 86' lang='lat' dir='ltr'><strong>male</strong></span> 
     </span>
    </p>
   </div>
   <div class='ocr_carea' id='block_1_49' title="bbox 2183 2062 3740 2133">
    <p class='ocr_par' dir='ltr' id='par_1_49' title="bbox 2183 2062 3740 2133">
     <span class='ocr_line' id='line_1_49' title="bbox 2183 2062 3740 2133; baseline -0.006 -13"><span class='ocrx_word' id='word_1_326' title='bbox 2183 2065 2286 2120; x_wconf 86' lang='lat' dir='ltr'><strong>sibi</strong></span> <span class='ocrx_word' id='word_1_327' title='bbox 2314 2063 2708 2118; x_wconf 73' lang='lat' dir='ltr'><strong>coluerentium</strong></span> <span class='ocrx_word' id='word_1_328' title='bbox 2738 2062 3032 2133; x_wconf 83' lang='lat' dir='ltr'><strong>farragine,</strong></span> <span class='ocrx_word' id='word_1_329' title='bbox 3067 2071 3121 2116; x_wconf 91' lang='lat' dir='ltr'><strong>et</strong></span> <span class='ocrx_word' id='word_1_330' title='bbox 3149 2062 3393 2132; x_wconf 89' lang='lat' dir='ltr'><strong>projecta</strong></span> <span class='ocrx_word' id='word_1_331' title='bbox 3423 2076 3740 2131; x_wconf 86' lang='lat' dir='ltr'><strong>propugnan-</strong></span> 
     </span>
    </p>
   </div>
   <div class='ocr_carea' id='block_1_50' title="bbox 2185 2153 3738 2216">
    <p class='ocr_par' dir='ltr' id='par_1_50' title="bbox 2185 2153 3738 2216">
     <span class='ocr_line' id='line_1_50' title="bbox 2185 2153 3738 2216; baseline -0.003 -7"><span class='ocrx_word' id='word_1_332' title='bbox 2185 2156 2318 2210; x_wconf 90' lang='lat' dir='ltr'><strong>tium</strong></span> <span class='ocrx_word' id='word_1_333' title='bbox 2349 2155 2574 2209; x_wconf 85' lang='lat' dir='ltr'><strong>audacia</strong></span> <span class='ocrx_word' id='word_1_334' title='bbox 2605 2164 2658 2210; x_wconf 90' lang='lat' dir='ltr'><strong>et</strong></span> <span class='ocrx_word' id='word_1_335' title='bbox 2683 2156 2991 2210; x_wconf 88' lang='lat' dir='ltr'><strong>temeritate</strong></span> <span class='ocrx_word' id='word_1_336' title='bbox 3019 2155 3357 2210; x_wconf 74' lang='lat' dir='ltr'><strong>Ptolentaitze</strong></span> <span class='ocrx_word' id='word_1_337' title='bbox 3397 2164 3452 2210; x_wconf 91' lang='lat' dir='ltr'><strong>et</strong></span> <span class='ocrx_word' id='word_1_338' title='bbox 3481 2153 3738 2216; x_wconf 82' lang='lat' dir='ltr'><strong>Marcosii,</strong></span> 
     </span>
    </p>
   </div>
   <div class='ocr_carea' id='block_1_51' title="bbox 2184 2242 3740 2318">
    <p class='ocr_par' dir='ltr' id='par_1_51' title="bbox 2184 2242 3740 2318">
     <span class='ocr_line' id='line_1_51' title="bbox 2184 2242 3740 2318; baseline -0.004 -16"><span class='ocrx_word' id='word_1_339' title='bbox 2184 2248 2352 2317; x_wconf 89' lang='lat' dir='ltr'><strong>hique</strong></span> <span class='ocrx_word' id='word_1_340' title='bbox 2377 2247 2793 2318; x_wconf 87' lang='lat' dir='ltr'><strong>Lugdunensem</strong></span> <span class='ocrx_word' id='word_1_341' title='bbox 2831 2255 3086 2314; x_wconf 90' lang='lat' dir='ltr'><strong>tractum,</strong></span> <span class='ocrx_word' id='word_1_342' title='bbox 3118 2245 3207 2300; x_wconf 92' lang='lat' dir='ltr'><strong>cui</strong></span> <span class='ocrx_word' id='word_1_343' title='bbox 3238 2255 3471 2314; x_wconf 69' lang='lat' dir='ltr'><strong>prmerat</strong></span> <span class='ocrx_word' id='word_1_344' title='bbox 3503 2242 3740 2308; x_wconf 80' lang='lat' dir='ltr'><strong>lremeus,</strong></span> 
     </span>
    </p>
   </div>
   <div class='ocr_carea' id='block_1_52' title="bbox 2186 2335 3741 2409">
    <p class='ocr_par' dir='ltr' id='par_1_52' title="bbox 2186 2335 3741 2409">
     <span class='ocr_line' id='line_1_52' title="bbox 2186 2335 3741 2409; baseline -0.005 -15"><span class='ocrx_word' id='word_1_345' title='bbox 2186 2341 2451 2396; x_wconf 84' lang='lat' dir='ltr'><strong>infestare</strong></span> <span class='ocrx_word' id='word_1_346' title='bbox 2499 2341 2834 2409; x_wconf 71' lang='lat' dir='ltr'><strong>cmpissent;</strong></span> <span class='ocrx_word' id='word_1_347' title='bbox 2881 2339 2933 2392; x_wconf 91' lang='lat' dir='ltr'><strong>in</strong></span> <span class='ocrx_word' id='word_1_348' title='bbox 2983 2352 3175 2392; x_wconf 88' lang='lat' dir='ltr'><strong>eorum</strong></span> <span class='ocrx_word' id='word_1_349' title='bbox 3228 2335 3554 2404; x_wconf 86' lang='lat' dir='ltr'><strong>explicanda</strong></span> <span class='ocrx_word' id='word_1_350' title='bbox 3589 2335 3741 2405; x_wconf 85' lang='lat' dir='ltr'><strong>hypo-</strong></span> 
     </span>
    </p>
   </div>
   <div class='ocr_carea' id='block_1_53' title="bbox 2190 2428 3739 2499">
    <p class='ocr_par' dir='ltr' id='par_1_53' title="bbox 2190 2428 3739 2499">
     <span class='ocr_line' id='line_1_53' title="bbox 2190 2428 3739 2499; baseline -0.006 -11"><span class='ocrx_word' id='word_1_351' title='bbox 2190 2434 2329 2488; x_wconf 92' lang='lat' dir='ltr'><strong>thesi</strong></span> <span class='ocrx_word' id='word_1_352' title='bbox 2379 2433 2584 2488; x_wconf 88' lang='lat' dir='ltr'><strong>diutius</strong></span> <span class='ocrx_word' id='word_1_353' title='bbox 2618 2433 2943 2486; x_wconf 89' lang='lat' dir='ltr'><strong>immoratus</strong></span> <span class='ocrx_word' id='word_1_354' title='bbox 2972 2439 3077 2496; x_wconf 89' lang='lat' dir='ltr'><strong>est,</strong></span> <span class='ocrx_word' id='word_1_355' title='bbox 3116 2438 3302 2499; x_wconf 91' lang='lat' dir='ltr'><strong>utpote</strong></span> <span class='ocrx_word' id='word_1_356' title='bbox 3352 2428 3409 2482; x_wconf 93' lang='lat' dir='ltr'><strong>in</strong></span> <span class='ocrx_word' id='word_1_357' title='bbox 3459 2441 3614 2496; x_wconf 87' lang='lat' dir='ltr'><strong>quam</strong></span> <span class='ocrx_word' id='word_1_358' title='bbox 3643 2436 3739 2479; x_wconf 88' lang='lat' dir='ltr'><strong>tota</strong></span> 
     </span>
    </p>
   </div>
   <div class='ocr_carea' id='block_1_54' title="bbox 2186 2518 3742 2588">
    <p class='ocr_par' dir='ltr' id='par_1_54' title="bbox 2186 2518 3742 2588">
     <span class='ocr_line' id='line_1_54' title="bbox 2186 2518 3742 2588; baseline -0.008 -7"><span class='ocrx_word' id='word_1_359' title='bbox 2186 2527 2310 2581; x_wconf 90' lang='lat' dir='ltr'><strong>belli</strong></span> <span class='ocrx_word' id='word_1_360' title='bbox 2342 2527 2517 2580; x_wconf 90' lang='lat' dir='ltr'><strong>moles</strong></span> <span class='ocrx_word' id='word_1_361' title='bbox 2562 2525 2880 2579; x_wconf 87' lang='lat' dir='ltr'><strong>incumbere</strong></span> <span class='ocrx_word' id='word_1_362' title='bbox 2927 2523 3182 2577; x_wconf 87' lang='lat' dir='ltr'><strong>debebat.</strong></span> <span class='ocrx_word' id='word_1_363' title='bbox 3213 2520 3322 2575; x_wconf 89' lang='lat' dir='ltr'><strong>Sed</strong></span> <span class='ocrx_word' id='word_1_364' title='bbox 3352 2520 3480 2588; x_wconf 87' lang='lat' dir='ltr'><strong>quia</strong></span> <span class='ocrx_word' id='word_1_365' title='bbox 3517 2518 3742 2573; x_wconf 81' lang='lat' dir='ltr'><strong>Valenti-</strong></span> 
     </span>
    </p>
   </div>
   <div class='ocr_carea' id='block_1_55' title="bbox 2191 2612 3743 2684">
    <p class='ocr_par' dir='ltr' id='par_1_55' title="bbox 2191 2612 3743 2684">
     <span class='ocr_line' id='line_1_55' title="bbox 2191 2612 3743 2684; baseline -0.007 -12"><span class='ocrx_word' id='word_1_366' title='bbox 2191 2620 2340 2672; x_wconf 90' lang='lat' dir='ltr'><strong>niani</strong></span> <span class='ocrx_word' id='word_1_367' title='bbox 2370 2631 2564 2672; x_wconf 89' lang='lat' dir='ltr'><strong>omnes</strong></span> <span class='ocrx_word' id='word_1_368' title='bbox 2595 2616 2790 2671; x_wconf 87' lang='lat' dir='ltr'><strong>callide</strong></span> <span class='ocrx_word' id='word_1_369' title='bbox 2825 2613 3182 2669; x_wconf 89' lang='lat' dir='ltr'><strong>dissimulatis</strong></span> <span class='ocrx_word' id='word_1_370' title='bbox 3223 2612 3508 2683; x_wconf 89' lang='lat' dir='ltr'><strong>probrosis</strong></span> <span class='ocrx_word' id='word_1_371' title='bbox 3539 2624 3743 2684; x_wconf 84' lang='lat' dir='ltr'><strong>avorum</strong></span> 
     </span>
    </p>
   </div>
   <div class='ocr_carea' id='block_1_56' title="bbox 2189 2705 3746 2775">
    <p class='ocr_par' dir='ltr' id='par_1_56' title="bbox 2189 2705 3746 2775">
     <span class='ocr_line' id='line_1_56' title="bbox 2189 2705 3746 2775; baseline -0.006 -9"><span class='ocrx_word' id='word_1_372' title='bbox 2189 2711 2526 2775; x_wconf 87' lang='lat' dir='ltr'><strong>nominibus,</strong></span> <span class='ocrx_word' id='word_1_373' title='bbox 2559 2710 2690 2764; x_wconf 91' lang='lat' dir='ltr'><strong>illud</strong></span> <span class='ocrx_word' id='word_1_374' title='bbox 2724 2709 3111 2764; x_wconf 89' lang='lat' dir='ltr'><strong>Gnosticorum</strong></span> <span class='ocrx_word' id='word_1_375' title='bbox 3141 2707 3244 2760; x_wconf 90' lang='lat' dir='ltr'><strong>sibi</strong></span> <span class='ocrx_word' id='word_1_376' title='bbox 3283 2705 3570 2774; x_wconf 85' lang='lat' dir='ltr'><strong>superbius</strong></span> <span class='ocrx_word' id='word_1_377' title='bbox 3609 2717 3746 2756; x_wconf 80' lang='lat' dir='ltr'><strong>arro-</strong></span> 
     </span>
    </p>
   </div>
   <div class='ocr_carea' id='block_1_57' title="bbox 2189 2788 3744 2874">
    <p class='ocr_par' dir='ltr' id='par_1_57' title="bbox 2189 2788 3744 2874">
     <span class='ocr_line' id='line_1_57' title="bbox 2189 2788 3744 2874; baseline -0.006 -16"><span class='ocrx_word' id='word_1_378' title='bbox 2189 2805 2423 2874; x_wconf 85' lang='lat' dir='ltr'><strong>gabant;</strong></span> <span class='ocrx_word' id='word_1_379' title='bbox 2453 2812 2511 2856; x_wconf 88' lang='lat' dir='ltr'><strong>ut</strong></span> <span class='ocrx_word' id='word_1_380' title='bbox 2537 2817 2725 2857; x_wconf 91' lang='lat' dir='ltr'><strong>eorum</strong></span> <span class='ocrx_word' id='word_1_381' title='bbox 2756 2800 3147 2871; x_wconf 86' lang='lat' dir='ltr'><strong>impudentiam</strong></span> <span class='ocrx_word' id='word_1_382' title='bbox 3177 2788 3481 2864; x_wconf 77' lang='lat' dir='ltr'><strong>castigai&#39;et</strong></span> <span class='ocrx_word' id='word_1_383' title='bbox 3506 2797 3744 2856; x_wconf 69' lang='lat' dir='ltr'><strong>lrenzeus.</strong></span> 
     </span>
    </p>
   </div>
   <div class='ocr_carea' id='block_1_58' title="bbox 2189 2888 3747 2951">
    <p class='ocr_par' dir='ltr' id='par_1_58' title="bbox 2189 2888 3747 2951">
     <span class='ocr_line' id='line_1_58' title="bbox 2189 2888 3747 2951; baseline -0.008 -1"><span class='ocrx_word' id='word_1_384' title='bbox 2189 2913 2253 2950; x_wconf 85' lang='lat' dir='ltr'><strong>ac</strong></span> <span class='ocrx_word' id='word_1_385' title='bbox 2303 2896 2463 2951; x_wconf 82' lang='lat' dir='ltr'><strong>simul</strong></span> <span class='ocrx_word' id='word_1_386' title='bbox 2516 2894 2767 2949; x_wconf 72' lang='lat' dir='ltr'><strong>haaresitn</strong></span> <span class='ocrx_word' id='word_1_387' title='bbox 2819 2908 2848 2947; x_wconf 86' lang='lat' dir='ltr'><strong>a</strong></span> <span class='ocrx_word' id='word_1_388' title='bbox 2902 2891 3180 2946; x_wconf 85' lang='lat' dir='ltr'><strong>radicibus</strong></span> <span class='ocrx_word' id='word_1_389' title='bbox 3240 2891 3362 2944; x_wconf 92' lang='lat' dir='ltr'><strong>imis</strong></span> <span class='ocrx_word' id='word_1_390' title='bbox 3413 2888 3747 2950; x_wconf 83' lang='lat' dir='ltr'><strong>convelleret,</strong></span> 
     </span>
    </p>
   </div>
   <div class='ocr_carea' id='block_1_59' title="bbox 2191 2982 3746 3056">
    <p class='ocr_par' dir='ltr' id='par_1_59' title="bbox 2191 2982 3746 3056">
     <span class='ocr_line' id='line_1_59' title="bbox 2191 2982 3746 3056; baseline -0.008 -12"><span class='ocrx_word' id='word_1_391' title='bbox 2191 2989 2437 3045; x_wconf 84' lang='lat' dir='ltr'><strong>ostendit</strong></span> <span class='ocrx_word' id='word_1_392' title='bbox 2467 3003 2812 3043; x_wconf 89' lang='lat' dir='ltr'><strong>communem</strong></span> <span class='ocrx_word' id='word_1_393' title='bbox 2841 2987 3086 3041; x_wconf 90' lang='lat' dir='ltr'><strong>omnium</strong></span> <span class='ocrx_word' id='word_1_394' title='bbox 3117 2994 3399 3056; x_wconf 88' lang='lat' dir='ltr'><strong>parentem</strong></span> <span class='ocrx_word' id='word_1_395' title='bbox 3432 2997 3551 3040; x_wconf 91' lang='lat' dir='ltr'><strong>esse</strong></span> <span class='ocrx_word' id='word_1_396' title='bbox 3584 2982 3746 3036; x_wconf 79' lang='lat' dir='ltr'><strong>Simo-</strong></span> 
     </span>
    </p>
   </div>
   <div class='ocr_carea' id='block_1_60' title="bbox 2190 3078 3748 3151">
    <p class='ocr_par' dir='ltr' id='par_1_60' title="bbox 2190 3078 3748 3151">
     <span class='ocr_line' id='line_1_60' title="bbox 2190 3078 3748 3151; baseline -0.006 -15"><span class='ocrx_word' id='word_1_397' title='bbox 2190 3098 2312 3138; x_wconf 89' lang='lat' dir='ltr'><strong>nem</strong></span> <span class='ocrx_word' id='word_1_398' title='bbox 2334 3082 2570 3151; x_wconf 86' lang='lat' dir='ltr'><strong>Magum,</strong></span> <span class='ocrx_word' id='word_1_399' title='bbox 2586 3080 2718 3134; x_wconf 91' lang='lat' dir='ltr'><strong>illud</strong></span> <span class='ocrx_word' id='word_1_400' title='bbox 2747 3078 3042 3149; x_wconf 86' lang='lat' dir='ltr'><strong>impietatis</strong></span> <span class='ocrx_word' id='word_1_401' title='bbox 3065 3087 3374 3132; x_wconf 90' lang='lat' dir='ltr'><strong>monstrum</strong></span> <span class='ocrx_word' id='word_1_402' title='bbox 3401 3078 3582 3147; x_wconf 91' lang='lat' dir='ltr'><strong>potius</strong></span> <span class='ocrx_word' id='word_1_403' title='bbox 3603 3087 3748 3145; x_wconf 87' lang='lat' dir='ltr'><strong>quam</strong></span> 
     </span>
    </p>
   </div>
   <div class='ocr_carea' id='block_1_61' title="bbox 503 3165 3748 3266">
    <p class='ocr_par' dir='ltr' id='par_1_61' title="bbox 503 3165 3748 3266">
     <span class='ocr_line' id='line_1_61' title="bbox 503 3165 3748 3266; baseline -0.001 -19"><span class='ocrx_word' id='word_1_404' title='bbox 503 3208 616 3247; x_wconf 88' lang='lat' dir='ltr'><strong>rem</strong></span> <span class='ocrx_word' id='word_1_405' title='bbox 647 3165 860 3250; x_wconf 79' lang='lat' dir='ltr'><strong>crearet</strong></span> <span class='ocrx_word' id='word_1_406' title='bbox 901 3195 1016 3263; x_wconf 90' lang='lat' dir='ltr'><strong>ipsa</strong></span> <span class='ocrx_word' id='word_1_407' title='bbox 1050 3165 1359 3266; x_wconf 80' lang='lat' dir='ltr'><strong>argumenti</strong></span> <span class='ocrx_word' id='word_1_408' title='bbox 1400 3197 1639 3260; x_wconf 89' lang='lat' dir='ltr'><strong>novitas,</strong></span> <span class='ocrx_word' id='word_1_409' title='bbox 1675 3195 1862 3263; x_wconf 86' lang='lat' dir='ltr'><strong>reique</strong></span> <span class='ocrx_word' id='word_1_410' title='bbox 1891 3194 2082 3248; x_wconf 87' lang='lat' dir='ltr'><strong>innata</strong></span> <span class='ocrx_word' id='word_1_411' title='bbox 2115 3203 2156 3260; x_wconf 85' lang='lat' dir='ltr'>C</span> <span class='ocrx_word' id='word_1_412' title='bbox 2193 3171 2711 3266; x_wconf 53' lang='lat' dir='ltr'><strong>homi&#39;wm’acuj“</strong></span> <span class='ocrx_word' id='word_1_413' title='bbox 2736 3170 2820 3225; x_wconf 67' lang='lat' dir='ltr'><strong>vel</strong></span> <span class='ocrx_word' id='word_1_414' title='bbox 2843 3171 3063 3266; x_wconf 57' lang='lat' dir='ltr'><strong>&quot;9mm&quot;</strong></span> <span class='ocrx_word' id='word_1_415' title='bbox 3079 3165 3748 3266; x_wconf 63' lang='lat' dir='ltr'><strong>abhorrebantChrisfianf</strong></span> 
     </span>
    </p>
   </div>
   <div class='ocr_carea' id='block_1_62' title="bbox 503 3282 2084 3342">
    <p class='ocr_par' dir='ltr' id='par_1_62' title="bbox 503 3282 2084 3342">
     <span class='ocr_line' id='line_1_62' title="bbox 503 3282 2084 3342; baseline 0.001 -4"><span class='ocrx_word' id='word_1_416' title='bbox 503 3282 816 3340; x_wconf 87' lang='lat' dir='ltr'><strong>dillicultas.</strong></span> <span class='ocrx_word' id='word_1_417' title='bbox 875 3284 947 3341; x_wconf 87' lang='lat' dir='ltr'><strong>Ut</strong></span> <span class='ocrx_word' id='word_1_418' title='bbox 996 3287 1130 3340; x_wconf 90' lang='lat' dir='ltr'><strong>nihil</strong></span> <span class='ocrx_word' id='word_1_419' title='bbox 1168 3287 1259 3342; x_wconf 90' lang='lat' dir='ltr'><strong>hic</strong></span> <span class='ocrx_word' id='word_1_420' title='bbox 1310 3288 1488 3342; x_wconf 89' lang='lat' dir='ltr'><strong>dicam</strong></span> <span class='ocrx_word' id='word_1_421' title='bbox 1521 3287 1587 3341; x_wconf 91' lang='lat' dir='ltr'><strong>de</strong></span> <span class='ocrx_word' id='word_1_422' title='bbox 1626 3287 1860 3342; x_wconf 88' lang='lat' dir='ltr'><strong>barbara</strong></span> <span class='ocrx_word' id='word_1_423' title='bbox 1891 3286 2084 3340; x_wconf 88' lang='lat' dir='ltr'><strong>Latina</strong></span> 
     </span>
    </p>
   </div>
   <div class='ocr_carea' id='block_1_63' title="bbox 506 3377 2088 3448">
    <p class='ocr_par' dir='ltr' id='par_1_63' title="bbox 506 3377 2088 3448">
     <span class='ocr_line' id='line_1_63' title="bbox 506 3377 2088 3448; baseline 0.001 -18"><span class='ocrx_word' id='word_1_424' title='bbox 506 3377 985 3446; x_wconf 87' lang='lat' dir='ltr'><strong>interpretatione,</strong></span> <span class='ocrx_word' id='word_1_425' title='bbox 1041 3394 1162 3448; x_wconf 85' lang='lat' dir='ltr'><strong>quae</strong></span> <span class='ocrx_word' id='word_1_426' title='bbox 1215 3379 1522 3448; x_wconf 89' lang='lat' dir='ltr'><strong>perspicuis</strong></span> <span class='ocrx_word' id='word_1_427' title='bbox 1571 3394 1641 3433; x_wconf 85' lang='lat' dir='ltr'><strong>ex</strong></span> <span class='ocrx_word' id='word_1_428' title='bbox 1694 3393 1751 3432; x_wconf 90' lang='lat' dir='ltr'><strong>se</strong></span> <span class='ocrx_word' id='word_1_429' title='bbox 1802 3379 2088 3432; x_wconf 84' lang='lat' dir='ltr'><strong>sententiis</strong></span> 
     </span>
    </p>
   </div>
   <div class='ocr_carea' id='block_1_64' title="bbox 506 3469 2086 3540">
    <p class='ocr_par' dir='ltr' id='par_1_64' title="bbox 506 3469 2086 3540">
     <span class='ocr_line' id='line_1_64' title="bbox 506 3469 2086 3540; baseline 0.002 -19"><span class='ocrx_word' id='word_1_430' title='bbox 506 3469 867 3524; x_wconf 82' lang='lat' dir='ltr'><strong>densissimas</strong></span> <span class='ocrx_word' id='word_1_431' title='bbox 895 3485 1039 3540; x_wconf 71' lang='lat' dir='ltr'><strong>saepe</strong></span> <span class='ocrx_word' id='word_1_432' title='bbox 1067 3471 1268 3540; x_wconf 62' lang='lat' dir='ltr'><strong>saepius</strong></span> <span class='ocrx_word' id='word_1_433' title='bbox 1293 3470 1522 3525; x_wconf 82' lang='lat' dir='ltr'><strong>offundit</strong></span> <span class='ocrx_word' id='word_1_434' title='bbox 1554 3472 1826 3537; x_wconf 88' lang='lat' dir='ltr'><strong>tenebras,</strong></span> <span class='ocrx_word' id='word_1_435' title='bbox 1852 3471 2086 3540; x_wconf 88' lang='lat' dir='ltr'><strong>imperiti</strong></span> 
     </span>
    </p>
   </div>
   <div class='ocr_carea' id='block_1_65' title="bbox 509 3563 2091 3634">
    <p class='ocr_par' dir='ltr' id='par_1_65' title="bbox 509 3563 2091 3634">
     <span class='ocr_line' id='line_1_65' title="bbox 509 3563 2091 3634; baseline 0.001 -19"><span class='ocrx_word' id='word_1_436' title='bbox 509 3563 853 3632; x_wconf 88' lang='lat' dir='ltr'><strong>interpretis,</strong></span> <span class='ocrx_word' id='word_1_437' title='bbox 887 3579 992 3618; x_wconf 91' lang='lat' dir='ltr'><strong>non</strong></span> <span class='ocrx_word' id='word_1_438' title='bbox 1037 3565 1282 3619; x_wconf 90' lang='lat' dir='ltr'><strong>auctoris</strong></span> <span class='ocrx_word' id='word_1_439' title='bbox 1323 3564 1516 3634; x_wconf 89' lang='lat' dir='ltr'><strong>ipsius,</strong></span> <span class='ocrx_word' id='word_1_440' title='bbox 1548 3563 1701 3618; x_wconf 88' lang='lat' dir='ltr'><strong>vitio.</strong></span> <span class='ocrx_word' id='word_1_441' title='bbox 1757 3563 1815 3618; x_wconf 92' lang='lat' dir='ltr'><strong>Si</strong></span> <span class='ocrx_word' id='word_1_442' title='bbox 1869 3564 1991 3632; x_wconf 91' lang='lat' dir='ltr'><strong>quis</strong></span> <span class='ocrx_word' id='word_1_443' title='bbox 2022 3574 2091 3616; x_wconf 83' lang='lat' dir='ltr'><strong>ta-</strong></span> 
     </span>
    </p>
   </div>
   <div class='ocr_carea' id='block_1_66' title="bbox 510 3655 2089 3725">
    <p class='ocr_par' dir='ltr' id='par_1_66' title="bbox 510 3655 2089 3725">
     <span class='ocr_line' id='line_1_66' title="bbox 510 3655 2089 3725; baseline 0.001 -19"><span class='ocrx_word' id='word_1_444' title='bbox 510 3667 632 3707; x_wconf 89' lang='lat' dir='ltr'><strong>men</strong></span> <span class='ocrx_word' id='word_1_445' title='bbox 680 3655 802 3708; x_wconf 83' lang='lat' dir='ltr'><strong>libri</strong></span> <span class='ocrx_word' id='word_1_446' title='bbox 856 3655 1016 3725; x_wconf 87' lang='lat' dir='ltr'><strong>primi</strong></span> <span class='ocrx_word' id='word_1_447' title='bbox 1053 3657 1225 3724; x_wconf 86' lang='lat' dir='ltr'><strong>spinis</strong></span> <span class='ocrx_word' id='word_1_448' title='bbox 1305 3656 1725 3724; x_wconf 84' lang='lat' dir='ltr'><strong>haudquaquam</strong></span> <span class='ocrx_word' id='word_1_449' title='bbox 1762 3655 2089 3719; x_wconf 85' lang='lat' dir='ltr'><strong>deterritus,</strong></span> 
     </span>
    </p>
   </div>
   <div class='ocr_carea' id='block_1_67' title="bbox 507 3745 2090 3814">
    <p class='ocr_par' dir='ltr' id='par_1_67' title="bbox 507 3745 2090 3814">
     <span class='ocr_line' id='line_1_67' title="bbox 507 3745 2090 3814; baseline -0.001 -16"><span class='ocrx_word' id='word_1_450' title='bbox 507 3759 631 3798; x_wconf 83' lang='lat' dir='ltr'><strong>eum</strong></span> <span class='ocrx_word' id='word_1_451' title='bbox 663 3753 921 3798; x_wconf 87' lang='lat' dir='ltr'><strong>accurate</strong></span> <span class='ocrx_word' id='word_1_452' title='bbox 952 3745 1165 3813; x_wconf 86' lang='lat' dir='ltr'><strong>legerit,</strong></span> <span class='ocrx_word' id='word_1_453' title='bbox 1201 3746 1384 3814; x_wconf 90' lang='lat' dir='ltr'><strong>ibique</strong></span> <span class='ocrx_word' id='word_1_454' title='bbox 1413 3749 1660 3811; x_wconf 82' lang='lat' dir='ltr'><strong>exposita</strong></span> <span class='ocrx_word' id='word_1_455' title='bbox 1701 3746 2090 3801; x_wconf 84' lang='lat' dir='ltr'><strong>Gnosticorum</strong></span> 
     </span>
    </p>
   </div>
   <div class='ocr_carea' id='block_1_68' title="bbox 509 3835 2090 3908">
    <p class='ocr_par' dir='ltr' id='par_1_68' title="bbox 509 3835 2090 3908">
     <span class='ocr_line' id='line_1_68' title="bbox 509 3835 2090 3908; baseline -0.001 -19"><span class='ocrx_word' id='word_1_456' title='bbox 509 3836 762 3905; x_wconf 82' lang='lat' dir='ltr'><strong>dogmata</strong></span> <span class='ocrx_word' id='word_1_457' title='bbox 843 3845 1051 3891; x_wconf 88' lang='lat' dir='ltr'><strong>attente</strong></span> <span class='ocrx_word' id='word_1_458' title='bbox 1104 3838 1399 3892; x_wconf 84' lang='lat' dir='ltr'><strong>meditatus</strong></span> <span class='ocrx_word' id='word_1_459' title='bbox 1452 3836 1616 3890; x_wconf 88' lang='lat' dir='ltr'><strong>fuerit</strong></span> <span class='ocrx_word' id='word_1_460' title='bbox 1689 3835 2090 3908; x_wconf 86' lang='lat' dir='ltr'><strong>(ditiicultatem</strong></span> 
     </span>
    </p>
   </div>
   <div class='ocr_carea' id='block_1_69' title="bbox 510 3925 2093 3994">
    <p class='ocr_par' dir='ltr' id='par_1_69' title="bbox 510 3925 2093 3994">
     <span class='ocr_line' id='line_1_69' title="bbox 510 3925 2093 3994; baseline 0.003 -15"><span class='ocrx_word' id='word_1_461' title='bbox 510 3925 656 3982; x_wconf 86' lang='lat' dir='ltr'><strong>forte</strong></span> <span class='ocrx_word' id='word_1_462' title='bbox 699 3928 954 3982; x_wconf 87' lang='lat' dir='ltr'><strong>levabunt</strong></span> <span class='ocrx_word' id='word_1_463' title='bbox 1007 3939 1118 3982; x_wconf 93' lang='lat' dir='ltr'><strong>tum</strong></span> <span class='ocrx_word' id='word_1_464' title='bbox 1171 3937 1374 3983; x_wconf 77' lang='lat' dir='ltr'><strong>nostra:</strong></span> <span class='ocrx_word' id='word_1_465' title='bbox 1422 3929 1473 3982; x_wconf 93' lang='lat' dir='ltr'><strong>in</strong></span> <span class='ocrx_word' id='word_1_466' title='bbox 1509 3928 1654 3983; x_wconf 89' lang='lat' dir='ltr'><strong>hunc</strong></span> <span class='ocrx_word' id='word_1_467' title='bbox 1693 3928 1893 3983; x_wconf 88' lang='lat' dir='ltr'><strong>librum</strong></span> <span class='ocrx_word' id='word_1_468' title='bbox 1931 3939 2093 3994; x_wconf 69' lang='lat' dir='ltr'><strong>notm,</strong></span> 
     </span>
    </p>
   </div>
   <div class='ocr_carea' id='block_1_70' title="bbox 512 4021 2092 4089">
    <p class='ocr_par' dir='ltr' id='par_1_70' title="bbox 512 4021 2092 4089">
     <span class='ocr_line' id='line_1_70' title="bbox 512 4021 2092 4089; baseline 0.002 -18"><span class='ocrx_word' id='word_1_469' title='bbox 512 4029 624 4071; x_wconf 91' lang='lat' dir='ltr'><strong>tum</strong></span> <span class='ocrx_word' id='word_1_470' title='bbox 653 4034 716 4072; x_wconf 91' lang='lat' dir='ltr'><strong>ea</strong></span> <span class='ocrx_word' id='word_1_471' title='bbox 747 4034 908 4089; x_wconf 87' lang='lat' dir='ltr'><strong>quam</strong></span> <span class='ocrx_word' id='word_1_472' title='bbox 950 4021 1001 4073; x_wconf 93' lang='lat' dir='ltr'><strong>in</strong></span> <span class='ocrx_word' id='word_1_473' title='bbox 1032 4021 1206 4076; x_wconf 90' lang='lat' dir='ltr'><strong>lucem</strong></span> <span class='ocrx_word' id='word_1_474' title='bbox 1259 4021 1566 4075; x_wconf 89' lang='lat' dir='ltr'><strong>emittimus</strong></span> <span class='ocrx_word' id='word_1_475' title='bbox 1594 4023 1660 4075; x_wconf 88' lang='lat' dir='ltr'><strong>de</strong></span> <span class='ocrx_word' id='word_1_476' title='bbox 1705 4021 2092 4077; x_wconf 89' lang='lat' dir='ltr'><strong>Gnosticorum</strong></span> 
     </span>
    </p>
   </div>
   <div class='ocr_carea' id='block_1_71' title="bbox 515 4111 2097 4181">
    <p class='ocr_par' dir='ltr' id='par_1_71' title="bbox 515 4111 2097 4181">
     <span class='ocr_line' id='line_1_71' title="bbox 515 4111 2097 4181; baseline 0.003 -19"><span class='ocrx_word' id='word_1_477' title='bbox 515 4111 798 4178; x_wconf 85' lang='lat' dir='ltr'><strong>hypothesi</strong></span> <span class='ocrx_word' id='word_1_478' title='bbox 830 4113 1203 4181; x_wconf 83' lang='lat' dir='ltr'><strong>dissertatio),</strong></span> <span class='ocrx_word' id='word_1_479' title='bbox 1260 4114 1304 4167; x_wconf 93' lang='lat' dir='ltr'><strong>is</strong></span> <span class='ocrx_word' id='word_1_480' title='bbox 1370 4113 1498 4168; x_wconf 90' lang='lat' dir='ltr'><strong>huic</strong></span> <span class='ocrx_word' id='word_1_481' title='bbox 1550 4115 1828 4169; x_wconf 87' lang='lat' dir='ltr'><strong>constabit</strong></span> <span class='ocrx_word' id='word_1_482' title='bbox 1892 4114 2097 4167; x_wconf 87' lang='lat' dir='ltr'><strong>laboris</strong></span> 
     </span>
    </p>
   </div>
   <div class='ocr_carea' id='block_1_72' title="bbox 511 4201 2096 4277">
    <p class='ocr_par' dir='ltr' id='par_1_72' title="bbox 511 4201 2096 4277">
     <span class='ocr_line' id='line_1_72' title="bbox 511 4201 2096 4277; baseline -0.001 -20"><span class='ocrx_word' id='word_1_483' title='bbox 511 4201 750 4268; x_wconf 83' lang='lat' dir='ltr'><strong>fructus,</strong></span> <span class='ocrx_word' id='word_1_484' title='bbox 805 4214 864 4258; x_wconf 90' lang='lat' dir='ltr'><strong>ut</strong></span> <span class='ocrx_word' id='word_1_485' title='bbox 915 4203 1030 4258; x_wconf 86' lang='lat' dir='ltr'><strong>fere</strong></span> <span class='ocrx_word' id='word_1_486' title='bbox 1080 4205 1322 4268; x_wconf 92' lang='lat' dir='ltr'><strong>nullum,</strong></span> <span class='ocrx_word' id='word_1_487' title='bbox 1385 4219 1474 4261; x_wconf 90' lang='lat' dir='ltr'><strong>aut</strong></span> <span class='ocrx_word' id='word_1_488' title='bbox 1513 4208 1671 4277; x_wconf 84' lang='lat' dir='ltr'><strong>longe</strong></span> <span class='ocrx_word' id='word_1_489' title='bbox 1722 4207 1988 4260; x_wconf 86' lang='lat' dir='ltr'><strong>minorem</strong></span> <span class='ocrx_word' id='word_1_490' title='bbox 2044 4207 2096 4258; x_wconf 93' lang='lat' dir='ltr'><strong>in</strong></span> 
     </span>
    </p>
   </div>
   <div class='ocr_carea' id='block_1_73' title="bbox 513 4294 2098 4367">
    <p class='ocr_par' dir='ltr' id='par_1_73' title="bbox 513 4294 2098 4367">
     <span class='ocr_line' id='line_1_73' title="bbox 513 4294 2098 4367; baseline -0.001 -18"><span class='ocrx_word' id='word_1_491' title='bbox 513 4294 827 4350; x_wconf 86' lang='lat' dir='ltr'><strong>evolvendis</strong></span> <span class='ocrx_word' id='word_1_492' title='bbox 852 4305 906 4349; x_wconf 87' lang='lat' dir='ltr'><strong>et</strong></span> <span class='ocrx_word' id='word_1_493' title='bbox 935 4296 1298 4366; x_wconf 88' lang='lat' dir='ltr'><strong>intelligendis</strong></span> <span class='ocrx_word' id='word_1_494' title='bbox 1324 4299 1538 4353; x_wconf 66' lang='lat' dir='ltr'><strong>caeteris</strong></span> <span class='ocrx_word' id='word_1_495' title='bbox 1589 4298 1904 4367; x_wconf 83' lang='lat' dir='ltr'><strong>experiatur</strong></span> <span class='ocrx_word' id='word_1_496' title='bbox 1942 4312 1954 4348; x_wconf 92' lang='lat'>:</span> <span class='ocrx_word' id='word_1_497' title='bbox 1989 4295 2098 4348; x_wconf 92' lang='lat' dir='ltr'><strong>imo</strong></span> 
     </span>
    </p>
   </div>
   <div class='ocr_carea' id='block_1_74' title="bbox 518 4389 2097 4461">
    <p class='ocr_par' dir='ltr' id='par_1_74' title="bbox 518 4389 2097 4461">
     <span class='ocr_line' id='line_1_74' title="bbox 518 4389 2097 4461; baseline -0.001 -19"><span class='ocrx_word' id='word_1_498' title='bbox 518 4403 588 4442; x_wconf 81' lang='lat' dir='ltr'><strong>ex</strong></span> <span class='ocrx_word' id='word_1_499' title='bbox 645 4389 1040 4443; x_wconf 87' lang='lat' dir='ltr'><strong>sententiarum</strong></span> <span class='ocrx_word' id='word_1_500' title='bbox 1089 4391 1395 4460; x_wconf 84' lang='lat' dir='ltr'><strong>gravitate,</strong></span> <span class='ocrx_word' id='word_1_501' title='bbox 1447 4398 1895 4461; x_wconf 85' lang='lat' dir='ltr'><strong>argumentorum</strong></span> <span class='ocrx_word' id='word_1_502' title='bbox 1936 4389 1990 4442; x_wconf 88' lang='lat' dir='ltr'><strong>vi</strong></span> <span class='ocrx_word' id='word_1_503' title='bbox 2042 4396 2097 4442; x_wconf 91' lang='lat' dir='ltr'><strong>et</strong></span> 
     </span>
    </p>
   </div>
   <div class='ocr_carea' id='block_1_75' title="bbox 518 4478 2101 4552">
    <p class='ocr_par' dir='ltr' id='par_1_75' title="bbox 518 4478 2101 4552">
     <span class='ocr_line' id='line_1_75' title="bbox 518 4478 2101 4552; baseline 0 -18"><span class='ocrx_word' id='word_1_504' title='bbox 518 4478 782 4546; x_wconf 82' lang='lat' dir='ltr'><strong>ellicacia,</strong></span> <span class='ocrx_word' id='word_1_505' title='bbox 815 4489 1001 4551; x_wconf 91' lang='lat' dir='ltr'><strong>totque</strong></span> <span class='ocrx_word' id='word_1_506' title='bbox 1053 4492 1272 4552; x_wconf 85' lang='lat' dir='ltr'><strong>tamque</strong></span> <span class='ocrx_word' id='word_1_507' title='bbox 1320 4482 1579 4551; x_wconf 70' lang='lat' dir='ltr'><strong>praeclare</strong></span> <span class='ocrx_word' id='word_1_508' title='bbox 1621 4484 1891 4536; x_wconf 87' lang='lat' dir='ltr'><strong>dictorum</strong></span> <span class='ocrx_word' id='word_1_509' title='bbox 1935 4481 2101 4536; x_wconf 90' lang='lat' dir='ltr'><strong>subli-</strong></span> 
     </span>
    </p>
   </div>
   <div class='ocr_carea' id='block_1_76' title="bbox 2191 3257 3748 3334">
    <p class='ocr_par' dir='ltr' id='par_1_76' title="bbox 2191 3257 3748 3334">
     <span class='ocr_line' id='line_1_76' title="bbox 2191 3257 3748 3334; baseline -0.006 -14"><span class='ocrx_word' id='word_1_510' title='bbox 2191 3281 2382 3321; x_wconf 88' lang='lat' dir='ltr'><strong>omnes</strong></span> <span class='ocrx_word' id='word_1_511' title='bbox 2407 3284 2421 3332; x_wconf 91' lang='lat'><strong>;</strong></span> <span class='ocrx_word' id='word_1_512' title='bbox 2451 3266 2615 3334; x_wconf 89' lang='lat' dir='ltr'><strong>idque</strong></span> <span class='ocrx_word' id='word_1_513' title='bbox 2651 3265 2854 3318; x_wconf 89' lang='lat' dir='ltr'><strong>invicte</strong></span> <span class='ocrx_word' id='word_1_514' title='bbox 2882 3263 3224 3318; x_wconf 85' lang='lat' dir='ltr'><strong>demonstrat</strong></span> <span class='ocrx_word' id='word_1_515' title='bbox 3251 3277 3321 3318; x_wconf 80' lang='lat' dir='ltr'><strong>ex</strong></span> <span class='ocrx_word' id='word_1_516' title='bbox 3353 3263 3609 3318; x_wconf 89' lang='lat' dir='ltr'><strong>continua</strong></span> <span class='ocrx_word' id='word_1_517' title='bbox 3628 3257 3748 3329; x_wconf 78' lang='lat' dir='ltr'><strong>Magi</strong></span> 
     </span>
    </p>
   </div>
   <div class='ocr_carea' id='block_1_77' title="bbox 2189 3353 3751 3426">
    <p class='ocr_par' dir='ltr' id='par_1_77' title="bbox 2189 3353 3751 3426">
     <span class='ocr_line' id='line_1_77' title="bbox 2189 3353 3751 3426; baseline -0.003 -14"><span class='ocrx_word' id='word_1_518' title='bbox 2189 3358 2334 3412; x_wconf 89' lang='lat' dir='ltr'><strong>illius</strong></span> <span class='ocrx_word' id='word_1_519' title='bbox 2362 3357 2756 3426; x_wconf 89' lang='lat' dir='ltr'><strong>discipulorum</strong></span> <span class='ocrx_word' id='word_1_520' title='bbox 2787 3356 2852 3410; x_wconf 90' lang='lat' dir='ltr'><strong>ad</strong></span> <span class='ocrx_word' id='word_1_521' title='bbox 2889 3353 3306 3410; x_wconf 83' lang='lat' dir='ltr'><strong>Valentinianus</strong></span> <span class='ocrx_word' id='word_1_522' title='bbox 3339 3369 3513 3424; x_wconf 90' lang='lat' dir='ltr'><strong>usque</strong></span> <span class='ocrx_word' id='word_1_523' title='bbox 3541 3366 3751 3408; x_wconf 73' lang='lat' dir='ltr'><strong>succes-</strong></span> 
     </span>
    </p>
   </div>
   <div class='ocr_carea' id='block_1_78' title="bbox 2191 3445 3753 3518">
    <p class='ocr_par' dir='ltr' id='par_1_78' title="bbox 2191 3445 3753 3518">
     <span class='ocr_line' id='line_1_78' title="bbox 2191 3445 3753 3518; baseline -0.005 -12"><span class='ocrx_word' id='word_1_524' title='bbox 2191 3452 2371 3515; x_wconf 91' lang='lat' dir='ltr'><strong>sione,</strong></span> <span class='ocrx_word' id='word_1_525' title='bbox 2397 3451 2754 3518; x_wconf 89' lang='lat' dir='ltr'><strong>onmiumque</strong></span> <span class='ocrx_word' id='word_1_526' title='bbox 2783 3449 2836 3502; x_wconf 89' lang='lat' dir='ltr'><strong>in</strong></span> <span class='ocrx_word' id='word_1_527' title='bbox 2868 3448 3060 3502; x_wconf 88' lang='lat' dir='ltr'><strong>iisdem</strong></span> <span class='ocrx_word' id='word_1_528' title='bbox 3090 3447 3441 3518; x_wconf 81' lang='lat' dir='ltr'><strong>dogmatibus</strong></span> <span class='ocrx_word' id='word_1_529' title='bbox 3475 3445 3753 3515; x_wconf 77' lang='lat' dir='ltr'><strong>corruptis-</strong></span> 
     </span>
    </p>
   </div>
   <div class='ocr_carea' id='block_1_79' title="bbox 2194 3540 3750 3612">
    <p class='ocr_par' dir='ltr' id='par_1_79' title="bbox 2194 3540 3750 3612">
     <span class='ocr_line' id='line_1_79' title="bbox 2194 3540 3750 3612; baseline -0.007 -13"><span class='ocrx_word' id='word_1_530' title='bbox 2194 3545 2454 3612; x_wconf 90' lang='lat' dir='ltr'><strong>simisque</strong></span> <span class='ocrx_word' id='word_1_531' title='bbox 2508 3543 2750 3598; x_wconf 86' lang='lat' dir='ltr'><strong>moribus</strong></span> <span class='ocrx_word' id='word_1_532' title='bbox 2791 3541 3199 3597; x_wconf 90' lang='lat' dir='ltr'><strong>consensione:</strong></span> <span class='ocrx_word' id='word_1_533' title='bbox 3233 3555 3356 3594; x_wconf 92' lang='lat' dir='ltr'><strong>cum</strong></span> <span class='ocrx_word' id='word_1_534' title='bbox 3406 3540 3513 3595; x_wconf 92' lang='lat' dir='ltr'><strong>hoc</strong></span> <span class='ocrx_word' id='word_1_535' title='bbox 3564 3549 3750 3593; x_wconf 89' lang='lat' dir='ltr'><strong>tantum</strong></span> 
     </span>
    </p>
   </div>
   <div class='ocr_carea' id='block_1_80' title="bbox 2195 3631 3751 3704">
    <p class='ocr_par' dir='ltr' id='par_1_80' title="bbox 2195 3631 3751 3704">
     <span class='ocr_line' id='line_1_80' title="bbox 2195 3631 3751 3704; baseline -0.007 -12"><span class='ocrx_word' id='word_1_536' title='bbox 2195 3636 2532 3698; x_wconf 89' lang='lat' dir='ltr'><strong>discrimine,</strong></span> <span class='ocrx_word' id='word_1_537' title='bbox 2565 3635 2708 3704; x_wconf 86' lang='lat' dir='ltr'><strong>quod</strong></span> <span class='ocrx_word' id='word_1_538' title='bbox 2744 3633 2810 3687; x_wconf 90' lang='lat' dir='ltr'><strong>ad</strong></span> <span class='ocrx_word' id='word_1_539' title='bbox 2839 3631 3162 3700; x_wconf 88' lang='lat' dir='ltr'><strong>explicanda</strong></span> <span class='ocrx_word' id='word_1_540' title='bbox 3192 3640 3436 3686; x_wconf 81' lang='lat' dir='ltr'><strong>veterum</strong></span> <span class='ocrx_word' id='word_1_541' title='bbox 3466 3638 3751 3687; x_wconf 88' lang='lat' dir='ltr'><strong>commenta</strong></span> 
     </span>
    </p>
   </div>
   <div class='ocr_carea' id='block_1_81' title="bbox 2196 3724 3754 3799">
    <p class='ocr_par' dir='ltr' id='par_1_81' title="bbox 2196 3724 3754 3799">
     <span class='ocr_line' id='line_1_81' title="bbox 2196 3724 3754 3799; baseline -0.008 -13"><span class='ocrx_word' id='word_1_542' title='bbox 2196 3747 2382 3786; x_wconf 88' lang='lat' dir='ltr'><strong>secum</strong></span> <span class='ocrx_word' id='word_1_543' title='bbox 2426 3737 2736 3799; x_wconf 88' lang='lat' dir='ltr'><strong>pugnantes</strong></span> <span class='ocrx_word' id='word_1_544' title='bbox 2762 3725 3120 3796; x_wconf 90' lang='lat' dir='ltr'><strong>posteriores,</strong></span> <span class='ocrx_word' id='word_1_545' title='bbox 3150 3724 3257 3777; x_wconf 87' lang='lat' dir='ltr'><strong>alia</strong></span> <span class='ocrx_word' id='word_1_546' title='bbox 3287 3725 3409 3780; x_wconf 89' lang='lat' dir='ltr'><strong>aliis</strong></span> <span class='ocrx_word' id='word_1_547' title='bbox 3450 3725 3754 3779; x_wconf 80' lang='lat' dir='ltr'><strong>absurdiora</strong></span> 
     </span>
    </p>
   </div>
   <div class='ocr_carea' id='block_1_82' title="bbox 2197 3816 3754 3889">
    <p class='ocr_par' dir='ltr' id='par_1_82' title="bbox 2197 3816 3754 3889">
     <span class='ocr_line' id='line_1_82' title="bbox 2197 3816 3754 3889; baseline -0.006 -9"><span class='ocrx_word' id='word_1_548' title='bbox 2197 3825 2501 3880; x_wconf 85' lang='lat' dir='ltr'><strong>linxissent.</strong></span> <span class='ocrx_word' id='word_1_549' title='bbox 2531 3822 2665 3878; x_wconf 88' lang='lat' dir='ltr'><strong>Cum</strong></span> <span class='ocrx_word' id='word_1_550' title='bbox 2688 3824 2754 3876; x_wconf 91' lang='lat' dir='ltr'><strong>sit</strong></span> <span class='ocrx_word' id='word_1_551' title='bbox 2803 3821 2987 3889; x_wconf 87' lang='lat' dir='ltr'><strong>igitur,</strong></span> <span class='ocrx_word' id='word_1_552' title='bbox 3022 3816 3200 3885; x_wconf 87' lang='lat' dir='ltr'><strong>inquit</strong></span> <span class='ocrx_word' id='word_1_553' title='bbox 3228 3818 3272 3885; x_wconf 84' lang='grc'><strong>⁷,</strong></span> <span class='ocrx_word' id='word_1_554' title='bbox 3312 3821 3565 3874; x_wconf 79' lang='lat' dir='ltr'><strong>adversus</strong></span> <span class='ocrx_word' id='word_1_555' title='bbox 3597 3831 3754 3874; x_wconf 73' lang='lat' dir='ltr'><strong>omnes</strong></span> 
     </span>
    </p>
   </div>
   <div class='ocr_carea' id='block_1_83' title="bbox 2197 3909 3756 3987">
    <p class='ocr_par' dir='ltr' id='par_1_83' title="bbox 2197 3909 3756 3987">
     <span class='ocr_line' id='line_1_83' title="bbox 2197 3909 3756 3987; baseline -0.008 -13"><span class='ocrx_word' id='word_1_556' title='bbox 2197 3920 2473 3974; x_wconf 79' lang='lat' dir='ltr'><strong>ltwreticos</strong></span> <span class='ocrx_word' id='word_1_557' title='bbox 2498 3917 2716 3972; x_wconf 88' lang='lat' dir='ltr'><strong>detectio</strong></span> <span class='ocrx_word' id='word_1_558' title='bbox 2742 3927 2896 3987; x_wconf 89' lang='lat' dir='ltr'><strong>atque</strong></span> <span class='ocrx_word' id='word_1_559' title='bbox 2917 3917 3182 3971; x_wconf 80' lang='lat' dir='ltr'><strong>convictio</strong></span> <span class='ocrx_word' id='word_1_560' title='bbox 3208 3915 3357 3969; x_wconf 85' lang='lat' dir='ltr'><strong>varia</strong></span> <span class='ocrx_word' id='word_1_561' title='bbox 3379 3925 3429 3968; x_wconf 90' lang='lat' dir='ltr'><strong>et</strong></span> <span class='ocrx_word' id='word_1_562' title='bbox 3453 3909 3756 3980; x_wconf 78' lang='lat' dir='ltr'><strong>multifaria,</strong></span> 
     </span>
    </p>
   </div>
   <div class='ocr_carea' id='block_1_84' title="bbox 2198 4006 3758 4081">
    <p class='ocr_par' dir='ltr' id='par_1_84' title="bbox 2198 4006 3758 4081">
     <span class='ocr_line' id='line_1_84' title="bbox 2198 4006 3758 4081; baseline -0.008 -13"><span class='ocrx_word' id='word_1_563' title='bbox 2198 4023 2245 4068; x_wconf 86' lang='lat' dir='ltr'><strong>et</strong></span> <span class='ocrx_word' id='word_1_564' title='bbox 2276 4014 2423 4068; x_wconf 88' lang='lat' dir='ltr'><strong>nobis</strong></span> <span class='ocrx_word' id='word_1_565' title='bbox 2454 4012 2783 4081; x_wconf 85' lang='lat' dir='ltr'><strong>propositum</strong></span> <span class='ocrx_word' id='word_1_566' title='bbox 2823 4019 2900 4065; x_wconf 85' lang='lat' dir='ltr'><strong>est</strong></span> <span class='ocrx_word' id='word_1_567' title='bbox 2941 4011 3184 4064; x_wconf 87' lang='lat' dir='ltr'><strong>omnibus</strong></span> <span class='ocrx_word' id='word_1_568' title='bbox 3211 4009 3279 4063; x_wconf 89' lang='lat' dir='ltr'><strong>iis</strong></span> <span class='ocrx_word' id='word_1_569' title='bbox 3313 4007 3602 4062; x_wconf 86' lang='lat' dir='ltr'><strong>secundum</strong></span> <span class='ocrx_word' id='word_1_570' title='bbox 3631 4006 3758 4072; x_wconf 85' lang='lat' dir='ltr'><strong>ipso-</strong></span> 
     </span>
    </p>
   </div>
   <div class='ocr_carea' id='block_1_85' title="bbox 2199 4095 3744 4169">
    <p class='ocr_par' dir='ltr' id='par_1_85' title="bbox 2199 4095 3744 4169">
     <span class='ocr_line' id='line_1_85' title="bbox 2199 4095 3744 4169; baseline -0.009 -9"><span class='ocrx_word' id='word_1_571' title='bbox 2199 4123 2316 4160; x_wconf 86' lang='lat' dir='ltr'><strong>rum</strong></span> <span class='ocrx_word' id='word_1_572' title='bbox 2353 4105 2661 4159; x_wconf 83' lang='lat' dir='ltr'><strong>cltaractera</strong></span> <span class='ocrx_word' id='word_1_573' title='bbox 2700 4104 3094 4169; x_wconf 84' lang='lat' dir='ltr'><strong>contradicere;</strong></span> <span class='ocrx_word' id='word_1_574' title='bbox 3127 4101 3484 4156; x_wconf 83' lang='lat' dir='ltr'><strong>necessarium</strong></span> <span class='ocrx_word' id='word_1_575' title='bbox 3519 4095 3744 4151; x_wconf 82' lang='lat' dir='ltr'><strong>arbitrati</strong></span> 
     </span>
    </p>
   </div>
   <div class='ocr_carea' id='block_1_86' title="bbox 2200 4185 3759 4266">
    <p class='ocr_par' dir='ltr' id='par_1_86' title="bbox 2200 4185 3759 4266">
     <span class='ocr_line' id='line_1_86' title="bbox 2200 4185 3759 4266; baseline -0.01 -14"><span class='ocrx_word' id='word_1_576' title='bbox 2200 4204 2381 4253; x_wconf 81' lang='lat' dir='ltr'><strong>sumus</strong></span> <span class='ocrx_word' id='word_1_577' title='bbox 2432 4197 2579 4266; x_wconf 84' lang='lat' dir='ltr'><strong>prius</strong></span> <span class='ocrx_word' id='word_1_578' title='bbox 2615 4194 2811 4261; x_wconf 78' lang='lat' dir='ltr'><strong>referre</strong></span> <span class='ocrx_word' id='word_1_579' title='bbox 2845 4194 3040 4262; x_wconf 78' lang='lat' dir='ltr'><strong>fontem</strong></span> <span class='ocrx_word' id='word_1_580' title='bbox 3083 4203 3131 4245; x_wconf 90' lang='lat' dir='ltr'><strong>et</strong></span> <span class='ocrx_word' id='word_1_581' title='bbox 3174 4193 3408 4245; x_wconf 84' lang='lat' dir='ltr'><strong>radicem</strong></span> <span class='ocrx_word' id='word_1_582' title='bbox 3461 4204 3659 4252; x_wconf 89' lang='lat' dir='ltr'><strong>eorum,</strong></span> <span class='ocrx_word' id='word_1_583' title='bbox 3692 4185 3759 4239; x_wconf 88' lang='lat' dir='ltr'><strong>uti</strong></span> 
     </span>
    </p>
   </div>
   <div class='ocr_carea' id='block_1_87' title="bbox 2202 4277 3762 4354">
    <p class='ocr_par' dir='ltr' id='par_1_87' title="bbox 2202 4277 3762 4354">
     <span class='ocr_line' id='line_1_87' title="bbox 2202 4277 3762 4354; baseline -0.011 -10"><span class='ocrx_word' id='word_1_584' title='bbox 2202 4289 2636 4344; x_wconf 87' lang='lat' dir='ltr'><strong>sublimissimum</strong></span> <span class='ocrx_word' id='word_1_585' title='bbox 2678 4288 2912 4354; x_wconf 82' lang='lat' dir='ltr'><strong>ipsorum</strong></span> <span class='ocrx_word' id='word_1_586' title='bbox 2959 4283 3190 4354; x_wconf 83' lang='lat' dir='ltr'><strong>Bytltum</strong></span> <span class='ocrx_word' id='word_1_587' title='bbox 3253 4297 3588 4352; x_wconf 83' lang='lat' dir='ltr'><strong>cognoscens,</strong></span> <span class='ocrx_word' id='word_1_588' title='bbox 3624 4277 3762 4333; x_wconf 83' lang='lat' dir='ltr'><strong>intel-</strong></span> 
     </span>
    </p>
   </div>
   <div class='ocr_carea' id='block_1_88' title="bbox 2201 4371 3760 4453">
    <p class='ocr_par' dir='ltr' id='par_1_88' title="bbox 2201 4371 3760 4453">
     <span class='ocr_line' id='line_1_88' title="bbox 2201 4371 3760 4453; baseline -0.013 -16"><span class='ocrx_word' id='word_1_589' title='bbox 2201 4383 2336 4453; x_wconf 81' lang='lat' dir='ltr'><strong>ligas</strong></span> <span class='ocrx_word' id='word_1_590' title='bbox 2383 4383 2646 4442; x_wconf 88' lang='lat' dir='ltr'><strong>arborem,</strong></span> <span class='ocrx_word' id='word_1_591' title='bbox 2698 4378 2760 4432; x_wconf 87' lang='lat' dir='ltr'><strong>de</strong></span> <span class='ocrx_word' id='word_1_592' title='bbox 2816 4393 2920 4447; x_wconf 90' lang='lat' dir='ltr'><strong>qua</strong></span> <span class='ocrx_word' id='word_1_593' title='bbox 2970 4377 3304 4443; x_wconf 79' lang='lat' dir='ltr'><strong>deﬂuxerunt</strong></span> <span class='ocrx_word' id='word_1_594' title='bbox 3369 4376 3502 4427; x_wconf 83' lang='lat' dir='ltr'><strong>tales</strong></span> <span class='ocrx_word' id='word_1_595' title='bbox 3554 4371 3760 4441; x_wconf 75' lang='lat' dir='ltr'><strong>fructus.</strong></span> 
     </span>
    </p>
   </div>
   <div class='ocr_carea' id='block_1_89' title="bbox 2204 4461 3764 4543">
    <p class='ocr_par' dir='ltr' id='par_1_89' title="bbox 2204 4461 3764 4543">
     <span class='ocr_line' id='line_1_89' title="bbox 2204 4461 3764 4543; baseline -0.012 -15"><span class='ocrx_word' id='word_1_596' title='bbox 2204 4474 2340 4529; x_wconf 90' lang='lat' dir='ltr'><strong>Tum</strong></span> <span class='ocrx_word' id='word_1_597' title='bbox 2371 4473 2640 4543; x_wconf 86' lang='lat' dir='ltr'><strong>explicata</strong></span> <span class='ocrx_word' id='word_1_598' title='bbox 2674 4469 2914 4526; x_wconf 90' lang='lat' dir='ltr'><strong>Simonis</strong></span> <span class='ocrx_word' id='word_1_599' title='bbox 2945 4468 3139 4522; x_wconf 67' lang='lat' dir='ltr'><strong>haeresi</strong></span> <span class='ocrx_word' id='word_1_600' title='bbox 3169 4466 3447 4521; x_wconf 87' lang='lat' dir='ltr'><strong>concludit</strong></span> <span class='ocrx_word' id='word_1_601' title='bbox 3472 4465 3514 4531; x_wconf 76' lang='grc'><strong>⁸,</strong></span> <span class='ocrx_word' id='word_1_602' title='bbox 3549 4481 3580 4516; x_wconf 93' lang='lat' dir='ltr'><strong>a</strong></span> <span class='ocrx_word' id='word_1_603' title='bbox 3611 4461 3764 4516; x_wconf 88' lang='lat' dir='ltr'><strong>Simo-</strong></span> 
     </span>
    </p>
   </div>
   <div class='ocr_carea' id='block_1_90' title="bbox 525 4550 3763 4645">
    <p class='ocr_par' dir='ltr' id='par_1_90' title="bbox 525 4550 3763 4645">
     <span class='ocr_line' id='line_1_90' title="bbox 525 4550 3763 4645; baseline -0.009 -15"><span class='ocrx_word' id='word_1_604' title='bbox 525 4585 714 4630; x_wconf 88' lang='lat' dir='ltr'><strong>mltale</strong></span> <span class='ocrx_word' id='word_1_605' title='bbox 752 4587 803 4630; x_wconf 89' lang='lat' dir='ltr'><strong>et</strong></span> <span class='ocrx_word' id='word_1_606' title='bbox 845 4550 1050 4645; x_wconf 85' lang='lat' dir='ltr'><strong>pietate</strong></span> <span class='ocrx_word' id='word_1_607' title='bbox 1079 4550 1414 4644; x_wconf 77' lang='lat' dir='ltr'><strong>voluptatem</strong></span> <span class='ocrx_word' id='word_1_608' title='bbox 1446 4592 1553 4629; x_wconf 90' lang='lat' dir='ltr'><strong>non</strong></span> <span class='ocrx_word' id='word_1_609' title='bbox 1591 4575 1883 4640; x_wconf 88' lang='lat' dir='ltr'><strong>modicam,</strong></span> <span class='ocrx_word' id='word_1_610' title='bbox 1921 4589 2098 4642; x_wconf 68' lang='lat' dir='ltr'><strong>opera:</strong></span> <span class='ocrx_word' id='word_1_611' title='bbox 2132 4550 2177 4608; x_wconf 72' lang='grc' dir='ltr'><strong>ί)</strong></span> <span class='ocrx_word' id='word_1_612' title='bbox 2206 4569 2379 4622; x_wconf 81' lang='lat' dir='ltr'><strong>nianis</strong></span> <span class='ocrx_word' id='word_1_613' title='bbox 2421 4565 2542 4635; x_wconf 77' lang='lat' dir='ltr'><strong>falsi</strong></span> <span class='ocrx_word' id='word_1_614' title='bbox 2578 4563 2802 4617; x_wconf 86' lang='lat' dir='ltr'><strong>nominis</strong></span> <span class='ocrx_word' id='word_1_615' title='bbox 2828 4560 3107 4613; x_wconf 74' lang='lat' dir='ltr'><strong>scientiam</strong></span> <span class='ocrx_word' id='word_1_616' title='bbox 3142 4559 3408 4626; x_wconf 77' lang='lat' dir='ltr'><strong>accepisse</strong></span> <span class='ocrx_word' id='word_1_617' title='bbox 3440 4557 3615 4618; x_wconf 86' lang='lat' dir='ltr'><strong>initia,</strong></span> <span class='ocrx_word' id='word_1_618' title='bbox 3644 4552 3763 4605; x_wconf 83' lang='lat' dir='ltr'><strong>sicut</strong></span> 
     </span>
    </p>
   </div>
   <div class='ocr_carea' id='block_1_91' title="bbox 522 4665 2099 4738">
    <p class='ocr_par' dir='ltr' id='par_1_91' title="bbox 522 4665 2099 4738">
     <span class='ocr_line' id='line_1_91' title="bbox 522 4665 2099 4738; baseline -0.001 -17"><span class='ocrx_word' id='word_1_619' title='bbox 522 4669 755 4738; x_wconf 78' lang='lat' dir='ltr'><strong>preLium</strong></span> <span class='ocrx_word' id='word_1_620' title='bbox 802 4671 1018 4724; x_wconf 88' lang='lat' dir='ltr'><strong>habeat.</strong></span> <span class='ocrx_word' id='word_1_621' title='bbox 1058 4669 1112 4722; x_wconf 87' lang='lat' dir='ltr'><strong>ld</strong></span> <span class='ocrx_word' id='word_1_622' title='bbox 1151 4671 1298 4722; x_wconf 91' lang='lat' dir='ltr'><strong>enim</strong></span> <span class='ocrx_word' id='word_1_623' title='bbox 1341 4669 1524 4737; x_wconf 89' lang='lat' dir='ltr'><strong>plures</strong></span> <span class='ocrx_word' id='word_1_624' title='bbox 1575 4666 1736 4731; x_wconf 88' lang='lat' dir='ltr'><strong>fallit,</strong></span> <span class='ocrx_word' id='word_1_625' title='bbox 1779 4667 1922 4736; x_wconf 90' lang='lat' dir='ltr'><strong>quod</strong></span> <span class='ocrx_word' id='word_1_626' title='bbox 1975 4665 2099 4720; x_wconf 89' lang='lat' dir='ltr'><strong>libri</strong></span> 
     </span>
    </p>
   </div>
   <div class='ocr_carea' id='block_1_92' title="bbox 522 4759 2098 4832">
    <p class='ocr_par' dir='ltr' id='par_1_92' title="bbox 522 4759 2098 4832">
     <span class='ocr_line' id='line_1_92' title="bbox 522 4759 2098 4832; baseline -0.001 -19"><span class='ocrx_word' id='word_1_627' title='bbox 522 4761 682 4828; x_wconf 89' lang='lat' dir='ltr'><strong>primi</strong></span> <span class='ocrx_word' id='word_1_628' title='bbox 725 4762 982 4827; x_wconf 85' lang='lat' dir='ltr'><strong>lectione,</strong></span> <span class='ocrx_word' id='word_1_629' title='bbox 1025 4763 1168 4832; x_wconf 89' lang='lat' dir='ltr'><strong>quod</strong></span> <span class='ocrx_word' id='word_1_630' title='bbox 1202 4762 1415 4816; x_wconf 65' lang='lat' dir='ltr'><strong>taedium</strong></span> <span class='ocrx_word' id='word_1_631' title='bbox 1452 4762 1629 4830; x_wconf 87' lang='lat' dir='ltr'><strong>pariat</strong></span> <span class='ocrx_word' id='word_1_632' title='bbox 1665 4770 1744 4815; x_wconf 90' lang='lat' dir='ltr'><strong>tot</strong></span> <span class='ocrx_word' id='word_1_633' title='bbox 1769 4759 2098 4814; x_wconf 87' lang='lat' dir='ltr'><strong>absurdissi-</strong></span> 
     </span>
    </p>
   </div>
   <div class='ocr_carea' id='block_1_93' title="bbox 523 4853 2100 4924">
    <p class='ocr_par' dir='ltr' id='par_1_93' title="bbox 523 4853 2100 4924">
     <span class='ocr_line' id='line_1_93' title="bbox 523 4853 2100 4924; baseline 0.001 -19"><span class='ocrx_word' id='word_1_634' title='bbox 523 4867 736 4906; x_wconf 89' lang='lat' dir='ltr'><strong>morum</strong></span> <span class='ocrx_word' id='word_1_635' title='bbox 774 4856 1088 4924; x_wconf 86' lang='lat' dir='ltr'><strong>dogmatutn</strong></span> <span class='ocrx_word' id='word_1_636' title='bbox 1119 4855 1413 4923; x_wconf 87' lang='lat' dir='ltr'><strong>expositio,</strong></span> <span class='ocrx_word' id='word_1_637' title='bbox 1442 4853 1605 4907; x_wconf 81' lang='lat' dir='ltr'><strong>facile</strong></span> <span class='ocrx_word' id='word_1_638' title='bbox 1635 4853 1910 4907; x_wconf 81' lang='lat' dir='ltr'><strong>abstinere</strong></span> <span class='ocrx_word' id='word_1_639' title='bbox 1938 4867 2100 4922; x_wconf 89' lang='lat' dir='ltr'><strong>posse</strong></span> 
     </span>
    </p>
   </div>
   <div class='ocr_carea' id='block_1_94' title="bbox 520 4944 2098 5014">
    <p class='ocr_par' dir='ltr' id='par_1_94' title="bbox 520 4944 2098 5014">
     <span class='ocr_line' id='line_1_94' title="bbox 520 4944 2098 5014; baseline 0.001 -18"><span class='ocrx_word' id='word_1_640' title='bbox 520 4954 819 5012; x_wconf 89' lang='lat' dir='ltr'><strong>putantes,</strong></span> <span class='ocrx_word' id='word_1_641' title='bbox 862 4948 998 5001; x_wconf 91' lang='lat' dir='ltr'><strong>alios</strong></span> <span class='ocrx_word' id='word_1_642' title='bbox 1039 4948 1143 5001; x_wconf 88' lang='lat' dir='ltr'><strong>hoc</strong></span> <span class='ocrx_word' id='word_1_643' title='bbox 1201 4947 1404 5001; x_wconf 87' lang='lat' dir='ltr'><strong>omisso</strong></span> <span class='ocrx_word' id='word_1_644' title='bbox 1453 4946 1628 5014; x_wconf 85' lang='lat' dir='ltr'><strong>legere</strong></span> <span class='ocrx_word' id='word_1_645' title='bbox 1681 4944 2098 5013; x_wconf 69' lang='lat' dir='ltr'><strong>prmfestinent:</strong></span> 
     </span>
    </p>
   </div>
   <div class='ocr_carea' id='block_1_95' title="bbox 523 5035 2102 5108">
    <p class='ocr_par' dir='ltr' id='par_1_95' title="bbox 523 5035 2102 5108">
     <span class='ocr_line' id='line_1_95' title="bbox 523 5035 2102 5108; baseline 0 -18"><span class='ocrx_word' id='word_1_646' title='bbox 523 5035 698 5090; x_wconf 87' lang='lat' dir='ltr'><strong>sicubi</strong></span> <span class='ocrx_word' id='word_1_647' title='bbox 733 5051 886 5100; x_wconf 90' lang='lat' dir='ltr'><strong>vero,</strong></span> <span class='ocrx_word' id='word_1_648' title='bbox 922 5038 1067 5108; x_wconf 89' lang='lat' dir='ltr'><strong>quod</strong></span> <span class='ocrx_word' id='word_1_649' title='bbox 1098 5053 1240 5107; x_wconf 85' lang='lat' dir='ltr'><strong>saepe</strong></span> <span class='ocrx_word' id='word_1_650' title='bbox 1272 5039 1479 5104; x_wconf 89' lang='lat' dir='ltr'><strong>evenit,</strong></span> <span class='ocrx_word' id='word_1_651' title='bbox 1512 5038 1773 5101; x_wconf 80' lang='lat' dir='ltr'><strong>Inereant,</strong></span> <span class='ocrx_word' id='word_1_652' title='bbox 1804 5037 2016 5105; x_wconf 90' lang='lat' dir='ltr'><strong>culpam</strong></span> <span class='ocrx_word' id='word_1_653' title='bbox 2049 5037 2102 5090; x_wconf 87' lang='lat' dir='ltr'><strong>in</strong></span> 
     </span>
    </p>
   </div>
   <div class='ocr_carea' id='block_1_96' title="bbox 525 5129 2101 5201">
    <p class='ocr_par' dir='ltr' id='par_1_96' title="bbox 525 5129 2101 5201">
     <span class='ocr_line' id='line_1_96' title="bbox 525 5129 2101 5201; baseline 0.003 -19"><span class='ocrx_word' id='word_1_654' title='bbox 525 5137 807 5183; x_wconf 87' lang='lat' dir='ltr'><strong>auctorem</strong></span> <span class='ocrx_word' id='word_1_655' title='bbox 860 5131 1184 5196; x_wconf 88' lang='lat' dir='ltr'><strong>conferunt,</strong></span> <span class='ocrx_word' id='word_1_656' title='bbox 1238 5146 1361 5186; x_wconf 90' lang='lat' dir='ltr'><strong>cum</strong></span> <span class='ocrx_word' id='word_1_657' title='bbox 1418 5140 1528 5185; x_wconf 88' lang='lat' dir='ltr'><strong>tota</strong></span> <span class='ocrx_word' id='word_1_658' title='bbox 1586 5145 1754 5201; x_wconf 88' lang='lat' dir='ltr'><strong>penes</strong></span> <span class='ocrx_word' id='word_1_659' title='bbox 1809 5129 1954 5199; x_wconf 88' lang='lat' dir='ltr'><strong>ipsos</strong></span> <span class='ocrx_word' id='word_1_660' title='bbox 2009 5129 2101 5186; x_wconf 90' lang='lat' dir='ltr'><strong>sit.</strong></span> 
     </span>
    </p>
   </div>
   <div class='ocr_carea' id='block_1_97' title="bbox 525 5225 2104 5295">
    <p class='ocr_par' dir='ltr' id='par_1_97' title="bbox 525 5225 2104 5295">
     <span class='ocr_line' id='line_1_97' title="bbox 525 5225 2104 5295; baseline -0.001 -14"><span class='ocrx_word' id='word_1_661' title='bbox 525 5225 697 5294; x_wconf 89' lang='lat' dir='ltr'><strong>Ecqui</strong></span> <span class='ocrx_word' id='word_1_662' title='bbox 728 5225 848 5278; x_wconf 88' lang='lat' dir='ltr'><strong>libri</strong></span> <span class='ocrx_word' id='word_1_663' title='bbox 884 5226 1136 5295; x_wconf 84' lang='lat' dir='ltr'><strong>poletnici</strong></span> <span class='ocrx_word' id='word_1_664' title='bbox 1192 5243 1387 5282; x_wconf 91' lang='lat' dir='ltr'><strong>sensus</strong></span> <span class='ocrx_word' id='word_1_665' title='bbox 1414 5226 1607 5294; x_wconf 89' lang='lat' dir='ltr'><strong>planus</strong></span> <span class='ocrx_word' id='word_1_666' title='bbox 1651 5243 1716 5282; x_wconf 88' lang='lat' dir='ltr'><strong>ac</strong></span> <span class='ocrx_word' id='word_1_667' title='bbox 1757 5225 1934 5280; x_wconf 74' lang='lat' dir='ltr'><strong>facilis</strong></span> <span class='ocrx_word' id='word_1_668' title='bbox 1973 5241 2104 5280; x_wconf 86' lang='lat' dir='ltr'><strong>eva-</strong></span> 
     </span>
    </p>
   </div>
   <div class='ocr_carea' id='block_1_98' title="bbox 524 5315 2103 5388">
    <p class='ocr_par' dir='ltr' id='par_1_98' title="bbox 524 5315 2103 5388">
     <span class='ocr_line' id='line_1_98' title="bbox 524 5315 2103 5388; baseline -0.001 -15"><span class='ocrx_word' id='word_1_669' title='bbox 524 5317 656 5374; x_wconf 87' lang='lat' dir='ltr'><strong>dere</strong></span> <span class='ocrx_word' id='word_1_670' title='bbox 683 5317 856 5388; x_wconf 89' lang='lat' dir='ltr'><strong>possit</strong></span> <span class='ocrx_word' id='word_1_671' title='bbox 883 5317 953 5383; x_wconf 90' lang='lat' dir='ltr'><strong>ei,</strong></span> <span class='ocrx_word' id='word_1_672' title='bbox 984 5332 1144 5386; x_wconf 91' lang='lat' dir='ltr'><strong>quem</strong></span> <span class='ocrx_word' id='word_1_673' title='bbox 1185 5331 1400 5384; x_wconf 91' lang='lat' dir='ltr'><strong>eorum,</strong></span> <span class='ocrx_word' id='word_1_674' title='bbox 1429 5333 1566 5388; x_wconf 89' lang='lat' dir='ltr'><strong>quos</strong></span> <span class='ocrx_word' id='word_1_675' title='bbox 1599 5315 1966 5372; x_wconf 85' lang='lat' dir='ltr'><strong>confutandos</strong></span> <span class='ocrx_word' id='word_1_676' title='bbox 1999 5318 2103 5372; x_wconf 92' lang='lat' dir='ltr'><strong>sibi</strong></span> 
     </span>
    </p>
   </div>
   <div class='ocr_carea' id='block_1_99' title="bbox 529 5406 2106 5478">
    <p class='ocr_par' dir='ltr' id='par_1_99' title="bbox 529 5406 2106 5478">
     <span class='ocr_line' id='line_1_99' title="bbox 529 5406 2106 5478; baseline -0.001 -14"><span class='ocrx_word' id='word_1_677' title='bbox 529 5409 773 5478; x_wconf 84' lang='lat' dir='ltr'><strong>suscepit</strong></span> <span class='ocrx_word' id='word_1_678' title='bbox 801 5416 1015 5474; x_wconf 89' lang='lat' dir='ltr'><strong>auctor,</strong></span> <span class='ocrx_word' id='word_1_679' title='bbox 1047 5409 1370 5463; x_wconf 90' lang='lat' dir='ltr'><strong>sententiam</strong></span> <span class='ocrx_word' id='word_1_680' title='bbox 1405 5420 1459 5463; x_wconf 91' lang='lat' dir='ltr'><strong>et</strong></span> <span class='ocrx_word' id='word_1_681' title='bbox 1494 5408 1833 5478; x_wconf 85' lang='lat' dir='ltr'><strong>hypothesim</strong></span> <span class='ocrx_word' id='word_1_682' title='bbox 1861 5406 2106 5462; x_wconf 86' lang='lat' dir='ltr'><strong>delibare</strong></span> 
     </span>
    </p>
   </div>
   <div class='ocr_carea' id='block_1_100' title="bbox 531 5497 2108 5573">
    <p class='ocr_par' dir='ltr' id='par_1_100' title="bbox 531 5497 2108 5573">
     <span class='ocr_line' id='line_1_100' title="bbox 531 5497 2108 5573; baseline -0.001 -19"><span class='ocrx_word' id='word_1_683' title='bbox 531 5502 769 5573; x_wconf 82' lang='lat' dir='ltr'><strong>piguerit</strong></span> <span class='ocrx_word' id='word_1_684' title='bbox 803 5501 826 5552; x_wconf 89' lang='lat'><strong>?</strong></span> <span class='ocrx_word' id='word_1_685' title='bbox 865 5501 996 5555; x_wconf 89' lang='lat' dir='ltr'><strong>Cum</strong></span> <span class='ocrx_word' id='word_1_686' title='bbox 1050 5502 1193 5555; x_wconf 91' lang='lat' dir='ltr'><strong>enim</strong></span> <span class='ocrx_word' id='word_1_687' title='bbox 1231 5497 1315 5556; x_wconf 77' lang='lat' dir='ltr'><strong>‘ad</strong></span> <span class='ocrx_word' id='word_1_688' title='bbox 1369 5516 1488 5555; x_wconf 88' lang='lat' dir='ltr'><strong>eam</strong></span> <span class='ocrx_word' id='word_1_689' title='bbox 1544 5513 1809 5570; x_wconf 89' lang='lat' dir='ltr'><strong>perpetuo</strong></span> <span class='ocrx_word' id='word_1_690' title='bbox 1866 5500 2108 5561; x_wconf 87' lang='lat' dir='ltr'><strong>alludat,</strong></span> 
     </span>
    </p>
   </div>
   <div class='ocr_carea' id='block_1_101' title="bbox 528 5589 2113 5663">
    <p class='ocr_par' dir='ltr' id='par_1_101' title="bbox 528 5589 2113 5663">
     <span class='ocr_line' id='line_1_101' title="bbox 528 5589 2113 5663; baseline -0.003 -17"><span class='ocrx_word' id='word_1_691' title='bbox 528 5592 752 5663; x_wconf 74' lang='lat' dir='ltr'><strong>jamque</strong></span> <span class='ocrx_word' id='word_1_692' title='bbox 793 5603 974 5648; x_wconf 88' lang='lat' dir='ltr'><strong>notam</strong></span> <span class='ocrx_word' id='word_1_693' title='bbox 1017 5603 1328 5663; x_wconf 90' lang='lat' dir='ltr'><strong>supponat;</strong></span> <span class='ocrx_word' id='word_1_694' title='bbox 1359 5608 1468 5647; x_wconf 90' lang='lat' dir='ltr'><strong>non</strong></span> <span class='ocrx_word' id='word_1_695' title='bbox 1503 5595 1701 5647; x_wconf 91' lang='lat' dir='ltr'><strong>mirum</strong></span> <span class='ocrx_word' id='word_1_696' title='bbox 1742 5593 1788 5647; x_wconf 91' lang='lat' dir='ltr'><strong>si</strong></span> <span class='ocrx_word' id='word_1_697' title='bbox 1829 5592 1947 5661; x_wconf 88' lang='lat' dir='ltr'><strong>ipsa</strong></span> <span class='ocrx_word' id='word_1_698' title='bbox 1988 5589 2113 5643; x_wconf 88' lang='lat' dir='ltr'><strong>luce</strong></span> 
     </span>
    </p>
   </div>
   <div class='ocr_carea' id='block_1_102' title="bbox 533 5682 2116 5756">
    <p class='ocr_par' dir='ltr' id='par_1_102' title="bbox 533 5682 2116 5756">
     <span class='ocr_line' id='line_1_102' title="bbox 533 5682 2116 5756; baseline -0.004 -14"><span class='ocrx_word' id='word_1_699' title='bbox 533 5685 771 5742; x_wconf 81' lang='lat' dir='ltr'><strong>clariora</strong></span> <span class='ocrx_word' id='word_1_700' title='bbox 807 5685 973 5740; x_wconf 89' lang='lat' dir='ltr'><strong>verba</strong></span> <span class='ocrx_word' id='word_1_701' title='bbox 1008 5686 1230 5741; x_wconf 91' lang='lat' dir='ltr'><strong>totidem</strong></span> <span class='ocrx_word' id='word_1_702' title='bbox 1266 5686 1559 5756; x_wconf 65' lang='lat' dir='ltr'><strong>aenigmata</strong></span> <span class='ocrx_word' id='word_1_703' title='bbox 1587 5685 1884 5740; x_wconf 89' lang='lat' dir='ltr'><strong>lectoribus</strong></span> <span class='ocrx_word' id='word_1_704' title='bbox 1921 5683 1976 5738; x_wconf 91' lang='lat' dir='ltr'><strong>in</strong></span> <span class='ocrx_word' id='word_1_705' title='bbox 2013 5682 2116 5737; x_wconf 89' lang='lat' dir='ltr'><strong>hoc</strong></span> 
     </span>
    </p>
   </div>
   <div class='ocr_carea' id='block_1_103' title="bbox 624 5860 2099 5942">
    <p class='ocr_par' dir='ltr' id='par_1_103' title="bbox 624 5860 2099 5942">
     <span class='ocr_line' id='line_1_103' title="bbox 624 5860 2099 5942; baseline -0.009 -14"><span class='ocrx_word' id='word_1_706' title='bbox 624 5870 645 5903; x_wconf 82' lang='grc'>⁸</span> <span class='ocrx_word' id='word_1_707' title='bbox 691 5868 835 5927; x_wconf 65' lang='lat' dir='ltr'><strong>ilict.</strong></span> <span class='ocrx_word' id='word_1_708' title='bbox 872 5887 1024 5938; x_wconf 77' lang='lat' dir='ltr'><strong>xxxi,</strong></span> <span class='ocrx_word' id='word_1_709' title='bbox 1063 5868 1208 5942; x_wconf 77' lang='lat'><strong>§5&#39;5.</strong></span> <span class='ocrx_word' id='word_1_710' title='bbox 1284 5866 1304 5898; x_wconf 90' lang='grc'><strong>⁷</strong></span> <span class='ocrx_word' id='word_1_711' title='bbox 1334 5864 1502 5932; x_wconf 91' lang='lat' dir='ltr'><strong>lren.,</strong></span> <span class='ocrx_word' id='word_1_712' title='bbox 1538 5865 1631 5922; x_wconf 88' lang='lat' dir='ltr'><strong>lib.</strong></span> <span class='ocrx_word' id='word_1_713' title='bbox 1663 5881 1704 5935; x_wconf 88' lang='lat' dir='ltr'><strong>t,</strong></span> <span class='ocrx_word' id='word_1_714' title='bbox 1738 5879 1787 5920; x_wconf 90' lang='lat' dir='ltr'><strong>c.</strong></span> <span class='ocrx_word' id='word_1_715' title='bbox 1822 5863 1915 5931; x_wconf 69' lang='lat'><strong>22,</strong></span> <span class='ocrx_word' id='word_1_716' title='bbox 1947 5879 2003 5918; x_wconf 90' lang='lat' dir='ltr'><strong>n.</strong></span> <span class='ocrx_word' id='word_1_717' title='bbox 2043 5860 2099 5916; x_wconf 71' lang='grc'><strong>2.</strong></span> 
     </span>
    </p>
   </div>
   <div class='ocr_carea' id='block_1_104' title="bbox 2177 5856 2480 5928">
    <p class='ocr_par' dir='ltr' id='par_1_104' title="bbox 2177 5856 2480 5928">
     <span class='ocr_line' id='line_1_104' title="bbox 2177 5856 2480 5928; baseline -0.03 -14"><span class='ocrx_word' id='word_1_718' title='bbox 2177 5860 2196 5892; x_wconf 83' lang='grc'><strong><em>⁸</em></strong></span> <span class='ocrx_word' id='word_1_719' title='bbox 2226 5857 2357 5928; x_wconf 88' lang='lat' dir='ltr'><strong>Cap.</strong></span> <span class='ocrx_word' id='word_1_720' title='bbox 2389 5856 2480 5911; x_wconf 75' lang='lat'><strong>9.5.</strong></span> 
     </span>
    </p>
   </div>
   <div class='ocr_carea' id='block_1_105' title="bbox 2204 4645 3766 4729">
    <p class='ocr_par' dir='ltr' id='par_1_105' title="bbox 2204 4645 3766 4729">
     <span class='ocr_line' id='line_1_105' title="bbox 2204 4645 3766 4729; baseline -0.013 -13"><span class='ocrx_word' id='word_1_721' title='bbox 2204 4679 2269 4715; x_wconf 74' lang='lat' dir='ltr'><strong>ex</strong></span> <span class='ocrx_word' id='word_1_722' title='bbox 2302 4662 2429 4729; x_wconf 87' lang='lat' dir='ltr'><strong>ipsis</strong></span> <span class='ocrx_word' id='word_1_723' title='bbox 2458 4657 2832 4711; x_wconf 80' lang='lat' dir='ltr'><strong>assertionibus</strong></span> <span class='ocrx_word' id='word_1_724' title='bbox 2859 4671 3040 4710; x_wconf 90' lang='lat' dir='ltr'><strong>eorum</strong></span> <span class='ocrx_word' id='word_1_725' title='bbox 3071 4655 3220 4707; x_wconf 85' lang='lat' dir='ltr'><strong>adest</strong></span> <span class='ocrx_word' id='word_1_726' title='bbox 3250 4653 3468 4704; x_wconf 84' lang='lat' dir='ltr'><strong>discere.</strong></span> <span class='ocrx_word' id='word_1_727' title='bbox 3502 4649 3564 4703; x_wconf 85' lang='lat' dir='ltr'><strong>Et</strong></span> <span class='ocrx_word' id='word_1_728' title='bbox 3593 4648 3642 4701; x_wconf 95' lang='lat' dir='ltr'><strong>in</strong></span> <span class='ocrx_word' id='word_1_729' title='bbox 3676 4645 3766 4697; x_wconf 86' lang='lat' dir='ltr'><strong>line</strong></span> 
     </span>
    </p>
   </div>
   <div class='ocr_carea' id='block_1_106' title="bbox 2205 4739 3767 4819">
    <p class='ocr_par' dir='ltr' id='par_1_106' title="bbox 2205 4739 3767 4819">
     <span class='ocr_line' id='line_1_106' title="bbox 2205 4739 3767 4819; baseline -0.015 -13"><span class='ocrx_word' id='word_1_730' title='bbox 2205 4752 2330 4806; x_wconf 90' lang='lat' dir='ltr'><strong>libri</strong></span> <span class='ocrx_word' id='word_1_731' title='bbox 2380 4749 2566 4819; x_wconf 92' lang='lat' dir='ltr'><strong>primi,</strong></span> <span class='ocrx_word' id='word_1_732' title='bbox 2615 4756 2739 4818; x_wconf 87' lang='lat' dir='ltr'><strong>post</strong></span> <span class='ocrx_word' id='word_1_733' title='bbox 2787 4747 3056 4801; x_wconf 89' lang='lat' dir='ltr'><strong>recensita</strong></span> <span class='ocrx_word' id='word_1_734' title='bbox 3102 4754 3346 4798; x_wconf 87' lang='lat' dir='ltr'><strong>veterum</strong></span> <span class='ocrx_word' id='word_1_735' title='bbox 3400 4739 3767 4796; x_wconf 89' lang='lat' dir='ltr'><strong>Gnosticorum</strong></span> 
     </span>
    </p>
   </div>
   <div class='ocr_carea' id='block_1_107' title="bbox 2207 4832 3768 4915">
    <p class='ocr_par' dir='ltr' id='par_1_107' title="bbox 2207 4832 3768 4915">
     <span class='ocr_line' id='line_1_107' title="bbox 2207 4832 3768 4915; baseline -0.014 -15"><span class='ocrx_word' id='word_1_736' title='bbox 2207 4846 2489 4915; x_wconf 88' lang='lat' dir='ltr'><strong>dogmata,</strong></span> <span class='ocrx_word' id='word_1_737' title='bbox 2517 4844 2664 4897; x_wconf 88' lang='lat' dir='ltr'><strong>addit</strong></span> <span class='ocrx_word' id='word_1_738' title='bbox 2691 4844 2711 4874; x_wconf 80' lang='grc'><strong>⁹</strong></span> <span class='ocrx_word' id='word_1_739' title='bbox 2732 4859 2746 4894; x_wconf 90' lang='lat'><strong>:</strong></span> <span class='ocrx_word' id='word_1_740' title='bbox 2768 4841 2807 4892; x_wconf 86' lang='grc' dir='ltr'><em>Α</em></span> <span class='ocrx_word' id='word_1_741' title='bbox 2844 4840 3040 4892; x_wconf 84' lang='lat' dir='ltr'><strong>talibus</strong></span> <span class='ocrx_word' id='word_1_742' title='bbox 3067 4837 3346 4898; x_wconf 88' lang='lat' dir='ltr'><strong>matribus,</strong></span> <span class='ocrx_word' id='word_1_743' title='bbox 3369 4843 3417 4887; x_wconf 89' lang='lat' dir='ltr'><strong>et</strong></span> <span class='ocrx_word' id='word_1_744' title='bbox 3449 4832 3700 4901; x_wconf 78' lang='lat' dir='ltr'><strong>patribus,</strong></span> <span class='ocrx_word' id='word_1_745' title='bbox 3727 4835 3768 4878; x_wconf 84' lang='lat' dir='ltr'><strong>et</strong></span> 
     </span>
    </p>
   </div>
   <div class='ocr_carea' id='block_1_108' title="bbox 2208 4924 3770 5004">
    <p class='ocr_par' dir='ltr' id='par_1_108' title="bbox 2208 4924 3770 5004">
     <span class='ocr_line' id='line_1_108' title="bbox 2208 4924 3770 5004; baseline -0.014 -15"><span class='ocrx_word' id='word_1_746' title='bbox 2208 4935 2418 5004; x_wconf 86' lang='lat' dir='ltr'><strong>proavis</strong></span> <span class='ocrx_word' id='word_1_747' title='bbox 2471 4951 2556 4986; x_wconf 90' lang='lat' dir='ltr'><strong>eos</strong></span> <span class='ocrx_word' id='word_1_748' title='bbox 2598 4932 2685 5002; x_wconf 89' lang='lat' dir='ltr'><strong>qui</strong></span> <span class='ocrx_word' id='word_1_749' title='bbox 2735 4948 2766 4983; x_wconf 93' lang='lat' dir='ltr'><strong>a</strong></span> <span class='ocrx_word' id='word_1_750' title='bbox 2814 4929 3098 4984; x_wconf 86' lang='lat' dir='ltr'><strong>Valentino</strong></span> <span class='ocrx_word' id='word_1_751' title='bbox 3152 4927 3276 4990; x_wconf 87' lang='lat' dir='ltr'><strong>sint,</strong></span> <span class='ocrx_word' id='word_1_752' title='bbox 3333 4925 3467 4977; x_wconf 83' lang='lat' dir='ltr'><strong>sicut</strong></span> <span class='ocrx_word' id='word_1_753' title='bbox 3508 4924 3632 4991; x_wconf 75' lang='lat' dir='ltr'><strong>ipsa:</strong></span> <span class='ocrx_word' id='word_1_754' title='bbox 3667 4932 3770 4970; x_wconf 84' lang='lat' dir='ltr'><strong>sen-</strong></span> 
     </span>
    </p>
   </div>
   <div class='ocr_carea' id='block_1_109' title="bbox 2211 5006 3770 5091">
    <p class='ocr_par' dir='ltr' id='par_1_109' title="bbox 2211 5006 3770 5091">
     <span class='ocr_line' id='line_1_109' title="bbox 2211 5006 3770 5091; baseline -0.013 -13"><span class='ocrx_word' id='word_1_755' title='bbox 2211 5025 2387 5079; x_wconf 78' lang='lat' dir='ltr'><strong>tentia:</strong></span> <span class='ocrx_word' id='word_1_756' title='bbox 2436 5031 2485 5077; x_wconf 87' lang='lat' dir='ltr'><strong>et</strong></span> <span class='ocrx_word' id='word_1_757' title='bbox 2539 5021 2735 5091; x_wconf 81' lang='lat' dir='ltr'><strong>regulte</strong></span> <span class='ocrx_word' id='word_1_758' title='bbox 2781 5021 3061 5073; x_wconf 88' lang='lat' dir='ltr'><strong>ostendunt</strong></span> <span class='ocrx_word' id='word_1_759' title='bbox 3119 5033 3231 5081; x_wconf 91' lang='lat' dir='ltr'><strong>eos,</strong></span> <span class='ocrx_word' id='word_1_760' title='bbox 3287 5013 3638 5068; x_wconf 86' lang='lat' dir='ltr'><strong>necessarium</strong></span> <span class='ocrx_word' id='word_1_761' title='bbox 3679 5006 3770 5076; x_wconf 76' lang='lat' dir='ltr'><strong>fuit</strong></span> 
     </span>
    </p>
   </div>
   <div class='ocr_carea' id='block_1_110' title="bbox 2212 5102 3774 5186">
    <p class='ocr_par' dir='ltr' id='par_1_110' title="bbox 2212 5102 3774 5186">
     <span class='ocr_line' id='line_1_110' title="bbox 2212 5102 3774 5186; baseline -0.013 -16"><span class='ocrx_word' id='word_1_762' title='bbox 2212 5117 2490 5186; x_wconf 75' lang='lat' dir='ltr'><strong>manifeste</strong></span> <span class='ocrx_word' id='word_1_763' title='bbox 2538 5128 2779 5183; x_wconf 86' lang='lat' dir='ltr'><strong>arguere,</strong></span> <span class='ocrx_word' id='word_1_764' title='bbox 2822 5121 2869 5166; x_wconf 89' lang='lat' dir='ltr'><strong>et</strong></span> <span class='ocrx_word' id='word_1_765' title='bbox 2920 5112 2976 5164; x_wconf 90' lang='lat' dir='ltr'><strong>in</strong></span> <span class='ocrx_word' id='word_1_766' title='bbox 3023 5108 3258 5163; x_wconf 81' lang='lat' dir='ltr'><strong>medium</strong></span> <span class='ocrx_word' id='word_1_767' title='bbox 3305 5106 3496 5174; x_wconf 69' lang='lat' dir='ltr'><strong>afferre</strong></span> <span class='ocrx_word' id='word_1_768' title='bbox 3544 5102 3774 5172; x_wconf 85' lang='lat' dir='ltr'><strong>dogmata</strong></span> 
     </span>
    </p>
   </div>
   <div class='ocr_carea' id='block_1_111' title="bbox 2210 5210 2462 5280">
    <p class='ocr_par' dir='ltr' id='par_1_111' title="bbox 2210 5210 2462 5280">
     <span class='ocr_line' id='line_1_111' title="bbox 2210 5210 2462 5280; baseline -0.008 -16"><span class='ocrx_word' id='word_1_769' title='bbox 2210 5210 2462 5280; x_wconf 88' lang='lat' dir='ltr'><strong>ipsorum.</strong></span> 
     </span>
    </p>
   </div>
   <div class='ocr_carea' id='block_1_112' title="bbox 2283 5307 3774 5393">
    <p class='ocr_par' dir='ltr' id='par_1_112' title="bbox 2283 5307 3774 5393">
     <span class='ocr_line' id='line_1_112' title="bbox 2283 5307 3774 5393; baseline -0.016 -14"><span class='ocrx_word' id='word_1_770' title='bbox 2283 5325 2374 5379; x_wconf 70' lang='lat'><strong>46.</strong></span> <span class='ocrx_word' id='word_1_771' title='bbox 2431 5325 2732 5393; x_wconf 87' lang='lat' dir='ltr'><strong>Eapropter</strong></span> <span class='ocrx_word' id='word_1_772' title='bbox 2779 5335 2905 5374; x_wconf 92' lang='lat' dir='ltr'><strong>cum</strong></span> <span class='ocrx_word' id='word_1_773' title='bbox 2942 5333 3042 5389; x_wconf 89' lang='lat' dir='ltr'><strong>per</strong></span> <span class='ocrx_word' id='word_1_774' title='bbox 3093 5315 3601 5371; x_wconf 71' lang='lat' dir='ltr'><strong>Valcntinianorum</strong></span> <span class='ocrx_word' id='word_1_775' title='bbox 3645 5307 3774 5360; x_wconf 88' lang='lat' dir='ltr'><strong>latus</strong></span> 
     </span>
    </p>
   </div>
   <div class='ocr_carea' id='block_1_113' title="bbox 2213 5396 3772 5481">
    <p class='ocr_par' dir='ltr' id='par_1_113' title="bbox 2213 5396 3772 5481">
     <span class='ocr_line' id='line_1_113' title="bbox 2213 5396 3772 5481; baseline -0.018 -7"><span class='ocrx_word' id='word_1_776' title='bbox 2213 5417 2504 5474; x_wconf 84' lang='lat' dir='ltr'><strong>Gnosticos</strong></span> <span class='ocrx_word' id='word_1_777' title='bbox 2552 5429 2742 5470; x_wconf 88' lang='lat' dir='ltr'><strong>onmes</strong></span> <span class='ocrx_word' id='word_1_778' title='bbox 2783 5415 3110 5481; x_wconf 82' lang='lat' dir='ltr'><strong>transfigere</strong></span> <span class='ocrx_word' id='word_1_779' title='bbox 3152 5408 3336 5466; x_wconf 84' lang='lat' dir='ltr'><strong>vellet,</strong></span> <span class='ocrx_word' id='word_1_780' title='bbox 3371 5403 3520 5475; x_wconf 89' lang='lat' dir='ltr'><strong>operi</strong></span> <span class='ocrx_word' id='word_1_781' title='bbox 3574 5396 3772 5454; x_wconf 87' lang='lat' dir='ltr'><strong>titulum</strong></span> 
     </span>
    </p>
   </div>
   <div class='ocr_carea' id='block_1_114' title="bbox 2217 5487 3776 5586">
    <p class='ocr_par' dir='ltr' id='par_1_114' title="bbox 2217 5487 3776 5586">
     <span class='ocr_line' id='line_1_114' title="bbox 2217 5487 3776 5586; baseline -0.017 -19"><span class='ocrx_word' id='word_1_782' title='bbox 2217 5510 2518 5578; x_wconf 84' lang='lat' dir='ltr'><strong>inscripsit,</strong></span> <span class='ocrx_word' id='word_1_783' title='bbox 2567 5507 2832 5577; x_wconf 81' lang='grc' dir='ltr'>Ἔλεγχος</span> <span class='ocrx_word' id='word_1_784' title='bbox 2867 5504 2961 5556; x_wconf 73' lang='grc' dir='ltr'><strong>καὶ</strong></span> <span class='ocrx_word' id='word_1_785' title='bbox 2989 5499 3269 5573; x_wconf 80' lang='grc' dir='ltr'><strong>ἀνατροπὴ</strong></span> <span class='ocrx_word' id='word_1_786' title='bbox 3308 5499 3406 5569; x_wconf 78' lang='grc' dir='ltr'><strong>τῆς</strong></span> <span class='ocrx_word' id='word_1_787' title='bbox 3441 5487 3776 5586; x_wconf 50' lang='grc' dir='ltr'><strong>ψευδωνύμσξι</strong></span> 
     </span>
    </p>
   </div>
   <div class='ocr_carea' id='block_1_115' title="bbox 2219 5590 3779 5672">
    <p class='ocr_par' dir='ltr' id='par_1_115' title="bbox 2219 5590 3779 5672">
     <span class='ocr_line' id='line_1_115' title="bbox 2219 5590 3779 5672; baseline -0.015 -16"><span class='ocrx_word' id='word_1_788' title='bbox 2219 5602 2492 5672; x_wconf 82' lang='grc' dir='ltr'><strong>γνώσεως,</strong></span> <span class='ocrx_word' id='word_1_789' title='bbox 2517 5599 2744 5653; x_wconf 90' lang='lat' dir='ltr'><strong>Detectio</strong></span> <span class='ocrx_word' id='word_1_790' title='bbox 2772 5606 2818 5650; x_wconf 92' lang='lat' dir='ltr'><strong>et</strong></span> <span class='ocrx_word' id='word_1_791' title='bbox 2848 5596 3044 5649; x_wconf 81' lang='lat' dir='ltr'><strong>eversio</strong></span> <span class='ocrx_word' id='word_1_792' title='bbox 3073 5593 3209 5663; x_wconf 82' lang='lat' dir='ltr'><strong>falso</strong></span> <span class='ocrx_word' id='word_1_793' title='bbox 3237 5590 3620 5660; x_wconf 61' lang='lat' dir='ltr'><strong>cognominata</strong></span> <span class='ocrx_word' id='word_1_794' title='bbox 3644 5593 3779 5672; x_wconf 73' lang='lat' dir='ltr'><strong>agn:-</strong></span> 
     </span>
    </p>
   </div>
   <div class='ocr_carea' id='block_1_116' title="bbox 2220 5667 3776 5761">
    <p class='ocr_par' dir='ltr' id='par_1_116' title="bbox 2220 5667 3776 5761">
     <span class='ocr_line' id='line_1_116' title="bbox 2220 5667 3776 5761; baseline -0.017 -10"><span class='ocrx_word' id='word_1_795' title='bbox 2220 5667 2398 5752; x_wconf 72' lang='lat' dir='ltr'><strong>tionis.</strong></span> <span class='ocrx_word' id='word_1_796' title='bbox 2448 5692 2502 5746; x_wconf 91' lang='lat' dir='ltr'><strong>Id</strong></span> <span class='ocrx_word' id='word_1_797' title='bbox 2545 5692 2660 5761; x_wconf 91' lang='lat' dir='ltr'><strong>ipse</strong></span> <span class='ocrx_word' id='word_1_798' title='bbox 2701 5687 2982 5756; x_wconf 88' lang='lat' dir='ltr'><strong>conceptis</strong></span> <span class='ocrx_word' id='word_1_799' title='bbox 3013 5685 3196 5740; x_wconf 87' lang='lat' dir='ltr'><strong>verbis</strong></span> <span class='ocrx_word' id='word_1_800' title='bbox 3229 5677 3538 5750; x_wconf 82' lang='lat' dir='ltr'><strong>testatur_in</strong></span> <span class='ocrx_word' id='word_1_801' title='bbox 3584 5667 3776 5730; x_wconf 67' lang='lat' dir='ltr'><strong>Praela-</strong></span> 
     </span>
    </p>
   </div>
   <div class='ocr_carea' id='block_1_117' title="bbox 2564 5843 3041 5920">
    <p class='ocr_par' dir='ltr' id='par_1_117' title="bbox 2564 5843 3041 5920">
     <span class='ocr_line' id='line_1_117' title="bbox 2564 5843 3041 5920; baseline -0.01 -15"><span class='ocrx_word' id='word_1_802' title='bbox 2564 5853 2581 5884; x_wconf 72' lang='lat'>‘</span> <span class='ocrx_word' id='word_1_803' title='bbox 2615 5850 2746 5920; x_wconf 88' lang='lat' dir='ltr'><strong>Cap.</strong></span> <span class='ocrx_word' id='word_1_804' title='bbox 2779 5849 2867 5915; x_wconf 78' lang='lat' dir='ltr'><strong>3i,</strong></span> <span class='ocrx_word' id='word_1_805' title='bbox 2903 5861 2956 5900; x_wconf 92' lang='lat' dir='ltr'><strong>n.</strong></span> <span class='ocrx_word' id='word_1_806' title='bbox 2988 5843 3041 5900; x_wconf 77' lang='grc'><strong>5.</strong></span> 
     </span>
    </p>
   </div>
  </div>
