  <div class='ocr_page' id='page_1' title='image "/cluster/home/n/w/nwhite01/storage/ocr_20150623/7/hvd.32044019206614/118.png"; bbox 0 0 3924 6354; ppageno 0'>
   <div class='ocr_carea' id='block_1_1' title="bbox 224 390 325 447">
    <p class='ocr_par' dir='ltr' id='par_1_1' title="bbox 224 390 325 447">
     <span class='ocr_line' id='line_1_1' title="bbox 224 390 325 447; baseline 0.04 -4"><span class='ocrx_word' id='word_1_1' title='bbox 224 390 325 447; x_wconf 72' lang='grc'><strong><em>221</em></strong></span> 
     </span>
    </p>
   </div>
   <div class='ocr_carea' id='block_1_2' title="bbox 796 394 2909 461">
    <p class='ocr_par' dir='ltr' id='par_1_2' title="bbox 796 394 2909 461">
     <span class='ocr_line' id='line_1_2' title="bbox 796 394 2909 461; baseline 0.002 -12"><span class='ocrx_word' id='word_1_2' title='bbox 796 394 1255 453; x_wconf 83' lang='lat' dir='ltr'><strong><em>DISSERTATIO</em></strong></span> <span class='ocrx_word' id='word_1_3' title='bbox 1290 396 1354 461; x_wconf 92' lang='lat' dir='ltr'><strong><em>ll,</em></strong></span> <span class='ocrx_word' id='word_1_4' title='bbox 1390 398 1552 457; x_wconf 74' lang='grc' dir='ltr'><strong><em>ΛΒΤ.</em></strong></span> <span class='ocrx_word' id='word_1_5' title='bbox 1590 401 1655 459; x_wconf 86' lang='lat' dir='ltr'><strong><em>ll.</em></strong></span> <span class='ocrx_word' id='word_1_6' title='bbox 1695 399 1781 453; x_wconf 86' lang='lat' dir='ltr'><strong>DE</strong></span> <span class='ocrx_word' id='word_1_7' title='bbox 1813 398 2068 455; x_wconf 62' lang='lat' dir='ltr'><strong><em>IRENIEI</em></strong></span> <span class='ocrx_word' id='word_1_8' title='bbox 2104 398 2328 454; x_wconf 82' lang='lat' dir='ltr'><strong><em>LIBRIS</em></strong></span> <span class='ocrx_word' id='word_1_9' title='bbox 2366 398 2525 455; x_wconf 79' lang='lat' dir='ltr'><strong>ADV.</strong></span> <span class='ocrx_word' id='word_1_10' title='bbox 2566 396 2909 454; x_wconf 78' lang='lat' dir='ltr'><strong><em>[UERESES</em></strong></span> 
     </span>
    </p>
   </div>
   <div class='ocr_carea' id='block_1_3' title="bbox 3389 397 3497 452">
    <p class='ocr_par' dir='ltr' id='par_1_3' title="bbox 3389 397 3497 452">
     <span class='ocr_line' id='line_1_3' title="bbox 3389 397 3497 452; baseline 0 0"><span class='ocrx_word' id='word_1_11' title='bbox 3389 397 3497 452; x_wconf 65' lang='lat'><strong><em>222</em></strong></span> 
     </span>
    </p>
   </div>
   <div class='ocr_carea' id='block_1_4' title="bbox 222 506 3487 586">
    <p class='ocr_par' dir='ltr' id='par_1_4' title="bbox 222 506 3487 586">
     <span class='ocr_line' id='line_1_4' title="bbox 222 506 3487 586; baseline 0.002 -27"><span class='ocrx_word' id='word_1_12' title='bbox 222 507 367 560; x_wconf 86' lang='lat' dir='ltr'><strong><em>tione</em></strong></span> <span class='ocrx_word' id='word_1_13' title='bbox 402 506 525 562; x_wconf 84' lang='lat' dir='ltr'><strong>libri</strong></span> <span class='ocrx_word' id='word_1_14' title='bbox 557 510 827 566; x_wconf 86' lang='lat' dir='ltr'><strong><em>secundi:</em></strong></span> <span class='ocrx_word' id='word_1_15' title='bbox 866 511 930 565; x_wconf 86' lang='lat' dir='ltr'><strong><em>In</em></strong></span> <span class='ocrx_word' id='word_1_16' title='bbox 954 514 1123 580; x_wconf 86' lang='lat' dir='ltr'><strong><em>primo</em></strong></span> <span class='ocrx_word' id='word_1_17' title='bbox 1155 516 1361 584; x_wconf 81' lang='lat' dir='ltr'><strong><em>quidem</em></strong></span> <span class='ocrx_word' id='word_1_18' title='bbox 1394 517 1548 581; x_wconf 88' lang='lat' dir='ltr'><strong><em>libro,</em></strong></span> <span class='ocrx_word' id='word_1_19' title='bbox 1576 518 1808 586; x_wconf 87' lang='lat' dir='ltr'><strong><em>quiante</em></strong></span> <span class='ocrx_word' id='word_1_20' title='bbox 1839 522 1883 577; x_wconf 80' lang='grc' dir='ltr'>Α</span> <span class='ocrx_word' id='word_1_21' title='bbox 1914 532 2062 583; x_wconf 88' lang='lat' dir='ltr'><strong><em>vero,</em></strong></span> <span class='ocrx_word' id='word_1_22' title='bbox 2126 532 2286 585; x_wconf 89' lang='lat' dir='ltr'><strong><em>quem</em></strong></span> <span class='ocrx_word' id='word_1_23' title='bbox 2346 516 2548 571; x_wconf 86' lang='lat' dir='ltr'><strong><em>imitari</em></strong></span> <span class='ocrx_word' id='word_1_24' title='bbox 2600 516 2773 570; x_wconf 88' lang='lat' dir='ltr'><strong><em>satius</em></strong></span> <span class='ocrx_word' id='word_1_25' title='bbox 2821 530 2942 571; x_wconf 89' lang='lat' dir='ltr'><strong><em>esse</em></strong></span> <span class='ocrx_word' id='word_1_26' title='bbox 3005 516 3282 579; x_wconf 82' lang='lat' dir='ltr'><strong><em>duximus,</em></strong></span> <span class='ocrx_word' id='word_1_27' title='bbox 3342 518 3487 585; x_wconf 81' lang='lat' dir='ltr'><strong><em>quod</em></strong></span> 
     </span>
    </p>
   </div>
   <div class='ocr_carea' id='block_1_5' title="bbox 218 601 1803 676">
    <p class='ocr_par' dir='ltr' id='par_1_5' title="bbox 218 601 1803 676">
     <span class='ocr_line' id='line_1_5' title="bbox 218 601 1803 676; baseline 0.009 -28"><span class='ocrx_word' id='word_1_28' title='bbox 218 601 356 651; x_wconf 76' lang='lat' dir='ltr'><strong><em>hunc</em></strong></span> <span class='ocrx_word' id='word_1_29' title='bbox 387 610 488 662; x_wconf 90' lang='lat' dir='ltr'><strong><em>est,</em></strong></span> <span class='ocrx_word' id='word_1_30' title='bbox 524 613 805 669; x_wconf 77' lang='lat' dir='ltr'><strong><em>arguentes</em></strong></span> <span class='ocrx_word' id='word_1_31' title='bbox 840 603 966 671; x_wconf 79' lang='lat' dir='ltr'><strong><em>falsi</em></strong></span> <span class='ocrx_word' id='word_1_32' title='bbox 999 608 1229 659; x_wconf 85' lang='lat' dir='ltr'><strong><em>nominis</em></strong></span> <span class='ocrx_word' id='word_1_33' title='bbox 1252 609 1594 676; x_wconf 80' lang='lat' dir='ltr'><strong><em>agnitionem,</em></strong></span> <span class='ocrx_word' id='word_1_34' title='bbox 1633 621 1803 662; x_wconf 84' lang='lat' dir='ltr'><strong><em>osten-</em></strong></span> 
     </span>
    </p>
   </div>
   <div class='ocr_carea' id='block_1_6' title="bbox 216 691 1803 767">
    <p class='ocr_par' dir='ltr' id='par_1_6' title="bbox 216 691 1803 767">
     <span class='ocr_line' id='line_1_6' title="bbox 216 691 1803 767; baseline 0.008 -27"><span class='ocrx_word' id='word_1_35' title='bbox 216 691 389 743; x_wconf 84' lang='lat' dir='ltr'><strong><em>dimus</em></strong></span> <span class='ocrx_word' id='word_1_36' title='bbox 407 692 527 756; x_wconf 83' lang='lat' dir='ltr'><strong><em>tibi,</em></strong></span> <span class='ocrx_word' id='word_1_37' title='bbox 551 693 915 759; x_wconf 87' lang='lat' dir='ltr'><strong><em>dilectissime,</em></strong></span> <span class='ocrx_word' id='word_1_38' title='bbox 933 711 1085 748; x_wconf 87' lang='lat' dir='ltr'><strong><em>omne</em></strong></span> <span class='ocrx_word' id='word_1_39' title='bbox 1108 698 1170 747; x_wconf 91' lang='lat' dir='ltr'><strong><em>ab</em></strong></span> <span class='ocrx_word' id='word_1_40' title='bbox 1192 697 1273 750; x_wconf 84' lang='lat' dir='ltr'><strong><em>his</em></strong></span> <span class='ocrx_word' id='word_1_41' title='bbox 1293 700 1381 767; x_wconf 89' lang='lat' dir='ltr'><strong><em>qui</em></strong></span> <span class='ocrx_word' id='word_1_42' title='bbox 1408 710 1527 751; x_wconf 90' lang='lat' dir='ltr'><strong><em>sunt</em></strong></span> <span class='ocrx_word' id='word_1_43' title='bbox 1544 719 1574 753; x_wconf 93' lang='lat' dir='ltr'><strong><em>a</em></strong></span> <span class='ocrx_word' id='word_1_44' title='bbox 1616 699 1803 753; x_wconf 58' lang='lat' dir='ltr'><strong><em>Valerio</em></strong></span> 
     </span>
    </p>
   </div>
   <div class='ocr_carea' id='block_1_7' title="bbox 215 786 1806 852">
    <p class='ocr_par' dir='ltr' id='par_1_7' title="bbox 215 786 1806 852">
     <span class='ocr_line' id='line_1_7' title="bbox 215 786 1806 852; baseline 0.008 -17"><span class='ocrx_word' id='word_1_45' title='bbox 215 786 348 849; x_wconf 80' lang='lat' dir='ltr'><strong><em>tina,</em></strong></span> <span class='ocrx_word' id='word_1_46' title='bbox 380 801 476 852; x_wconf 87' lang='lat' dir='ltr'><strong><em>per</em></strong></span> <span class='ocrx_word' id='word_1_47' title='bbox 500 786 699 839; x_wconf 88' lang='lat' dir='ltr'><strong><em>multos</em></strong></span> <span class='ocrx_word' id='word_1_48' title='bbox 728 796 779 838; x_wconf 87' lang='lat' dir='ltr'><strong><em>et</em></strong></span> <span class='ocrx_word' id='word_1_49' title='bbox 806 789 1101 840; x_wconf 80' lang='lat' dir='ltr'><strong><em>contrarios</em></strong></span> <span class='ocrx_word' id='word_1_50' title='bbox 1124 791 1308 844; x_wconf 87' lang='lat' dir='ltr'><strong><em>modos</em></strong></span> <span class='ocrx_word' id='word_1_51' title='bbox 1337 792 1673 845; x_wconf 82' lang='lat' dir='ltr'><strong><em>adinventum</em></strong></span> <span class='ocrx_word' id='word_1_52' title='bbox 1696 811 1806 847; x_wconf 88' lang='lat' dir='ltr'><strong><em>esse</em></strong></span> 
     </span>
    </p>
   </div>
   <div class='ocr_carea' id='block_1_8' title="bbox 212 880 1804 957">
    <p class='ocr_par' dir='ltr' id='par_1_8' title="bbox 212 880 1804 957">
     <span class='ocr_line' id='line_1_8' title="bbox 212 880 1804 957; baseline 0.007 -26"><span class='ocrx_word' id='word_1_53' title='bbox 212 880 619 949; x_wconf 75' lang='lat' dir='ltr'><strong><em>falsiloquium;</em></strong></span> <span class='ocrx_word' id='word_1_54' title='bbox 646 885 806 936; x_wconf 82' lang='lat' dir='ltr'><strong><em>etiam</em></strong></span> <span class='ocrx_word' id='word_1_55' title='bbox 836 888 1118 937; x_wconf 87' lang='lat' dir='ltr'><strong><em>sententias</em></strong></span> <span class='ocrx_word' id='word_1_56' title='bbox 1143 889 1477 955; x_wconf 74' lang='lat' dir='ltr'><strong><em>exposuimus</em></strong></span> <span class='ocrx_word' id='word_1_57' title='bbox 1510 905 1689 941; x_wconf 88' lang='lat' dir='ltr'><strong><em>eorum</em></strong></span> <span class='ocrx_word' id='word_1_58' title='bbox 1713 892 1804 957; x_wconf 85' lang='lat' dir='ltr'><strong><em>qui</em></strong></span> 
     </span>
    </p>
   </div>
   <div class='ocr_carea' id='block_1_9' title="bbox 211 974 1803 1039">
    <p class='ocr_par' dir='ltr' id='par_1_9' title="bbox 211 974 1803 1039">
     <span class='ocr_line' id='line_1_9' title="bbox 211 974 1803 1039; baseline 0.009 -17"><span class='ocrx_word' id='word_1_59' title='bbox 211 974 409 1039; x_wconf 80' lang='lat' dir='ltr'><strong><em>priores</em></strong></span> <span class='ocrx_word' id='word_1_60' title='bbox 453 976 796 1037; x_wconf 71' lang='lat' dir='ltr'><strong><em>exstiterunt,</em></strong></span> <span class='ocrx_word' id='word_1_61' title='bbox 825 989 929 1031; x_wconf 88' lang='lat' dir='ltr'><strong><em>etc.</em></strong></span> <span class='ocrx_word' id='word_1_62' title='bbox 965 978 1020 1030; x_wconf 90' lang='lat' dir='ltr'><strong><em>In</em></strong></span> <span class='ocrx_word' id='word_1_63' title='bbox 1057 979 1159 1031; x_wconf 90' lang='lat' dir='ltr'><strong><em>hoc</em></strong></span> <span class='ocrx_word' id='word_1_64' title='bbox 1190 990 1370 1033; x_wconf 87' lang='lat' dir='ltr'><strong><em>autem</em></strong></span> <span class='ocrx_word' id='word_1_65' title='bbox 1404 983 1537 1035; x_wconf 91' lang='lat' dir='ltr'><strong><em>libro</em></strong></span> <span class='ocrx_word' id='word_1_66' title='bbox 1568 983 1803 1036; x_wconf 85' lang='lat' dir='ltr'><strong><em>instrue-</em></strong></span> 
     </span>
    </p>
   </div>
   <div class='ocr_carea' id='block_1_10' title="bbox 212 1069 1805 1143">
    <p class='ocr_par' dir='ltr' id='par_1_10' title="bbox 212 1069 1805 1143">
     <span class='ocr_line' id='line_1_10' title="bbox 212 1069 1805 1143; baseline 0.009 -27"><span class='ocrx_word' id='word_1_67' title='bbox 212 1083 322 1117; x_wconf 79' lang='lat' dir='ltr'><strong><em>mus</em></strong></span> <span class='ocrx_word' id='word_1_68' title='bbox 355 1083 478 1135; x_wconf 78' lang='lat' dir='ltr'><strong><em>qua:</em></strong></span> <span class='ocrx_word' id='word_1_69' title='bbox 508 1069 662 1121; x_wconf 88' lang='lat' dir='ltr'><strong><em>nobis</em></strong></span> <span class='ocrx_word' id='word_1_70' title='bbox 692 1080 815 1136; x_wconf 90' lang='lat' dir='ltr'><strong><em>apta</em></strong></span> <span class='ocrx_word' id='word_1_71' title='bbox 849 1080 992 1132; x_wconf 89' lang='lat' dir='ltr'><strong><em>sunt,</em></strong></span> <span class='ocrx_word' id='word_1_72' title='bbox 1013 1083 1060 1122; x_wconf 89' lang='lat' dir='ltr'><strong><em>et</em></strong></span> <span class='ocrx_word' id='word_1_73' title='bbox 1082 1089 1199 1138; x_wconf 73' lang='lat' dir='ltr'><strong><em>qutv</em></strong></span> <span class='ocrx_word' id='word_1_74' title='bbox 1223 1074 1479 1139; x_wconf 84' lang='lat' dir='ltr'><strong><em>permittit</em></strong></span> <span class='ocrx_word' id='word_1_75' title='bbox 1513 1085 1805 1143; x_wconf 87' lang='lat' dir='ltr'><strong><em>tempus,et</em></strong></span> 
     </span>
    </p>
   </div>
   <div class='ocr_carea' id='block_1_11' title="bbox 211 1155 1795 1235">
    <p class='ocr_par' dir='ltr' id='par_1_11' title="bbox 211 1155 1795 1235">
     <span class='ocr_line' id='line_1_11' title="bbox 211 1155 1795 1235; baseline 0.007 -26"><span class='ocrx_word' id='word_1_76' title='bbox 211 1155 445 1229; x_wconf 67' lang='lat' dir='ltr'><strong><em>[XCVII]</em></strong></span> <span class='ocrx_word' id='word_1_77' title='bbox 489 1169 780 1212; x_wconf 79' lang='lat' dir='ltr'><strong><em>evertentus</em></strong></span> <span class='ocrx_word' id='word_1_78' title='bbox 804 1178 895 1227; x_wconf 89' lang='lat' dir='ltr'><strong><em>per</em></strong></span> <span class='ocrx_word' id='word_1_79' title='bbox 918 1177 1105 1230; x_wconf 88' lang='lat' dir='ltr'><strong><em>magna</em></strong></span> <span class='ocrx_word' id='word_1_80' title='bbox 1126 1164 1362 1229; x_wconf 65' lang='lat' dir='ltr'><strong><em>capituia</em></strong></span> <span class='ocrx_word' id='word_1_81' title='bbox 1384 1164 1606 1231; x_wconf 48' lang='lat' dir='ltr'><strong><em>fomitem</em></strong></span> <span class='ocrx_word' id='word_1_82' title='bbox 1639 1184 1795 1235; x_wconf 86' lang='lat' dir='ltr'><strong><em>regu-</em></strong></span> 
     </span>
    </p>
   </div>
   <div class='ocr_carea' id='block_1_12' title="bbox 209 1251 1801 1323">
    <p class='ocr_par' dir='ltr' id='par_1_12' title="bbox 209 1251 1801 1323">
     <span class='ocr_line' id='line_1_12' title="bbox 209 1251 1801 1323; baseline 0.007 -22"><span class='ocrx_word' id='word_1_83' title='bbox 209 1251 309 1303; x_wconf 87' lang='lat' dir='ltr'><strong><em>lam</em></strong></span> <span class='ocrx_word' id='word_1_84' title='bbox 338 1252 607 1319; x_wconf 86' lang='lat' dir='ltr'><strong><em>ipsorum.</em></strong></span> <span class='ocrx_word' id='word_1_85' title='bbox 648 1252 981 1320; x_wconf 82' lang='lat' dir='ltr'><strong><em>QuaprOpter</em></strong></span> <span class='ocrx_word' id='word_1_86' title='bbox 1024 1255 1164 1323; x_wconf 88' lang='lat' dir='ltr'><strong><em>quod</em></strong></span> <span class='ocrx_word' id='word_1_87' title='bbox 1200 1256 1267 1307; x_wconf 89' lang='lat' dir='ltr'><strong><em>sit</em></strong></span> <span class='ocrx_word' id='word_1_88' title='bbox 1313 1256 1535 1309; x_wconf 84' lang='lat' dir='ltr'><strong><em>detectio</em></strong></span> <span class='ocrx_word' id='word_1_89' title='bbox 1566 1268 1613 1310; x_wconf 86' lang='lat' dir='ltr'><strong><em>et</em></strong></span> <span class='ocrx_word' id='word_1_90' title='bbox 1653 1275 1801 1312; x_wconf 85' lang='lat' dir='ltr'><strong><em>ever-</em></strong></span> 
     </span>
    </p>
   </div>
   <div class='ocr_carea' id='block_1_13' title="bbox 209 1342 1802 1419">
    <p class='ocr_par' dir='ltr' id='par_1_13' title="bbox 209 1342 1802 1419">
     <span class='ocr_line' id='line_1_13' title="bbox 209 1342 1802 1419; baseline 0.006 -25"><span class='ocrx_word' id='word_1_91' title='bbox 209 1342 282 1394; x_wconf 82' lang='lat' dir='ltr'><strong><em>sio</em></strong></span> <span class='ocrx_word' id='word_1_92' title='bbox 306 1345 593 1395; x_wconf 74' lang='lat' dir='ltr'><strong><em>sententia:</em></strong></span> <span class='ocrx_word' id='word_1_93' title='bbox 635 1344 870 1410; x_wconf 87' lang='lat' dir='ltr'><strong><em>ipsorum</em></strong></span> <span class='ocrx_word' id='word_1_94' title='bbox 893 1384 907 1406; x_wconf 96' lang='lat'><strong><em>,</em></strong></span> <span class='ocrx_word' id='word_1_95' title='bbox 943 1346 1113 1409; x_wconf 88' lang='lat' dir='ltr'><strong><em>operis</em></strong></span> <span class='ocrx_word' id='word_1_96' title='bbox 1169 1346 1326 1415; x_wconf 80' lang='lat' dir='ltr'><strong><em>hujus</em></strong></span> <span class='ocrx_word' id='word_1_97' title='bbox 1366 1349 1802 1419; x_wconf 87' lang='lat' dir='ltr'><strong><em>conscriptiouem</em></strong></span> 
     </span>
    </p>
   </div>
   <div class='ocr_carea' id='block_1_14' title="bbox 208 1434 1803 1493">
    <p class='ocr_par' dir='ltr' id='par_1_14' title="bbox 208 1434 1803 1493">
     <span class='ocr_line' id='line_1_14' title="bbox 208 1434 1803 1493; baseline 0.004 -7"><span class='ocrx_word' id='word_1_98' title='bbox 208 1434 279 1486; x_wconf 84' lang='lat' dir='ltr'><strong><em>ita</em></strong></span> <span class='ocrx_word' id='word_1_99' title='bbox 333 1436 697 1487; x_wconf 63' lang='lat' dir='ltr'><strong><em>titillat-imus.</em></strong></span> <span class='ocrx_word' id='word_1_100' title='bbox 739 1436 805 1488; x_wconf 86' lang='lat' dir='ltr'><strong><em>Et</em></strong></span> <span class='ocrx_word' id='word_1_101' title='bbox 860 1437 912 1488; x_wconf 91' lang='lat' dir='ltr'><strong><em>in</em></strong></span> <span class='ocrx_word' id='word_1_102' title='bbox 942 1435 1269 1491; x_wconf 66' lang='lat' dir='ltr'><strong><em>Praelatione</em></strong></span> <span class='ocrx_word' id='word_1_103' title='bbox 1330 1438 1451 1491; x_wconf 87' lang='lat' dir='ltr'><strong>libri</strong></span> <span class='ocrx_word' id='word_1_104' title='bbox 1509 1454 1605 1492; x_wconf 88' lang='lat' dir='ltr'><strong><em>tv:</em></strong></span> <span class='ocrx_word' id='word_1_105' title='bbox 1643 1439 1803 1493; x_wconf 85' lang='lat' dir='ltr'><strong><em>Hunc</em></strong></span> 
     </span>
    </p>
   </div>
   <div class='ocr_carea' id='block_1_15' title="bbox 206 1526 1801 1599">
    <p class='ocr_par' dir='ltr' id='par_1_15' title="bbox 206 1526 1801 1599">
     <span class='ocr_line' id='line_1_15' title="bbox 206 1526 1801 1599; baseline 0.008 -22"><span class='ocrx_word' id='word_1_106' title='bbox 206 1538 451 1592; x_wconf 76' lang='lat' dir='ltr'><strong><em>quartum</em></strong></span> <span class='ocrx_word' id='word_1_107' title='bbox 480 1526 704 1589; x_wconf 86' lang='lat' dir='ltr'><strong><em>librum,</em></strong></span> <span class='ocrx_word' id='word_1_108' title='bbox 748 1528 1116 1593; x_wconf 74' lang='lat' dir='ltr'><strong><em>dilectissime,</em></strong></span> <span class='ocrx_word' id='word_1_109' title='bbox 1154 1532 1514 1585; x_wconf 90' lang='lat' dir='ltr'><strong><em>transmittens</em></strong></span> <span class='ocrx_word' id='word_1_110' title='bbox 1558 1534 1652 1586; x_wconf 87' lang='lat' dir='ltr'><strong><em>tibi</em></strong></span> <span class='ocrx_word' id='word_1_111' title='bbox 1681 1551 1801 1599; x_wconf 81' lang='lat' dir='ltr'><strong><em>ope-</em></strong></span> 
     </span>
    </p>
   </div>
   <div class='ocr_carea' id='block_1_16' title="bbox 210 1616 1799 1689">
    <p class='ocr_par' dir='ltr' id='par_1_16' title="bbox 210 1616 1799 1689">
     <span class='ocr_line' id='line_1_16' title="bbox 210 1616 1799 1689; baseline 0.006 -25"><span class='ocrx_word' id='word_1_112' title='bbox 210 1617 277 1668; x_wconf 81' lang='lat' dir='ltr'><strong><em>ris</em></strong></span> <span class='ocrx_word' id='word_1_113' title='bbox 314 1616 461 1684; x_wconf 83' lang='lat' dir='ltr'><strong><em>quod</em></strong></span> <span class='ocrx_word' id='word_1_114' title='bbox 500 1624 579 1668; x_wconf 83' lang='lat' dir='ltr'><strong><em>est</em></strong></span> <span class='ocrx_word' id='word_1_115' title='bbox 608 1616 673 1667; x_wconf 88' lang='lat' dir='ltr'><strong><em>de</em></strong></span> <span class='ocrx_word' id='word_1_116' title='bbox 711 1616 1004 1669; x_wconf 81' lang='lat' dir='ltr'><strong><em>delectione</em></strong></span> <span class='ocrx_word' id='word_1_117' title='bbox 1044 1624 1092 1669; x_wconf 86' lang='lat' dir='ltr'><strong><em>et</em></strong></span> <span class='ocrx_word' id='word_1_118' title='bbox 1133 1618 1405 1670; x_wconf 75' lang='lat' dir='ltr'><strong><em>eversione</em></strong></span> <span class='ocrx_word' id='word_1_119' title='bbox 1432 1618 1586 1685; x_wconf 67' lang='lat' dir='ltr'><strong><em>{alsit</em></strong></span> <span class='ocrx_word' id='word_1_120' title='bbox 1620 1621 1799 1689; x_wconf 87' lang='lat' dir='ltr'><strong><em>cogni-</em></strong></span> 
     </span>
    </p>
   </div>
   <div class='ocr_carea' id='block_1_17' title="bbox 208 1707 1803 1779">
    <p class='ocr_par' dir='ltr' id='par_1_17' title="bbox 208 1707 1803 1779">
     <span class='ocr_line' id='line_1_17' title="bbox 208 1707 1803 1779; baseline 0.004 -21"><span class='ocrx_word' id='word_1_121' title='bbox 208 1707 381 1769; x_wconf 72' lang='lat' dir='ltr'><strong><em>tionis,</em></strong></span> <span class='ocrx_word' id='word_1_122' title='bbox 417 1715 532 1761; x_wconf 85' lang='lat' dir='ltr'><strong><em>etc.</em></strong></span> <span class='ocrx_word' id='word_1_123' title='bbox 573 1707 639 1759; x_wconf 85' lang='lat' dir='ltr'><strong><em>Et</em></strong></span> <span class='ocrx_word' id='word_1_124' title='bbox 666 1708 716 1758; x_wconf 93' lang='lat' dir='ltr'><strong><em>in</em></strong></span> <span class='ocrx_word' id='word_1_125' title='bbox 750 1707 991 1774; x_wconf 81' lang='lat' dir='ltr'><strong><em>ejusdem</em></strong></span> <span class='ocrx_word' id='word_1_126' title='bbox 1026 1708 1147 1761; x_wconf 84' lang='lat' dir='ltr'><strong><em>libri</em></strong></span> <span class='ocrx_word' id='word_1_127' title='bbox 1185 1707 1292 1763; x_wconf 81' lang='lat' dir='ltr'><strong><em>line</em></strong></span> <span class='ocrx_word' id='word_1_128' title='bbox 1323 1708 1609 1779; x_wconf 84' lang='lat' dir='ltr'><strong><em>:Reliquos</em></strong></span> <span class='ocrx_word' id='word_1_129' title='bbox 1641 1712 1803 1779; x_wconf 82' lang='lat' dir='ltr'><strong><em>igitur</em></strong></span> 
     </span>
    </p>
   </div>
   <div class='ocr_carea' id='block_1_18' title="bbox 207 1798 1796 1869">
    <p class='ocr_par' dir='ltr' id='par_1_18' title="bbox 207 1798 1796 1869">
     <span class='ocr_line' id='line_1_18' title="bbox 207 1798 1796 1869; baseline 0.003 -19"><span class='ocrx_word' id='word_1_130' title='bbox 207 1816 476 1851; x_wconf 70' lang='lat' dir='ltr'><strong><em>sermones</em></strong></span> <span class='ocrx_word' id='word_1_131' title='bbox 526 1798 742 1851; x_wconf 87' lang='lat' dir='ltr'><strong><em>Domini</em></strong></span> <span class='ocrx_word' id='word_1_132' title='bbox 765 1816 893 1867; x_wconf 80' lang='lat' dir='ltr'><strong><em>quos</em></strong></span> <span class='ocrx_word' id='word_1_133' title='bbox 948 1802 1156 1866; x_wconf 79' lang='lat' dir='ltr'><strong><em>quidem</em></strong></span> <span class='ocrx_word' id='word_1_134' title='bbox 1208 1817 1311 1853; x_wconf 89' lang='lat' dir='ltr'><strong><em>non</em></strong></span> <span class='ocrx_word' id='word_1_135' title='bbox 1360 1818 1452 1867; x_wconf 88' lang='lat' dir='ltr'><strong><em>per</em></strong></span> <span class='ocrx_word' id='word_1_136' title='bbox 1488 1803 1796 1869; x_wconf 82' lang='lat' dir='ltr'><strong><em>parabolas,</em></strong></span> 
     </span>
    </p>
   </div>
   <div class='ocr_carea' id='block_1_19' title="bbox 205 1889 1797 1957">
    <p class='ocr_par' dir='ltr' id='par_1_19' title="bbox 205 1889 1797 1957">
     <span class='ocr_line' id='line_1_19' title="bbox 205 1889 1797 1957; baseline 0.003 -16"><span class='ocrx_word' id='word_1_137' title='bbox 205 1890 288 1941; x_wconf 79' lang='lat' dir='ltr'><strong><em>sed</em></strong></span> <span class='ocrx_word' id='word_1_138' title='bbox 318 1889 648 1956; x_wconf 74' lang='lat' dir='ltr'><strong><em>simpliciter</em></strong></span> <span class='ocrx_word' id='word_1_139' title='bbox 692 1890 820 1955; x_wconf 81' lang='lat' dir='ltr'><strong><em>ipsis</em></strong></span> <span class='ocrx_word' id='word_1_140' title='bbox 860 1892 1183 1943; x_wconf 85' lang='lat' dir='ltr'><strong><em>dictionibus</em></strong></span> <span class='ocrx_word' id='word_1_141' title='bbox 1217 1892 1398 1944; x_wconf 84' lang='lat' dir='ltr'><strong><em>docuit</em></strong></span> <span class='ocrx_word' id='word_1_142' title='bbox 1439 1893 1503 1945; x_wconf 91' lang='lat' dir='ltr'><strong><em>de</em></strong></span> <span class='ocrx_word' id='word_1_143' title='bbox 1535 1890 1719 1957; x_wconf 89' lang='lat' dir='ltr'><strong><em>Patre,</em></strong></span> <span class='ocrx_word' id='word_1_144' title='bbox 1750 1902 1797 1945; x_wconf 87' lang='lat' dir='ltr'><strong><em>et</em></strong></span> 
     </span>
    </p>
   </div>
   <div class='ocr_carea' id='block_1_20' title="bbox 204 1978 1799 2048">
    <p class='ocr_par' dir='ltr' id='par_1_20' title="bbox 204 1978 1799 2048">
     <span class='ocr_line' id='line_1_20' title="bbox 204 1978 1799 2048; baseline 0.004 -19"><span class='ocrx_word' id='word_1_145' title='bbox 204 1980 587 2039; x_wconf 68' lang='lat' dir='ltr'><strong><em>expositionem</em></strong></span> <span class='ocrx_word' id='word_1_146' title='bbox 606 1978 963 2046; x_wconf 79' lang='lat' dir='ltr'><strong><em>Epistolarum</em></strong></span> <span class='ocrx_word' id='word_1_147' title='bbox 1003 1980 1141 2032; x_wconf 86' lang='lat' dir='ltr'><strong><em>beati</em></strong></span> <span class='ocrx_word' id='word_1_148' title='bbox 1177 1981 1418 2048; x_wconf 82' lang='lat' dir='ltr'><strong><em>Apostoli</em></strong></span> <span class='ocrx_word' id='word_1_149' title='bbox 1456 1982 1509 2035; x_wconf 89' lang='lat' dir='ltr'><strong><em>in</em></strong></span> <span class='ocrx_word' id='word_1_150' title='bbox 1537 1983 1706 2036; x_wconf 84' lang='lat' dir='ltr'><strong><em>altero</em></strong></span> <span class='ocrx_word' id='word_1_151' title='bbox 1734 1983 1799 2035; x_wconf 86' lang='lat' dir='ltr'><strong><em>li-</em></strong></span> 
     </span>
    </p>
   </div>
   <div class='ocr_carea' id='block_1_21' title="bbox 205 2072 1799 2141">
    <p class='ocr_par' dir='ltr' id='par_1_21' title="bbox 205 2072 1799 2141">
     <span class='ocr_line' id='line_1_21' title="bbox 205 2072 1799 2141; baseline 0.004 -19"><span class='ocrx_word' id='word_1_152' title='bbox 205 2074 289 2125; x_wconf 74' lang='lat' dir='ltr'><strong><em>bro</em></strong></span> <span class='ocrx_word' id='word_1_153' title='bbox 328 2074 701 2139; x_wconf 78' lang='lat' dir='ltr'><strong><em>disponentes,</em></strong></span> <span class='ocrx_word' id='word_1_154' title='bbox 735 2072 995 2141; x_wconf 86' lang='lat' dir='ltr'><strong><em>integrum</em></strong></span> <span class='ocrx_word' id='word_1_155' title='bbox 1020 2074 1115 2125; x_wconf 88' lang='lat' dir='ltr'><strong><em>tibi</em></strong></span> <span class='ocrx_word' id='word_1_156' title='bbox 1143 2091 1269 2140; x_wconf 87' lang='lat' dir='ltr'><strong><em>opus</em></strong></span> <span class='ocrx_word' id='word_1_157' title='bbox 1294 2075 1719 2139; x_wconf 77' lang='lat' dir='ltr'><strong><em>exprobrationis</em></strong></span> <span class='ocrx_word' id='word_1_158' title='bbox 1751 2087 1799 2129; x_wconf 88' lang='lat' dir='ltr'><strong><em>et</em></strong></span> 
     </span>
    </p>
   </div>
   <div class='ocr_carea' id='block_1_22' title="bbox 202 2164 1801 2234">
    <p class='ocr_par' dir='ltr' id='par_1_22' title="bbox 202 2164 1801 2234">
     <span class='ocr_line' id='line_1_22' title="bbox 202 2164 1801 2234; baseline 0.003 -18"><span class='ocrx_word' id='word_1_159' title='bbox 202 2166 490 2217; x_wconf 65' lang='lat' dir='ltr'><strong><em>eversionis</em></strong></span> <span class='ocrx_word' id='word_1_160' title='bbox 542 2164 686 2231; x_wconf 78' lang='lat' dir='ltr'><strong><em>[also</em></strong></span> <span class='ocrx_word' id='word_1_161' title='bbox 727 2167 1111 2233; x_wconf 73' lang='lat' dir='ltr'><strong><em>cognominata:</em></strong></span> <span class='ocrx_word' id='word_1_162' title='bbox 1155 2168 1465 2233; x_wconf 83' lang='lat' dir='ltr'><strong><em>agnitionis,</em></strong></span> <span class='ocrx_word' id='word_1_163' title='bbox 1509 2178 1801 2234; x_wconf 80' lang='lat' dir='ltr'><strong><em>prcestante</em></strong></span> 
     </span>
    </p>
   </div>
   <div class='ocr_carea' id='block_1_23' title="bbox 202 2256 1795 2330">
    <p class='ocr_par' dir='ltr' id='par_1_23' title="bbox 202 2256 1795 2330">
     <span class='ocr_line' id='line_1_23' title="bbox 202 2256 1795 2330; baseline 0.004 -22"><span class='ocrx_word' id='word_1_164' title='bbox 202 2256 327 2313; x_wconf 84' lang='lat' dir='ltr'><strong><em>Deo.</em></strong></span> <span class='ocrx_word' id='word_1_165' title='bbox 349 2259 735 2322; x_wconf 76' lang='lat' dir='ltr'><strong><em>prtebebimus.</em></strong></span> <span class='ocrx_word' id='word_1_166' title='bbox 759 2258 1003 2327; x_wconf 89' lang='lat' dir='ltr'><strong><em>Denique</em></strong></span> <span class='ocrx_word' id='word_1_167' title='bbox 1026 2258 1076 2311; x_wconf 91' lang='lat' dir='ltr'><strong><em>in</em></strong></span> <span class='ocrx_word' id='word_1_168' title='bbox 1097 2258 1423 2313; x_wconf 72' lang='lat' dir='ltr'><strong><em>Prmlatione</em></strong></span> <span class='ocrx_word' id='word_1_169' title='bbox 1451 2261 1572 2315; x_wconf 88' lang='lat' dir='ltr'><strong><em>libri</em></strong></span> <span class='ocrx_word' id='word_1_170' title='bbox 1600 2264 1795 2330; x_wconf 83' lang='lat' dir='ltr'><strong><em>quinti,</em></strong></span> 
     </span>
    </p>
   </div>
   <div class='ocr_carea' id='block_1_24' title="bbox 203 2348 1796 2421">
    <p class='ocr_par' dir='ltr' id='par_1_24' title="bbox 203 2348 1796 2421">
     <span class='ocr_line' id='line_1_24' title="bbox 203 2348 1796 2421; baseline 0.003 -21"><span class='ocrx_word' id='word_1_171' title='bbox 203 2348 395 2402; x_wconf 85' lang='lat' dir='ltr'><strong><em>librum</em></strong></span> <span class='ocrx_word' id='word_1_172' title='bbox 435 2350 582 2403; x_wconf 84' lang='lat' dir='ltr'><strong><em>hunc</em></strong></span> <span class='ocrx_word' id='word_1_173' title='bbox 612 2349 979 2402; x_wconf 84' lang='lat' dir='ltr'><strong><em>vocatlibrum</em></strong></span> <span class='ocrx_word' id='word_1_174' title='bbox 1018 2353 1263 2420; x_wconf 86' lang='lat' dir='ltr'><strong><em>quintum</em></strong></span> <span class='ocrx_word' id='word_1_175' title='bbox 1312 2353 1485 2421; x_wconf 88' lang='lat' dir='ltr'><strong><em>aperis</em></strong></span> <span class='ocrx_word' id='word_1_176' title='bbox 1544 2355 1796 2417; x_wconf 83' lang='lat' dir='ltr'><strong><em>universi,</em></strong></span> 
     </span>
    </p>
   </div>
   <div class='ocr_carea' id='block_1_25' title="bbox 200 2442 1800 2515">
    <p class='ocr_par' dir='ltr' id='par_1_25' title="bbox 200 2442 1800 2515">
     <span class='ocr_line' id='line_1_25' title="bbox 200 2442 1800 2515; baseline 0.004 -22"><span class='ocrx_word' id='word_1_177' title='bbox 200 2443 341 2509; x_wconf 83' lang='lat' dir='ltr'><strong><em>quod</em></strong></span> <span class='ocrx_word' id='word_1_178' title='bbox 376 2450 458 2494; x_wconf 89' lang='lat' dir='ltr'><strong><em>est</em></strong></span> <span class='ocrx_word' id='word_1_179' title='bbox 498 2442 579 2495; x_wconf 88' lang='lat' dir='ltr'><strong><em>De</em></strong></span> <span class='ocrx_word' id='word_1_180' title='bbox 612 2444 956 2497; x_wconf 86' lang='lat' dir='ltr'><strong><em>traductione</em></strong></span> <span class='ocrx_word' id='word_1_181' title='bbox 979 2454 1024 2496; x_wconf 88' lang='lat' dir='ltr'><strong><em>et</em></strong></span> <span class='ocrx_word' id='word_1_182' title='bbox 1062 2445 1329 2497; x_wconf 87' lang='lat' dir='ltr'><strong><em>eversione</em></strong></span> <span class='ocrx_word' id='word_1_183' title='bbox 1361 2446 1498 2514; x_wconf 84' lang='lat' dir='ltr'><strong><em>falso</em></strong></span> <span class='ocrx_word' id='word_1_184' title='bbox 1534 2449 1800 2515; x_wconf 87' lang='lat' dir='ltr'><strong><em>cognomi-</em></strong></span> 
     </span>
    </p>
   </div>
   <div class='ocr_carea' id='block_1_26' title="bbox 200 2532 1793 2607">
    <p class='ocr_par' dir='ltr' id='par_1_26' title="bbox 200 2532 1793 2607">
     <span class='ocr_line' id='line_1_26' title="bbox 200 2532 1793 2607; baseline 0.004 -20"><span class='ocrx_word' id='word_1_185' title='bbox 200 2545 338 2587; x_wconf 63' lang='lat' dir='ltr'><strong><em>nata</em></strong></span> <span class='ocrx_word' id='word_1_186' title='bbox 372 2534 695 2603; x_wconf 87' lang='lat' dir='ltr'><strong><em>agnitionis.</em></strong></span> <span class='ocrx_word' id='word_1_187' title='bbox 744 2532 843 2587; x_wconf 85' lang='lat' dir='ltr'><strong><em>llic</em></strong></span> <span class='ocrx_word' id='word_1_188' title='bbox 881 2534 1266 2588; x_wconf 88' lang='lat' dir='ltr'><strong><em>traductionem</em></strong></span> <span class='ocrx_word' id='word_1_189' title='bbox 1320 2536 1456 2589; x_wconf 82' lang='lat' dir='ltr'><strong><em>dixit</em></strong></span> <span class='ocrx_word' id='word_1_190' title='bbox 1502 2537 1793 2607; x_wconf 89' lang='lat' dir='ltr'><strong><em>interpres,</em></strong></span> 
     </span>
    </p>
   </div>
   <div class='ocr_carea' id='block_1_27' title="bbox 196 2626 1794 2695">
    <p class='ocr_par' dir='ltr' id='par_1_27' title="bbox 196 2626 1794 2695">
     <span class='ocr_line' id='line_1_27' title="bbox 196 2626 1794 2695; baseline 0.006 -19"><span class='ocrx_word' id='word_1_191' title='bbox 196 2630 341 2695; x_wconf 87' lang='lat' dir='ltr'><strong><em>quod</em></strong></span> <span class='ocrx_word' id='word_1_192' title='bbox 389 2626 563 2695; x_wconf 88' lang='lat' dir='ltr'><strong><em>paulo</em></strong></span> <span class='ocrx_word' id='word_1_193' title='bbox 605 2635 734 2679; x_wconf 88' lang='lat' dir='ltr'><strong><em>ante</em></strong></span> <span class='ocrx_word' id='word_1_194' title='bbox 776 2626 1253 2693; x_wconf 77' lang='lat' dir='ltr'><strong><em>exprobrationem,</em></strong></span> <span class='ocrx_word' id='word_1_195' title='bbox 1299 2629 1427 2682; x_wconf 82' lang='lat' dir='ltr'><strong><em>alibi</em></strong></span> <span class='ocrx_word' id='word_1_196' title='bbox 1460 2645 1593 2685; x_wconf 88' lang='lat' dir='ltr'><strong><em>vero</em></strong></span> <span class='ocrx_word' id='word_1_197' title='bbox 1651 2636 1794 2686; x_wconf 86' lang='lat' dir='ltr'><strong><em>dete-</em></strong></span> 
     </span>
    </p>
   </div>
   <div class='ocr_carea' id='block_1_28' title="bbox 197 2720 1789 2792">
    <p class='ocr_par' dir='ltr' id='par_1_28' title="bbox 197 2720 1789 2792">
     <span class='ocr_line' id='line_1_28' title="bbox 197 2720 1789 2792; baseline 0.003 -16"><span class='ocrx_word' id='word_1_198' title='bbox 197 2724 425 2776; x_wconf 85' lang='lat' dir='ltr'><strong><em>ctionem</em></strong></span> <span class='ocrx_word' id='word_1_199' title='bbox 450 2721 648 2782; x_wconf 86' lang='lat' dir='ltr'><strong><em>vertit,</em></strong></span> <span class='ocrx_word' id='word_1_200' title='bbox 683 2722 812 2790; x_wconf 91' lang='lat' dir='ltr'><strong><em>quia</em></strong></span> <span class='ocrx_word' id='word_1_201' title='bbox 845 2737 945 2773; x_wconf 83' lang='lat' dir='ltr'><strong><em>vox</em></strong></span> <span class='ocrx_word' id='word_1_202' title='bbox 970 2720 1213 2792; x_wconf 79' lang='grc' dir='ltr'><strong><em>ἔλεγχος,</em></strong></span> <span class='ocrx_word' id='word_1_203' title='bbox 1250 2738 1353 2789; x_wconf 88' lang='lat' dir='ltr'><strong><em>qua</em></strong></span> <span class='ocrx_word' id='word_1_204' title='bbox 1389 2740 1517 2779; x_wconf 90' lang='lat' dir='ltr'><strong><em>usus</em></strong></span> <span class='ocrx_word' id='word_1_205' title='bbox 1562 2734 1646 2779; x_wconf 85' lang='lat' dir='ltr'><strong><em>est</em></strong></span> <span class='ocrx_word' id='word_1_206' title='bbox 1683 2726 1789 2781; x_wconf 80' lang='lat' dir='ltr'><strong><em>Ire-</em></strong></span> 
     </span>
    </p>
   </div>
   <div class='ocr_carea' id='block_1_29' title="bbox 198 2810 1796 2881">
    <p class='ocr_par' dir='ltr' id='par_1_29' title="bbox 198 2810 1796 2881">
     <span class='ocr_line' id='line_1_29' title="bbox 198 2810 1796 2881; baseline 0.004 -16"><span class='ocrx_word' id='word_1_207' title='bbox 198 2828 366 2875; x_wconf 80' lang='lat' dir='ltr'><strong><em>mens,</em></strong></span> <span class='ocrx_word' id='word_1_208' title='bbox 400 2812 469 2867; x_wconf 91' lang='lat' dir='ltr'><strong><em>iis</em></strong></span> <span class='ocrx_word' id='word_1_209' title='bbox 498 2810 759 2864; x_wconf 89' lang='lat' dir='ltr'><strong><em>omnibus</em></strong></span> <span class='ocrx_word' id='word_1_210' title='bbox 799 2811 1128 2879; x_wconf 78' lang='lat' dir='ltr'><strong><em>signiﬁcatis</em></strong></span> <span class='ocrx_word' id='word_1_211' title='bbox 1160 2813 1393 2881; x_wconf 79' lang='lat' dir='ltr'><strong><em>gaudet;</em></strong></span> <span class='ocrx_word' id='word_1_212' title='bbox 1429 2814 1522 2868; x_wconf 89' lang='lat' dir='ltr'><strong><em>sed</em></strong></span> <span class='ocrx_word' id='word_1_213' title='bbox 1551 2818 1796 2871; x_wconf 85' lang='lat' dir='ltr'><strong><em>auctoris</em></strong></span> 
     </span>
    </p>
   </div>
   <div class='ocr_carea' id='block_1_30' title="bbox 196 2903 1794 2976">
    <p class='ocr_par' dir='ltr' id='par_1_30' title="bbox 196 2903 1794 2976">
     <span class='ocr_line' id='line_1_30' title="bbox 196 2903 1794 2976; baseline 0.003 -18"><span class='ocrx_word' id='word_1_214' title='bbox 196 2920 360 2973; x_wconf 72' lang='lat' dir='ltr'><strong><em>scopo</em></strong></span> <span class='ocrx_word' id='word_1_215' title='bbox 385 2904 569 2971; x_wconf 78' lang='lat' dir='ltr'><strong><em>magis</em></strong></span> <span class='ocrx_word' id='word_1_216' title='bbox 602 2906 881 2973; x_wconf 83' lang='lat' dir='ltr'><strong><em>congruit,</em></strong></span> <span class='ocrx_word' id='word_1_217' title='bbox 906 2903 1163 2969; x_wconf 88' lang='lat' dir='ltr'><strong><em>Detectio,</em></strong></span> <span class='ocrx_word' id='word_1_218' title='bbox 1198 2915 1253 2958; x_wconf 83' lang='grc' dir='ltr'>ιιι</span> <span class='ocrx_word' id='word_1_219' title='bbox 1285 2921 1349 2959; x_wconf 82' lang='lat' dir='ltr'><strong><em>ex</em></strong></span> <span class='ocrx_word' id='word_1_220' title='bbox 1379 2907 1446 2959; x_wconf 86' lang='lat' dir='ltr'><strong><em>iis</em></strong></span> <span class='ocrx_word' id='word_1_221' title='bbox 1489 2916 1639 2975; x_wconf 87' lang='lat' dir='ltr'><strong><em>patet</em></strong></span> <span class='ocrx_word' id='word_1_222' title='bbox 1674 2923 1794 2976; x_wconf 73' lang='lat' dir='ltr'><strong><em>gnte</em></strong></span> 
     </span>
    </p>
   </div>
   <div class='ocr_carea' id='block_1_31' title="bbox 193 2996 1794 3067">
    <p class='ocr_par' dir='ltr' id='par_1_31' title="bbox 193 2996 1794 3067">
     <span class='ocr_line' id='line_1_31' title="bbox 193 2996 1794 3067; baseline 0.004 -18"><span class='ocrx_word' id='word_1_223' title='bbox 193 2996 300 3065; x_wconf 77' lang='lat' dir='ltr'><strong><em>iam</em></strong></span> <span class='ocrx_word' id='word_1_224' title='bbox 322 2996 741 3062; x_wconf 76' lang='lat' dir='ltr'><strong><em>diximus.Quin</em></strong></span> <span class='ocrx_word' id='word_1_225' title='bbox 776 2996 941 3064; x_wconf 84' lang='lat' dir='ltr'><strong><em>igitur</em></strong></span> <span class='ocrx_word' id='word_1_226' title='bbox 971 2998 1014 3049; x_wconf 87' lang='lat' dir='ltr'><strong><em>is</em></strong></span> <span class='ocrx_word' id='word_1_227' title='bbox 1037 2999 1104 3051; x_wconf 87' lang='lat' dir='ltr'><strong><em>sit</em></strong></span> <span class='ocrx_word' id='word_1_228' title='bbox 1124 3000 1386 3067; x_wconf 77' lang='lat' dir='ltr'><strong><em>genuinus</em></strong></span> <span class='ocrx_word' id='word_1_229' title='bbox 1407 3000 1668 3054; x_wconf 89' lang='lat' dir='ltr'><strong><em>librorum</em></strong></span> <span class='ocrx_word' id='word_1_230' title='bbox 1687 3001 1794 3056; x_wconf 85' lang='lat' dir='ltr'><strong><em>Ire-</em></strong></span> 
     </span>
    </p>
   </div>
   <div class='ocr_carea' id='block_1_32' title="bbox 202 3086 1790 3158">
    <p class='ocr_par' dir='ltr' id='par_1_32' title="bbox 202 3086 1790 3158">
     <span class='ocr_line' id='line_1_32' title="bbox 202 3086 1790 3158; baseline 0.008 -22"><span class='ocrx_word' id='word_1_231' title='bbox 202 3086 297 3137; x_wconf 72' lang='grc' dir='ltr'><strong><em>ιικί</em></strong></span> <span class='ocrx_word' id='word_1_232' title='bbox 326 3086 545 3150; x_wconf 88' lang='lat' dir='ltr'><strong><em>titulus,</em></strong></span> <span class='ocrx_word' id='word_1_233' title='bbox 569 3101 733 3155; x_wconf 86' lang='lat' dir='ltr'><strong><em>quem</em></strong></span> <span class='ocrx_word' id='word_1_234' title='bbox 782 3086 941 3138; x_wconf 90' lang='lat' dir='ltr'><strong><em>modo</em></strong></span> <span class='ocrx_word' id='word_1_235' title='bbox 964 3087 1304 3153; x_wconf 73' lang='lat' dir='ltr'><strong><em>dicebamus,</em></strong></span> <span class='ocrx_word' id='word_1_236' title='bbox 1330 3104 1605 3158; x_wconf 88' lang='lat' dir='ltr'><strong><em>quemque</em></strong></span> <span class='ocrx_word' id='word_1_237' title='bbox 1637 3092 1790 3149; x_wconf 91' lang='lat' dir='ltr'><strong><em>initio</em></strong></span> 
     </span>
    </p>
   </div>
   <div class='ocr_carea' id='block_1_33' title="bbox 198 3179 1857 3269">
    <p class='ocr_par' dir='ltr' id='par_1_33' title="bbox 198 3179 1857 3269">
     <span class='ocr_line' id='line_1_33' title="bbox 198 3179 1857 3269; baseline 0.007 -40"><span class='ocrx_word' id='word_1_238' title='bbox 198 3179 375 3245; x_wconf 87' lang='lat' dir='ltr'><strong><em>operis</em></strong></span> <span class='ocrx_word' id='word_1_239' title='bbox 407 3180 781 3245; x_wconf 85' lang='lat' dir='ltr'><strong><em>restituimus,</em></strong></span> <span class='ocrx_word' id='word_1_240' title='bbox 808 3180 1046 3235; x_wconf 88' lang='lat' dir='ltr'><strong><em>dubitari</em></strong></span> <span class='ocrx_word' id='word_1_241' title='bbox 1109 3197 1212 3234; x_wconf 92' lang='lat' dir='ltr'><strong><em>non</em></strong></span> <span class='ocrx_word' id='word_1_242' title='bbox 1251 3191 1447 3251; x_wconf 86' lang='lat' dir='ltr'><strong><em>potest.</em></strong></span> <span class='ocrx_word' id='word_1_243' title='bbox 1516 3182 1628 3237; x_wconf 90' lang='lat' dir='ltr'><strong><em>Sub</em></strong></span> <span class='ocrx_word' id='word_1_244' title='bbox 1686 3186 1788 3240; x_wconf 93' lang='lat' dir='ltr'><strong><em>hoc</em></strong></span> <span class='ocrx_word' id='word_1_245' title='bbox 1816 3212 1857 3269; x_wconf 64' lang='grc' dir='ltr'><strong>ρ</strong></span> 
     </span>
    </p>
   </div>
   <div class='ocr_carea' id='block_1_34' title="bbox 199 3272 1783 3340">
    <p class='ocr_par' dir='ltr' id='par_1_34' title="bbox 199 3272 1783 3340">
     <span class='ocr_line' id='line_1_34' title="bbox 199 3272 1783 3340; baseline 0.004 -15"><span class='ocrx_word' id='word_1_246' title='bbox 199 3273 351 3326; x_wconf 87' lang='lat' dir='ltr'><strong><em>titulo</em></strong></span> <span class='ocrx_word' id='word_1_247' title='bbox 386 3272 565 3326; x_wconf 87' lang='lat' dir='ltr'><strong><em>libros</em></strong></span> <span class='ocrx_word' id='word_1_248' title='bbox 608 3274 795 3327; x_wconf 63' lang='lat' dir='ltr'><strong><em>Irenati</em></strong></span> <span class='ocrx_word' id='word_1_249' title='bbox 823 3275 957 3328; x_wconf 82' lang='lat' dir='ltr'><strong><em>citat</em></strong></span> <span class='ocrx_word' id='word_1_250' title='bbox 987 3276 1274 3340; x_wconf 84' lang='lat' dir='ltr'><strong><em>Eusebius,</em></strong></span> <span class='ocrx_word' id='word_1_251' title='bbox 1308 3276 1401 3328; x_wconf 89' lang='lat' dir='ltr'><strong><em>lib.</em></strong></span> <span class='ocrx_word' id='word_1_252' title='bbox 1436 3292 1467 3326; x_wconf 83' lang='grc' dir='ltr'><strong><em>ν</em></strong></span> <span class='ocrx_word' id='word_1_253' title='bbox 1511 3276 1783 3337; x_wconf 67' lang='lat' dir='ltr'><strong><em>Historia.</em></strong></span> 
     </span>
    </p>
   </div>
   <div class='ocr_carea' id='block_1_35' title="bbox 199 3368 1785 3441">
    <p class='ocr_par' dir='ltr' id='par_1_35' title="bbox 199 3368 1785 3441">
     <span class='ocr_line' id='line_1_35' title="bbox 199 3368 1785 3441; baseline 0.002 -21"><span class='ocrx_word' id='word_1_254' title='bbox 199 3383 313 3435; x_wconf 75' lang='lat' dir='ltr'><strong><em>cap.</em></strong></span> <span class='ocrx_word' id='word_1_255' title='bbox 367 3368 422 3432; x_wconf 80' lang='lat'><strong><em>7,</em></strong></span> <span class='ocrx_word' id='word_1_256' title='bbox 489 3368 718 3438; x_wconf 75' lang='grc' dir='ltr'>ἐλέγχου</span> <span class='ocrx_word' id='word_1_257' title='bbox 778 3370 870 3422; x_wconf 76' lang='grc' dir='ltr'>καὶ</span> <span class='ocrx_word' id='word_1_258' title='bbox 926 3370 1235 3441; x_wconf 77' lang='grc' dir='ltr'>ἀνατροπῆς</span> <span class='ocrx_word' id='word_1_259' title='bbox 1284 3371 1381 3441; x_wconf 77' lang='grc' dir='ltr'><strong><em>τῆς</em></strong></span> <span class='ocrx_word' id='word_1_260' title='bbox 1432 3370 1785 3438; x_wconf 71' lang='grc' dir='ltr'>ψευδωνύμου</span> 
     </span>
    </p>
   </div>
   <div class='ocr_carea' id='block_1_36' title="bbox 196 3462 1784 3535">
    <p class='ocr_par' dir='ltr' id='par_1_36' title="bbox 196 3462 1784 3535">
     <span class='ocr_line' id='line_1_36' title="bbox 196 3462 1784 3535; baseline 0.003 -21"><span class='ocrx_word' id='word_1_261' title='bbox 196 3462 493 3531; x_wconf 75' lang='grc' dir='ltr'><strong><em>γνὼσεωςς</em></strong></span> <span class='ocrx_word' id='word_1_262' title='bbox 524 3464 699 3515; x_wconf 82' lang='lat' dir='ltr'><strong><em>citant</em></strong></span> <span class='ocrx_word' id='word_1_263' title='bbox 723 3475 778 3517; x_wconf 90' lang='lat' dir='ltr'><strong><em>et</em></strong></span> <span class='ocrx_word' id='word_1_264' title='bbox 816 3465 1062 3518; x_wconf 82' lang='lat' dir='ltr'><strong><em>Andreas</em></strong></span> <span class='ocrx_word' id='word_1_265' title='bbox 1108 3465 1467 3520; x_wconf 76' lang='lat' dir='ltr'><strong><em>Ctesariensis</em></strong></span> <span class='ocrx_word' id='word_1_266' title='bbox 1495 3467 1547 3519; x_wconf 89' lang='lat' dir='ltr'><strong><em>in</em></strong></span> <span class='ocrx_word' id='word_1_267' title='bbox 1574 3468 1784 3535; x_wconf 84' lang='lat' dir='ltr'><strong><em>Apoca-</em></strong></span> 
     </span>
    </p>
   </div>
   <div class='ocr_carea' id='block_1_37' title="bbox 199 3552 1785 3624">
    <p class='ocr_par' dir='ltr' id='par_1_37' title="bbox 199 3552 1785 3624">
     <span class='ocr_line' id='line_1_37' title="bbox 199 3552 1785 3624; baseline 0.001 -17"><span class='ocrx_word' id='word_1_268' title='bbox 199 3552 367 3624; x_wconf 74' lang='lat' dir='ltr'><strong><em>lypsin</em></strong></span> <span class='ocrx_word' id='word_1_269' title='bbox 390 3570 561 3607; x_wconf 84' lang='lat' dir='ltr'><strong><em>serm.</em></strong></span> <span class='ocrx_word' id='word_1_270' title='bbox 590 3553 645 3615; x_wconf 86' lang='lat'><strong><em>6,</em></strong></span> <span class='ocrx_word' id='word_1_271' title='bbox 674 3569 797 3621; x_wconf 88' lang='lat' dir='ltr'><strong><em>cap.</em></strong></span> <span class='ocrx_word' id='word_1_272' title='bbox 825 3554 923 3617; x_wconf 88' lang='lat' dir='ltr'><strong><em>l8;</em></strong></span> <span class='ocrx_word' id='word_1_273' title='bbox 959 3556 1333 3609; x_wconf 84' lang='lat' dir='ltr'><strong><em>Damascenns</em></strong></span> <span class='ocrx_word' id='word_1_274' title='bbox 1388 3558 1440 3608; x_wconf 90' lang='lat' dir='ltr'><strong><em>in</em></strong></span> <span class='ocrx_word' id='word_1_275' title='bbox 1498 3556 1785 3609; x_wconf 86' lang='lat' dir='ltr'><strong><em>Parallelis</em></strong></span> 
     </span>
    </p>
   </div>
   <div class='ocr_carea' id='block_1_38' title="bbox 197 3645 1787 3714">
    <p class='ocr_par' dir='ltr' id='par_1_38' title="bbox 197 3645 1787 3714">
     <span class='ocr_line' id='line_1_38' title="bbox 197 3645 1787 3714; baseline 0.001 -14"><span class='ocrx_word' id='word_1_276' title='bbox 197 3661 325 3700; x_wconf 85' lang='lat' dir='ltr'><strong><em>mss.</em></strong></span> <span class='ocrx_word' id='word_1_277' title='bbox 351 3648 591 3714; x_wconf 84' lang='lat' dir='ltr'><strong><em>passim:</em></strong></span> <span class='ocrx_word' id='word_1_278' title='bbox 622 3645 847 3699; x_wconf 89' lang='lat' dir='ltr'><strong><em>Pbotins</em></strong></span> <span class='ocrx_word' id='word_1_279' title='bbox 881 3647 929 3699; x_wconf 93' lang='lat' dir='ltr'><strong><em>in</em></strong></span> <span class='ocrx_word' id='word_1_280' title='bbox 957 3645 1288 3702; x_wconf 86' lang='lat' dir='ltr'><strong><em>Bibliotheca</em></strong></span> <span class='ocrx_word' id='word_1_281' title='bbox 1314 3648 1787 3713; x_wconf 58' lang='lat' dir='ltr'><strong><em>cod.120;(l§cn-</em></strong></span> 
     </span>
    </p>
   </div>
   <div class='ocr_carea' id='block_1_39' title="bbox 198 3737 1779 3809">
    <p class='ocr_par' dir='ltr' id='par_1_39' title="bbox 198 3737 1779 3809">
     <span class='ocr_line' id='line_1_39' title="bbox 198 3737 1779 3809; baseline 0.003 -17"><span class='ocrx_word' id='word_1_282' title='bbox 198 3740 431 3801; x_wconf 87' lang='lat' dir='ltr'><strong><em>menius,</em></strong></span> <span class='ocrx_word' id='word_1_283' title='bbox 486 3739 541 3791; x_wconf 89' lang='lat' dir='ltr'><strong><em>in</em></strong></span> <span class='ocrx_word' id='word_1_284' title='bbox 577 3737 620 3791; x_wconf 90' lang='lat' dir='ltr'><strong><em>ll</em></strong></span> <span class='ocrx_word' id='word_1_285' title='bbox 645 3740 816 3807; x_wconf 78' lang='lat' dir='ltr'><strong><em>Epist.</em></strong></span> <span class='ocrx_word' id='word_1_286' title='bbox 850 3738 995 3793; x_wconf 88' lang='lat' dir='ltr'><strong><em>Petri</em></strong></span> <span class='ocrx_word' id='word_1_287' title='bbox 1024 3756 1109 3805; x_wconf 84' lang='grc' dir='ltr'><strong><em>ιιι,</em></strong></span> <span class='ocrx_word' id='word_1_288' title='bbox 1140 3750 1194 3794; x_wconf 87' lang='lat' dir='ltr'><strong><em>et</em></strong></span> <span class='ocrx_word' id='word_1_289' title='bbox 1219 3741 1268 3793; x_wconf 91' lang='lat' dir='ltr'><strong><em>in</em></strong></span> <span class='ocrx_word' id='word_1_290' title='bbox 1300 3740 1584 3809; x_wconf 81' lang='lat' dir='ltr'><strong><em>epistolam</em></strong></span> <span class='ocrx_word' id='word_1_291' title='bbox 1608 3739 1779 3795; x_wconf 67' lang='lat' dir='ltr'><strong><em>Indae.</em></strong></span> 
     </span>
    </p>
   </div>
   <div class='ocr_carea' id='block_1_40' title="bbox 202 3830 1783 3896">
    <p class='ocr_par' dir='ltr' id='par_1_40' title="bbox 202 3830 1783 3896">
     <span class='ocr_line' id='line_1_40' title="bbox 202 3830 1783 3896; baseline 0.002 -13"><span class='ocrx_word' id='word_1_292' title='bbox 202 3830 338 3896; x_wconf 86' lang='lat' dir='ltr'><strong><em>Quin</em></strong></span> <span class='ocrx_word' id='word_1_293' title='bbox 364 3840 420 3885; x_wconf 88' lang='lat' dir='ltr'><strong><em>et</em></strong></span> <span class='ocrx_word' id='word_1_294' title='bbox 444 3832 780 3886; x_wconf 79' lang='lat' dir='ltr'><strong><em>vetustiores</em></strong></span> <span class='ocrx_word' id='word_1_295' title='bbox 809 3846 944 3886; x_wconf 90' lang='lat' dir='ltr'><strong><em>mss.</em></strong></span> <span class='ocrx_word' id='word_1_296' title='bbox 972 3833 1222 3891; x_wconf 84' lang='lat' dir='ltr'><strong><em>codd.,ut</em></strong></span> <span class='ocrx_word' id='word_1_297' title='bbox 1258 3832 1783 3893; x_wconf 82' lang='lat' dir='ltr'><strong><em>Claromnnt.,vettts</em></strong></span> 
     </span>
    </p>
   </div>
   <div class='ocr_carea' id='block_1_41' title="bbox 197 3922 1779 3995">
    <p class='ocr_par' dir='ltr' id='par_1_41' title="bbox 197 3922 1779 3995">
     <span class='ocr_line' id='line_1_41' title="bbox 197 3922 1779 3995; baseline 0.002 -20"><span class='ocrx_word' id='word_1_298' title='bbox 197 3922 281 3976; x_wconf 87' lang='lat' dir='ltr'><strong><em>ille</em></strong></span> <span class='ocrx_word' id='word_1_299' title='bbox 302 3922 776 3989; x_wconf 72' lang='lat' dir='ltr'><strong><em>Feuard.,\&#39;ossii,</em></strong></span> <span class='ocrx_word' id='word_1_300' title='bbox 798 3934 852 3975; x_wconf 87' lang='lat' dir='ltr'><strong><em>et</em></strong></span> <span class='ocrx_word' id='word_1_301' title='bbox 879 3924 1165 3988; x_wconf 80' lang='lat' dir='ltr'><strong><em>Arundel.,</em></strong></span> <span class='ocrx_word' id='word_1_302' title='bbox 1188 3925 1311 3978; x_wconf 90' lang='lat' dir='ltr'><strong><em>licet</em></strong></span> <span class='ocrx_word' id='word_1_303' title='bbox 1349 3926 1401 3977; x_wconf 89' lang='lat' dir='ltr'><strong><em>in</em></strong></span> <span class='ocrx_word' id='word_1_304' title='bbox 1435 3925 1613 3979; x_wconf 81' lang='lat' dir='ltr'><strong><em>fronte</em></strong></span> <span class='ocrx_word' id='word_1_305' title='bbox 1640 3940 1779 3995; x_wconf 73' lang='lat' dir='ltr'><strong><em>pra:-</em></strong></span> 
     </span>
    </p>
   </div>
   <div class='ocr_carea' id='block_1_42' title="bbox 200 4015 1782 4084">
    <p class='ocr_par' dir='ltr' id='par_1_42' title="bbox 200 4015 1782 4084">
     <span class='ocr_line' id='line_1_42' title="bbox 200 4015 1782 4084; baseline 0.002 -16"><span class='ocrx_word' id='word_1_306' title='bbox 200 4016 355 4068; x_wconf 78' lang='lat' dir='ltr'><strong><em>ﬁxam</em></strong></span> <span class='ocrx_word' id='word_1_307' title='bbox 416 4016 601 4068; x_wconf 76' lang='lat' dir='ltr'><strong><em>{erant</em></strong></span> <span class='ocrx_word' id='word_1_308' title='bbox 647 4015 1009 4068; x_wconf 86' lang='lat' dir='ltr'><strong><em>recentiorem</em></strong></span> <span class='ocrx_word' id='word_1_309' title='bbox 1080 4015 1522 4084; x_wconf 83' lang='lat' dir='ltr'><strong><em>inscriptionem,</em></strong></span> <span class='ocrx_word' id='word_1_310' title='bbox 1584 4015 1782 4071; x_wconf 88' lang='lat' dir='ltr'><strong><em>Contra</em></strong></span> 
     </span>
    </p>
   </div>
   <div class='ocr_carea' id='block_1_43' title="bbox 196 4104 1779 4173">
    <p class='ocr_par' dir='ltr' id='par_1_43' title="bbox 196 4104 1779 4173">
     <span class='ocr_line' id='line_1_43' title="bbox 196 4104 1779 4173; baseline 0.003 -18"><span class='ocrx_word' id='word_1_311' title='bbox 196 4106 489 4169; x_wconf 82' lang='lat' dir='ltr'><strong><em>hcereticos,</em></strong></span> <span class='ocrx_word' id='word_1_312' title='bbox 543 4104 628 4157; x_wconf 90' lang='lat' dir='ltr'><strong><em>vel</em></strong></span> <span class='ocrx_word' id='word_1_313' title='bbox 673 4105 941 4165; x_wconf 72' lang='lat' dir='ltr'><strong><em>htt’reses;</em></strong></span> <span class='ocrx_word' id='word_1_314' title='bbox 1000 4114 1239 4159; x_wconf 77' lang='lat' dir='ltr'><strong><em>veterem</em></strong></span> <span class='ocrx_word' id='word_1_315' title='bbox 1293 4117 1474 4158; x_wconf 84' lang='lat' dir='ltr'><strong><em>tamen</em></strong></span> <span class='ocrx_word' id='word_1_316' title='bbox 1524 4109 1779 4173; x_wconf 84' lang='lat' dir='ltr'><strong><em>retinent,</em></strong></span> 
     </span>
    </p>
   </div>
   <div class='ocr_carea' id='block_1_44' title="bbox 196 4198 1780 4270">
    <p class='ocr_par' dir='ltr' id='par_1_44' title="bbox 196 4198 1780 4270">
     <span class='ocr_line' id='line_1_44' title="bbox 196 4198 1780 4270; baseline 0.002 -20"><span class='ocrx_word' id='word_1_317' title='bbox 196 4198 313 4250; x_wconf 89' lang='lat' dir='ltr'><strong><em>dum</em></strong></span> <span class='ocrx_word' id='word_1_318' title='bbox 352 4199 621 4253; x_wconf 77' lang='lat' dir='ltr'><strong><em>exhibent</em></strong></span> <span class='ocrx_word' id='word_1_319' title='bbox 651 4207 973 4267; x_wconf 81' lang='lat' dir='ltr'><strong><em>argumenta</em></strong></span> <span class='ocrx_word' id='word_1_320' title='bbox 1008 4201 1248 4268; x_wconf 87' lang='lat' dir='ltr'><strong><em>capitum</em></strong></span> <span class='ocrx_word' id='word_1_321' title='bbox 1284 4202 1505 4254; x_wconf 88' lang='lat' dir='ltr'><strong><em>secundi</em></strong></span> <span class='ocrx_word' id='word_1_322' title='bbox 1539 4211 1595 4256; x_wconf 89' lang='lat' dir='ltr'><strong><em>et</em></strong></span> <span class='ocrx_word' id='word_1_323' title='bbox 1620 4218 1780 4270; x_wconf 89' lang='lat' dir='ltr'><strong><em>quar-</em></strong></span> 
     </span>
    </p>
   </div>
   <div class='ocr_carea' id='block_1_45' title="bbox 197 4290 1783 4347">
    <p class='ocr_par' dir='ltr' id='par_1_45' title="bbox 197 4290 1783 4347">
     <span class='ocr_line' id='line_1_45' title="bbox 197 4290 1783 4347; baseline 0.001 -5"><span class='ocrx_word' id='word_1_324' title='bbox 197 4291 231 4342; x_wconf 91' lang='lat' dir='ltr'><strong><em>ti</em></strong></span> <span class='ocrx_word' id='word_1_325' title='bbox 256 4290 397 4347; x_wconf 90' lang='lat' dir='ltr'><strong><em>libri.</em></strong></span> <span class='ocrx_word' id='word_1_326' title='bbox 446 4290 541 4343; x_wconf 87' lang='lat' dir='ltr'><strong><em>Sic</em></strong></span> <span class='ocrx_word' id='word_1_327' title='bbox 568 4291 717 4343; x_wconf 80' lang='lat' dir='ltr'><strong><em>enim</em></strong></span> <span class='ocrx_word' id='word_1_328' title='bbox 744 4292 985 4345; x_wconf 88' lang='lat' dir='ltr'><strong><em>habent:</em></strong></span> <span class='ocrx_word' id='word_1_329' title='bbox 1018 4292 1147 4344; x_wconf 77' lang='lat' dir='ltr'><strong><em>Hcce</em></strong></span> <span class='ocrx_word' id='word_1_330' title='bbox 1173 4294 1349 4344; x_wconf 87' lang='lat' dir='ltr'><strong><em>insunt</em></strong></span> <span class='ocrx_word' id='word_1_331' title='bbox 1378 4295 1431 4346; x_wconf 88' lang='lat' dir='ltr'><strong><em>in</em></strong></span> <span class='ocrx_word' id='word_1_332' title='bbox 1464 4294 1690 4346; x_wconf 89' lang='lat' dir='ltr'><strong><em>secundo</em></strong></span> <span class='ocrx_word' id='word_1_333' title='bbox 1717 4293 1783 4345; x_wconf 75' lang='lat' dir='ltr'><strong><em>li—</em></strong></span> 
     </span>
    </p>
   </div>
   <div class='ocr_carea' id='block_1_46' title="bbox 196 4384 1781 4454">
    <p class='ocr_par' dir='ltr' id='par_1_46' title="bbox 196 4384 1781 4454">
     <span class='ocr_line' id='line_1_46' title="bbox 196 4384 1781 4454; baseline 0.004 -21"><span class='ocrx_word' id='word_1_334' title='bbox 196 4384 280 4437; x_wconf 88' lang='lat' dir='ltr'><strong><em>bro</em></strong></span> <span class='ocrx_word' id='word_1_335' title='bbox 318 4386 722 4452; x_wconf 81' lang='lat' dir='ltr'><strong><em>redargutinnis</em></strong></span> <span class='ocrx_word' id='word_1_336' title='bbox 769 4396 818 4436; x_wconf 87' lang='lat' dir='ltr'><strong><em>et</em></strong></span> <span class='ocrx_word' id='word_1_337' title='bbox 867 4386 1155 4437; x_wconf 85' lang='lat' dir='ltr'><strong><em>eversionis</em></strong></span> <span class='ocrx_word' id='word_1_338' title='bbox 1201 4385 1338 4451; x_wconf 81' lang='lat' dir='ltr'><strong><em>falso</em></strong></span> <span class='ocrx_word' id='word_1_339' title='bbox 1396 4387 1781 4454; x_wconf 81' lang='lat' dir='ltr'><strong><em>cognominata:</em></strong></span> 
     </span>
    </p>
   </div>
   <div class='ocr_carea' id='block_1_47' title="bbox 193 4475 1781 4546">
    <p class='ocr_par' dir='ltr' id='par_1_47' title="bbox 193 4475 1781 4546">
     <span class='ocr_line' id='line_1_47' title="bbox 193 4475 1781 4546; baseline 0.004 -19"><span class='ocrx_word' id='word_1_340' title='bbox 193 4478 498 4546; x_wconf 81' lang='lat' dir='ltr'><strong><em>agnitionis.</em></strong></span> <span class='ocrx_word' id='word_1_341' title='bbox 522 4475 653 4530; x_wconf 82' lang='lat' dir='ltr'><strong><em>Ilcec</em></strong></span> <span class='ocrx_word' id='word_1_342' title='bbox 670 4488 789 4529; x_wconf 85' lang='lat' dir='ltr'><strong><em>sunt</em></strong></span> <span class='ocrx_word' id='word_1_343' title='bbox 816 4480 869 4529; x_wconf 88' lang='lat' dir='ltr'><strong><em>in</em></strong></span> <span class='ocrx_word' id='word_1_344' title='bbox 893 4492 944 4530; x_wconf 89' lang='lat' dir='ltr'><strong><em>tv</em></strong></span> <span class='ocrx_word' id='word_1_345' title='bbox 963 4477 1095 4530; x_wconf 89' lang='lat' dir='ltr'><strong><em>libro</em></strong></span> <span class='ocrx_word' id='word_1_346' title='bbox 1119 4481 1547 4546; x_wconf 69' lang='lat' dir='ltr'><strong><em>exprobrationis</em></strong></span> <span class='ocrx_word' id='word_1_347' title='bbox 1572 4488 1619 4532; x_wconf 86' lang='lat' dir='ltr'><strong><em>et</em></strong></span> <span class='ocrx_word' id='word_1_348' title='bbox 1638 4497 1781 4534; x_wconf 82' lang='lat' dir='ltr'><strong><em>erer—</em></strong></span> 
     </span>
    </p>
   </div>
   <div class='ocr_carea' id='block_1_48' title="bbox 1912 608 3493 678">
    <p class='ocr_par' dir='ltr' id='par_1_48' title="bbox 1912 608 3493 678">
     <span class='ocr_line' id='line_1_48' title="bbox 1912 608 3493 678; baseline -0.001 -18"><span class='ocrx_word' id='word_1_349' title='bbox 1912 620 2206 676; x_wconf 88' lang='lat' dir='ltr'><strong><em>utramque</em></strong></span> <span class='ocrx_word' id='word_1_350' title='bbox 2235 610 2653 678; x_wconf 88' lang='lat' dir='ltr'><strong><em>inscriptionem</em></strong></span> <span class='ocrx_word' id='word_1_351' title='bbox 2685 608 2889 675; x_wconf 86' lang='lat' dir='ltr'><strong><em>passim</em></strong></span> <span class='ocrx_word' id='word_1_352' title='bbox 2948 608 3205 661; x_wconf 79' lang='lat' dir='ltr'><strong><em>usitatam</em></strong></span> <span class='ocrx_word' id='word_1_353' title='bbox 3244 608 3493 661; x_wconf 85' lang='lat' dir='ltr'><strong><em>animad-</em></strong></span> 
     </span>
    </p>
   </div>
   <div class='ocr_carea' id='block_1_49' title="bbox 1908 698 3495 769">
    <p class='ocr_par' dir='ltr' id='par_1_49' title="bbox 1908 698 3495 769">
     <span class='ocr_line' id='line_1_49' title="bbox 1908 698 3495 769; baseline 0.001 -20"><span class='ocrx_word' id='word_1_354' title='bbox 1908 710 2182 763; x_wconf 74' lang='lat' dir='ltr'><strong><em>verteret,</em></strong></span> <span class='ocrx_word' id='word_1_355' title='bbox 2238 710 2527 768; x_wconf 88' lang='lat' dir='ltr'><strong><em>utramqne</em></strong></span> <span class='ocrx_word' id='word_1_356' title='bbox 2572 700 2852 769; x_wconf 89' lang='lat' dir='ltr'><strong><em>proposuit</em></strong></span> <span class='ocrx_word' id='word_1_357' title='bbox 2895 699 3245 768; x_wconf 77' lang='lat' dir='ltr'><strong><em>retinuitque.</em></strong></span> <span class='ocrx_word' id='word_1_358' title='bbox 3302 698 3495 752; x_wconf 82' lang='lat' dir='ltr'><strong><em>Poste—</em></strong></span> 
     </span>
    </p>
   </div>
   <div class='ocr_carea' id='block_1_50' title="bbox 1908 788 3491 845">
    <p class='ocr_par' dir='ltr' id='par_1_50' title="bbox 1908 788 3491 845">
     <span class='ocr_line' id='line_1_50' title="bbox 1908 788 3491 845; baseline 0 -3"><span class='ocrx_word' id='word_1_359' title='bbox 1908 790 2039 843; x_wconf 90' lang='lat' dir='ltr'><strong><em>riori</em></strong></span> <span class='ocrx_word' id='word_1_360' title='bbox 2072 792 2416 845; x_wconf 88' lang='lat' dir='ltr'><strong><em>occasionem</em></strong></span> <span class='ocrx_word' id='word_1_361' title='bbox 2443 792 2611 845; x_wconf 87' lang='lat' dir='ltr'><strong><em>etiam</em></strong></span> <span class='ocrx_word' id='word_1_362' title='bbox 2656 792 2873 845; x_wconf 89' lang='lat' dir='ltr'><strong><em>dedisse</em></strong></span> <span class='ocrx_word' id='word_1_363' title='bbox 2906 791 3160 844; x_wconf 88' lang='lat' dir='ltr'><strong><em>videntur</em></strong></span> <span class='ocrx_word' id='word_1_364' title='bbox 3202 806 3262 845; x_wconf 85' lang='lat' dir='ltr'><strong><em>ea</em></strong></span> <span class='ocrx_word' id='word_1_365' title='bbox 3301 788 3491 843; x_wconf 65' lang='lat' dir='ltr'><strong><em>Irenaei</em></strong></span> 
     </span>
    </p>
   </div>
   <div class='ocr_carea' id='block_1_51' title="bbox 1906 882 3489 951">
    <p class='ocr_par' dir='ltr' id='par_1_51' title="bbox 1906 882 3489 951">
     <span class='ocr_line' id='line_1_51' title="bbox 1906 882 3489 951; baseline -0.001 -17"><span class='ocrx_word' id='word_1_366' title='bbox 1906 883 2091 946; x_wconf 86' lang='lat' dir='ltr'><strong><em>verba,</em></strong></span> <span class='ocrx_word' id='word_1_367' title='bbox 2131 898 2252 951; x_wconf 69' lang='lat' dir='ltr'><strong><em>qum</em></strong></span> <span class='ocrx_word' id='word_1_368' title='bbox 2286 898 2407 935; x_wconf 80' lang='lat' dir='ltr'><strong><em>mox</em></strong></span> <span class='ocrx_word' id='word_1_369' title='bbox 2440 882 2757 937; x_wconf 87' lang='lat' dir='ltr'><strong><em>retulimus:</em></strong></span> <span class='ocrx_word' id='word_1_370' title='bbox 2789 883 2922 935; x_wconf 84' lang='lat' dir='ltr'><strong><em>Cum</em></strong></span> <span class='ocrx_word' id='word_1_371' title='bbox 2948 884 3017 935; x_wconf 91' lang='lat' dir='ltr'><strong><em>sit</em></strong></span> <span class='ocrx_word' id='word_1_372' title='bbox 3045 883 3211 951; x_wconf 84' lang='lat' dir='ltr'><strong><em>igitur</em></strong></span> <span class='ocrx_word' id='word_1_373' title='bbox 3234 882 3489 934; x_wconf 77' lang='lat' dir='ltr'><strong><em>adversus</em></strong></span> 
     </span>
    </p>
   </div>
   <div class='ocr_carea' id='block_1_52' title="bbox 1905 972 3495 1043">
    <p class='ocr_par' dir='ltr' id='par_1_52' title="bbox 1905 972 3495 1043">
     <span class='ocr_line' id='line_1_52' title="bbox 1905 972 3495 1043; baseline -0.003 -15"><span class='ocrx_word' id='word_1_374' title='bbox 1905 992 2081 1028; x_wconf 87' lang='lat' dir='ltr'><strong><em>omnes</em></strong></span> <span class='ocrx_word' id='word_1_375' title='bbox 2105 975 2376 1027; x_wconf 49' lang='lat' dir='ltr'><strong><em>hatreticos</em></strong></span> <span class='ocrx_word' id='word_1_376' title='bbox 2406 975 2624 1027; x_wconf 89' lang='lat' dir='ltr'><strong><em>detectio</em></strong></span> <span class='ocrx_word' id='word_1_377' title='bbox 2654 985 2809 1043; x_wconf 83' lang='lat' dir='ltr'><strong><em>atque</em></strong></span> <span class='ocrx_word' id='word_1_378' title='bbox 2828 974 3079 1027; x_wconf 85' lang='lat' dir='ltr'><strong><em>convictio</em></strong></span> <span class='ocrx_word' id='word_1_379' title='bbox 3112 976 3261 1027; x_wconf 85' lang='lat' dir='ltr'><strong><em>varia</em></strong></span> <span class='ocrx_word' id='word_1_380' title='bbox 3284 985 3330 1025; x_wconf 91' lang='lat' dir='ltr'><strong><em>et</em></strong></span> <span class='ocrx_word' id='word_1_381' title='bbox 3353 972 3495 1025; x_wconf 85' lang='lat' dir='ltr'><strong><em>mul-</em></strong></span> 
     </span>
    </p>
   </div>
   <div class='ocr_carea' id='block_1_53' title="bbox 1904 1066 3491 1135">
    <p class='ocr_par' dir='ltr' id='par_1_53' title="bbox 1904 1066 3491 1135">
     <span class='ocr_line' id='line_1_53' title="bbox 1904 1066 3491 1135; baseline -0.001 -16"><span class='ocrx_word' id='word_1_382' title='bbox 1904 1068 2111 1130; x_wconf 77' lang='lat' dir='ltr'><strong><em>tifaria,</em></strong></span> <span class='ocrx_word' id='word_1_383' title='bbox 2148 1077 2193 1119; x_wconf 90' lang='lat' dir='ltr'><strong><em>et</em></strong></span> <span class='ocrx_word' id='word_1_384' title='bbox 2210 1067 2354 1118; x_wconf 90' lang='lat' dir='ltr'><strong><em>nobis</em></strong></span> <span class='ocrx_word' id='word_1_385' title='bbox 2382 1067 2707 1135; x_wconf 87' lang='lat' dir='ltr'><strong><em>propositunt</em></strong></span> <span class='ocrx_word' id='word_1_386' title='bbox 2739 1075 2814 1117; x_wconf 82' lang='lat' dir='ltr'><strong><em>est</em></strong></span> <span class='ocrx_word' id='word_1_387' title='bbox 2837 1066 2904 1117; x_wconf 84' lang='lat' dir='ltr'><strong><em>iis</em></strong></span> <span class='ocrx_word' id='word_1_388' title='bbox 2938 1066 3179 1119; x_wconf 83' lang='lat' dir='ltr'><strong><em>omnibus</em></strong></span> <span class='ocrx_word' id='word_1_389' title='bbox 3202 1066 3491 1118; x_wconf 85' lang='lat' dir='ltr'><strong><em>secundum</em></strong></span> 
     </span>
    </p>
   </div>
   <div class='ocr_carea' id='block_1_54' title="bbox 1902 1156 3491 1227">
    <p class='ocr_par' dir='ltr' id='par_1_54' title="bbox 1902 1156 3491 1227">
     <span class='ocr_line' id='line_1_54' title="bbox 1902 1156 3491 1227; baseline -0.001 -15"><span class='ocrx_word' id='word_1_390' title='bbox 1902 1161 2139 1227; x_wconf 87' lang='lat' dir='ltr'><strong><em>ipsorum</em></strong></span> <span class='ocrx_word' id='word_1_391' title='bbox 2186 1157 2491 1209; x_wconf 87' lang='lat' dir='ltr'><strong><em>charactera</em></strong></span> <span class='ocrx_word' id='word_1_392' title='bbox 2523 1158 2907 1221; x_wconf 88' lang='lat' dir='ltr'><strong><em>contradicere,</em></strong></span> <span class='ocrx_word' id='word_1_393' title='bbox 2952 1166 3057 1210; x_wconf 92' lang='lat' dir='ltr'><strong><em>etc.</em></strong></span> <span class='ocrx_word' id='word_1_394' title='bbox 3098 1156 3160 1209; x_wconf 84' lang='lat' dir='ltr'><strong><em>Et</em></strong></span> <span class='ocrx_word' id='word_1_395' title='bbox 3199 1171 3262 1210; x_wconf 84' lang='lat' dir='ltr'><strong><em>ea</em></strong></span> <span class='ocrx_word' id='word_1_396' title='bbox 3292 1157 3491 1225; x_wconf 74' lang='lat' dir='ltr'><strong><em>quibus</em></strong></span> 
     </span>
    </p>
   </div>
   <div class='ocr_carea' id='block_1_55' title="bbox 1905 1246 3492 1315">
    <p class='ocr_par' dir='ltr' id='par_1_55' title="bbox 1905 1246 3492 1315">
     <span class='ocr_line' id='line_1_55' title="bbox 1905 1246 3492 1315; baseline -0.002 -13"><span class='ocrx_word' id='word_1_397' title='bbox 1905 1250 2105 1302; x_wconf 89' lang='lat' dir='ltr'><strong><em>librum</em></strong></span> <span class='ocrx_word' id='word_1_398' title='bbox 2134 1264 2185 1301; x_wconf 88' lang='lat' dir='ltr'><strong><em>tv</em></strong></span> <span class='ocrx_word' id='word_1_399' title='bbox 2212 1248 2464 1303; x_wconf 85' lang='lat' dir='ltr'><strong><em>claudit:</em></strong></span> <span class='ocrx_word' id='word_1_400' title='bbox 2532 1246 2599 1299; x_wconf 86' lang='lat' dir='ltr'><strong><em>Et</em></strong></span> <span class='ocrx_word' id='word_1_401' title='bbox 2634 1264 2728 1301; x_wconf 89' lang='lat' dir='ltr'><strong><em>nos</em></strong></span> <span class='ocrx_word' id='word_1_402' title='bbox 2767 1248 2929 1315; x_wconf 88' lang='lat' dir='ltr'><strong><em>ipsos,</em></strong></span> <span class='ocrx_word' id='word_1_403' title='bbox 2974 1256 3021 1300; x_wconf 88' lang='lat' dir='ltr'><strong><em>et</em></strong></span> <span class='ocrx_word' id='word_1_404' title='bbox 3053 1256 3101 1299; x_wconf 91' lang='lat' dir='ltr'><strong><em>te</em></strong></span> <span class='ocrx_word' id='word_1_405' title='bbox 3156 1247 3225 1299; x_wconf 88' lang='lat' dir='ltr'><strong><em>ad</em></strong></span> <span class='ocrx_word' id='word_1_406' title='bbox 3276 1254 3492 1299; x_wconf 88' lang='lat' dir='ltr'><strong><em>contra-</em></strong></span> 
     </span>
    </p>
   </div>
   <div class='ocr_carea' id='block_1_56' title="bbox 1904 1337 3493 1407">
    <p class='ocr_par' dir='ltr' id='par_1_56' title="bbox 1904 1337 3493 1407">
     <span class='ocr_line' id='line_1_56' title="bbox 1904 1337 3493 1407; baseline 0.001 -16"><span class='ocrx_word' id='word_1_407' title='bbox 1904 1340 2188 1393; x_wconf 87' lang='lat' dir='ltr'><strong><em>dictionem</em></strong></span> <span class='ocrx_word' id='word_1_408' title='bbox 2229 1341 2463 1392; x_wconf 87' lang='lat' dir='ltr'><strong><em>omuium</em></strong></span> <span class='ocrx_word' id='word_1_409' title='bbox 2504 1340 2879 1393; x_wconf 62' lang='lat' dir='ltr'><strong><em>hereticorum</em></strong></span> <span class='ocrx_word' id='word_1_410' title='bbox 2906 1341 2959 1391; x_wconf 90' lang='lat' dir='ltr'><strong><em>in</em></strong></span> <span class='ocrx_word' id='word_1_411' title='bbox 2991 1337 3217 1407; x_wconf 88' lang='lat' dir='ltr'><strong><em>quinque</em></strong></span> <span class='ocrx_word' id='word_1_412' title='bbox 3245 1354 3493 1392; x_wconf 76' lang='lat' dir='ltr'><strong><em>exercen-</em></strong></span> 
     </span>
    </p>
   </div>
   <div class='ocr_carea' id='block_1_57' title="bbox 1905 1430 3493 1499">
    <p class='ocr_par' dir='ltr' id='par_1_57' title="bbox 1905 1430 3493 1499">
     <span class='ocr_line' id='line_1_57' title="bbox 1905 1430 3493 1499; baseline 0 -16"><span class='ocrx_word' id='word_1_413' title='bbox 1905 1440 1979 1485; x_wconf 86' lang='lat' dir='ltr'><strong><em>tes</em></strong></span> <span class='ocrx_word' id='word_1_414' title='bbox 2010 1431 2177 1484; x_wconf 85' lang='lat' dir='ltr'><strong><em>libris.</em></strong></span> <span class='ocrx_word' id='word_1_415' title='bbox 2210 1431 2278 1483; x_wconf 87' lang='lat' dir='ltr'><strong><em>Et</em></strong></span> <span class='ocrx_word' id='word_1_416' title='bbox 2305 1432 2433 1484; x_wconf 91' lang='lat' dir='ltr'><strong><em>hinc</em></strong></span> <span class='ocrx_word' id='word_1_417' title='bbox 2465 1430 2515 1484; x_wconf 91' lang='lat' dir='ltr'><strong><em>in</em></strong></span> <span class='ocrx_word' id='word_1_418' title='bbox 2548 1446 2682 1485; x_wconf 90' lang='lat' dir='ltr'><strong><em>mss.</em></strong></span> <span class='ocrx_word' id='word_1_419' title='bbox 2718 1431 3044 1499; x_wconf 90' lang='lat' dir='ltr'><strong><em>quibusdam</em></strong></span> <span class='ocrx_word' id='word_1_420' title='bbox 3070 1430 3326 1493; x_wconf 86' lang='lat' dir='ltr'><strong><em>codd.,ut</em></strong></span> <span class='ocrx_word' id='word_1_421' title='bbox 3356 1430 3493 1483; x_wconf 84' lang='lat' dir='ltr'><strong><em>Vos-</em></strong></span> 
     </span>
    </p>
   </div>
   <div class='ocr_carea' id='block_1_58' title="bbox 1900 1524 3493 1595">
    <p class='ocr_par' dir='ltr' id='par_1_58' title="bbox 1900 1524 3493 1595">
     <span class='ocr_line' id='line_1_58' title="bbox 1900 1524 3493 1595; baseline -0.001 -14"><span class='ocrx_word' id='word_1_422' title='bbox 1900 1526 1967 1581; x_wconf 83' lang='lat' dir='ltr'><strong><em>sii</em></strong></span> <span class='ocrx_word' id='word_1_423' title='bbox 1998 1538 2055 1581; x_wconf 87' lang='lat' dir='ltr'><strong><em>et</em></strong></span> <span class='ocrx_word' id='word_1_424' title='bbox 2086 1527 2456 1590; x_wconf 83' lang='lat' dir='ltr'><strong><em>Fenardentii,</em></strong></span> <span class='ocrx_word' id='word_1_425' title='bbox 2495 1527 2751 1594; x_wconf 68' lang='lat' dir='ltr'><strong><em>praeﬁxos</em></strong></span> <span class='ocrx_word' id='word_1_426' title='bbox 2776 1526 2963 1581; x_wconf 73' lang='lat' dir='ltr'><strong><em>Irentei</em></strong></span> <span class='ocrx_word' id='word_1_427' title='bbox 2995 1526 3153 1579; x_wconf 88' lang='lat' dir='ltr'><strong><em>libris</em></strong></span> <span class='ocrx_word' id='word_1_428' title='bbox 3177 1526 3374 1595; x_wconf 82' lang='lat' dir='ltr'><strong><em>legitur</em></strong></span> <span class='ocrx_word' id='word_1_429' title='bbox 3403 1524 3493 1579; x_wconf 91' lang='lat' dir='ltr'><strong><em>hic</em></strong></span> 
     </span>
    </p>
   </div>
   <div class='ocr_carea' id='block_1_59' title="bbox 1905 1616 3491 1680">
    <p class='ocr_par' dir='ltr' id='par_1_59' title="bbox 1905 1616 3491 1680">
     <span class='ocr_line' id='line_1_59' title="bbox 1905 1616 3491 1680; baseline 0.002 -10"><span class='ocrx_word' id='word_1_430' title='bbox 1905 1617 2127 1671; x_wconf 91' lang='lat' dir='ltr'><strong><em>titulus:</em></strong></span> <span class='ocrx_word' id='word_1_431' title='bbox 2182 1616 2378 1670; x_wconf 80' lang='lat' dir='ltr'><strong><em>Contra</em></strong></span> <span class='ocrx_word' id='word_1_432' title='bbox 2419 1634 2596 1670; x_wconf 89' lang='lat' dir='ltr'><strong><em>omnes</em></strong></span> <span class='ocrx_word' id='word_1_433' title='bbox 2639 1619 2936 1680; x_wconf 77' lang='lat' dir='ltr'><strong><em>htcreticos,</em></strong></span> <span class='ocrx_word' id='word_1_434' title='bbox 2972 1617 3054 1672; x_wconf 89' lang='lat' dir='ltr'><strong><em>vel</em></strong></span> <span class='ocrx_word' id='word_1_435' title='bbox 3107 1619 3350 1671; x_wconf 62' lang='lat' dir='ltr'><strong><em>hereses.</em></strong></span> <span class='ocrx_word' id='word_1_436' title='bbox 3383 1616 3491 1673; x_wconf 79' lang='lat' dir='ltr'><strong><em>Sed</em></strong></span> 
     </span>
    </p>
   </div>
   <div class='ocr_carea' id='block_1_60' title="bbox 1903 1706 3484 1778">
    <p class='ocr_par' dir='ltr' id='par_1_60' title="bbox 1903 1706 3484 1778">
     <span class='ocr_line' id='line_1_60' title="bbox 1903 1706 3484 1778; baseline -0.001 -14"><span class='ocrx_word' id='word_1_437' title='bbox 1903 1710 2047 1764; x_wconf 90' lang='lat' dir='ltr'><strong><em>hunc</em></strong></span> <span class='ocrx_word' id='word_1_438' title='bbox 2084 1710 2318 1771; x_wconf 85' lang='lat' dir='ltr'><strong><em>titulum,</em></strong></span> <span class='ocrx_word' id='word_1_439' title='bbox 2349 1710 2439 1777; x_wconf 89' lang='lat' dir='ltr'><strong><em>qui</em></strong></span> <span class='ocrx_word' id='word_1_440' title='bbox 2474 1710 2615 1778; x_wconf 88' lang='lat' dir='ltr'><strong><em>apud</em></strong></span> <span class='ocrx_word' id='word_1_441' title='bbox 2662 1710 2998 1764; x_wconf 83' lang='lat' dir='ltr'><strong><em>recentiores</em></strong></span> <span class='ocrx_word' id='word_1_442' title='bbox 3039 1708 3301 1774; x_wconf 90' lang='lat' dir='ltr'><strong><em>obtinuit,</em></strong></span> <span class='ocrx_word' id='word_1_443' title='bbox 3327 1706 3484 1762; x_wconf 87' lang='lat' dir='ltr'><strong><em>libris</em></strong></span> 
     </span>
    </p>
   </div>
   <div class='ocr_carea' id='block_1_61' title="bbox 1908 1798 3492 1869">
    <p class='ocr_par' dir='ltr' id='par_1_61' title="bbox 1908 1798 3492 1869">
     <span class='ocr_line' id='line_1_61' title="bbox 1908 1798 3492 1869; baseline -0.001 -16"><span class='ocrx_word' id='word_1_444' title='bbox 1908 1801 2023 1853; x_wconf 90' lang='lat' dir='ltr'><strong><em>suis</em></strong></span> <span class='ocrx_word' id='word_1_445' title='bbox 2045 1814 2319 1869; x_wconf 86' lang='lat' dir='ltr'><strong><em>nunquam</em></strong></span> <span class='ocrx_word' id='word_1_446' title='bbox 2339 1798 2569 1867; x_wconf 67' lang='lat' dir='ltr'><strong><em>prmﬁxit</em></strong></span> <span class='ocrx_word' id='word_1_447' title='bbox 2588 1799 2843 1863; x_wconf 68' lang='lat' dir='ltr'><strong><em>Irentcns;</em></strong></span> <span class='ocrx_word' id='word_1_448' title='bbox 2866 1798 3015 1851; x_wconf 88' lang='lat' dir='ltr'><strong><em>illum</em></strong></span> <span class='ocrx_word' id='word_1_449' title='bbox 3031 1801 3319 1861; x_wconf 78' lang='lat' dir='ltr'><strong><em>duntaxat,</em></strong></span> <span class='ocrx_word' id='word_1_450' title='bbox 3341 1798 3492 1867; x_wconf 75' lang='grc' dir='ltr'><strong><em>ἐλέγ-</em></strong></span> 
     </span>
    </p>
   </div>
   <div class='ocr_carea' id='block_1_62' title="bbox 1831 1870 3491 1963">
    <p class='ocr_par' dir='ltr' id='par_1_62' title="bbox 1831 1870 3491 1963">
     <span class='ocr_line' id='line_1_62' title="bbox 1831 1870 3491 1963; baseline 0.001 -20"><span class='ocrx_word' id='word_1_451' title='bbox 1831 1870 1876 1930; x_wconf 74' lang='lat' dir='ltr'><strong>B</strong></span> <span class='ocrx_word' id='word_1_452' title='bbox 1906 1909 1999 1963; x_wconf 77' lang='grc' dir='ltr'><strong><em>χον</em></strong></span> <span class='ocrx_word' id='word_1_453' title='bbox 2027 1892 2121 1945; x_wconf 71' lang='grc' dir='ltr'>καὶ</span> <span class='ocrx_word' id='word_1_454' title='bbox 2151 1890 2471 1961; x_wconf 78' lang='grc' dir='ltr'>ἀνατροπῆς</span> <span class='ocrx_word' id='word_1_455' title='bbox 2508 1892 2609 1961; x_wconf 79' lang='grc' dir='ltr'><strong><em>τῆς</em></strong></span> <span class='ocrx_word' id='word_1_456' title='bbox 2646 1890 3003 1961; x_wconf 76' lang='grc' dir='ltr'><strong><em>ψευδωνύμου</em></strong></span> <span class='ocrx_word' id='word_1_457' title='bbox 3048 1890 3323 1959; x_wconf 81' lang='grc' dir='ltr'><strong><em>γνώσεως,</em></strong></span> <span class='ocrx_word' id='word_1_458' title='bbox 3355 1891 3491 1945; x_wconf 86' lang='lat' dir='ltr'><strong><em>scri-</em></strong></span> 
     </span>
    </p>
   </div>
   <div class='ocr_carea' id='block_1_63' title="bbox 1904 1981 3488 2053">
    <p class='ocr_par' dir='ltr' id='par_1_63' title="bbox 1904 1981 3488 2053">
     <span class='ocr_line' id='line_1_63' title="bbox 1904 1981 3488 2053; baseline -0.001 -17"><span class='ocrx_word' id='word_1_459' title='bbox 1904 1984 2043 2053; x_wconf 84' lang='lat' dir='ltr'><strong><em>psit:</em></strong></span> <span class='ocrx_word' id='word_1_460' title='bbox 2072 1982 2227 2051; x_wconf 85' lang='lat' dir='ltr'><strong><em>isque</em></strong></span> <span class='ocrx_word' id='word_1_461' title='bbox 2259 1981 2326 2035; x_wconf 86' lang='lat' dir='ltr'><strong><em>ad</em></strong></span> <span class='ocrx_word' id='word_1_462' title='bbox 2365 1982 2607 2035; x_wconf 86' lang='lat' dir='ltr'><strong><em>auctoris</em></strong></span> <span class='ocrx_word' id='word_1_463' title='bbox 2647 1998 2872 2051; x_wconf 83' lang='lat' dir='ltr'><strong><em>scopum</em></strong></span> <span class='ocrx_word' id='word_1_464' title='bbox 2908 1981 3067 2051; x_wconf 86' lang='lat' dir='ltr'><strong><em>longe</em></strong></span> <span class='ocrx_word' id='word_1_465' title='bbox 3124 1981 3324 2035; x_wconf 90' lang='lat' dir='ltr'><strong><em>melius</em></strong></span> <span class='ocrx_word' id='word_1_466' title='bbox 3349 1996 3488 2050; x_wconf 86' lang='lat' dir='ltr'><strong><em>qna-</em></strong></span> 
     </span>
    </p>
   </div>
   <div class='ocr_carea' id='block_1_64' title="bbox 1904 2074 3485 2143">
    <p class='ocr_par' dir='ltr' id='par_1_64' title="bbox 1904 2074 3485 2143">
     <span class='ocr_line' id='line_1_64' title="bbox 1904 2074 3485 2143; baseline -0.001 -14"><span class='ocrx_word' id='word_1_467' title='bbox 1904 2078 2044 2129; x_wconf 87' lang='lat' dir='ltr'><strong><em>drat.</em></strong></span> <span class='ocrx_word' id='word_1_468' title='bbox 2079 2074 2192 2127; x_wconf 87' lang='lat' dir='ltr'><strong><em>Duo</em></strong></span> <span class='ocrx_word' id='word_1_469' title='bbox 2228 2074 2398 2139; x_wconf 88' lang='lat' dir='ltr'><strong><em>enim,</em></strong></span> <span class='ocrx_word' id='word_1_470' title='bbox 2420 2084 2478 2128; x_wconf 91' lang='lat' dir='ltr'><strong><em>ut</em></strong></span> <span class='ocrx_word' id='word_1_471' title='bbox 2511 2074 2625 2143; x_wconf 87' lang='lat' dir='ltr'><strong><em>ipse</em></strong></span> <span class='ocrx_word' id='word_1_472' title='bbox 2660 2084 2847 2128; x_wconf 88' lang='lat' dir='ltr'><strong><em>mouet</em></strong></span> <span class='ocrx_word' id='word_1_473' title='bbox 2875 2074 2927 2127; x_wconf 90' lang='lat' dir='ltr'><strong><em>in</em></strong></span> <span class='ocrx_word' id='word_1_474' title='bbox 2960 2074 3229 2127; x_wconf 89' lang='lat' dir='ltr'><strong><em>librorum</em></strong></span> <span class='ocrx_word' id='word_1_475' title='bbox 3262 2088 3485 2128; x_wconf 90' lang='lat' dir='ltr'><strong><em>suorum</em></strong></span> 
     </span>
    </p>
   </div>
   <div class='ocr_carea' id='block_1_65' title="bbox 1901 2168 3487 2238">
    <p class='ocr_par' dir='ltr' id='par_1_65' title="bbox 1901 2168 3487 2238">
     <span class='ocr_line' id='line_1_65' title="bbox 1901 2168 3487 2238; baseline 0.001 -17"><span class='ocrx_word' id='word_1_476' title='bbox 1901 2168 2338 2238; x_wconf 73' lang='lat' dir='ltr'><strong><em>pra-rationibus,</em></strong></span> <span class='ocrx_word' id='word_1_477' title='bbox 2364 2168 2668 2237; x_wconf 63' lang='lat' dir='ltr'><strong><em>praestanda</em></strong></span> <span class='ocrx_word' id='word_1_478' title='bbox 2709 2170 2814 2223; x_wconf 88' lang='lat' dir='ltr'><strong><em>sibi</em></strong></span> <span class='ocrx_word' id='word_1_479' title='bbox 2845 2169 3221 2238; x_wconf 87' lang='lat' dir='ltr'><strong><em>proponebat:</em></strong></span> <span class='ocrx_word' id='word_1_480' title='bbox 3246 2169 3487 2223; x_wconf 89' lang='lat' dir='ltr'><strong><em>alterum</em></strong></span> 
     </span>
    </p>
   </div>
   <div class='ocr_carea' id='block_1_66' title="bbox 1907 2258 3488 2329">
    <p class='ocr_par' dir='ltr' id='par_1_66' title="bbox 1907 2258 3488 2329">
     <span class='ocr_line' id='line_1_66' title="bbox 1907 2258 3488 2329; baseline 0.001 -17"><span class='ocrx_word' id='word_1_481' title='bbox 1907 2258 2421 2314; x_wconf 84' lang='lat' dir='ltr'><strong><em>Valentinianorum</em></strong></span> <span class='ocrx_word' id='word_1_482' title='bbox 2482 2259 2985 2329; x_wconf 85' lang='lat' dir='ltr'><strong><em>Gnosticorumque</em></strong></span> <span class='ocrx_word' id='word_1_483' title='bbox 3055 2260 3299 2314; x_wconf 90' lang='lat' dir='ltr'><strong><em>omnium</em></strong></span> <span class='ocrx_word' id='word_1_484' title='bbox 3358 2276 3488 2315; x_wconf 83' lang='lat' dir='ltr'><strong><em>sen—</em></strong></span> 
     </span>
    </p>
   </div>
   <div class='ocr_carea' id='block_1_67' title="bbox 1903 2350 3486 2422">
    <p class='ocr_par' dir='ltr' id='par_1_67' title="bbox 1903 2350 3486 2422">
     <span class='ocr_line' id='line_1_67' title="bbox 1903 2350 3486 2422; baseline 0.001 -18"><span class='ocrx_word' id='word_1_485' title='bbox 1903 2353 2380 2407; x_wconf 88' lang='lat' dir='ltr'><strong><em>tentiasbactenus</em></strong></span> <span class='ocrx_word' id='word_1_486' title='bbox 2402 2350 2615 2405; x_wconf 90' lang='lat' dir='ltr'><strong><em>abditas</em></strong></span> <span class='ocrx_word' id='word_1_487' title='bbox 2644 2350 2911 2421; x_wconf 77' lang='grc' dir='ltr'><strong><em>ὲλὲγχειν,</em></strong></span> <span class='ocrx_word' id='word_1_488' title='bbox 2948 2352 3226 2422; x_wconf 85' lang='lat' dir='ltr'><strong><em>detegere;</em></strong></span> <span class='ocrx_word' id='word_1_489' title='bbox 3256 2351 3486 2405; x_wconf 89' lang='lat' dir='ltr'><strong><em>alterum</em></strong></span> 
     </span>
    </p>
   </div>
   <div class='ocr_carea' id='block_1_68' title="bbox 1900 2440 3487 2515">
    <p class='ocr_par' dir='ltr' id='par_1_68' title="bbox 1900 2440 3487 2515">
     <span class='ocr_line' id='line_1_68' title="bbox 1900 2440 3487 2515; baseline 0.001 -19"><span class='ocrx_word' id='word_1_490' title='bbox 1900 2457 1992 2496; x_wconf 87' lang='lat' dir='ltr'><strong><em>eas</em></strong></span> <span class='ocrx_word' id='word_1_491' title='bbox 2014 2444 2369 2515; x_wconf 81' lang='grc' dir='ltr'>ἀνατρέπειν,</span> <span class='ocrx_word' id='word_1_492' title='bbox 2404 2452 2653 2497; x_wconf 87' lang='lat' dir='ltr'><strong><em>evertere.</em></strong></span> <span class='ocrx_word' id='word_1_493' title='bbox 2694 2440 2856 2497; x_wconf 88' lang='lat' dir='ltr'><strong><em>Prius</em></strong></span> <span class='ocrx_word' id='word_1_494' title='bbox 2892 2442 3111 2511; x_wconf 87' lang='lat' dir='ltr'><strong><em>quidem</em></strong></span> <span class='ocrx_word' id='word_1_495' title='bbox 3146 2443 3286 2497; x_wconf 90' lang='lat' dir='ltr'><strong><em>libro</em></strong></span> <span class='ocrx_word' id='word_1_496' title='bbox 3312 2443 3487 2512; x_wconf 77' lang='lat' dir='ltr'><strong><em>primo</em></strong></span> 
     </span>
    </p>
   </div>
   <div class='ocr_carea' id='block_1_69' title="bbox 1900 2534 3485 2603">
    <p class='ocr_par' dir='ltr' id='par_1_69' title="bbox 1900 2534 3485 2603">
     <span class='ocr_line' id='line_1_69' title="bbox 1900 2534 3485 2603; baseline 0.001 -17"><span class='ocrx_word' id='word_1_497' title='bbox 1900 2536 2176 2602; x_wconf 70' lang='lat' dir='ltr'><strong><em>prtestitit,</em></strong></span> <span class='ocrx_word' id='word_1_498' title='bbox 2220 2535 2274 2589; x_wconf 92' lang='lat' dir='ltr'><strong><em>in</em></strong></span> <span class='ocrx_word' id='word_1_499' title='bbox 2339 2550 2448 2603; x_wconf 91' lang='lat' dir='ltr'><strong><em>quo</em></strong></span> <span class='ocrx_word' id='word_1_500' title='bbox 2510 2536 3017 2590; x_wconf 84' lang='lat' dir='ltr'><strong><em>Valentinianorum</em></strong></span> <span class='ocrx_word' id='word_1_501' title='bbox 3059 2534 3485 2589; x_wconf 82' lang='lat' dir='ltr'><strong><em>Gnosticorum-</em></strong></span> 
     </span>
    </p>
   </div>
   <div class='ocr_carea' id='block_1_70' title="bbox 1900 2627 3481 2699">
    <p class='ocr_par' dir='ltr' id='par_1_70' title="bbox 1900 2627 3481 2699">
     <span class='ocr_line' id='line_1_70' title="bbox 1900 2627 3481 2699; baseline 0.003 -22"><span class='ocrx_word' id='word_1_502' title='bbox 1900 2642 2006 2695; x_wconf 91' lang='lat' dir='ltr'><strong><em>que</em></strong></span> <span class='ocrx_word' id='word_1_503' title='bbox 2031 2627 2269 2681; x_wconf 90' lang='lat' dir='ltr'><strong><em>omnium</em></strong></span> <span class='ocrx_word' id='word_1_504' title='bbox 2296 2628 2547 2698; x_wconf 84' lang='lat' dir='ltr'><strong><em>dogmata</em></strong></span> <span class='ocrx_word' id='word_1_505' title='bbox 2572 2643 2769 2681; x_wconf 85' lang='lat' dir='ltr'><strong><em>accnra</em></strong></span> <span class='ocrx_word' id='word_1_506' title='bbox 2782 2638 2832 2681; x_wconf 89' lang='lat' dir='ltr'><strong><em>te</em></strong></span> <span class='ocrx_word' id='word_1_507' title='bbox 2875 2638 3123 2682; x_wconf 89' lang='lat' dir='ltr'><strong><em>recenset</em></strong></span> <span class='ocrx_word' id='word_1_508' title='bbox 3149 2647 3162 2693; x_wconf 92' lang='lat'><strong><em>;</em></strong></span> <span class='ocrx_word' id='word_1_509' title='bbox 3203 2628 3481 2699; x_wconf 86' lang='lat' dir='ltr'><strong><em>posterius</em></strong></span> 
     </span>
    </p>
   </div>
   <div class='ocr_carea' id='block_1_71' title="bbox 1899 2718 3485 2790">
    <p class='ocr_par' dir='ltr' id='par_1_71' title="bbox 1899 2718 3485 2790">
     <span class='ocr_line' id='line_1_71' title="bbox 1899 2718 3485 2790; baseline 0.002 -19"><span class='ocrx_word' id='word_1_510' title='bbox 1899 2718 2056 2773; x_wconf 89' lang='lat' dir='ltr'><strong><em>libris</em></strong></span> <span class='ocrx_word' id='word_1_511' title='bbox 2087 2721 2467 2789; x_wconf 89' lang='lat' dir='ltr'><strong><em>sequentibus.</em></strong></span> <span class='ocrx_word' id='word_1_512' title='bbox 2505 2721 2570 2774; x_wconf 84' lang='lat' dir='ltr'><strong><em>Et</em></strong></span> <span class='ocrx_word' id='word_1_513' title='bbox 2604 2721 2824 2790; x_wconf 88' lang='lat' dir='ltr'><strong><em>quidem</em></strong></span> <span class='ocrx_word' id='word_1_514' title='bbox 2853 2721 2993 2775; x_wconf 90' lang='lat' dir='ltr'><strong><em>libro</em></strong></span> <span class='ocrx_word' id='word_1_515' title='bbox 3031 2722 3273 2776; x_wconf 87' lang='lat' dir='ltr'><strong><em>secundo</em></strong></span> <span class='ocrx_word' id='word_1_516' title='bbox 3299 2737 3360 2775; x_wconf 86' lang='lat' dir='ltr'><strong><em>ea</em></strong></span> <span class='ocrx_word' id='word_1_517' title='bbox 3392 2736 3485 2774; x_wconf 85' lang='lat' dir='ltr'><strong><em>ra—</em></strong></span> 
     </span>
    </p>
   </div>
   <div class='ocr_carea' id='block_1_72' title="bbox 1900 2810 3485 2881">
    <p class='ocr_par' dir='ltr' id='par_1_72' title="bbox 1900 2810 3485 2881">
     <span class='ocr_line' id='line_1_72' title="bbox 1900 2810 3485 2881; baseline 0.003 -18"><span class='ocrx_word' id='word_1_518' title='bbox 1900 2810 2143 2864; x_wconf 90' lang='lat' dir='ltr'><strong><em>tionibus</em></strong></span> <span class='ocrx_word' id='word_1_519' title='bbox 2176 2810 2485 2875; x_wconf 81' lang='lat' dir='ltr'><strong><em>subvertit;</em></strong></span> <span class='ocrx_word' id='word_1_520' title='bbox 2533 2812 2715 2875; x_wconf 88' lang='lat' dir='ltr'><strong><em>tertio,</em></strong></span> <span class='ocrx_word' id='word_1_521' title='bbox 2743 2812 3059 2881; x_wconf 89' lang='lat' dir='ltr'><strong><em>Scripturas</em></strong></span> <span class='ocrx_word' id='word_1_522' title='bbox 3102 2821 3157 2866; x_wconf 91' lang='lat' dir='ltr'><strong><em>et</em></strong></span> <span class='ocrx_word' id='word_1_523' title='bbox 3203 2811 3485 2867; x_wconf 85' lang='lat' dir='ltr'><strong><em>Traditio-</em></strong></span> 
     </span>
    </p>
   </div>
   <div class='ocr_carea' id='block_1_73' title="bbox 1897 2901 3480 2973">
    <p class='ocr_par' dir='ltr' id='par_1_73' title="bbox 1897 2901 3480 2973">
     <span class='ocr_line' id='line_1_73' title="bbox 1897 2901 3480 2973; baseline 0.004 -20"><span class='ocrx_word' id='word_1_524' title='bbox 1897 2916 2019 2953; x_wconf 87' lang='lat' dir='ltr'><strong><em>nem</em></strong></span> <span class='ocrx_word' id='word_1_525' title='bbox 2053 2902 2339 2966; x_wconf 84' lang='lat' dir='ltr'><strong><em>adhibuit;</em></strong></span> <span class='ocrx_word' id='word_1_526' title='bbox 2378 2912 2581 2972; x_wconf 85' lang='lat' dir='ltr'><strong><em>quarto</em></strong></span> <span class='ocrx_word' id='word_1_527' title='bbox 2626 2917 2694 2956; x_wconf 83' lang='lat' dir='ltr'><strong><em>ex</em></strong></span> <span class='ocrx_word' id='word_1_528' title='bbox 2735 2901 2921 2956; x_wconf 77' lang='lat' dir='ltr'><strong><em>Veteri</em></strong></span> <span class='ocrx_word' id='word_1_529' title='bbox 2958 2902 3311 2957; x_wconf 86' lang='lat' dir='ltr'><strong><em>Testamento</em></strong></span> <span class='ocrx_word' id='word_1_530' title='bbox 3339 2919 3480 2973; x_wconf 72' lang='lat' dir='ltr'><strong><em>prte-</em></strong></span> 
     </span>
    </p>
   </div>
   <div class='ocr_carea' id='block_1_74' title="bbox 1895 2992 3481 3063">
    <p class='ocr_par' dir='ltr' id='par_1_74' title="bbox 1895 2992 3481 3063">
     <span class='ocr_line' id='line_1_74' title="bbox 1895 2992 3481 3063; baseline 0.002 -16"><span class='ocrx_word' id='word_1_531' title='bbox 1895 2992 2054 3061; x_wconf 90' lang='lat' dir='ltr'><strong><em>cipue</em></strong></span> <span class='ocrx_word' id='word_1_532' title='bbox 2084 2992 2380 3062; x_wconf 82' lang='lat' dir='ltr'><strong><em>disputavit</em></strong></span> <span class='ocrx_word' id='word_1_533' title='bbox 2410 3012 2422 3058; x_wconf 93' lang='lat'><strong><em>;</em></strong></span> <span class='ocrx_word' id='word_1_534' title='bbox 2454 2994 2643 3063; x_wconf 90' lang='lat' dir='ltr'><strong><em>quinto</em></strong></span> <span class='ocrx_word' id='word_1_535' title='bbox 2683 3008 2753 3048; x_wconf 79' lang='lat' dir='ltr'><strong><em>ex</em></strong></span> <span class='ocrx_word' id='word_1_536' title='bbox 2794 2994 3017 3063; x_wconf 86' lang='lat' dir='ltr'><strong><em>reliquis</em></strong></span> <span class='ocrx_word' id='word_1_537' title='bbox 3069 2994 3347 3049; x_wconf 84' lang='lat' dir='ltr'><strong><em>doctrinis</em></strong></span> <span class='ocrx_word' id='word_1_538' title='bbox 3373 2995 3481 3050; x_wconf 83' lang='lat' dir='ltr'><strong><em>Do-</em></strong></span> 
     </span>
    </p>
   </div>
   <div class='ocr_carea' id='block_1_75' title="bbox 1897 3086 3479 3161">
    <p class='ocr_par' dir='ltr' id='par_1_75' title="bbox 1897 3086 3479 3161">
     <span class='ocr_line' id='line_1_75' title="bbox 1897 3086 3479 3161; baseline 0.006 -24"><span class='ocrx_word' id='word_1_539' title='bbox 1897 3086 2029 3139; x_wconf 89' lang='lat' dir='ltr'><strong><em>mini</em></strong></span> <span class='ocrx_word' id='word_1_540' title='bbox 2087 3087 2285 3148; x_wconf 74' lang='lat' dir='ltr'><strong><em>nosiri,</em></strong></span> <span class='ocrx_word' id='word_1_541' title='bbox 2333 3096 2388 3141; x_wconf 89' lang='lat' dir='ltr'><strong><em>et</em></strong></span> <span class='ocrx_word' id='word_1_542' title='bbox 2442 3102 2509 3141; x_wconf 86' lang='lat' dir='ltr'><strong><em>ex</em></strong></span> <span class='ocrx_word' id='word_1_543' title='bbox 2560 3088 2878 3158; x_wconf 85' lang='lat' dir='ltr'><strong><em>apostolicis</em></strong></span> <span class='ocrx_word' id='word_1_544' title='bbox 2905 3088 3255 3157; x_wconf 89' lang='lat' dir='ltr'><strong><em>epistolis,ut</em></strong></span> <span class='ocrx_word' id='word_1_545' title='bbox 3280 3090 3396 3161; x_wconf 86' lang='lat' dir='ltr'><strong><em>ipse</em></strong></span> <span class='ocrx_word' id='word_1_546' title='bbox 3426 3091 3479 3147; x_wconf 91' lang='lat' dir='ltr'><strong><em>in</em></strong></span> 
     </span>
    </p>
   </div>
   <div class='ocr_carea' id='block_1_76' title="bbox 1895 3178 2962 3250">
    <p class='ocr_par' dir='ltr' id='par_1_76' title="bbox 1895 3178 2962 3250">
     <span class='ocr_line' id='line_1_76' title="bbox 1895 3178 2962 3250; baseline 0.003 -17"><span class='ocrx_word' id='word_1_547' title='bbox 1895 3178 2307 3234; x_wconf 73' lang='lat' dir='ltr'><strong><em>Przefationibus</em></strong></span> <span class='ocrx_word' id='word_1_548' title='bbox 2335 3180 2605 3235; x_wconf 80' lang='lat' dir='ltr'><strong><em>facturum</em></strong></span> <span class='ocrx_word' id='word_1_549' title='bbox 2632 3196 2691 3235; x_wconf 89' lang='lat' dir='ltr'><strong><em>se</em></strong></span> <span class='ocrx_word' id='word_1_550' title='bbox 2711 3183 2962 3250; x_wconf 84' lang='lat' dir='ltr'><strong><em>spondet.</em></strong></span> 
     </span>
    </p>
   </div>
   <div class='ocr_carea' id='block_1_77' title="bbox 1958 3294 3479 3365">
    <p class='ocr_par' dir='ltr' id='par_1_77' title="bbox 1958 3294 3479 3365">
     <span class='ocr_line' id='line_1_77' title="bbox 1958 3294 3479 3365; baseline 0.001 -17"><span class='ocrx_word' id='word_1_551' title='bbox 1958 3294 2047 3349; x_wconf 76' lang='grc'><strong><em>47.</em></strong></span> <span class='ocrx_word' id='word_1_552' title='bbox 2083 3294 2343 3361; x_wconf 84' lang='lat' dir='ltr'><strong><em>Quamvis</em></strong></span> <span class='ocrx_word' id='word_1_553' title='bbox 2370 3309 2478 3363; x_wconf 90' lang='lat' dir='ltr'><strong><em>quo</em></strong></span> <span class='ocrx_word' id='word_1_554' title='bbox 2509 3304 2761 3365; x_wconf 90' lang='lat' dir='ltr'><strong><em>tempore</em></strong></span> <span class='ocrx_word' id='word_1_555' title='bbox 2786 3294 2988 3363; x_wconf 87' lang='lat' dir='ltr'><strong><em>scripti</em></strong></span> <span class='ocrx_word' id='word_1_556' title='bbox 3016 3294 3126 3348; x_wconf 85' lang='lat' dir='ltr'><strong><em>sint</em></strong></span> <span class='ocrx_word' id='word_1_557' title='bbox 3154 3294 3283 3350; x_wconf 89' lang='lat' dir='ltr'><strong><em>dicti</em></strong></span> <span class='ocrx_word' id='word_1_558' title='bbox 3317 3294 3479 3365; x_wconf 88' lang='lat' dir='ltr'><strong><em>quin-</em></strong></span> 
     </span>
    </p>
   </div>
   <div class='ocr_carea' id='block_1_78' title="bbox 1888 3386 3480 3453">
    <p class='ocr_par' dir='ltr' id='par_1_78' title="bbox 1888 3386 3480 3453">
     <span class='ocr_line' id='line_1_78' title="bbox 1888 3386 3480 3453; baseline 0.003 -15"><span class='ocrx_word' id='word_1_559' title='bbox 1888 3400 1994 3453; x_wconf 90' lang='lat' dir='ltr'><strong><em>que</em></strong></span> <span class='ocrx_word' id='word_1_560' title='bbox 2022 3386 2169 3451; x_wconf 91' lang='lat' dir='ltr'><strong><em>libri,</em></strong></span> <span class='ocrx_word' id='word_1_561' title='bbox 2201 3396 2457 3441; x_wconf 88' lang='lat' dir='ltr'><strong><em>accurate</em></strong></span> <span class='ocrx_word' id='word_1_562' title='bbox 2484 3386 2711 3441; x_wconf 85' lang='lat' dir='ltr'><strong><em>delinire</em></strong></span> <span class='ocrx_word' id='word_1_563' title='bbox 2741 3386 3114 3440; x_wconf 76' lang='lat' dir='ltr'><strong><em>dilﬁcillimnm</em></strong></span> <span class='ocrx_word' id='word_1_564' title='bbox 3148 3387 3237 3447; x_wconf 88' lang='lat' dir='ltr'><strong><em>sit;</em></strong></span> <span class='ocrx_word' id='word_1_565' title='bbox 3271 3402 3300 3439; x_wconf 92' lang='lat' dir='ltr'><strong><em>a</em></strong></span> <span class='ocrx_word' id='word_1_566' title='bbox 3349 3401 3480 3442; x_wconf 86' lang='lat' dir='ltr'><strong><em>vero</em></strong></span> 
     </span>
    </p>
   </div>
   <div class='ocr_carea' id='block_1_79' title="bbox 1890 3478 3477 3547">
    <p class='ocr_par' dir='ltr' id='par_1_79' title="bbox 1890 3478 3477 3547">
     <span class='ocr_line' id='line_1_79' title="bbox 1890 3478 3477 3547; baseline 0.003 -18"><span class='ocrx_word' id='word_1_567' title='bbox 1890 3486 2072 3531; x_wconf 87' lang='lat' dir='ltr'><strong><em>tamen</em></strong></span> <span class='ocrx_word' id='word_1_568' title='bbox 2099 3479 2239 3532; x_wconf 89' lang='lat' dir='ltr'><strong><em>haud</em></strong></span> <span class='ocrx_word' id='word_1_569' title='bbox 2275 3479 2461 3547; x_wconf 88' lang='lat' dir='ltr'><strong><em>procul</em></strong></span> <span class='ocrx_word' id='word_1_570' title='bbox 2486 3478 2820 3543; x_wconf 84' lang='lat' dir='ltr'><strong><em>discesserit,</em></strong></span> <span class='ocrx_word' id='word_1_571' title='bbox 2862 3478 2956 3547; x_wconf 90' lang='lat' dir='ltr'><strong><em>qui</em></strong></span> <span class='ocrx_word' id='word_1_572' title='bbox 2993 3479 3093 3533; x_wconf 90' lang='lat' dir='ltr'><strong><em>sub</em></strong></span> <span class='ocrx_word' id='word_1_573' title='bbox 3121 3478 3284 3534; x_wconf 82' lang='lat' dir='ltr'><strong><em>linem</em></strong></span> <span class='ocrx_word' id='word_1_574' title='bbox 3315 3479 3477 3533; x_wconf 79' lang='lat' dir='ltr'><strong><em>Eleu-</em></strong></span> 
     </span>
    </p>
   </div>
   <div class='ocr_carea' id='block_1_80' title="bbox 1889 3570 3477 3642">
    <p class='ocr_par' dir='ltr' id='par_1_80' title="bbox 1889 3570 3477 3642">
     <span class='ocr_line' id='line_1_80' title="bbox 1889 3570 3477 3642; baseline 0.002 -19"><span class='ocrx_word' id='word_1_575' title='bbox 1889 3570 2029 3624; x_wconf 90' lang='lat' dir='ltr'><strong><em>thcri</em></strong></span> <span class='ocrx_word' id='word_1_576' title='bbox 2062 3572 2433 3639; x_wconf 83' lang='lat' dir='ltr'><strong><em>pontiﬁcatus,</em></strong></span> <span class='ocrx_word' id='word_1_577' title='bbox 2465 3571 2546 3626; x_wconf 89' lang='lat' dir='ltr'><strong><em>vel</em></strong></span> <span class='ocrx_word' id='word_1_578' title='bbox 2576 3572 2774 3641; x_wconf 90' lang='lat' dir='ltr'><strong><em>partim</em></strong></span> <span class='ocrx_word' id='word_1_579' title='bbox 2820 3574 2923 3627; x_wconf 90' lang='lat' dir='ltr'><strong><em>sub</em></strong></span> <span class='ocrx_word' id='word_1_580' title='bbox 2972 3572 3289 3638; x_wconf 81' lang='lat' dir='ltr'><strong><em>Eleuthero,</em></strong></span> <span class='ocrx_word' id='word_1_581' title='bbox 3349 3587 3477 3642; x_wconf 86' lang='lat' dir='ltr'><strong><em>par-</em></strong></span> 
     </span>
    </p>
   </div>
   <div class='ocr_carea' id='block_1_81' title="bbox 1891 3662 3469 3732">
    <p class='ocr_par' dir='ltr' id='par_1_81' title="bbox 1891 3662 3469 3732">
     <span class='ocr_line' id='line_1_81' title="bbox 1891 3662 3469 3732; baseline 0.002 -17"><span class='ocrx_word' id='word_1_582' title='bbox 1891 3662 1989 3715; x_wconf 91' lang='lat' dir='ltr'><strong><em>tim</em></strong></span> <span class='ocrx_word' id='word_1_583' title='bbox 2024 3662 2126 3715; x_wconf 92' lang='lat' dir='ltr'><strong><em>sub</em></strong></span> <span class='ocrx_word' id='word_1_584' title='bbox 2160 3662 2379 3718; x_wconf 82' lang='lat' dir='ltr'><strong><em>Victore</em></strong></span> <span class='ocrx_word' id='word_1_585' title='bbox 2411 3662 2590 3717; x_wconf 89' lang='lat' dir='ltr'><strong><em>editos</em></strong></span> <span class='ocrx_word' id='word_1_586' title='bbox 2638 3664 2959 3718; x_wconf 84' lang='lat' dir='ltr'><strong><em>asscruerit.</em></strong></span> <span class='ocrx_word' id='word_1_587' title='bbox 3007 3664 3073 3717; x_wconf 86' lang='lat' dir='ltr'><strong><em>Et</em></strong></span> <span class='ocrx_word' id='word_1_588' title='bbox 3118 3665 3343 3732; x_wconf 86' lang='lat' dir='ltr'><strong><em>quidem</em></strong></span> <span class='ocrx_word' id='word_1_589' title='bbox 3399 3662 3469 3718; x_wconf 85' lang='lat' dir='ltr'><strong><em>li-</em></strong></span> 
     </span>
    </p>
   </div>
   <div class='ocr_carea' id='block_1_82' title="bbox 1886 3752 3478 3821">
    <p class='ocr_par' dir='ltr' id='par_1_82' title="bbox 1886 3752 3478 3821">
     <span class='ocr_line' id='line_1_82' title="bbox 1886 3752 3478 3821; baseline -0.001 -14"><span class='ocrx_word' id='word_1_590' title='bbox 1886 3753 2048 3807; x_wconf 88' lang='lat' dir='ltr'><strong><em>brum</em></strong></span> <span class='ocrx_word' id='word_1_591' title='bbox 2085 3753 2324 3821; x_wconf 90' lang='lat' dir='ltr'><strong><em>primum</em></strong></span> <span class='ocrx_word' id='word_1_592' title='bbox 2363 3762 2488 3807; x_wconf 89' lang='lat' dir='ltr'><strong><em>ante</em></strong></span> <span class='ocrx_word' id='word_1_593' title='bbox 2532 3768 2733 3805; x_wconf 91' lang='lat' dir='ltr'><strong><em>annum</em></strong></span> <span class='ocrx_word' id='word_1_594' title='bbox 2769 3752 2869 3805; x_wconf 73' lang='lat'><strong><em>17?.</em></strong></span> <span class='ocrx_word' id='word_1_595' title='bbox 2896 3754 3063 3805; x_wconf 88' lang='lat' dir='ltr'><strong><em>scribi</em></strong></span> <span class='ocrx_word' id='word_1_596' title='bbox 3094 3770 3198 3806; x_wconf 88' lang='lat' dir='ltr'><strong><em>non</em></strong></span> <span class='ocrx_word' id='word_1_597' title='bbox 3238 3752 3478 3821; x_wconf 83' lang='lat' dir='ltr'><strong><em>potuisse</em></strong></span> 
     </span>
    </p>
   </div>
   <div class='ocr_carea' id='block_1_83' title="bbox 1888 3844 3468 3910">
    <p class='ocr_par' dir='ltr' id='par_1_83' title="bbox 1888 3844 3468 3910">
     <span class='ocr_line' id='line_1_83' title="bbox 1888 3844 3468 3910; baseline 0 -13"><span class='ocrx_word' id='word_1_598' title='bbox 1888 3844 2237 3899; x_wconf 83' lang='lat' dir='ltr'><strong><em>manifestum</em></strong></span> <span class='ocrx_word' id='word_1_599' title='bbox 2270 3854 2393 3910; x_wconf 89' lang='lat' dir='ltr'><strong><em>est;</em></strong></span> <span class='ocrx_word' id='word_1_600' title='bbox 2429 3860 2551 3899; x_wconf 87' lang='lat' dir='ltr'><strong><em>nam</em></strong></span> <span class='ocrx_word' id='word_1_601' title='bbox 2572 3845 2625 3898; x_wconf 92' lang='lat' dir='ltr'><strong><em>in</em></strong></span> <span class='ocrx_word' id='word_1_602' title='bbox 2652 3860 2717 3899; x_wconf 88' lang='lat' dir='ltr'><strong><em>eo</em></strong></span> <span class='ocrx_word' id='word_1_603' title='bbox 2741 3844 2952 3898; x_wconf 87' lang='lat' dir='ltr'><strong><em>Tatiani</em></strong></span> <span class='ocrx_word' id='word_1_604' title='bbox 2984 3852 3039 3898; x_wconf 91' lang='lat' dir='ltr'><strong><em>et</em></strong></span> <span class='ocrx_word' id='word_1_605' title='bbox 3066 3844 3468 3899; x_wconf 80' lang='lat' dir='ltr'><strong><em>Encratitarutn</em></strong></span> 
     </span>
    </p>
   </div>
   <div class='ocr_carea' id='block_1_84' title="bbox 1887 3936 3470 4006">
    <p class='ocr_par' dir='ltr' id='par_1_84' title="bbox 1887 3936 3470 4006">
     <span class='ocr_line' id='line_1_84' title="bbox 1887 3936 3470 4006; baseline 0.004 -18"><span class='ocrx_word' id='word_1_606' title='bbox 1887 3936 1946 3989; x_wconf 90' lang='lat' dir='ltr'><strong><em>tit</em></strong></span> <span class='ocrx_word' id='word_1_607' title='bbox 1994 3937 2243 4001; x_wconf 89' lang='lat' dir='ltr'><strong><em>mentio;</em></strong></span> <span class='ocrx_word' id='word_1_608' title='bbox 2276 3937 2392 4006; x_wconf 91' lang='lat' dir='ltr'><strong><em>qui,</em></strong></span> <span class='ocrx_word' id='word_1_609' title='bbox 2451 3938 2495 3991; x_wconf 91' lang='lat' dir='ltr'><strong><em>si</em></strong></span> <span class='ocrx_word' id='word_1_610' title='bbox 2544 3937 2761 3993; x_wconf 89' lang='lat' dir='ltr'><strong><em>Eusebii</em></strong></span> <span class='ocrx_word' id='word_1_611' title='bbox 2811 3938 3083 3994; x_wconf 90' lang='lat' dir='ltr'><strong><em>Chronico</em></strong></span> <span class='ocrx_word' id='word_1_612' title='bbox 3128 3937 3283 4004; x_wconf 79' lang='lat' dir='ltr'><strong><em>ﬁdes,</em></strong></span> <span class='ocrx_word' id='word_1_613' title='bbox 3322 3954 3470 3994; x_wconf 86' lang='lat' dir='ltr'><strong><em>anno</em></strong></span> 
     </span>
    </p>
   </div>
   <div class='ocr_carea' id='block_1_85' title="bbox 1886 4029 3469 4097">
    <p class='ocr_par' dir='ltr' id='par_1_85' title="bbox 1886 4029 3469 4097">
     <span class='ocr_line' id='line_1_85' title="bbox 1886 4029 3469 4097; baseline 0.004 -15"><span class='ocrx_word' id='word_1_614' title='bbox 1886 4044 1964 4083; x_wconf 81' lang='lat' dir='ltr'><strong><em>xu</em></strong></span> <span class='ocrx_word' id='word_1_615' title='bbox 2041 4030 2109 4083; x_wconf 87' lang='grc' dir='ltr'><strong><em>Μ.</em></strong></span> <span class='ocrx_word' id='word_1_616' title='bbox 2172 4030 2420 4097; x_wconf 88' lang='lat' dir='ltr'><strong><em>Aurelii,</em></strong></span> <span class='ocrx_word' id='word_1_617' title='bbox 2486 4029 2689 4086; x_wconf 85' lang='lat' dir='ltr'><strong><em>Christi</em></strong></span> <span class='ocrx_word' id='word_1_618' title='bbox 2741 4047 2870 4088; x_wconf 89' lang='lat' dir='ltr'><strong><em>vero</em></strong></span> <span class='ocrx_word' id='word_1_619' title='bbox 2925 4031 3028 4086; x_wconf 74' lang='grc'><strong><em>172</em></strong></span> <span class='ocrx_word' id='word_1_620' title='bbox 3074 4045 3469 4089; x_wconf 83' lang='lat' dir='ltr'><strong><em>emerserunt:</em></strong></span> 
     </span>
    </p>
   </div>
   <div class='ocr_carea' id='block_1_86' title="bbox 1888 4122 3472 4195">
    <p class='ocr_par' dir='ltr' id='par_1_86' title="bbox 1888 4122 3472 4195">
     <span class='ocr_line' id='line_1_86' title="bbox 1888 4122 3472 4195; baseline 0.008 -27"><span class='ocrx_word' id='word_1_621' title='bbox 1888 4122 2144 4189; x_wconf 84' lang='lat' dir='ltr'><strong><em>quamvis</em></strong></span> <span class='ocrx_word' id='word_1_622' title='bbox 2204 4123 2370 4191; x_wconf 92' lang='lat' dir='ltr'><strong><em>paulo</em></strong></span> <span class='ocrx_word' id='word_1_623' title='bbox 2433 4123 2596 4177; x_wconf 92' lang='lat' dir='ltr'><strong><em>citius</em></strong></span> <span class='ocrx_word' id='word_1_624' title='bbox 2654 4126 2900 4193; x_wconf 87' lang='lat' dir='ltr'><strong><em>erupisse</em></strong></span> <span class='ocrx_word' id='word_1_625' title='bbox 2948 4126 3231 4195; x_wconf 88' lang='lat' dir='ltr'><strong><em>probabile</em></strong></span> <span class='ocrx_word' id='word_1_626' title='bbox 3259 4128 3352 4183; x_wconf 91' lang='lat' dir='ltr'><strong><em>sit.</em></strong></span> <span class='ocrx_word' id='word_1_627' title='bbox 3380 4126 3472 4181; x_wconf 75' lang='lat' dir='ltr'><strong><em>Li-</em></strong></span> 
     </span>
    </p>
   </div>
   <div class='ocr_carea' id='block_1_87' title="bbox 1888 4212 3473 4287">
    <p class='ocr_par' dir='ltr' id='par_1_87' title="bbox 1888 4212 3473 4287">
     <span class='ocr_line' id='line_1_87' title="bbox 1888 4212 3473 4287; baseline 0.004 -22"><span class='ocrx_word' id='word_1_628' title='bbox 1888 4212 2048 4269; x_wconf 85' lang='lat' dir='ltr'><strong><em>brum</em></strong></span> <span class='ocrx_word' id='word_1_629' title='bbox 2108 4214 2331 4266; x_wconf 89' lang='lat' dir='ltr'><strong><em>tertium</em></strong></span> <span class='ocrx_word' id='word_1_630' title='bbox 2378 4212 2674 4272; x_wconf 87' lang='lat' dir='ltr'><strong><em>Eleuthero</em></strong></span> <span class='ocrx_word' id='word_1_631' title='bbox 2721 4216 2833 4287; x_wconf 85' lang='lat' dir='ltr'><strong><em>jam</em></strong></span> <span class='ocrx_word' id='word_1_632' title='bbox 2887 4217 3190 4272; x_wconf 87' lang='lat' dir='ltr'><strong><em>Ecclesiam</em></strong></span> <span class='ocrx_word' id='word_1_633' title='bbox 3249 4230 3473 4286; x_wconf 77' lang='lat' dir='ltr'><strong><em>regente</em></strong></span> 
     </span>
    </p>
   </div>
   <div class='ocr_carea' id='block_1_88' title="bbox 1886 4305 3471 4377">
    <p class='ocr_par' dir='ltr' id='par_1_88' title="bbox 1886 4305 3471 4377">
     <span class='ocr_line' id='line_1_88' title="bbox 1886 4305 3471 4377; baseline 0.004 -21"><span class='ocrx_word' id='word_1_634' title='bbox 1886 4305 2154 4372; x_wconf 87' lang='lat' dir='ltr'><strong><em>prodiisse</em></strong></span> <span class='ocrx_word' id='word_1_635' title='bbox 2182 4315 2400 4360; x_wconf 90' lang='lat' dir='ltr'><strong><em>constat</em></strong></span> <span class='ocrx_word' id='word_1_636' title='bbox 2430 4323 2444 4361; x_wconf 88' lang='lat'><strong><em>;</em></strong></span> <span class='ocrx_word' id='word_1_637' title='bbox 2495 4305 2548 4359; x_wconf 91' lang='lat' dir='ltr'><strong><em>in</em></strong></span> <span class='ocrx_word' id='word_1_638' title='bbox 2588 4321 2653 4362; x_wconf 91' lang='lat' dir='ltr'><strong><em>eo</em></strong></span> <span class='ocrx_word' id='word_1_639' title='bbox 2700 4308 2973 4377; x_wconf 87' lang='lat' dir='ltr'><strong><em>siquidem</em></strong></span> <span class='ocrx_word' id='word_1_640' title='bbox 3019 4309 3256 4363; x_wconf 74' lang='lat' dir='ltr'><strong><em>lrcntcus</em></strong></span> <span class='ocrx_word' id='word_1_641' title='bbox 3286 4310 3330 4340; x_wconf 86' lang='grc'><strong><em>¹⁰</em></strong></span> <span class='ocrx_word' id='word_1_642' title='bbox 3364 4310 3471 4363; x_wconf 60' lang='grc' dir='ltr'><strong><em>[ζου</em></strong></span> 
     </span>
    </p>
   </div>
   <div class='ocr_carea' id='block_1_89' title="bbox 1885 4397 3459 4470">
    <p class='ocr_par' dir='ltr' id='par_1_89' title="bbox 1885 4397 3459 4470">
     <span class='ocr_line' id='line_1_89' title="bbox 1885 4397 3459 4470; baseline 0.001 -21"><span class='ocrx_word' id='word_1_643' title='bbox 1885 4412 2168 4449; x_wconf 87' lang='lat' dir='ltr'><strong><em>manorum</em></strong></span> <span class='ocrx_word' id='word_1_644' title='bbox 2223 4397 2541 4466; x_wconf 79' lang='lat' dir='ltr'><strong><em>pontiﬁcum</em></strong></span> <span class='ocrx_word' id='word_1_645' title='bbox 2596 4401 2904 4470; x_wconf 81' lang='lat' dir='ltr'><strong><em>catalognm</em></strong></span> <span class='ocrx_word' id='word_1_646' title='bbox 2960 4410 3172 4463; x_wconf 80' lang='lat' dir='ltr'><strong><em>texens,</em></strong></span> <span class='ocrx_word' id='word_1_647' title='bbox 3219 4399 3363 4453; x_wconf 92' lang='lat' dir='ltr'><strong><em>hunc</em></strong></span> <span class='ocrx_word' id='word_1_648' title='bbox 3392 4400 3459 4452; x_wconf 89' lang='lat' dir='ltr'><strong><em>ad</em></strong></span> 
     </span>
    </p>
   </div>
   <div class='ocr_carea' id='block_1_90' title="bbox 1886 4489 3465 4559">
    <p class='ocr_par' dir='ltr' id='par_1_90' title="bbox 1886 4489 3465 4559">
     <span class='ocr_line' id='line_1_90' title="bbox 1886 4489 3465 4559; baseline 0.002 -18"><span class='ocrx_word' id='word_1_649' title='bbox 1886 4489 2239 4542; x_wconf 81' lang='lat' dir='ltr'><strong><em>Eleutherum</em></strong></span> <span class='ocrx_word' id='word_1_650' title='bbox 2267 4505 2437 4558; x_wconf 89' lang='lat' dir='ltr'><strong><em>usque</em></strong></span> <span class='ocrx_word' id='word_1_651' title='bbox 2467 4491 2737 4556; x_wconf 87' lang='lat' dir='ltr'><strong><em>perducit,</em></strong></span> <span class='ocrx_word' id='word_1_652' title='bbox 2793 4506 2949 4559; x_wconf 69' lang='lat' dir='ltr'><strong><em>(ptem</em></strong></span> <span class='ocrx_word' id='word_1_653' title='bbox 3000 4503 3112 4545; x_wconf 89' lang='lat' dir='ltr'><strong><em>tum</em></strong></span> <span class='ocrx_word' id='word_1_654' title='bbox 3162 4490 3349 4547; x_wconf 69' lang='lat' dir='ltr'><strong><em>Roma:</em></strong></span> <span class='ocrx_word' id='word_1_655' title='bbox 3381 4505 3465 4544; x_wconf 89' lang='lat' dir='ltr'><strong><em>se-</em></strong></span> 
     </span>
    </p>
   </div>
   <div class='ocr_carea' id='block_1_91' title="bbox 192 4558 1787 4651">
    <p class='ocr_par' dir='ltr' id='par_1_91' title="bbox 192 4570 1777 4639">
     <span class='ocr_line' id='line_1_91' title="bbox 192 4570 1777 4639; baseline 0.003 -16"><span class='ocrx_word' id='word_1_656' title='bbox 192 4573 346 4623; x_wconf 85' lang='lat' dir='ltr'><strong><em>sionis</em></strong></span> <span class='ocrx_word' id='word_1_657' title='bbox 412 4570 572 4638; x_wconf 76' lang='lat' dir='ltr'><strong><em>{alstv</em></strong></span> <span class='ocrx_word' id='word_1_658' title='bbox 621 4571 927 4638; x_wconf 88' lang='lat' dir='ltr'><strong><em>agnitionis.</em></strong></span> <span class='ocrx_word' id='word_1_659' title='bbox 980 4570 1056 4623; x_wconf 79' lang='lat' dir='ltr'><strong>Ex</strong></span> <span class='ocrx_word' id='word_1_660' title='bbox 1095 4573 1293 4639; x_wconf 89' lang='lat' dir='ltr'><strong><em>quibus</em></strong></span> <span class='ocrx_word' id='word_1_661' title='bbox 1339 4572 1620 4627; x_wconf 86' lang='lat' dir='ltr'><strong><em>evidenter</em></strong></span> <span class='ocrx_word' id='word_1_662' title='bbox 1681 4574 1777 4627; x_wconf 85' lang='lat' dir='ltr'><strong><em>tle-</em></strong></span> 
     </span>
    </p>
   </div>
   <div class='ocr_carea' id='block_1_92' title="bbox 1893 4558 3467 4651">
    <p class='ocr_par' dir='ltr' id='par_1_92' title="bbox 1893 4580 3467 4651">
     <span class='ocr_line' id='line_1_92' title="bbox 1893 4580 3467 4651; baseline 0.001 -19"><span class='ocrx_word' id='word_1_663' title='bbox 1893 4581 2025 4633; x_wconf 73' lang='lat' dir='ltr'><strong><em>Jisse</em></strong></span> <span class='ocrx_word' id='word_1_664' title='bbox 2084 4581 2367 4650; x_wconf 87' lang='lat' dir='ltr'><strong><em>perspicue</em></strong></span> <span class='ocrx_word' id='word_1_665' title='bbox 2421 4581 2571 4646; x_wconf 88' lang='lat' dir='ltr'><strong><em>dicit,</em></strong></span> <span class='ocrx_word' id='word_1_666' title='bbox 2628 4582 2740 4633; x_wconf 79' lang='grc' dir='ltr'><strong><em>Νῦν</em></strong></span> <span class='ocrx_word' id='word_1_667' title='bbox 2806 4582 3099 4651; x_wconf 77' lang='grc' dir='ltr'><strong><em>δωδεκάτῳ</em></strong></span> <span class='ocrx_word' id='word_1_668' title='bbox 3156 4583 3306 4651; x_wconf 82' lang='grc' dir='ltr'><strong><em>τόπῳ</em></strong></span> <span class='ocrx_word' id='word_1_669' title='bbox 3375 4580 3467 4634; x_wconf 78' lang='grc' dir='ltr'>τὸν</span> 
     </span>
    </p>
   </div>
   <div class='ocr_carea' id='block_1_93' title="bbox 192 4663 1778 4733">
    <p class='ocr_par' dir='ltr' id='par_1_93' title="bbox 192 4663 1778 4733">
     <span class='ocr_line' id='line_1_93' title="bbox 192 4663 1778 4733; baseline 0.002 -18"><span class='ocrx_word' id='word_1_670' title='bbox 192 4672 531 4715; x_wconf 79' lang='lat' dir='ltr'><strong><em>monstratur</em></strong></span> <span class='ocrx_word' id='word_1_671' title='bbox 559 4675 682 4712; x_wconf 81' lang='lat' dir='ltr'><strong><em>eam</em></strong></span> <span class='ocrx_word' id='word_1_672' title='bbox 716 4676 836 4715; x_wconf 88' lang='lat' dir='ltr'><strong><em>esse</em></strong></span> <span class='ocrx_word' id='word_1_673' title='bbox 872 4663 1281 4730; x_wconf 83' lang='lat' dir='ltr'><strong><em>inscriptionem</em></strong></span> <span class='ocrx_word' id='word_1_674' title='bbox 1318 4680 1438 4732; x_wconf 77' lang='lat' dir='ltr'><strong><em>qua:</em></strong></span> <span class='ocrx_word' id='word_1_675' title='bbox 1492 4665 1778 4733; x_wconf 81' lang='lat' dir='ltr'><strong><em>legebatur</em></strong></span> 
     </span>
    </p>
   </div>
   <div class='ocr_carea' id='block_1_94' title="bbox 191 4755 1775 4825">
    <p class='ocr_par' dir='ltr' id='par_1_94' title="bbox 191 4755 1775 4825">
     <span class='ocr_line' id='line_1_94' title="bbox 191 4755 1775 4825; baseline 0.003 -17"><span class='ocrx_word' id='word_1_676' title='bbox 191 4755 236 4808; x_wconf 89' lang='lat' dir='ltr'><strong><em>in</em></strong></span> <span class='ocrx_word' id='word_1_677' title='bbox 263 4758 391 4823; x_wconf 86' lang='lat' dir='ltr'><strong><em>ipsis</em></strong></span> <span class='ocrx_word' id='word_1_678' title='bbox 423 4756 815 4824; x_wconf 76' lang='lat' dir='ltr'><strong><em>autographis,</em></strong></span> <span class='ocrx_word' id='word_1_679' title='bbox 850 4758 933 4810; x_wconf 86' lang='lat' dir='ltr'><strong><em>vel</em></strong></span> <span class='ocrx_word' id='word_1_680' title='bbox 974 4758 1026 4810; x_wconf 90' lang='lat' dir='ltr'><strong><em>in</em></strong></span> <span class='ocrx_word' id='word_1_681' title='bbox 1062 4758 1332 4825; x_wconf 87' lang='lat' dir='ltr'><strong><em>prioribus</em></strong></span> <span class='ocrx_word' id='word_1_682' title='bbox 1381 4756 1684 4821; x_wconf 88' lang='lat' dir='ltr'><strong><em>codicibus,</em></strong></span> <span class='ocrx_word' id='word_1_683' title='bbox 1710 4774 1775 4812; x_wconf 77' lang='lat' dir='ltr'><strong><em>ex</em></strong></span> 
     </span>
    </p>
   </div>
   <div class='ocr_carea' id='block_1_95' title="bbox 191 4848 1778 4917">
    <p class='ocr_par' dir='ltr' id='par_1_95' title="bbox 191 4848 1778 4917">
     <span class='ocr_line' id='line_1_95' title="bbox 191 4848 1778 4917; baseline 0.008 -23"><span class='ocrx_word' id='word_1_684' title='bbox 191 4849 385 4912; x_wconf 71' lang='lat' dir='ltr'><strong><em>quibus</em></strong></span> <span class='ocrx_word' id='word_1_685' title='bbox 424 4848 693 4915; x_wconf 81' lang='lat' dir='ltr'><strong><em>descripti</em></strong></span> <span class='ocrx_word' id='word_1_686' title='bbox 720 4857 847 4901; x_wconf 89' lang='lat' dir='ltr'><strong><em>sunt</em></strong></span> <span class='ocrx_word' id='word_1_687' title='bbox 874 4850 1236 4917; x_wconf 71' lang='lat' dir='ltr'><strong><em>posteriores;</em></strong></span> <span class='ocrx_word' id='word_1_688' title='bbox 1268 4853 1361 4904; x_wconf 87' lang='lat' dir='ltr'><strong><em>sed</em></strong></span> <span class='ocrx_word' id='word_1_689' title='bbox 1394 4869 1422 4906; x_wconf 87' lang='lat' dir='ltr'><strong><em>a</em></strong></span> <span class='ocrx_word' id='word_1_690' title='bbox 1456 4854 1778 4907; x_wconf 87' lang='lat' dir='ltr'><strong><em>recentiori-</em></strong></span> 
     </span>
    </p>
   </div>
   <div class='ocr_carea' id='block_1_96' title="bbox 186 4940 1772 5001">
    <p class='ocr_par' dir='ltr' id='par_1_96' title="bbox 186 4940 1772 5001">
     <span class='ocr_line' id='line_1_96' title="bbox 186 4940 1772 5001; baseline 0.006 -10"><span class='ocrx_word' id='word_1_691' title='bbox 186 4942 278 4995; x_wconf 84' lang='lat' dir='ltr'><strong><em>bus</em></strong></span> <span class='ocrx_word' id='word_1_692' title='bbox 325 4942 532 4995; x_wconf 87' lang='lat' dir='ltr'><strong><em>scribis</em></strong></span> <span class='ocrx_word' id='word_1_693' title='bbox 592 4940 847 4993; x_wconf 87' lang='lat' dir='ltr'><strong><em>brevitati</em></strong></span> <span class='ocrx_word' id='word_1_694' title='bbox 898 4944 1239 4997; x_wconf 89' lang='lat' dir='ltr'><strong><em>studentibus</em></strong></span> <span class='ocrx_word' id='word_1_695' title='bbox 1289 4944 1429 4997; x_wconf 90' lang='lat' dir='ltr'><strong><em>male</em></strong></span> <span class='ocrx_word' id='word_1_696' title='bbox 1494 4946 1772 5001; x_wconf 90' lang='lat' dir='ltr'><strong><em>omissam.</em></strong></span> 
     </span>
    </p>
   </div>
   <div class='ocr_carea' id='block_1_97' title="bbox 184 5032 1776 5094">
    <p class='ocr_par' dir='ltr' id='par_1_97' title="bbox 184 5032 1776 5094">
     <span class='ocr_line' id='line_1_97' title="bbox 184 5032 1776 5094; baseline 0.004 -7"><span class='ocrx_word' id='word_1_697' title='bbox 184 5032 473 5087; x_wconf 84' lang='lat' dir='ltr'><strong><em>Omissioni</em></strong></span> <span class='ocrx_word' id='word_1_698' title='bbox 518 5048 650 5086; x_wconf 80' lang='lat' dir='ltr'><strong><em>vero</em></strong></span> <span class='ocrx_word' id='word_1_699' title='bbox 695 5033 1043 5088; x_wconf 88' lang='lat' dir='ltr'><strong><em>occasionem</em></strong></span> <span class='ocrx_word' id='word_1_700' title='bbox 1093 5036 1310 5090; x_wconf 87' lang='lat' dir='ltr'><strong><em>dedisse</em></strong></span> <span class='ocrx_word' id='word_1_701' title='bbox 1361 5038 1577 5093; x_wconf 87' lang='lat' dir='ltr'><strong><em>videtur</em></strong></span> <span class='ocrx_word' id='word_1_702' title='bbox 1606 5040 1776 5094; x_wconf 87' lang='lat' dir='ltr'><strong><em>Euse-</em></strong></span> 
     </span>
    </p>
   </div>
   <div class='ocr_carea' id='block_1_98' title="bbox 184 5126 1768 5198">
    <p class='ocr_par' dir='ltr' id='par_1_98' title="bbox 184 5126 1768 5198">
     <span class='ocr_line' id='line_1_98' title="bbox 184 5126 1768 5198; baseline 0.005 -17"><span class='ocrx_word' id='word_1_703' title='bbox 184 5127 294 5181; x_wconf 89' lang='lat' dir='ltr'><strong><em>bius</em></strong></span> <span class='ocrx_word' id='word_1_704' title='bbox 319 5128 459 5196; x_wconf 91' lang='lat' dir='ltr'><strong><em>ipse,</em></strong></span> <span class='ocrx_word' id='word_1_705' title='bbox 489 5127 583 5196; x_wconf 86' lang='lat' dir='ltr'><strong><em>qui</em></strong></span> <span class='ocrx_word' id='word_1_706' title='bbox 632 5126 821 5180; x_wconf 76' lang='lat' dir='ltr'><strong><em>[rentei</em></strong></span> <span class='ocrx_word' id='word_1_707' title='bbox 857 5128 1025 5183; x_wconf 90' lang='lat' dir='ltr'><strong><em>libros</em></strong></span> <span class='ocrx_word' id='word_1_708' title='bbox 1052 5131 1360 5198; x_wconf 88' lang='lat' dir='ltr'><strong><em>compendii</em></strong></span> <span class='ocrx_word' id='word_1_709' title='bbox 1390 5148 1557 5188; x_wconf 89' lang='lat' dir='ltr'><strong><em>causa</em></strong></span> <span class='ocrx_word' id='word_1_710' title='bbox 1596 5134 1768 5189; x_wconf 84' lang='lat' dir='ltr'><strong><em>inter-</em></strong></span> 
     </span>
    </p>
   </div>
   <div class='ocr_carea' id='block_1_99' title="bbox 184 5222 1771 5296">
    <p class='ocr_par' dir='ltr' id='par_1_99' title="bbox 184 5222 1771 5296">
     <span class='ocr_line' id='line_1_99' title="bbox 184 5222 1771 5296; baseline 0.006 -23"><span class='ocrx_word' id='word_1_711' title='bbox 184 5222 298 5274; x_wconf 87' lang='lat' dir='ltr'><strong><em>dum</em></strong></span> <span class='ocrx_word' id='word_1_712' title='bbox 330 5231 519 5284; x_wconf 85' lang='lat' dir='ltr'><strong><em>vocat,</em></strong></span> <span class='ocrx_word' id='word_1_713' title='bbox 556 5222 745 5275; x_wconf 86' lang='lat' dir='ltr'><strong><em>Libros</em></strong></span> <span class='ocrx_word' id='word_1_714' title='bbox 785 5222 1033 5275; x_wconf 84' lang='lat' dir='ltr'><strong><em>adversus</em></strong></span> <span class='ocrx_word' id='word_1_715' title='bbox 1061 5225 1319 5289; x_wconf 71' lang='lat' dir='ltr'><strong><em>hazrescs;</em></strong></span> <span class='ocrx_word' id='word_1_716' title='bbox 1348 5241 1507 5296; x_wconf 86' lang='lat' dir='ltr'><strong><em>quem</em></strong></span> <span class='ocrx_word' id='word_1_717' title='bbox 1541 5228 1620 5282; x_wconf 87' lang='lat' dir='ltr'><strong><em>sic</em></strong></span> <span class='ocrx_word' id='word_1_718' title='bbox 1647 5228 1771 5282; x_wconf 87' lang='lat' dir='ltr'><strong><em>imi-</em></strong></span> 
     </span>
    </p>
   </div>
   <div class='ocr_carea' id='block_1_100' title="bbox 184 5312 1769 5391">
    <p class='ocr_par' dir='ltr' id='par_1_100' title="bbox 184 5312 1769 5391">
     <span class='ocr_line' id='line_1_100' title="bbox 184 5312 1769 5391; baseline 0.008 -30"><span class='ocrx_word' id='word_1_719' title='bbox 184 5314 270 5365; x_wconf 81' lang='lat' dir='ltr'><strong><em>tati</em></strong></span> <span class='ocrx_word' id='word_1_720' title='bbox 288 5324 419 5366; x_wconf 86' lang='lat' dir='ltr'><strong><em>sunt</em></strong></span> <span class='ocrx_word' id='word_1_721' title='bbox 442 5313 689 5382; x_wconf 82' lang='lat' dir='ltr'><strong><em>Cyrillus</em></strong></span> <span class='ocrx_word' id='word_1_722' title='bbox 722 5312 1274 5384; x_wconf 84' lang='lat' dir='ltr'><strong><em>Hierosolymitanus,</em></strong></span> <span class='ocrx_word' id='word_1_723' title='bbox 1305 5318 1693 5391; x_wconf 85' lang='lat' dir='ltr'><strong><em>Hieronymus,</em></strong></span> <span class='ocrx_word' id='word_1_724' title='bbox 1715 5330 1769 5374; x_wconf 91' lang='lat' dir='ltr'><strong><em>et</em></strong></span> 
     </span>
    </p>
   </div>
   <div class='ocr_carea' id='block_1_101' title="bbox 184 5404 1767 5479">
    <p class='ocr_par' dir='ltr' id='par_1_101' title="bbox 184 5404 1767 5479">
     <span class='ocr_line' id='line_1_101' title="bbox 184 5404 1767 5479; baseline 0.009 -24"><span class='ocrx_word' id='word_1_725' title='bbox 184 5404 262 5457; x_wconf 78' lang='lat' dir='ltr'><strong><em>alii</em></strong></span> <span class='ocrx_word' id='word_1_726' title='bbox 286 5408 474 5474; x_wconf 88' lang='lat' dir='ltr'><strong><em>plures</em></strong></span> <span class='ocrx_word' id='word_1_727' title='bbox 496 5422 622 5460; x_wconf 90' lang='lat' dir='ltr'><strong><em>cum</em></strong></span> <span class='ocrx_word' id='word_1_728' title='bbox 658 5418 895 5473; x_wconf 91' lang='lat' dir='ltr'><strong><em>veteres,</em></strong></span> <span class='ocrx_word' id='word_1_729' title='bbox 938 5417 1049 5462; x_wconf 90' lang='lat' dir='ltr'><strong><em>tum</em></strong></span> <span class='ocrx_word' id='word_1_730' title='bbox 1081 5413 1436 5479; x_wconf 86' lang='lat' dir='ltr'><strong><em>recentiores,</em></strong></span> <span class='ocrx_word' id='word_1_731' title='bbox 1472 5424 1531 5467; x_wconf 87' lang='lat' dir='ltr'><strong><em>ut</em></strong></span> <span class='ocrx_word' id='word_1_732' title='bbox 1562 5416 1767 5469; x_wconf 89' lang='lat' dir='ltr'><strong><em>omisso</em></strong></span> 
     </span>
    </p>
   </div>
   <div class='ocr_carea' id='block_1_102' title="bbox 185 5493 1765 5577">
    <p class='ocr_par' dir='ltr' id='par_1_102' title="bbox 185 5493 1765 5577">
     <span class='ocr_line' id='line_1_102' title="bbox 185 5493 1765 5577; baseline 0.011 -32"><span class='ocrx_word' id='word_1_733' title='bbox 185 5514 396 5561; x_wconf 59' lang='lat' dir='ltr'><strong><em>prorsus</em></strong></span> <span class='ocrx_word' id='word_1_734' title='bbox 433 5493 679 5569; x_wconf 76' lang='lat' dir='ltr'><strong><em>genuino</em></strong></span> <span class='ocrx_word' id='word_1_735' title='bbox 709 5500 871 5552; x_wconf 89' lang='lat' dir='ltr'><strong><em>titulo</em></strong></span> <span class='ocrx_word' id='word_1_736' title='bbox 928 5502 1041 5570; x_wconf 89' lang='lat' dir='ltr'><strong><em>(qui</em></strong></span> <span class='ocrx_word' id='word_1_737' title='bbox 1072 5514 1219 5559; x_wconf 86' lang='lat' dir='ltr'><strong><em>certe</em></strong></span> <span class='ocrx_word' id='word_1_738' title='bbox 1246 5509 1565 5577; x_wconf 87' lang='lat' dir='ltr'><strong><em>neutiquam</em></strong></span> <span class='ocrx_word' id='word_1_739' title='bbox 1600 5508 1765 5562; x_wconf 87' lang='lat' dir='ltr'><strong><em>omit-</em></strong></span> 
     </span>
    </p>
   </div>
   <div class='ocr_carea' id='block_1_103' title="bbox 183 5591 1760 5657">
    <p class='ocr_par' dir='ltr' id='par_1_103' title="bbox 183 5591 1760 5657">
     <span class='ocr_line' id='line_1_103' title="bbox 183 5591 1760 5657; baseline 0.007 -16"><span class='ocrx_word' id='word_1_740' title='bbox 183 5594 360 5645; x_wconf 65' lang='lat' dir='ltr'><strong><em>tendus</em></strong></span> <span class='ocrx_word' id='word_1_741' title='bbox 395 5591 620 5655; x_wconf 63' lang='lat' dir='ltr'><strong><em>fuerat),</em></strong></span> <span class='ocrx_word' id='word_1_742' title='bbox 652 5591 1101 5657; x_wconf 85' lang='lat' dir='ltr'><strong><em>compendiosum</em></strong></span> <span class='ocrx_word' id='word_1_743' title='bbox 1130 5595 1289 5647; x_wconf 87' lang='lat' dir='ltr'><strong><em>istum</em></strong></span> <span class='ocrx_word' id='word_1_744' title='bbox 1318 5596 1491 5650; x_wconf 84' lang='lat' dir='ltr'><strong><em>solum</em></strong></span> <span class='ocrx_word' id='word_1_745' title='bbox 1520 5599 1760 5652; x_wconf 84' lang='lat' dir='ltr'><strong><em>retinue-</em></strong></span> 
     </span>
    </p>
   </div>
   <div class='ocr_carea' id='block_1_104' title="bbox 184 5683 1757 5755">
    <p class='ocr_par' dir='ltr' id='par_1_104' title="bbox 184 5683 1757 5755">
     <span class='ocr_line' id='line_1_104' title="bbox 184 5683 1757 5755; baseline 0.006 -22"><span class='ocrx_word' id='word_1_746' title='bbox 184 5694 297 5746; x_wconf 64' lang='lat' dir='ltr'><strong><em>‘rmt,</em></strong></span> <span class='ocrx_word' id='word_1_747' title='bbox 331 5696 382 5736; x_wconf 76' lang='lat' dir='ltr'><strong><em>et</em></strong></span> <span class='ocrx_word' id='word_1_748' title='bbox 414 5687 539 5737; x_wconf 86' lang='lat' dir='ltr'><strong><em>aliis</em></strong></span> <span class='ocrx_word' id='word_1_749' title='bbox 572 5683 849 5738; x_wconf 83' lang='lat' dir='ltr'><strong><em>retinendi</em></strong></span> <span class='ocrx_word' id='word_1_750' title='bbox 882 5700 1069 5737; x_wconf 88' lang='lat' dir='ltr'><strong><em>ansam</em></strong></span> <span class='ocrx_word' id='word_1_751' title='bbox 1126 5689 1479 5755; x_wconf 63' lang='grc' dir='ltr'><strong><em>ιιι-λιεὺιιενὶιιι.</em></strong></span> <span class='ocrx_word' id='word_1_752' title='bbox 1532 5689 1757 5744; x_wconf 79' lang='lat' dir='ltr'><strong><em>Pbotius</em></strong></span> 
     </span>
    </p>
   </div>
   <div class='ocr_carea' id='block_1_105' title="bbox 280 5879 1655 5955">
    <p class='ocr_par' dir='ltr' id='par_1_105' title="bbox 280 5879 1655 5955">
     <span class='ocr_line' id='line_1_105' title="bbox 280 5879 1655 5955; baseline 0.002 -18"><span class='ocrx_word' id='word_1_753' title='bbox 280 5884 319 5913; x_wconf 79' lang='lat'><strong><em>&#39;°</em></strong></span> <span class='ocrx_word' id='word_1_754' title='bbox 354 5882 519 5949; x_wconf 87' lang='lat' dir='ltr'><strong><em>lreu.,</em></strong></span> <span class='ocrx_word' id='word_1_755' title='bbox 566 5881 661 5936; x_wconf 90' lang='lat' dir='ltr'><strong><em>lib.</em></strong></span> <span class='ocrx_word' id='word_1_756' title='bbox 703 5896 745 5947; x_wconf 84' lang='grc' dir='ltr'><strong><em>ι,</em></strong></span> <span class='ocrx_word' id='word_1_757' title='bbox 782 5896 834 5935; x_wconf 84' lang='lat' dir='ltr'><strong><em>c.</em></strong></span> <span class='ocrx_word' id='word_1_758' title='bbox 863 5879 954 5937; x_wconf 64' lang='lat'><strong><em>98.</em></strong></span> <span class='ocrx_word' id='word_1_759' title='bbox 1044 5883 1081 5912; x_wconf 91' lang='grc'>¹¹</span> <span class='ocrx_word' id='word_1_760' title='bbox 1112 5883 1171 5938; x_wconf 83' lang='lat' dir='ltr'><strong><em>L.</em></strong></span> <span class='ocrx_word' id='word_1_761' title='bbox 1211 5901 1290 5950; x_wconf 83' lang='lat' dir='ltr'><strong><em>in,</em></strong></span> <span class='ocrx_word' id='word_1_762' title='bbox 1320 5902 1364 5941; x_wconf 82' lang='grc' dir='ltr'><strong><em>ς.</em></strong></span> <span class='ocrx_word' id='word_1_763' title='bbox 1395 5888 1485 5955; x_wconf 72' lang='lat'><strong><em>2|,</em></strong></span> <span class='ocrx_word' id='word_1_764' title='bbox 1521 5906 1573 5942; x_wconf 93' lang='lat' dir='ltr'><strong><em>n.</em></strong></span> <span class='ocrx_word' id='word_1_765' title='bbox 1612 5890 1655 5944; x_wconf 82' lang='grc' dir='ltr'><strong><em>Ι.</em></strong></span> 
     </span>
    </p>
   </div>
   <div class='ocr_carea' id='block_1_106' title="bbox 1874 4667 3467 4742">
    <p class='ocr_par' dir='ltr' id='par_1_106' title="bbox 1874 4667 3467 4742">
     <span class='ocr_line' id='line_1_106' title="bbox 1874 4667 3467 4742; baseline -0.001 -17"><span class='ocrx_word' id='word_1_766' title='bbox 1874 4672 1973 4741; x_wconf 76' lang='grc' dir='ltr'><strong><em>τῆς</em></strong></span> <span class='ocrx_word' id='word_1_767' title='bbox 2011 4673 2321 4742; x_wconf 72' lang='grc' dir='ltr'>ἐπισκοπῆς</span> <span class='ocrx_word' id='word_1_768' title='bbox 2366 4672 2474 4726; x_wconf 78' lang='grc' dir='ltr'>ἀπὸ</span> <span class='ocrx_word' id='word_1_769' title='bbox 2520 4673 2628 4726; x_wconf 80' lang='grc' dir='ltr'><strong><em>τῶν</em></strong></span> <span class='ocrx_word' id='word_1_770' title='bbox 2665 4673 2981 4726; x_wconf 73' lang='grc' dir='ltr'><strong><em>ἀποστόλων</em></strong></span> <span class='ocrx_word' id='word_1_771' title='bbox 3011 4673 3228 4742; x_wconf 75' lang='grc' dir='ltr'><strong><em>κατέχει</em></strong></span> <span class='ocrx_word' id='word_1_772' title='bbox 3266 4667 3467 4741; x_wconf 71' lang='grc' dir='ltr'>κλῆρον</span> 
     </span>
    </p>
   </div>
   <div class='ocr_carea' id='block_1_107' title="bbox 1891 4762 3456 4836">
    <p class='ocr_par' dir='ltr' id='par_1_107' title="bbox 1891 4762 3456 4836">
     <span class='ocr_line' id='line_1_107' title="bbox 1891 4762 3456 4836; baseline -0.002 -19"><span class='ocrx_word' id='word_1_773' title='bbox 1891 4764 2226 4836; x_wconf 81' lang='grc' dir='ltr'><strong><em>Ἐλεύθερος,</em></strong></span> <span class='ocrx_word' id='word_1_774' title='bbox 2262 4763 2418 4818; x_wconf 85' lang='lat' dir='ltr'><strong><em>Nunc</em></strong></span> <span class='ocrx_word' id='word_1_775' title='bbox 2470 4764 2780 4817; x_wconf 84' lang='lat' dir='ltr'><strong><em>duodecimo</em></strong></span> <span class='ocrx_word' id='word_1_776' title='bbox 2829 4766 2941 4817; x_wconf 89' lang='lat' dir='ltr'><strong><em>loco</em></strong></span> <span class='ocrx_word' id='word_1_777' title='bbox 2980 4764 3341 4831; x_wconf 86' lang='lat' dir='ltr'><strong><em>episcopatum</em></strong></span> <span class='ocrx_word' id='word_1_778' title='bbox 3391 4762 3456 4814; x_wconf 78' lang='lat' dir='ltr'><strong><em>ab</em></strong></span> 
     </span>
    </p>
   </div>
   <div class='ocr_carea' id='block_1_108' title="bbox 1876 4854 3459 4925">
    <p class='ocr_par' dir='ltr' id='par_1_108' title="bbox 1876 4854 3459 4925">
     <span class='ocr_line' id='line_1_108' title="bbox 1876 4854 3459 4925; baseline -0.001 -16"><span class='ocrx_word' id='word_1_779' title='bbox 1876 4858 2132 4925; x_wconf 87' lang='lat' dir='ltr'><strong><em>apostolis</em></strong></span> <span class='ocrx_word' id='word_1_780' title='bbox 2182 4859 2336 4910; x_wconf 83' lang='lat' dir='ltr'><strong><em>habet</em></strong></span> <span class='ocrx_word' id='word_1_781' title='bbox 2388 4857 2727 4911; x_wconf 79' lang='lat' dir='ltr'><strong><em>Eleutherus.</em></strong></span> <span class='ocrx_word' id='word_1_782' title='bbox 2779 4856 3029 4925; x_wconf 86' lang='lat' dir='ltr'><strong><em>Ejusdem</em></strong></span> <span class='ocrx_word' id='word_1_783' title='bbox 3058 4855 3181 4910; x_wconf 90' lang='lat' dir='ltr'><strong><em>libri</em></strong></span> <span class='ocrx_word' id='word_1_784' title='bbox 3216 4870 3336 4925; x_wconf 83' lang='lat' dir='ltr'><strong><em>cap.</em></strong></span> <span class='ocrx_word' id='word_1_785' title='bbox 3370 4854 3459 4921; x_wconf 78' lang='lat' dir='ltr'><strong><em>ll,</em></strong></span> 
     </span>
    </p>
   </div>
   <div class='ocr_carea' id='block_1_109' title="bbox 1876 4948 3463 5021">
    <p class='ocr_par' dir='ltr' id='par_1_109' title="bbox 1876 4948 3463 5021">
     <span class='ocr_line' id='line_1_109' title="bbox 1876 4948 3463 5021; baseline 0 -17"><span class='ocrx_word' id='word_1_786' title='bbox 1876 4965 1932 5004; x_wconf 83' lang='grc' dir='ltr'><strong>η.</strong></span> <span class='ocrx_word' id='word_1_787' title='bbox 1964 4951 2017 5016; x_wconf 89' lang='grc'><strong><em>8,</em></strong></span> <span class='ocrx_word' id='word_1_788' title='bbox 2052 4951 2185 5004; x_wconf 88' lang='lat' dir='ltr'><strong><em>satis</em></strong></span> <span class='ocrx_word' id='word_1_789' title='bbox 2225 4960 2433 5021; x_wconf 88' lang='lat' dir='ltr'><strong><em>aperte,</em></strong></span> <span class='ocrx_word' id='word_1_790' title='bbox 2470 4950 2633 5005; x_wconf 89' lang='lat' dir='ltr'><strong><em>tacito</em></strong></span> <span class='ocrx_word' id='word_1_791' title='bbox 2662 4951 2788 5006; x_wconf 90' lang='lat' dir='ltr'><strong><em>licet</em></strong></span> <span class='ocrx_word' id='word_1_792' title='bbox 2817 4950 3065 5015; x_wconf 90' lang='lat' dir='ltr'><strong><em>nomine,</em></strong></span> <span class='ocrx_word' id='word_1_793' title='bbox 3098 4948 3463 5004; x_wconf 86' lang='lat' dir='ltr'><strong><em>Montanistas</em></strong></span> 
     </span>
    </p>
   </div>
   <div class='ocr_carea' id='block_1_110' title="bbox 1874 5041 3458 5113">
    <p class='ocr_par' dir='ltr' id='par_1_110' title="bbox 1874 5041 3458 5113">
     <span class='ocr_line' id='line_1_110' title="bbox 1874 5041 3458 5113; baseline 0.003 -19"><span class='ocrx_word' id='word_1_794' title='bbox 1874 5041 2238 5111; x_wconf 83' lang='lat' dir='ltr'><strong><em>perstringit,</em></strong></span> <span class='ocrx_word' id='word_1_795' title='bbox 2279 5045 2370 5113; x_wconf 88' lang='lat' dir='ltr'><strong><em>qui</em></strong></span> <span class='ocrx_word' id='word_1_796' title='bbox 2401 5044 2603 5097; x_wconf 81' lang='lat' dir='ltr'><strong><em>Irenaeo</em></strong></span> <span class='ocrx_word' id='word_1_797' title='bbox 2653 5043 2743 5095; x_wconf 86' lang='lat' dir='ltr'><strong><em>vix</em></strong></span> <span class='ocrx_word' id='word_1_798' title='bbox 2783 5053 2910 5097; x_wconf 90' lang='lat' dir='ltr'><strong><em>ante</em></strong></span> <span class='ocrx_word' id='word_1_799' title='bbox 2962 5059 3164 5097; x_wconf 87' lang='lat' dir='ltr'><strong><em>annum</em></strong></span> <span class='ocrx_word' id='word_1_800' title='bbox 3210 5042 3310 5097; x_wconf 79' lang='grc'><strong><em>177</em></strong></span> <span class='ocrx_word' id='word_1_801' title='bbox 3344 5045 3458 5098; x_wconf 92' lang='lat' dir='ltr'><strong><em>noti</em></strong></span> 
     </span>
    </p>
   </div>
   <div class='ocr_carea' id='block_1_111' title="bbox 1873 5135 3459 5206">
    <p class='ocr_par' dir='ltr' id='par_1_111' title="bbox 1873 5135 3459 5206">
     <span class='ocr_line' id='line_1_111' title="bbox 1873 5135 3459 5206; baseline 0.001 -17"><span class='ocrx_word' id='word_1_802' title='bbox 1873 5150 1998 5190; x_wconf 86' lang='lat' dir='ltr'><strong><em>esse</em></strong></span> <span class='ocrx_word' id='word_1_803' title='bbox 2026 5146 2342 5206; x_wconf 90' lang='lat' dir='ltr'><strong><em>potuerunt.</em></strong></span> <span class='ocrx_word' id='word_1_804' title='bbox 2377 5135 2482 5190; x_wconf 89' lang='lat' dir='ltr'><strong><em>Sed</em></strong></span> <span class='ocrx_word' id='word_1_805' title='bbox 2506 5136 2648 5206; x_wconf 91' lang='lat' dir='ltr'><strong><em>quod</em></strong></span> <span class='ocrx_word' id='word_1_806' title='bbox 2680 5148 2803 5188; x_wconf 89' lang='lat' dir='ltr'><strong><em>eum</em></strong></span> <span class='ocrx_word' id='word_1_807' title='bbox 2831 5135 3054 5189; x_wconf 87' lang='lat' dir='ltr'><strong><em>Librum</em></strong></span> <span class='ocrx_word' id='word_1_808' title='bbox 3087 5151 3192 5189; x_wconf 87' lang='lat' dir='ltr'><strong><em>non</em></strong></span> <span class='ocrx_word' id='word_1_809' title='bbox 3223 5136 3322 5190; x_wconf 91' lang='lat' dir='ltr'><strong><em>nisi</em></strong></span> <span class='ocrx_word' id='word_1_810' title='bbox 3357 5138 3459 5191; x_wconf 90' lang='lat' dir='ltr'><strong><em>sub</em></strong></span> 
     </span>
    </p>
   </div>
   <div class='ocr_carea' id='block_1_112' title="bbox 1870 5227 3449 5299">
    <p class='ocr_par' dir='ltr' id='par_1_112' title="bbox 1870 5227 3449 5299">
     <span class='ocr_line' id='line_1_112' title="bbox 1870 5227 3449 5299; baseline -0.004 -14"><span class='ocrx_word' id='word_1_811' title='bbox 1870 5230 2146 5285; x_wconf 86' lang='lat' dir='ltr'><strong><em>Eleutheri</em></strong></span> <span class='ocrx_word' id='word_1_812' title='bbox 2173 5228 2525 5299; x_wconf 78' lang='lat' dir='ltr'><strong><em>pontificatus</em></strong></span> <span class='ocrx_word' id='word_1_813' title='bbox 2573 5229 2734 5281; x_wconf 85' lang='lat' dir='ltr'><strong><em>linem</em></strong></span> <span class='ocrx_word' id='word_1_814' title='bbox 2771 5228 3038 5295; x_wconf 84' lang='lat' dir='ltr'><strong><em>scriptum</em></strong></span> <span class='ocrx_word' id='word_1_815' title='bbox 3066 5240 3188 5281; x_wconf 90' lang='lat' dir='ltr'><strong><em>esse</em></strong></span> <span class='ocrx_word' id='word_1_816' title='bbox 3221 5227 3449 5281; x_wconf 85' lang='lat' dir='ltr'><strong><em>demon-</em></strong></span> 
     </span>
    </p>
   </div>
   <div class='ocr_carea' id='block_1_113' title="bbox 1868 5317 3457 5386">
    <p class='ocr_par' dir='ltr' id='par_1_113' title="bbox 1868 5317 3457 5386">
     <span class='ocr_line' id='line_1_113' title="bbox 1868 5317 3457 5386; baseline -0.002 -11"><span class='ocrx_word' id='word_1_817' title='bbox 1868 5332 2050 5375; x_wconf 80' lang='lat' dir='ltr'><strong><em>strare</em></strong></span> <span class='ocrx_word' id='word_1_818' title='bbox 2074 5321 2314 5383; x_wconf 90' lang='lat' dir='ltr'><strong><em>videtur,</em></strong></span> <span class='ocrx_word' id='word_1_819' title='bbox 2343 5319 2471 5372; x_wconf 88' lang='lat' dir='ltr'><strong><em>illud</em></strong></span> <span class='ocrx_word' id='word_1_820' title='bbox 2502 5328 2608 5382; x_wconf 88' lang='lat' dir='ltr'><strong><em>est,</em></strong></span> <span class='ocrx_word' id='word_1_821' title='bbox 2642 5318 2785 5386; x_wconf 89' lang='lat' dir='ltr'><strong><em>quod</em></strong></span> <span class='ocrx_word' id='word_1_822' title='bbox 2822 5318 2875 5371; x_wconf 89' lang='lat' dir='ltr'><strong><em>itt</em></strong></span> <span class='ocrx_word' id='word_1_823' title='bbox 2908 5333 2971 5371; x_wconf 91' lang='lat' dir='ltr'><strong><em>eo</em></strong></span> <span class='ocrx_word' id='word_1_824' title='bbox 3004 5319 3321 5372; x_wconf 88' lang='lat' dir='ltr'><strong><em>meminerit</em></strong></span> <span class='ocrx_word' id='word_1_825' title='bbox 3349 5317 3457 5372; x_wconf 89' lang='lat' dir='ltr'><strong><em>Ire-</em></strong></span> 
     </span>
    </p>
   </div>
   <div class='ocr_carea' id='block_1_114' title="bbox 1864 5409 3449 5479">
    <p class='ocr_par' dir='ltr' id='par_1_114' title="bbox 1864 5409 3449 5479">
     <span class='ocr_line' id='line_1_114' title="bbox 1864 5409 3449 5479; baseline -0.004 -11"><span class='ocrx_word' id='word_1_826' title='bbox 1864 5416 2085 5469; x_wconf 69' lang='lat' dir='ltr'><strong><em>nteus“</em></strong></span> <span class='ocrx_word' id='word_1_827' title='bbox 2145 5410 2539 5466; x_wconf 87' lang='lat' dir='ltr'><strong><em>Theodotionis</em></strong></span> <span class='ocrx_word' id='word_1_828' title='bbox 2573 5412 3068 5479; x_wconf 86' lang='lat' dir='ltr'><strong><em>interpretationis.</em></strong></span> <span class='ocrx_word' id='word_1_829' title='bbox 3121 5409 3220 5463; x_wconf 88' lang='lat' dir='ltr'><strong><em>llic</em></strong></span> <span class='ocrx_word' id='word_1_830' title='bbox 3273 5410 3449 5473; x_wconf 90' lang='lat' dir='ltr'><strong><em>cnim,</em></strong></span> 
     </span>
    </p>
   </div>
   <div class='ocr_carea' id='block_1_115' title="bbox 1864 5502 3452 5573">
    <p class='ocr_par' dir='ltr' id='par_1_115' title="bbox 1864 5502 3452 5573">
     <span class='ocr_line' id='line_1_115' title="bbox 1864 5502 3452 5573; baseline -0.003 -14"><span class='ocrx_word' id='word_1_831' title='bbox 1864 5506 2096 5560; x_wconf 89' lang='lat' dir='ltr'><strong><em>testibus</em></strong></span> <span class='ocrx_word' id='word_1_832' title='bbox 2145 5503 2453 5573; x_wconf 86' lang='lat' dir='ltr'><strong><em>Epiphanio</em></strong></span> <span class='ocrx_word' id='word_1_833' title='bbox 2478 5504 2521 5534; x_wconf 84' lang='grc'><strong><em>¹²</em></strong></span> <span class='ocrx_word' id='word_1_834' title='bbox 2560 5511 2613 5556; x_wconf 90' lang='lat' dir='ltr'><strong><em>ct</em></strong></span> <span class='ocrx_word' id='word_1_835' title='bbox 2655 5502 2878 5557; x_wconf 82' lang='lat' dir='ltr'><strong><em>auctore.</em></strong></span> <span class='ocrx_word' id='word_1_836' title='bbox 2923 5502 3177 5557; x_wconf 87' lang='lat' dir='ltr'><strong><em>Chronici</em></strong></span> <span class='ocrx_word' id='word_1_837' title='bbox 3212 5502 3452 5555; x_wconf 83' lang='lat' dir='ltr'><strong><em>Alexan—</em></strong></span> 
     </span>
    </p>
   </div>
   <div class='ocr_carea' id='block_1_116' title="bbox 1867 5574 3447 5665">
    <p class='ocr_par' dir='ltr' id='par_1_116' title="bbox 1867 5574 3447 5665">
     <span class='ocr_line' id='line_1_116' title="bbox 1867 5574 3447 5665; baseline -0.003 -15"><span class='ocrx_word' id='word_1_838' title='bbox 1867 5596 2034 5661; x_wconf 88' lang='lat' dir='ltr'><strong><em>drini,</em></strong></span> <span class='ocrx_word' id='word_1_839' title='bbox 2067 5612 2219 5651; x_wconf 86' lang='lat' dir='ltr'><strong><em>sacra</em></strong></span> <span class='ocrx_word' id='word_1_840' title='bbox 2247 5594 2414 5649; x_wconf 87' lang='lat' dir='ltr'><strong><em>Biblia</em></strong></span> <span class='ocrx_word' id='word_1_841' title='bbox 2438 5594 2601 5649; x_wconf 87' lang='lat' dir='ltr'><strong><em>vcrtil</em></strong></span> <span class='ocrx_word' id='word_1_842' title='bbox 2630 5574 2929 5649; x_wconf 81' lang='lat' dir='ltr'><strong><em>Commodo</em></strong></span> <span class='ocrx_word' id='word_1_843' title='bbox 2955 5595 3064 5665; x_wconf 87' lang='lat' dir='ltr'><strong><em>jam</em></strong></span> <span class='ocrx_word' id='word_1_844' title='bbox 3089 5595 3447 5661; x_wconf 81' lang='lat' dir='ltr'><strong><em>imperatore,</em></strong></span> 
     </span>
    </p>
   </div>
   <div class='ocr_carea' id='block_1_117' title="bbox 1872 5683 3445 5758">
    <p class='ocr_par' dir='ltr' id='par_1_117' title="bbox 1872 5683 3445 5758">
     <span class='ocr_line' id='line_1_117' title="bbox 1872 5683 3445 5758; baseline 0.001 -19"><span class='ocrx_word' id='word_1_845' title='bbox 1872 5688 2097 5741; x_wconf 86' lang='lat' dir='ltr'><strong><em>Marullo</em></strong></span> <span class='ocrx_word' id='word_1_846' title='bbox 2130 5686 2233 5758; x_wconf 86' lang='lat' dir='ltr'><strong><em>(sic</em></strong></span> <span class='ocrx_word' id='word_1_847' title='bbox 2266 5689 2409 5741; x_wconf 84' lang='lat' dir='ltr'><strong><em>cnim</em></strong></span> <span class='ocrx_word' id='word_1_848' title='bbox 2465 5686 2752 5755; x_wconf 83' lang='lat' dir='ltr'><strong><em>legendum</em></strong></span> <span class='ocrx_word' id='word_1_849' title='bbox 2807 5695 2958 5755; x_wconf 90' lang='lat' dir='ltr'><strong><em>puto,</em></strong></span> <span class='ocrx_word' id='word_1_850' title='bbox 2995 5702 3097 5740; x_wconf 89' lang='lat' dir='ltr'><strong><em>non</em></strong></span> <span class='ocrx_word' id='word_1_851' title='bbox 3142 5683 3445 5754; x_wconf 77' lang='lat' dir='ltr'><strong><em>Marcello).</em></strong></span> 
     </span>
    </p>
   </div>
   <div class='ocr_carea' id='block_1_118' title="bbox 1747 5890 2571 5961">
    <p class='ocr_par' dir='ltr' id='par_1_118' title="bbox 1747 5890 2571 5961">
     <span class='ocr_line' id='line_1_118' title="bbox 1747 5890 2571 5961; baseline 0.001 -17"><span class='ocrx_word' id='word_1_852' title='bbox 1747 5891 1785 5921; x_wconf 81' lang='lat'>”</span> <span class='ocrx_word' id='word_1_853' title='bbox 1814 5892 1884 5944; x_wconf 82' lang='lat' dir='ltr'><strong><em>De</em></strong></span> <span class='ocrx_word' id='word_1_854' title='bbox 1912 5891 2076 5945; x_wconf 77' lang='lat' dir='ltr'><strong><em>l’ond.</em></strong></span> <span class='ocrx_word' id='word_1_855' title='bbox 2114 5903 2165 5945; x_wconf 90' lang='lat' dir='ltr'><strong><em>ct</em></strong></span> <span class='ocrx_word' id='word_1_856' title='bbox 2195 5890 2391 5957; x_wconf 81' lang='lat' dir='ltr'><strong><em>Mcns.,</em></strong></span> <span class='ocrx_word' id='word_1_857' title='bbox 2431 5890 2456 5961; x_wconf 83' lang='lat'>§</span> <span class='ocrx_word' id='word_1_858' title='bbox 2494 5893 2571 5945; x_wconf 79' lang='grc' dir='ltr'><strong><em>Π.</em></strong></span> 
     </span>
    </p>
   </div>
  </div>
