3924 6354
489 387 597 442 2‘23

1309 367 1903 431 DISSERTATIONES
1930 358 2235 419 ΡΒέΕΥΙίΕ
2265 356 2332 411 IN
2364 348 2619 408 lREN/El
2652 342 2922 403 LIBROS.
3626 331 3713 380 224

494 513 545 556 et
583 498 803 556 £liano
853 511 1021 559 coss,
1079 497 1129 549 id
1184 506 1269 550 est
1315 509 1457 547 anno
1496 492 1698 545 Christi
1735 486 1858 541 184.
1901 482 2064 552 Igitur
2094 481 2137 536 A
2171 487 2253 528 tas
2283 477 2418 527 istos
2448 470 2636 523 leviter
2664 456 3195 559 perstring't;-tiiiile
3237 454 3355 505 illos
3384 459 3501 559 post
3530 454 3718 559 excita?

493 602 619 663 post
659 591 866 658 aliquot
896 602 1070 640 annos
1098 601 1126 639 a
1160 586 1432 654 publicata
1472 578 1863 637 Theodotionis
1899 577 2059 629 inter-

495 681 801 752 pretatione
829 678 1112 746 scripserit
1141 677 1376 731 lrenzeus
1410 686 1640 727 necesse
1671 678 1774 727 est.
1816 684 1914 721 uec
1940 681 2067 736 pro-

495 775 622 829 inde
653 773 838 843 procul
862 772 932 826 ab
959 786 1102 826 anno
1131 770 1369 837 192.qno
1400 769 1506 821 vita
1531 764 1699 821 cessit
1720 762 2064 823 Eleutherus,

492 867 584 934 qui
651 878 796 918 anno
849 862 1077 918 circiter
1126 861 1225 914 177
1284 857 1541 915 Ecclesia;
1597 854 1837 922 regimen
1876 865 2067 907 susce-

493 965 669 1028 perat.

563 1048 655 1103 48.
690 1047 801 1103 Nec
830 1049 916 1104 hic
945 1062 1129 1102 moror
1155 1043 1414 1099 Dodwelli
1452 1040 1820 1110 conjecturas,
1862 1038 1981 1107 qui,
2012 1048 2071 1093 ut

494 1139 659 1194 citius
682 1154 845 1209 quam
873 1140 1009 1200 dixi.
1050 1137 1262 1193 scilicet
1287 1136 1435 1191 circa
1466 1148 1667 1187 annum
1706 1130 1908 1187 Christi
1945 1129 2066 1191 177,

493 1236 731 1306 scriptos
759 1236 945 1291 lreuzei
982 1236 1150 1290 libros
1191 1233 1403 1304 probet,
1447 1230 1733 1288 contendit
1763 1230 1817 1284 in
1856 1229 2069 1283 Disser-

500 1331 707 1384 tatione
744 1328 1004 1398 singulari
1026 1329 1091 1382 de
1117 1324 1818 1398 pontiﬁcumRomanorum
1852 1336 2072 1376 succes-

494 1420 798 1485 sinne,eap.
819 1418 901 1481 14,
931 1417 958 1489 §
983 1419 1068 1480 l7,
1100 1433 1161 1473 ea
1192 1432 1314 1487 quae
1348 1417 1492 1486 apud
1522 1416 1781 1470 lrenzeum
1808 1416 1873 1468 de
1903 1412 2073 1468 Them

493 1507 717 1561 dotione
779 1509 1053 1575 leguntur,
1107 1522 1137 1561 a
1183 1508 1354 1577 priori
1416 1506 1537 1575 ejus
1578 1504 1875 1574 exemplari
1930 1505 2070 1575 forte

495 1595 756 1664 abfuisse,
789 1613 851 1652 ac
878 1606 1062 1667 postea
1088 1600 1155 1653 ab
1195 1598 1312 1669 ipso
1347 1598 1549 1654 inserta
1586 1596 1775 1653 fuisse.
1818 1597 1910 1652 Sic
1940 1613 2072 1652 con-

490 1686 771 1754 jectando,
799 1687 1211 1743 molestissimos
1259 1702 1612 1759 quoscunque
1669 1689 1844 1744 nodos
1907 1687 2072 1746 facile

497 1785 652 1830 secat
683 1776 768 1832 vir
792 1778 1205 1835 subtilissimus.
1253 1778 1360 1835 Sed
1402 1778 1588 1849 pueris
1632 1779 1770 1848 forte
1818 1777 2072 1849 placeant

496 1869 763 1937 ejusmodi
789 1884 979 1939 nugis;
1030 1884 1168 1939 quas
1201 1877 1351 1925 certe
1396 1868 1567 1923 adulti
1620 1869 1853 1925 rideant.
1890 1868 2068 1924 Aliam

498 1963 552 2016 in
577 1961 688 2017 suis
707 1962 758 2016 in
784 1960 1048 2015 Irenaeum
1080 1962 1549 2018 Dissertationibus
1576 1963 1718 2017 viam
1746 1963 1889 2019 iniit.
1920 1964 1989 2020 Ut
2019 1964 2073 2020 id

497 2068 824 2122 quocunque
853 2053 1069 2107 tandem
1100 2055 1261 2109 modo
1293 2065 1642 2124 assequatur,
1675 2057 2076 2115 Theodotionis

499 2145 1004 2213 interpretationem
1032 2144 1327 2200 Commodo
1351 2147 1681 2216 imperatore
1708 2149 2072 2219 antiquiorem

499 2250 641 2295 esse,
675 2250 738 2289 ac
784 2237 885 2290 sub
938 2233 1122 2289 Marco
1168 2235 1391 2292 Aurelio
1434 2238 1820 2293 concinnatam
1869 2240 2070 2307 fuisse,

498 2326 759 2381 Cbrouici
794 2326 1145 2381 Alexandrini
1170 2330 1551 2383 auctoritatem
1582 2329 1800 2386 elevare
1819 2340 2071 2386 conatur.

499 2417 727 2488 Nempe,
756 2418 854 2482 ait,
885 2418 1139 2473 Chronici
1171 2419 1315 2473 illius
1347 2430 1541 2475 auctor
1582 2430 1794 2490 tempus
1822 2421 2072 2477 Theodo-

500 2510 665 2563 tionis
707 2508 927 2579 collegit
957 2524 1021 2564 ex
1055 2510 1356 2578 Epiphanio
1390 2510 1463 2565 De
1488 2511 1813 2580 ponderibus
1844 2523 1891 2566 et
1924 2530 2072 2567 men-

499 2601 665 2663 suris,
697 2601 855 2671 cujus
894 2603 1178 2656 ratiocinia
1229 2602 1615 2673 chronologica
1669 2606 1736 2659 de
1767 2604 2077 2674 Scriptura-

503 2707 622 2745 rmu
660 2693 1052 2761 interpretibus
1088 2703 1143 2747 et
1180 2693 1287 2747 sibi
1345 2709 1490 2764 aegre
1528 2704 1807 2761 constant,
1851 2706 1905 2751 et
1950 2705 2078 2752 sust

507 2787 708 2843 tamen,
737 2780 826 2834 ubi
864 2789 1143 2841 constant,
1176 2780 1467 2833 admodum
1504 2783 1716 2837 vitiosa.
1750 2782 1922 2837 Breve
1953 2785 2076 2853 qui-

502 2870 623 2924 dem
650 2869 891 2932 eti'atum,
915 2871 1058 2938 quod
1082 2870 1343 2925 Dodwelli
1371 2872 1437 2902 ¹²⁶
1458 2872 1629 2928 solius
1646 2874 1972 2928 auctoritate
1997 2875 2077 2927 ui-

505 2964 658 3025 titur,
694 2960 1093 3033 [XCVlll]qna2
1126 2972 1305 3018 tamen
1344 2964 1580 3018 nonduin
1612 2967 1745 3020 satis
1778 2968 1917 3035 apud
1946 2982 2076 3021 eruo

503 3053 646 3107 ditos
671 3054 925 3119 obtinuit,
956 3063 1013 3107 ut
1040 3054 1092 3108 in
1128 3055 1251 3109 talis
1291 3056 1541 3125 magistri
1592 3058 1759 3113 verba
1808 3059 2074 3128 juremtts.

2170 578 2252 621 tas
2304 568 2373 619 ab
2425 564 2490 617 iis
2542 561 2729 614 turbas
2786 553 3070 621 scripserit
3119 562 3346 602 necesse
3396 555 3512 604 est;
3560 554 3715 608 neque

2168 659 2312 713 enim
2344 658 2564 724 longum
2590 654 2733 706 inter
2766 649 2976 719 priores
3012 653 3068 699 et
3101 641 3432 712 posteriores
3462 635 3620 687 libros
3648 633 3715 685 in-

2170 751 2420 808 tercessit
2445 745 2810 803 intervallum.
2838 741 2942 798 Sed
2979 747 3194 793 tantum
3234 732 3386 787 abest
3408 731 3519 784 haec
3547 725 3715 780 Grabii

2170 860 2391 898 causam
2415 842 2621 911 iuvent,
2661 840 2790 907 quin
2833 834 3016 906 potius
3046 829 3270 885 omnino
3298 830 3564 880 evertant.
3598 817 3717 874 Nam

2170 935 2212 989 si
2241 934 2621 1004 Cataphrygas
2652 929 2749 983 lib.
2802 942 2866 981 tit
2908 934 2964 980 et
3006 939 3059 976 1v
3093 918 3434 992 perstringat
3483 912 3717 972 lrenieus,

2169 1032 2222 1078 et
2245 1025 2289 1077 si
2321 1024 2462 1076 inter
2486 1021 2704 1092 priores
2754 1026 2807 1071 et
2851 1013 3185 1085 posteriores
3213 1007 3401 1062 lrenmi
3432 1004 3596 1058 libros
3623 1016 3719 1053 non

2172 1121 2388 1187 longum
2420 1112 2797 1170 intercesserit
2847 1106 3190 1163 intervallum
3222 1119 3238 1166 ς
3270 1099 3433 1155 scribi
3477 1095 3725 1165 posterio-

2173 1228 2259 1266 res
2286 1226 2407 1265 cam
2438 1223 2544 1262 non
2575 1204 2850 1276 potuerint
2877 1210 3006 1254 ante
3034 1214 3237 1251 annum
3270 1195 3383 1248 177,
3398 1191 3485 1243 vix
3513 1198 3566 1242 et
3593 1187 3723 1255 prio-

2174 1316 2259 1355 res
2287 1297 2547 1369 potuisse,
2577 1293 2816 1349 fateatur
2844 1303 3067 1344 necesse
3085 1296 3171 1341 est
3196 1283 3453 1339 Grabins.
3484 1278 3725 1346 Quamvis

2170 1394 2315 1448 enim
2360 1390 2472 1459 jam
2524 1389 2592 1443 ab
2645 1399 2790 1440 anno
2820 1384 2913 1438 171
2945 1379 3296 1435 emersissent
3324 1373 3722 1442 Catapliryges;

2174 1498 2281 1539 non
2312 1490 2491 1537 tamen
2519 1485 2649 1532 ante
2678 1489 2881 1530 annum
2912 1471 3034 1533 177,
3065 1484 3174 1539 quo
3213 1476 3480 1535 martyres
3525 1463 3629 1532 jam
3677 1462 3723 1512 in

2172 1587 2448 1631 carcerem
2476 1566 2706 1637 conjecti
2733 1572 2912 1628 erant,
2940 1576 3129 1617 eorum
3158 1568 3319 1613 secta:
3348 1555 3489 1609 l'ania
3509 1554 3572 1607 ad
3599 1551 3727 1622 Lug-

2173 1665 2496 1727 dunensium
2523 1675 2685 1715 aures
2712 1656 2978 1729 pervenit.
3007 1653 3169 1708 Certe
3213 1650 3258 1705 si
3286 1649 3441 1718 prius
3467 1645 3729 1715 pervenis-

2174 1771 2282 1827 set,
2309 1757 2474 1814 citius
2500 1754 2630 1826 quid
2658 1754 2724 1807 de
2751 1748 2908 1806 novis
2934 1745 3215 1817 prophetis
3240 1740 3574 1803 sentiebant,
3601 1752 3730 1827 mar-

2105 1822 2147 1879 B
2178 1822 2323 1922 tyres
2348 1822 2703 1918 scripsissent
2731 1863 2747 1911 ;
2777 1837 3155 1901 commodiori,
3186 1850 3348 1906 quam
3377 1831 3615 1889 omnium
3641 1825 3730 1922 dil—

2178 1918 2440 2008 licidlimo,
2472 1949 2718 2008 tempore
2746 1938 2797 1991 id
2828 1934 3033 1990 acturi.
3062 1929 3215 1999 Quod
3247 1941 3379 1982 vero
3406 1923 3635 1977 lrenarus
3678 1918 3731 1971 Ii-

2175 2035 2273 2090 bro
2302 2033 2478 2103 primo
2506 2030 2918 2100 Cataphrygum
2950 2024 3278 2079 mentionem
3302 2015 3504 2071 nullam
3534 2009 3729 2103 fecerit,

2176 2101 2314 2180 nihil
2344 2122 2561 2179 mirum.
2592 2121 2733 2175 Huic
2759 2120 2975 2173 animus
3002 2123 3121 2170 erat
3152 2108 3429 2167 Valentini
3461 2101 3731 2172 discipulo-

2179 2233 2297 2271 rum
2327 2216 2658 2272 senteutiam
2689 2225 2985 2282 exponere,
3014 2218 3069 2263 et
3096 2216 3156 2260 ut
3185 2220 3298 2260 rem
3328 2217 3356 2254 a
3386 2198 3564 2270 capite
3591 2208 3729 2263 repe-

2179 2317 2336 2374 teret,
2367 2309 2560 2378 referre
2591 2307 2789 2377 {autem
2812 2312 2860 2358 et
2898 2302 3133 2356 radicem
3177 2310 3393 2358 eorum;
3425 2305 3636 2361 arguere
3664 2286 3732 2339 vi-

2176 2406 2374 2461 delicet
2400 2420 2428 2459 a
2460 2404 2680 2459 Simone
2708 2398 3095 2466 veteribusque
3122 2389 3427 2454 Gnosticis,
3458 2400 3555 2441 ceu
3584 2380 3732 2451 patri-

2178 2502 2269 2552 bus
2288 2506 2333 2551 et
2361 2495 2592 2565 proavis,
2621 2501 2804 2548 ortum
2831 2488 3109 2558 accepisse
3136 2481 3572 2540 Valentinianos,
3599 2486 3642 2529 et
3684 2474 3732 2527 in

2176 2590 2406 2645 medium
2435 2588 2626 2656 a/ferre
2654 2586 2901 2654 dogmata
2938 2584 3194 2649 ipsorum,
3226 2585 3286 2629 ut
3335 2574 3585 2642 superius
3609 2566 3731 2621 vidi-

2178 2698 2320 2737 mus.
2338 2679 2479 2747 Quid
2509 2688 2695 2732 autent
2724 2675 2792 2729 ad
2822 2674 2929 2728 hoc
2959 2669 3145 2725 Irenzei
3174 2666 3464 2722 consilium
3492 2660 3737 2717 conduce-

2179 2773 2273 2827 bat
2296 2771 2702 2841 Catapbrygum
2733 2764 2936 2819 mentio
2962 2764 2985 2817 ?
3012 2759 3157 2815 Nihil
3185 2758 3488 2829 quidquam
3536 2769 3562 2806 a
3602 2750 3734 2805 Gno-

2177 2867 2332 2922 sticis
2349 2876 2400 2920 et
2422 2861 2817 2918 Valentinianis
2844 2864 3190 2927 acceperant;
3226 2853 3437 2908 nullum
3468 2860 3592 2904 tunc
3616 2854 3734 2901 tem-

2179 2951 2325 3028 poris
2340 2956 2670 3013 catholicum
2698 2955 2891 3022 dogma
2938 2948 3347 3019 oppugnabant,
3377 2942 3549 2997 solam
3579 2936 3739 2992 Eccle-

2180 3052 2273 3106 sia:
2301 3051 2564 3103 unitatem
2594 3044 2941 3100 scindebant.
2974 3040 3250 3094 Immerito
3267 3034 3499 3104 proinde
3526 3032 3737 3085 lrenzens

504 3144 701 3198 mrum
734 3155 883 3200 certe
933 3156 1215 3201 ηυοιοι-θιη
1260 3123 1520 3202 Chl-(inici
1552 3123 1912 3204 Alexandrini
1960 3166 2079 3205 cer-
2106 3161 2148 3218 ο
2184 3141 2326 3195 inter
2347 3139 2637 3195 Gnosticos
2662 3147 2716 3188 et
2748 3132 3159 3188 Valentiuianos
3189 3125 3559 3218 recensuisset
3584 3123 3736 3218 horni-

507 3246 615 3290 tam
664 3244 969 3305 temporum
1003 3239 1268 3307 epocbam
1321 3253 1389 3293 ex
1435 3240 1735 3308 Epiphanio
1769 3242 2077 3313 collegisse,

504 3342 626 3398 quae
661 3328 806 3382 nulla
844 3329 987 3398 apud
1028 3344 1151 3381 eum
1193 3339 1436 3397 apparet.
1505 3328 1690 3400 Neque
1734 3334 1914 3401 enim,
1964 3337 2081 3407 ipso

506 3417 710 3473 fatente
768 3418 1081 3482 Dodwello,
1140 3418 1391 3473 consules
1423 3420 1669 3489 designat
1720 3423 2079 3495 Epiphanius,

508 3511 583 3564 uti
608 3510 1132 3580 designathroniei
1170 3520 1382 3567 auctor.
1412 3511 1509 3565 llic
1555 3528 1686 3583 ergo
1711 3515 1929 3571 aliunde
1967 3520 2081 3572 col-—

507 3601 700 3671 legerit
727 3617 951 3657 necesse
982 3613 1082 3657 est.
1110 3603 1199 3667 At,
1241 3604 1418 3671 inquit
1472 3604 1802 3671 Dodwellus,
1861 3612 2084 3665 ratioci-

508 3694 615 3748 niis
666 3694 884 3765 collegit
938 3695 1266 3751 falsissimis.
1322 3695 1637 3751 Falsissima
1686 3701 1905 3767 quidem
1959 3711 2084 3758 sunt

510 3785 802 3840 ratiocinia
831 3802 951 3855 qua:
987 3788 1193 3841 auctori
1220 3787 1476 3841 Chronici
1523 3786 1777 3857 aliingere
1825 3793 2032 3862 placuit
2062 3811 2078 3860 ;

509 3880 604 3932 sed
653 3893 715 3931 ea
760 3878 930 3932 fuisse
986 3876 1145 3945 hujus
1198 3877 1484 3932 ratiocinia
1518 3920 1532 3943 ,
1588 3879 1709 3933 aliis
1752 3886 2087 3953 argumentis

509 3983 676 4038 quam
709 3968 921 4040 frigidis
957 3971 1312 4042 conjecturis,
1364 3968 1432 4024 ab
1486 3974 1601 4041 ipso
1629 3973 1815 4029 liinine
1848 3977 2087 4043 proban-

510 4061 637 4115 dum
674 4072 813 4116 erat.
860 4062 1042 4118 Donec
1075 4065 1127 4118 id
1173 4066 1849 4133 priestiteritDodwellus,
1908 4068 2085 4133 nobis,

510 4152 707 4221 quibus
763 4168 867 4207 non
916 4153 1045 4209 licet
1089 4170 1209 4210 esse
1239 4165 1347 4211 tam
1396 4159 1827 4228 perspicacibus,
1853 4173 1950 4229 per
1970 4158 2088 4225 ejus

511 4232 908 4300 humanitatem
961 4244 1144 4303 licebit
1195 4262 1333 4303 cum.
1376 4260 1605 4306 auctore
1654 4249 1911 4305 Chronici
1965 4266 2089 4306 sen-

512 4335 639 4390 tire.

588 4426 683 4482 49.
717 4426 841 4482 Alio
885 4438 1232 4497 argumento,
1268 4445 1376 4500 quo
1408 4430 1521 4485 fere
1561 4446 1885 4501 persuasum
1919 4447 1976 4488 se
2006 4434 2090 4488 di-

512 4522 613 4581 cit,
650 4523 885 4590 probare
915 4521 1108 4576 nititur
1138 4523 1208 4577 cl.
1236 4523 1466 4579 Grabins
1497 4525 1548 4579 in
1582 4528 1695 4581 suis
1727 4527 1780 4581 iti
1825 4525 2089 4582 lreumum

517 4611 1093 4679 Prolegomenis,enm
1141 4613 1317 4669 adhuc
1350 4619 1754 4684 presbyterum,
1812 4628 1939 4672 ante
1993 4633 2091 4672 an-

518 4719 645 4757 num
680 4702 801 4766 177,
827 4719 935 4773 quo
978 4704 1204 4758 Romam
1250 4721 1279 4758 a
1332 4707 1668 4777 martyribus
1715 4707 2091 4780 Lugdunensi-

518 4795 618 4847 bus
667 4794 863 4848 tnissus
909 4804 1016 4861 est,
1074 4796 1456 4853 haereticorum
1518 4798 1902 4855 refutationem
1954 4803 2093 4858 inte-

515 4900 670 4954 gram
701 4888 958 4942 edidisse.
983 4887 1038 4943 id
1062 4890 1348 4944 deducitur
1367 4905 1432 4944 ex
1450 4902 1573 4945 ortu
1596 4902 1761 4948 sectte
1782 4893 2089 4966 Catapliry-

517 4992 666 5043 gum,
690 4992 811 5045 quae
836 4977 1350 5051 PhrygiieAsiaique
1368 4981 1645 5037 Ecclesias
1665 4987 1901 5051 vexavit;
1931 5002 2092 5054 quem

516 5066 782 5122 Eusebius
810 5068 861 5122 in
887 5067 1156 5125 Chronico
1194 5086 1341 5127 anno
1379 5088 1489 5127 xvu
1523 5074 1930 5141 Marci,Cbristi
1967 5079 2090 5144 l7l,

521 5159 798 5229 ascrip’sit.
827 5160 972 5215 Duos
1003 5176 1158 5226 sane,
1197 5163 1395 5232 inquit,
1441 5167 1652 5234 priores
1691 5168 1879 5225 lrenaii
1925 5170 2094 5226 libros

516 5253 889 5323 praacessisse,
919 5252 1046 5308 inde
1087 5254 1382 5325 colligitur,
1440 5261 1584 5328 quod
1638 5261 1692 5313 in
1747 5262 1831 5315 bis
1888 5262 2092 5315 nullam

519 5347 682 5417 hujus
720 5353 904 5409 secta},
936 5345 1029 5398 sed
1061 5346 1331 5402 haereseos
1366 5347 1577 5404 Tatiani
1613 5360 1871 5421 tauquam
1908 5353 2093 5407 novis-

518 5439 671 5491 sima:
695 5435 890 5489 fecerit
930 5435 1300 5491 mentionem:
1340 5438 1486 5492 illam
1544 5456 1649 5494 non
1692 5442 2020 5509 omissuros,
2048 5444 2093 5499 si

518 5527 732 5592 Asiam,
764 5526 816 5579 in
856 5542 1018 5596 quam
1067 5527 1165 5579 hos
1195 5527 1444 5583 mittebat
1482 5530 1668 5599 libros,
1697 5533 1807 5602 jam
1838 5544 1947 5587 tum
1978 5545 2096 5588 tur-

520 5621 652 5685 bare
679 5617 959 5688 cmpisset.
989 5603 1194 5673 (hutra
1222 5616 1363 5674 libro
1384 5635 1446 5675 ιη
1475 5630 1529 5677 et
1548 5637 1601 5675 iv
1655 5619 2095 5695 pseudoprophe-

628 5821 693 5857 “‘
723 5820 951 5879 Dissert.
987 5821 1036 5883 1.
1071 5822 1122 5876 in
1156 5822 1321 5889 lren.,
1350 5823 1379 5895 ᾗ
1409 5822 1497 5879 10.

2182 3248 2299 3296 nes,
2327 3231 2418 3301 qui
2449 3228 2581 3283 nihil
2611 3226 2771 3281 aliine
2801 3224 3077 3279 habebant
3105 3236 3231 3276 cum
3260 3234 3323 3272 ea
3353 3216 3482 3286 falsi
3532 3210 3736 3266 nominis

2181 3324 2423 3386 scientia,
2453 3335 2617 3389 quam
2646 3316 3004 3384 detegendam
3041 3325 3097 3367 et
3123 3309 3480 3365 evertendam
3510 3304 3607 3359 sibi
3636 3316 3738 3371 pro-

2182 3422 2455 3485 posuerat.
2487 3410 2597 3464 Nec
2624 3406 3016 3478 opportuniora
3072 3402 3263 3458 Grabii
3314 3414 3498 3455 causa:
3523 3411 3608 3456 ea,
3636 3392 3739 3461 qui-

2182 3510 2284 3564 bus
2311 3509 2543 3561 lreua'us
2587 3501 2919 3558 Prooemium
2971 3498 3093 3552 libri
3146 3513 3202 3550 Ill
3282 3493 3496 3562 incipit,
3548 3488 3735 3541 verba:

2186 3599 2266 3655 Tu
2314 3599 2547 3668 quidem,
2603 3593 2965 3656 dilectissime,
3032 3602 3357 3658 prwceperas
3403 3584 3571 3645 nobis,
3620 3590 3736 3638 etc.,

2185 3710 2287 3749 nec
2313 3708 2418 3747 non
2446 3706 2565 3761 quae
2594 3691 2646 3744 in
2674 3687 2947 3742 Prooemio
2973 3683 3097 3739 libri
3128 3698 3158 3737 v
3210 3687 3427 3736 exstant
3454 3693 3467 3729 :
3499 3673 3739 3741 Quoniam

2184 3784 2465 3857 postulasti
2512 3801 2542 3837 α
2576 3782 2746 3846 nobis,
2780 3778 3142 3834 obedientibus
3174 3785 3265 3828 tuo
3293 3777 3555 3841 praecepto
3582 3784 3600 3832 ;
3629 3780 3740 3836 quo-

2187 3880 2330 3933 niam
2354 3878 2407 3930 in
2447 3876 2908 3930 administratione
2958 3870 3212 3925 sermonis
3261 3865 3426 3937 positi
3454 3870 3738 3916 sumus:es

2187 3972 2385 4042 quibus
2404 3982 2598 4023 eruere
2624 3981 2683 4021 se
2710 3980 2870 4034 posse
2899 3971 3073 4033 putat,
3104 3961 3366 4014 lrenaruui
3389 3964 3515 4009 tunc
3535 3948 3738 4022 presby-

2188 4073 2387 4125 terum,
2418 4060 2649 4114 necdum
2675 4059 2990 4127 episcopum
3009 4052 3175 4107 l‘uisse
3206 4066 3220 4102 :
3255 4048 3530 4103 neminem
3560 4045 3740 4117 quippe

2189 4155 2444 4224 episcopo
2472 4162 2897 4222 prtecepturum,
2927 4156 2987 4201 ut
3036 4145 3309 4201 calamum
3365 4141 3420 4195 in
3477 4138 3739 4195 hisreticos

2190 4254 2449 4310 acueret;
2480 4244 2571 4298 vix
2607 4243 2769 4296 etiam
2812 4240 3074 4295 [renatum
3118 4252 3177 4292 se
3209 4242 3481 4306 praecepto
3507 4229 3739 4287 obedien-

2193 4348 2297 4393 tem
2327 4335 2721 4406 prol‘essurutn,
2751 4342 2857 4388 etc.
2895 4332 2963 4388 Ut
2987 4331 3133 4385 enim
3162 4324 3596 4396 omittam,quod
3619 4322 3744 4375 inter

2193 4431 2401 4485 amicos
2432 4432 2546 4499 ipsa
2574 4425 2802 4483 consilia
2833 4434 2887 4480 et
2915 4438 3128 4494 preces,
3160 4428 3428 4491 praerepta
3459 4416 3741 4473 habentur;

2121 4509 2165 4564 Ῐ)
2196 4524 2315 4594 plus
2341 4538 2497 4592 aequo
2526 4530 2681 4591 urget
2720 4518 2804 4574 vir
2845 4516 3199 4571 doctissimus
3244 4511 3470 4565 verbum
3496 4502 3743 4578 prwcipio,

2193 4632 2301 4685 quo
2350 4630 2480 4669 usus
2528 4623 2611 4667 est
2662 4611 2850 4666 Irenaei
2905 4610 3195 4676 interpres.
3248 4603 3513 4658 Irenaeum
3562 4596 3743 4666 quippe

2195 4707 2384 4764 Graeco
2424 4704 2591 4760 verbo
2627 4702 2910 4776 παραινέω
2947 4714 3101 4753 usum
3131 4696 3301 4750 fuisse
3327 4709 3395 4749 ex
3450 4706 3516 4747 eo
3544 4688 3743 4755 colligo,

2194 4800 2337 4870 quod
2368 4798 2419 4851 in
2450 4795 2722 4851 Proretuio
2773 4793 2898 4847 libri
2950 4790 3111 4860 primi
3140 4789 3377 4841 amicum
3407 4794 3648 4845 monens,
3676 4784 3743 4837 nt,

2195 4911 2318 4951 cum
2348 4893 2849 4948 Valentinianorum
2880 4888 3137 4958 mysteria
3166 4900 3231 4939 ex
3262 4898 3321 4939 se
3348 4879 3617 4944 didicerit,
3642 4889 3745 4929 om-

2195 4986 2357 5039 nibus
2377 4985 2462 5049 iis,
2490 4984 2581 5053 qui
2612 4998 2798 5038 secum
2815 4987 3119 5047 versantur,
3147 4974 3457 5047 patefaciat,
3482 4971 3646 5032 addit,
3664 4964 3746 5018 καὶ

2194 5076 2529 5147 παραινέσῃς
2570 5073 2755 5134 αὐτοῖς
2805 5066 3140 5139 φυλάξασθαι
3210 5063 3301 5119 τὸν
3356 5061 3513 5134 βυθὸν
3553 5061 3646 5131 τῆς
3688 5056 3745 5108 ἁ·

2196 5170 2346 5234 νοίας
2366 5208 2381 5232 ,
2410 5183 2531 5238 qua:
2565 5166 2729 5221 vertit
2752 5165 3021 5232 interpres
3054 5177 3067 5213 :
3097 5171 3144 5215 et
3172 5160 3448 5229 praecipias
3476 5157 3549 5210 eis
3588 5154 3748 5207 obser-

2197 5276 2317 5315 uare
2348 5274 2402 5313 se
2434 5276 2465 5312 a
2512 5256 2774 5325 profundo
2828 5253 3222 5307 iitsensationis.
3276 5247 3382 5303 Ubi
3430 5242 3746 5317 παραινέσῃς

2196 5352 2381 5413 vertit,
2412 5347 2686 5416 prwcipias
2709 5361 2728 5411 ;
2751 5361 2876 5400 cum
2906 5354 3082 5398 tamen
3112 5339 3391 5412 παραινέω
3418 5337 3624 5397 Latine,
3652 5346 3746 5384 non

2198 5442 2416 5515 prOprie
2442 5441 2712 5511 prtccipio,
2767 5441 2862 5495 sed
2902 5438 3103 5500 hortor,
3124 5436 3343 5500 suadeo,
3377 5430 3644 5487 consilium
3666 5425 3744 5488 do,

2198 5545 2328 5600 etc.,
2372 5534 2665 5604 signiﬁcet.
2696 5533 2775 5587 Ex
2809 5547 2915 5602 quo
2941 5530 3213 5597 conjicere
3254 5527 3400 5591 licet,
3453 5524 3590 5579 idem
3641 5528 3749 5604 ver-

2198 5624 2325 5681 bunt
2354 5601 2487 5681 locis
2511 5623 2695 5682 citatis
2722 5601 3041 5692 usurpatum
3065 5619 3131 5675 ab
3150 5618 3374 5681 lreutco,
3400 5613 3585 5670 eodem
3605 5601 3746 5660 modo
