3924 6354
223 380 327 435 225

782 376 1243 436 DISSERTATIO
1276 376 1338 441 ll,
1374 375 1533 430 ART.
1572 374 1637 437 ll,
1676 373 1762 427 DE
1798 373 2055 428 ΙΒΕΝΑΞΙ
2091 374 2317 431 LlBRlS
2350 376 2509 433 ADV.
2548 376 2910 433 IlASllESES.

3372 378 3481 437 225

221 498 290 552 ab
314 498 569 565 imperito
624 497 924 564 interprete
968 496 1240 552 redditum
1288 496 1477 549 fuisse.
1523 493 1629 547 Sed
1658 509 1793 561 quo-
1826 496 1872 551 Α
1902 491 1955 542 iu
1978 494 2161 559 paucis
2185 493 2329 547 dicta
2359 504 2503 548 sunt.
2534 495 2603 548 At
2642 495 2863 549 vixdum
2904 495 3073 550 labori
3135 496 3476 567 incubuerat,

219 601 432 655 cunque
457 587 653 650 verbo,
681 599 779 641 aut
805 604 1131 657 quacunque
1159 602 1294 641 voco
1324 601 1455 641 usus
1496 585 1661 640 fuerit
1687 584 1799 638 Ire-

220 695 362 733 naeus
390 698 406 744 ;
433 694 547 747 quo
574 695 739 734 sensu
767 682 1121 750 przecepisset
1146 681 1381 744 amicus,
1410 689 1464 733 et
1492 695 1601 748 quo
1630 694 1796 734 sensu

216 771 461 825 obediret
478 771 624 839 ipse,
650 771 938 838 perspicue
954 770 1190 825 declarat
1215 770 1267 824 in
1288 774 1477 824 eodem
1497 769 1795 835 Prommio,

216 878 337 915 cum
364 863 466 926 ait,
496 861 784 915 dilectione
807 877 862 915 se
889 861 1204 914 adhortante
1233 871 1552 914 conaturam
1580 870 1634 915 et
1660 864 1798 914 ami-

216 969 279 1007 co
302 964 358 1007 et
378 953 668 1015 omnibus,
698 952 789 1021 qui
826 967 949 1006 cum
978 968 1042 1006 eo
1083 962 1230 1016 sunt,
1288 950 1797 1005 Valentiuianorum

214 1044 517 1099 doctrinam
549 1059 846 1112 exponere.
881 1044 945 1096 Et
972 1055 1159 1110 postea
1187 1060 1202 1096 :
1255 1042 1388 1105 Ome
1436 1044 1531 1095 tibi
1562 1059 1681 1095 cum
1710 1044 1796 1096 di-

213 1138 432 1189 lectione
450 1136 655 1203 scripta
698 1145 845 1198 sunt,
884 1152 999 1188 cum
1043 1136 1321 1189 dilectione
1370 1136 1643 1203 percipies.
1692 1134 1797 1201 Qui

217 1228 334 1281 ideo
361 1242 427 1281 se
476 1242 692 1281 morem
745 1227 923 1280 amico
973 1241 1168 1295 gerere
1225 1227 1380 1290 dicit,
1411 1227 1538 1293 quia
1572 1227 1797 1283 dilectio

214 1322 544 1374 adhortatur
570 1329 627 1373 et
654 1318 899 1387 impellit,
939 1317 1051 1372 sola
1097 1319 1386 1372 cbaritatis
1415 1317 1530 1387 lege
1556 1320 1797 1373 constri-

219 1424 363 1464 ctum
389 1426 451 1465 se
482 1421 676 1480 aperte
707 1410 1000 1479 significat.
1034 1410 1098 1463 Et
1145 1422 1298 1464 certe
1350 1412 1394 1463 si
1451 1413 1794 1479 superiorem

216 1502 535 1570 agnovisset
585 1500 823 1555 lrenzeus
877 1515 1000 1554 eum
1052 1500 1104 1554 in
1148 1502 1301 1567 cujus
1328 1502 1560 1570 gratiam
1589 1502 1797 1555 scribe-

216 1589 321 1647 bat.
353 1604 641 1654 nunquam
689 1587 1083 1642 commissurus
1132 1586 1348 1654 fuisset,
1378 1596 1433 1641 ut
1479 1589 1630 1643 illum
1660 1589 1796 1643 dile-

213 1684 430 1735 ctissimi
458 1684 682 1735 nomine
706 1683 1077 1751 compellaret,
1110 1684 1187 1737 uti
1217 1684 1508 1753 compellat
1555 1701 1792 1755 semper,

214 1790 271 1828 ac
301 1788 417 1828 tam
448 1776 803 1831 familiariter
830 1792 895 1831 eo
928 1785 1199 1842 uteretur,
1227 1786 1394 1847 atque
1426 1794 1584 1831 ttsum
1627 1781 1794 1833 fuisse

1901 596 2023 636 cum
2081 583 2283 651 latiori,
2334 601 2497 656 quam
2543 588 2979 654 existimaverat,
3034 604 3160 644 sese
3199 592 3481 660 aperiente

1901 672 2209 741 disputandi
2257 692 2485 745 campo,
2521 688 2731 732 mutato
2782 680 3087 749 proposito,
3144 682 3212 735 ad
3256 682 3484 750 majoris

1902 765 2197 821 moliminis
2219 786 2356 836 opus
2383 786 2440 824 se
2466 772 2717 827 contulit.
2750 772 2805 827 ld
2830 774 2883 826 in
2917 776 3023 827 fine
3057 773 3179 829 libri
3209 775 3369 845 primi
3400 776 3477 829 si-

1897 854 2140 922 gniﬁcat,
2173 873 2294 911 cum
2327 861 2437 915 ait:
2479 862 2609 915 Cum
2645 864 2808 931 igitur
2851 863 2961 918 lucc
3008 867 3081 919 sic
3128 881 3182 919 se
3227 865 3479 931 habeant,

1898 958 2154 1015 quatenus
2179 951 2417 1015 promisi,
2467 955 2756 1007 secundum
2799 966 3035 1008 nostram
3069 957 3313 1009 virtutem
3341 957 3481 1026 infe-

1899 1056 2074 1093 remus
2102 1046 2425 1096 eversione»:
2456 1047 2709 1113 ipsorum,
2750 1048 2992 1101 omnibus
3012 1048 3085 1102 eis
3110 1050 3484 1111 contradicen-

1899 1134 1975 1177 tes
1998 1125 2049 1178 in
2077 1131 2311 1196 sequenti
2334 1130 2507 1195 libro;
2547 1134 2817 1185 enarratio
2854 1134 2990 1186 enim
3022 1135 3077 1187 in
3118 1136 3330 1204 longum
3356 1151 3483 1205 per-

1896 1218 1996 1286 git,
2026 1230 2078 1271 ut
2109 1221 2270 1274 vides.
2317 1219 2454 1290 Spes
2496 1223 2638 1276 enim
2670 1224 2841 1293 prima
2884 1225 3050 1279 fuisse
3080 1226 3292 1280 videtur
3322 1242 3480 1283 ever-

1897 1312 2107 1366 sionem
2141 1315 2431 1369 detectioni
2468 1316 2519 1369 in
2565 1319 2755 1371 eodem
2800 1317 2939 1372 libro
2990 1318 3339 1389 subjungere.
3379 1321 3479 1375 Ea-

1897 1414 2122 1471 proptcr
2159 1406 2210 1457 in
2244 1402 2509 1459 Proazmio
2546 1408 2667 1459 libri
2708 1424 2787 1473 Ill,
2824 1410 3002 1463 amico
3047 1421 3246 1480 praeter
3282 1428 3486 1480 exspe-

1899 1498 2196 1549 ctationem
2241 1498 2289 1549 id
2323 1507 2645 1551 eventurum
2704 1514 2828 1552 esse
2867 1501 3017 1562 dicit,
3078 1513 3137 1554 ut
3194 1513 3487 1557 crescente

1896 1590 2079 1658 epotis
2112 1588 2271 1651 mule,
2306 1588 2507 1657 majora
2539 1602 2593 1643 et
2621 1592 2885 1659 ampliora
2922 1609 3083 1663 quam
3137 1609 3480 1663 speraverat,

1895 1681 2379 1751 postulaveratque
2401 1683 2467 1736 ad
2492 1689 2817 1738 cvertendos
2841 1686 3127 1741 haereticos
3154 1700 3476 1756 argumenti

1897 1776 1964 1828 sit
1996 1784 2341 1844 accepturus.
2386 1774 2453 1830 In
2514 1776 2610 1829 hoc
2644 1788 2821 1829 autent
2852 1780 3008 1832 tertio
3063 1778 3249 1849 (libro)
3282 1781 3380 1847 ait,
3416 1797 3481 1835 ea:

214 1868 476 1921 librorum
510 1868 867 1935 prmfationes
912 1870 1317 1923 demonstrant.
1371 1870 1445 1924 Eo
1478 1872 1637 1925 modo
1660 1872 1793 1925 sim-
1824 1850 1867 1904 Β
1898 1866 2191 1934 Scripturis
2217 1866 2502 1935 inferemus
2528 1870 2874 1933 ostensiones,
2920 1880 2973 1921 ut
3010 1870 3142 1923 nihil
3169 1872 3267 1923 tibi
3301 1888 3366 1924 es
3393 1874 3478 1924 his

136 1999 140 2003 .
211 1959 381 2027 plices
429 1960 787 2030 presbyteros
843 1977 969 2017 cum
1027 1962 1301 2031 episcopis
1356 1977 1574 2034 egisse,
1630 1964 1794 2020 nullis

207 2053 477 2121 exemplis
510 2052 859 2121 probabitur.
892 2053 1082 2119 Eccui,
1109 2069 1321 2123 qmeso,
1347 2056 1547 2123 potiori
1586 2071 1649 2109 ac
1680 2073 1793 2110 mc-

211 2146 325 2198 liori
373 2146 529 2215 jure,
582 2162 751 2215 quam
808 2148 1084 2216 episcopo,
1140 2147 1478 2201 conveniunt
1526 2162 1589 2201 ea
1629 2150 1791 2201 verba

210 2237 560 2293 Przfationis
585 2240 708 2293 libri
735 2255 788 2304 v,
818 2239 1015 2308 quibus
1059 2240 1307 2295 abutitur
1354 2240 1591 2294 Grabius
1619 2258 1632 2294 :
1659 2257 1790 2309 quo-

210 2333 347 2382 niam
370 2330 425 2382 in
454 2330 924 2383 administratione
956 2333 1210 2383 sermonis
1266 2332 1423 2397 positi
1451 2333 1673 2385 sumus?
1699 2332 1789 2397 At,

208 2420 383 2489 inquit
407 2422 494 2473 vir
524 2420 907 2485 doctissimus,
939 2420 992 2473 in
1040 2420 1352 2492 προστασίᾳ
1402 2419 1661 2475 Ecclesiae
1692 2436 1788 2489 po-

206 2513 313 2568 tius
339 2530 509 2581 quam
540 2514 593 2565 in
624 2512 1087 2565 administratione
1114 2514 1391 2579 sermonis,
1437 2528 1498 2566 se
1556 2514 1789 2581 positum

206 2610 436 2663 dixisset
477 2608 745 2672 lren:cus,
808 2609 853 2661 si
911 2606 1024 2674 jam
1083 2618 1193 2663 tum
1242 2624 1489 2664 summus
1537 2610 1791 2663 Ecclesia:

205 2700 595 2769 Lugdunensis
620 2701 877 2755 sacerdos
900 2700 1113 2755 luisset.
1140 2699 1251 2753 lmo
1274 2701 1326 2753 in
1358 2702 1668 2773 προστασίᾳ
1694 2701 1793 2755 Ec-

206 2797 386 2849 clesiae
407 2797 650 2863 positum
682 2810 740 2847 se
769 2794 1062 2848 manifeste
1101 2794 1316 2848 dicebat
1338 2794 1404 2848 iis
1435 2797 1789 2863 temporibus,

205 2886 295 2955 qui
328 2885 381 2938 in
404 2884 889 2937 administratione
917 2884 1187 2938 sermonis
1212 2885 1572 2938 constitutum
1606 2900 1666 2939 se
1708 2886 1790 2939 si-

207 2976 521 3043 gnificabat.
565 2973 743 3027 Nullis
780 2974 927 3026 enim
976 2975 1100 3028 aliis
1127 2990 1289 3045 quam
1339 2976 1631 3045 episcopis,
1660 2991 1791 3045 qua-

210 3074 328 3117 tuor
350 3066 636 3133 prioribus
666 3066 903 3128 sa-culis,
941 3066 1206 3119 creditam
1247 3064 1415 3120 fuisse
1442 3065 1792 3122 administra-

210 3157 411 3212 tionem
450 3159 731 3209 sermonis
765 3158 818 3209 in
851 3156 1168 3220 Occidente,
1200 3158 1407 3212 invicte
1445 3158 1789 3213 demonstra-
1820 3182 1861 3238 ρ

211 3259 294 3303 tur
316 3264 386 3305 ex
438 3250 702 3320 Cypriani
742 3251 970 3318 epistola
1011 3248 1101 3311 56,
1142 3265 1207 3303 ex
1256 3250 1456 3319 Optato
1494 3250 1594 3305 sub
1627 3252 1790 3304 finem

208 3344 387 3413 operis
414 3352 615 3398 contra
648 3343 983 3403 Douatistas,
1019 3356 1087 3395 ex
1120 3340 1241 3394 Vita
1279 3341 1341 3395 Ι).
1374 3340 1566 3394 llilarii
1598 3337 1793 3395 Arela-

212 3438 381 3490 tensis
404 3451 434 3488 a
464 3435 747 3507 Cypriano
768 3435 885 3504 ejus
919 3434 1186 3502 discipulo
1209 3435 1544 3505 conscripta,
1567 3449 1633 3489 ex
1658 3434 1789 3489 Pos-

209 3528 344 3583 sidio
373 3528 430 3581 in
471 3527 602 3581 Vita
636 3526 695 3581 S.
741 3527 1030 3595 Augustini
1059 3544 1073 3591 ;
1121 3527 1415 3595 multisque
1447 3526 1572 3581 aliis
1600 3542 1788 3582 eorum

212 3629 526 3689 temporum
585 3619 960 3674 monumentis
1019 3617 1180 3673 facile
1221 3616 1443 3689 probari
1488 3628 1695 3687 posset,
1741 3621 1787 3677 si

209 3713 351 3779 quod
380 3725 564 3778 opera
594 3710 831 3778 pretium
864 3709 1027 3765 foret.

275 3803 366 3857 50.
393 3804 624 3857 Certum
660 3802 828 3871 igitur
880 3817 945 3856 ac
992 3802 1281 3869 probatum
1334 3816 1557 3857 manere
1601 3803 1783 3868 debet,

210 3898 470 3967 quidquid
497 3894 1020 3951 dicatttDodwellus
1071 3906 1127 3950 et
1171 3896 1427 3961 Grabius,
1476 3897 1545 3950 ab
1584 3897 1787 3952 lreuau)

206 3988 314 4055 jam
340 3989 606 4057 episcopo
635 3987 973 4054 conscriptos
995 3985 1164 4040 fuisse
1202 3988 1444 4056 quinque
1481 3988 1647 4041 libros
1682 3987 1785 4040 De-

212 4081 447 4132 tectionis
475 4091 526 4132 et
563 4078 847 4132 eversionis
887 4078 1026 4143 [also
1063 4080 1446 4147 cognominata
1475 4081 1783 4148 agnitionis.

210 4177 286 4226 An
342 4188 479 4226 vero
521 4172 684 4226 simul
725 4180 780 4224 et
822 4172 1012 4225 eodem
1066 4182 1306 4238 tempore
1332 4186 1546 4235 omnes,
1578 4188 1646 4225 an
1688 4189 1787 4243 per

210 4265 494 4319 intervalla
536 4262 900 4330 prodierint?
953 4262 1073 4315 Alia
1132 4262 1420 4317 dillicultas
1460 4273 1565 4329 est,
1622 4280 1782 4333 quam

208 4364 393 4431 paucis
424 4362 510 4414 sic
539 4359 781 4426 explica.
814 4356 1001 4411 Primo
1042 4357 1263 4425 quidem
1303 4357 1467 4413 breve
1511 4361 1782 4428 quoddam

204 4466 336 4521 opus
359 4450 639 4513 scribere,
659 4463 769 4518 quo
791 4448 1015 4503 retectis
1040 4447 1540 4503 Valentinianorum
1568 4450 1785 4519 dogma-

1894 1974 2011 2026 qnte
2043 1975 2364 2025 prwccperas
2393 1960 2531 2011 desit
2565 1977 2595 2012 a
2642 1960 2831 2019 nobis:
2860 1962 2952 2013 sed
3008 1972 3078 2027 et,
3124 1971 3481 2033 prtvterquam

1896 2051 2220 2115 opinabaris,
2260 2051 2331 2102 ad
2378 2053 2708 2118 arguendum
2765 2063 2813 2106 et
2860 2055 3191 2107 evertendum
3232 2071 3342 2120 eos,
3390 2057 3480 2125 qui

1894 2141 2119 2210 quolibet
2143 2142 2296 2193 modo
2321 2142 2457 2195 male
2493 2142 2702 2206 docent,
2732 2146 3037 2198 occasiones
3074 2162 3104 2197 a
3152 2146 3299 2199 nobis
3332 2147 3478 2199 acri-

1894 2235 2030 2301 pias.
2082 2232 2213 2297 ραω
2268 2252 2405 2287 enim
2456 2244 2532 2288 est
2587 2238 2643 2289 in
2687 2236 2798 2290 Deo
2839 2239 3094 2304 cltart'tas,
3122 2240 3263 2293 dives
3291 2250 3338 2292 et
3367 2244 3481 2294 sine

1895 2326 2094 2379 invidia
2122 2328 2397 2392 exsistens,
2429 2328 2582 2394 plura
2614 2329 2796 2391 dontit,
2821 2346 2978 2400 quam
3021 2334 3247 2398 postulet
3270 2334 3388 2403 quis
3414 2336 3478 2385 ab

1894 2432 1977 2469 ea.
2033 2414 2217 2486 Itaque
2269 2430 2525 2487 suscepto
2576 2422 2799 2489 majoris
2832 2423 3018 2491 operis
3057 2424 3316 2489 consilio,
3370 2440 3481 2494 quo

1896 2505 2135 2573 quinque
2161 2507 2312 2561 libris
2336 2509 2546 2576 plenius
2568 2522 2620 2565 et
2645 2513 2867 2566 uberius
2893 2513 3479 2569 cunfutarenturvanae

1895 2608 2085 2650 omnes
2127 2598 2511 2653 lncreticorum
2554 2603 2802 2670 argutiae,
2851 2605 3064 2671 priores
3104 2606 3241 2661 duos
3290 2606 3478 2661 absol-

1898 2700 2024 2740 vere
2053 2686 2369 2755 festinavit;
2402 2701 2587 2760 utpote
2617 2693 2813 2761 quibus
2842 2695 2977 2749 satis
3012 2712 3111 2761 pro
3142 2708 3386 2769 tempore
3427 2712 3484 2754 et

1896 2792 1994 2846 pro
2034 2780 2190 2832 amici
2231 2784 2389 2845 votis,
2415 2782 2536 2837 falsi
2590 2787 2826 2840 nominis
2857 2787 3143 2842 scientiam
3174 2800 3475 2862 retegeret,

1896 2878 2298 2939 cverteretque.
2324 2874 2615 2929 Absolutus
2635 2876 2921 2931 confeStim
2949 2880 3015 2933 ad
3039 2882 3273 2936 amicum
3299 2884 3471 2948 misit,

1896 2960 2020 3013 dum
2048 2961 2249 3015 interea
2285 2973 2392 3016 tres
2414 2964 2571 3028 alios,
2603 2982 2739 3034 quos
2768 2968 2880 3035 jam
2918 2968 2969 3021 in
2996 2970 3179 3025 animo
3213 2972 3475 3039 habebat,

1898 3052 1964 3103 ad
2004 3052 2317 3107 umbilicum
2348 3058 2704 3123 perduceret;
2729 3061 2821 3126 qui
2845 3059 3069 3129 singuli,
3095 3064 3279 3117 statim
3308 3042 3474 3135 atque

1898 3145 2192 3216 unicuique
2211 3162 2419 3201 summa
2444 3163 2637 3203 manus
2677 3150 2954 3219 imposita,
2987 3153 3127 3207 baud
3149 3168 3471 3225 exspectato

1895 3239 2166 3308 sequenti,
2199 3239 2347 3293 missi
2370 3247 2518 3293 sunt.
2550 3237 2741 3295 Omnia
2794 3243 2911 3296 haec
2956 3254 3212 3299 constant
3258 3256 3376 3303 tum
3405 3266 3474 3307 ex

1898 3330 2335 3399 Praefationibus,
2368 3333 2543 3388 tribus
2575 3334 2973 3403 posterioribus
3015 3336 3171 3394 libris
3204 3343 3470 3409 praefixis.

1898 3434 2009 3480 tum
2031 3440 2097 3479 ex
2134 3426 2559 3496 uniuscujusque
2587 3428 2707 3484 libri
2737 3430 2867 3498 fine,
2902 3439 3014 3487 tum
3041 3446 3107 3487 ex
3138 3432 3232 3488 lib.
3265 3451 3325 3503 ll,
3350 3452 3470 3507 cap.

1892 3518 1948 3581 2,
1974 3533 2027 3571 n.
2061 3518 2125 3582 6;
2158 3533 2281 3586 cap.
2332 3519 2387 3581 8,
2448 3534 2504 3571 n.
2538 3520 2607 3584 3;
2652 3536 2772 3587 cap.
2826 3522 2916 3587 ll,
2960 3539 3015 3576 n.
3048 3523 3102 3589 2,
3130 3535 3182 3577 et
3225 3542 3347 3595 cap.
3380 3528 3472 3592 28,

1894 3623 1949 3663 n.
1980 3608 2096 3671 4,in
2131 3609 2328 3679 quibus
2354 3610 2840 3678 sequenteslibros
2870 3627 3134 3681 expresse
3163 3615 3472 3684 pollicetur.

1892 3698 1964 3754 lis
2004 3701 2258 3755 onmibus
2290 3703 2525 3755 maxime
2570 3702 2855 3768 probabile
2890 3703 2973 3770 fit,
3002 3706 3144 3774 quod
3170 3706 3284 3776 jam
3329 3708 3469 3769 dixi,

1895 3802 2064 3845 totum
2089 3810 2223 3862 opus
2261 3793 2457 3863 partim
2490 3793 2593 3848 sub
2622 3792 2921 3851 Eleuthero
2958 3796 3236 3866 pontiﬁce,
3262 3801 3465 3868 partim

1891 3889 1993 3942 sub
2023 3885 2246 3942 Victore
2274 3888 2539 3955 scriptum
2574 3888 2764 3945 fuisse.

1962 3981 2053 4036 51.
2092 3980 2283 4035 Graeco
2321 3980 2581 4034 idiomate
2622 3989 2909 4037 exaratum
2946 3980 3113 4039 fuisse
3142 3985 3281 4041 adeo
3314 4000 3474 4043 certa

1890 4073 2267 4127 demonstrant
2312 4083 2634 4140 argumenta
2680 4084 2738 4127 ut
2784 4075 2980 4129 mirttm
3017 4076 3089 4130 sit
3139 4077 3376 4147 aliquam
3414 4097 3477 4135 ea

1889 4166 1954 4219 dc
1981 4180 2038 4219 re
2065 4163 2453 4219 dubitationem
2496 4165 2707 4219 Erasmi
2762 4174 2817 4220 et
2847 4166 3078 4222 aliorum
3106 4172 3476 4235 quorumdam

1888 4263 2226 4319 eruditorum
2261 4272 2499 4318 mentem
2519 4263 2708 4318 subire
2732 4265 2997 4333 potuisse.
3022 4266 3289 4325 Eusebius
3320 4272 3479 4339 plura

1888 4356 2077 4411 lrenaai
2122 4355 2426 4424 fragmenta
2458 4354 2714 4411 Historia:
2746 4372 2861 4412 sua:
2909 4358 3115 4413 inserta
3154 4359 3344 4416 Grmee
3384 4379 3472 4417 re—

1888 4448 1999 4503 fert
2030 4464 2043 4500 :
2076 4462 2346 4517 nusquam
2401 4457 2581 4502 tamen
2615 4460 2824 4513 monet,
2876 4450 2951 4504 uti
2995 4449 3387 4507 Tertullianum
3421 4465 3480 4509 et

206 4545 366 4607 tibus,
403 4550 741 4612 argumenta
775 4540 1023 4609 quaedam
1057 4541 1123 4593 ad
1155 4555 1218 4593 ea
1252 4543 1542 4594 evertenda
1578 4554 1779 4610 oppor-
1813 4538 1858 4595 D
1887 4541 2023 4593 alios
2058 4540 2325 4607 quosdam
2374 4550 2627 4592 auctores
2665 4538 2891 4594 Latinos
2934 4541 3111 4595 citans
3159 4556 3221 4597 se
3271 4541 3472 4596 fecissi-

208 4646 328 4689 tuna
350 4634 739 4703 subjungeret,
776 4631 962 4687 animo
999 4633 1101 4686 sibi
1134 4633 1513 4698 constituerat,
1534 4634 1612 4688 rei
1648 4632 1786 4688 dilii-

203 4728 403 4782 cultate
439 4726 761 4794 laborisque
814 4726 1191 4797 magnitudine
1241 4726 1485 4779 nondum
1524 4726 1658 4779 satis
1685 4742 1782 4780 ex-

200 4819 429 4889 plorata,
482 4818 741 4871 Irenaeus.
804 4814 1075 4881 Quantum
1114 4817 1265 4869 nobis
1314 4814 1526 4886 [XCIX]
1572 4816 1784 4871 virtutis

200 4912 365 4973 adest,
398 4909 580 4979 inquit
621 4910 672 4961 in
714 4906 1040 4962 Prtefatiune
1079 4908 1199 4961 libri
1248 4907 1429 4976 primi,
1473 4908 1783 4962 sententiam

200 5002 455 5068 ipsorum,
482 5001 576 5069 qui
610 5016 748 5053 nunc
775 5000 927 5052 aliud
954 5002 1162 5064 docent,
1214 5000 1333 5053 dico
1370 5009 1549 5053 autem
1577 5016 1779 5065 eorum,

198 5092 281 5158 qui
304 5102 429 5146 sunt
460 5090 607 5143 circa
630 5089 997 5154 Ptolemaeum,
1026 5090 1389 5158 compendiose
1426 5098 1475 5143 et
1507 5090 1782 5158 manifeste

202 5188 552 5247 ostendemus,
576 5192 627 5237 et
655 5183 779 5237 aliis
823 5184 1121 5237 occasiones
1173 5182 1441 5247 dabimus,
1486 5183 1777 5237 secundum

202 5292 432 5333 nostram
491 5276 929 5339 mediocritatem,
975 5276 1045 5328 ad
1099 5275 1435 5329 evertendam
1472 5284 1610 5328 eam.
1640 5272 1780 5327 lliuc

203 5382 381 5439 postea
418 5371 659 5423 amicum
693 5370 964 5430 bortatnr,
995 5376 1183 5435 utqua:
1208 5364 1544 5433 simpliciter,
1567 5376 1614 5417 et
1639 5380 1779 5428 vere,

201 5472 242 5514 et
265 5462 482 5515 idiotice
508 5462 579 5513 ad
613 5475 669 5513 se
716 5460 915 5522 scripta
965 5468 1111 5519 sunt,
1153 5459 1264 5523 ipse
1305 5466 1496 5525 augeat
1525 5471 1682 5524 penes
1703 5470 1779 5515 se,

203 5568 251 5606 ut
273 5556 442 5623 magis
462 5553 715 5615 idoneus,
742 5551 899 5619 quasi
930 5566 1101 5602 semen
1135 5558 1182 5601 et
1210 5548 1363 5601 initia
1391 5548 1658 5612 accipiens
1686 5562 1703 5607 ;
1730 5554 1779 5597 et

202 5654 248 5702 ut
270 5650 558 5704 latitudine
582 5663 763 5701 sensus
788 5646 873 5698 sui
917 5644 971 5696 in
1003 5642 1223 5695 multum
1248 5640 1528 5709 {ructiﬁcet
1549 5656 1633 5704 ea,
1658 5653 1777 5707 qua:

302 5830 344 5861 ¹³
380 5829 437 5884 lu
470 5827 700 5895 Prologo
734 5824 827 5879 lib.
867 5837 996 5877 xvut
1027 5819 1083 5875 in
1118 5820 1247 5885 lsa.,
1286 5828 1322 5873 t.
1360 5816 1447 5885 Ill,
1484 5832 1607 5873 nov.
1638 5814 1783 5872 edit.

1886 4629 2044 4696 dicit,
2073 4643 2135 4683 ea
2164 4644 2194 4682 e
2233 4628 2429 4682 Latino
2464 4628 2514 4681 in
2548 4626 2798 4682 Graecarn
2837 4642 3146 4684 sermonem
3187 4645 3215 4682 a
3243 4645 3303 4685 se
3337 4646 3470 4684 ron-

1885 4735 2041 4774 versa
2069 4719 2255 4774 fuisse.
2284 4719 2351 4772 Et
2382 4728 2645 4788 quotquot
2673 4736 2702 4774 e
2730 4720 3101 4789 scriptoribus
3128 4720 3335 4775 Graacis
3364 4721 3472 4776 Ire-

1885 4827 2061 4866 naaum
2102 4813 2273 4867 citant
2302 4812 2643 4883 (frequenter
2674 4828 2803 4867 vero
2843 4813 3063 4881 citant).
3087 4813 3276 4869 Graece
3317 4826 3472 4870 certe

1885 4903 2163 4974 legerunt;
2196 4918 2296 4958 nec
2334 4904 2443 4959 alio
2485 4918 2741 4958 sermone
2771 4904 3120 4972 conscriptos
3149 4903 3265 4973 ejus
3292 4906 3470 4960 libras

1880 4995 2081 5065 legisse
2112 5011 2172 5049 se
2194 4996 2325 5050 satis
2373 5005 2559 5064 aperte
2612 4995 2885 5065 significat
2930 4994 3177 5071 Pborius,
3227 4998 3319 5067 qui
3382 5000 3467 5053 vix

1887 5090 2026 5141 alios
2057 5102 2220 5156 quam
2252 5086 2471 5141 Graecos
2500 5096 2752 5140 auctores
2780 5085 2835 5139 in
2884 5084 3220 5140 Bibliotheca
3248 5103 3345 5165 sua
3380 5104 3470 5141 rc-

1886 5188 2093 5235 censet.
2133 5177 2495 5248 Hieronymus
2523 5179 2687 5231 etiam
2711 5178 2779 5243 ",
2810 5178 2935 5233 licet
2958 5178 3205 5245 Latinus,
3238 5182 3328 5249 qui
3361 5180 3469 5234 frc-

1878 5270 1982 5326 nai
2011 5269 2183 5322 libros
2205 5276 2459 5323 accurate
2486 5267 2714 5338 legerat,
2745 5277 2801 5323 et
2823 5284 2931 5337 quo
2959 5270 3184 5339 proinde
3212 5285 3467 5324 sermone

1878 5363 2073 5431 scripti
2108 5361 2340 5416 fuissent
2375 5361 2544 5427 probe
2582 5371 2832 5425 noverat,
2880 5377 3004 5415 eum
3035 5370 3216 5415 tamen
3245 5377 3276 5415 e
3304 5360 3457 5415 Lati»

1880 5469 2075 5508 uorum
2102 5468 2330 5507 numero
2357 5453 2649 5523 perspicue
2693 5453 2958 5519 excludit,
2991 5467 3048 5508 ut
3079 5455 3218 5508 inter
3240 5453 3460 5508 Graecos

1877 5554 2223 5599 annumeret.
2247 5547 2380 5603 Nam
2394 5556 2648 5607 auctores
2668 5560 3099 5601 commemorans
3126 5545 3217 5613 qui
3248 5544 3457 5599 Cbilia-

1877 5650 2085 5692 starutn
2134 5637 2312 5695 errori
2359 5637 2612 5693 faverant
2646 5656 2659 5691 :
2693 5636 3045 5703 Latinorum,
3078 5638 3291 5707 inquit,
3334 5635 3464 5693 Ter-
