3924 6354
435 378 539 434 297

1246 369 1841 429 DlSSERTATiONES
1874 367 2181 423 ΡΒἉΕΠΕ
2218 366 2283 422 ΙΝ
2324 364 2582 421 ΙΚΕΝᾹΞΙ
2616 365 2883 421 LIBROS.

3597 360 3704 417 2‘28

434 498 675 563 (ultioni,
720 495 999 562 Victorini,
1035 493 1335 559 Lactantii;
1369 495 1696 557 Grarcorum,
1724 502 1780 545 ut
1808 502 2023 545 cancros
2053 493 2101 550 Α
2131 499 2296 555 male,
2348 504 2416 543 eo
2444 488 2798 557 scripturum,
2849 486 2992 554 quod
3048 486 3189 541 male
3230 485 3365 540 adeo
3402 482 3706 548 calluisset,

432 591 863 658 pra'termittam,
910 587 1103 643 Irenwi
1145 598 1349 642 tantum
1386 584 2017 656 Lugdunensis'episcopi

434 684 633 754 faciant
660 686 997 738 mentionem.
1020 682 1087 737 Et
1116 682 1249 735 alibi
1281 680 1520 747 ejusdem
1552 679 1756 734 erroris
1781 678 2020 731 fautores

438 790 751 841 recensens,
803 773 1098 827 nominatis
1140 770 1503 831 Tertulliano,
1551 768 1874 831 Lactantio,
1923 766 2018 819 Vi-

438 865 653 918 ctorino
686 864 1069 918 Pelavtoneusi
1106 872 1160 917 et
1193 861 1396 916 Severo
1428 877 1443 917 :
1482 858 1547 912 Et
1593 869 1650 912 ut
1683 857 1893 913 Gra'cos
1922 874 2019 911 no-

443 957 659 1020 minem,
691 956 862 1021 addit,
894 965 944 1009 et
990 957 1214 1023 primum
1261 965 1650 1021 extremumque
1679 952 2018 1021 conjungam,

443 1046 680 1101 Irena'us
734 1059 781 1100 et
839 1043 1227 1114 Apollinarius.
1287 1046 1377 1109 At,
1418 1043 1598 1112 inquit
1645 1042 1929 1105 Erasmus,
1966 1044 2019 1095 in

438 1156 534 1193 sua
576 1139 805 1208 epistola
837 1140 1253 1206 nuncupatoria,
1297 1152 1459 1205 quam
1496 1135 1679 1189 lreuml
1709 1150 1739 1188 a
1775 1152 1835 1189 se
1861 1136 2022 1188 ador-

439 1238 580 1283 nata:
602 1228 826 1282 editioni
869 1226 1148 1295 praemisit,
1184 1226 1427 1278 dubitare
1463 1224 1607 1290 licet,
1656 1235 1899 1279 utrumne
1927 1241 2022 1277 na-

438 1322 579 1373 tione
628 1317 870 1372 Graecum
917 1317 1109 1370 dixerit
1156 1316 1560 1387 Hieronymus,
1596 1334 1665 1369 an
1709 1318 2020 1383 scriptorem

437 1411 703 1466 (ii-tecum.
735 1409 849 1464 imo
886 1410 1168 1464 dubitandi
1199 1410 1349 1463 locus
1380 1411 1562 1464 nullus
1592 1419 1695 1473 est,
1726 1413 1853 1479 quin
1892 1410 2020 1465 Hie~

438 1516 697 1574 ronynms
749 1500 941 1555 eodem
992 1516 1154 1555 sensu
1202 1511 1365 1570 atque
1414 1502 1604 1554 eadem
1659 1517 1880 1570 prorsus
1934 1517 2023 1555 ra—

437 1598 586 1651 tione
611 1594 863 1649 Graecum
909 1594 1107 1649 dixerit
1136 1596 1418 1657 Irenaeum,
1471 1607 1633 1663 atque
1659 1594 1914 1649 Graecum
1943 1595 2022 1649 di—

442 1689 523 1742 xit
565 1686 989 1756 Apollinarium,
1033 1696 1087 1739 et
1127 1685 1349 1740 Latinos
1369 1685 1801 1751 Tertullianum,
1839 1688 2023 1743 Victo-

437 1780 643 1846 rinum,
693 1777 1063 1844 Lactantium,
1125 1778 1190 1831 ad
1249 1794 1479 1847 quorum
1539 1788 1691 1833 certe
1743 1780 2020 1834 nationem

435 1871 899 1937 haudquaquam,
962 1869 1057 1925 sed
1108 1870 1175 1923 ad
1226 1871 1429 1939 scripta
1467 1870 1733 1925 duntaxat
1773 1873 2020 1926 attende-

436 1961 549 2016 bat.
582 1962 790 2030 Ecquid
824 1962 913 2016 hic
950 1964 1200 2017 nationes
1232 1963 1300 2017 ad
1326 1963 1640 2034 llieronymi
1674 1979 1897 2034 sc0pum
1938 1965 2020 2019 fa-

436 2056 699 2111 ciebant?
741 2057 972 2110 Auimus
1023 2072 1129 2109 non
1186 2066 1306 2112 erat
1355 2058 1658 2112 nationesa
1702 2060 2021 2114 nationibus

437 2162 751 2210 secernere,
788 2148 883 2202 sed
912 2148 1207 2218 scriptores
1237 2165 1267 2201 a
1301 2150 1680 2219 scriptoribus,
1726 2160 1780 2205 et
1809 2165 1904 2204 eos
1929 2167 2019 2205 re-

435 2253 665 2293 censere
700 2254 765 2293 ac
808 2239 1144 2305 distinguere
1178 2242 1270 2310 qui
1316 2250 1427 2295 tum
1472 2258 1534 2297 ex
1580 2244 1647 2296 iis
1695 2243 1787 2309 qui
1827 2242 2023 2299 Latine

437 2332 799 2401 scripserant,
833 2341 942 2385 tum
976 2346 1041 2386 ex
1071 2334 1139 2387 iis
1169 2335 1259 2402 qui
1287 2332 1499 2400 Graace,
1525 2336 1577 2388 in
1631 2335 2018 2389 Chiliastarum

437 2425 766 2477 sententiam
794 2425 1064 2478 abierant.
1110 2425 1312 2479 Deinde
1342 2426 1424 2479 vel
1456 2427 1571 2494 ipse
1607 2426 1794 2482 titulus
1826 2427 2021 2481 lrenzci

442 2515 601 2571 libris
654 2516 907 2585 praeﬁxos
952 2516 1142 2571 Graece
1178 2518 1412 2586 scriptos
1460 2518 1625 2573 fuisse
1659 2521 1875 2587 probat.
1910 2519 2019 2574 Ge-

440 2605 666 2658 nuinum
695 2603 839 2659 hunc
870 2620 992 2658 esse
1020 2618 1036 2657 :
1078 2604 1152 2657 De
1184 2603 1472 2658 delectione
1518 2614 1566 2658 et
1596 2606 1860 2659 eversione
1884 2605 2021 2673 falso

435 2697 820 2764 cognominata:
872 2696 1196 2765 agnitionis,
1259 2709 1424 2763 supra
1478 2697 1848 2750 ostendimus.
1917 2695 2021 2760 Qui

436 2786 653 2856 quidem
696 2797 757 2841 ut
797 2786 1008 2853 Graece,
1054 2787 1272 2856 qualem
1314 2798 1712 2857 repraesentant
1750 2787 2021 2843 Eusebius

434 2888 492 2932 et
536 2876 784 2942 Pbotius,
826 2893 936 2932 non
990 2877 1312 2948 inelegans;
1364 2880 1445 2934 sic
1490 2878 1685 2933 Latine
1738 2878 2017 2947 quidpiam

436 2969 573 3024 adeo
626 2968 920 3023 barbarum
961 2978 1018 3024 et
1051 2970 1345 3025 obscurum
1395 2978 1572 3034 sonat,
1617 2979 1673 3024 ut
1704 2970 1849 3025 hunc
1883 2985 2017 3024 nus-

435 3076 622 3130 quam,
654 3061 748 3115 sed
772 3062 936 3113 alium
963 3062 1214 3131 quemvis
1249 3070 1305 3117 et
1334 3062 1788 3125 commodiorem,
1821 3071 1873 3116 et
1909 3062 2022 3116 cla-

2122 593 2182 635 ut
2214 584 2320 637 hoc
2354 582 2522 636 animi
2576 598 2734 637 sensa
2768 582 2945 649 eloqui
2978 598 3082 634 non
3116 580 3360 645 valeret;
3397 581 3548 635 illinc
3572 596 3711 634 vero

2120 671 2370 727 Grzccum
2403 672 2757 741 interpretem
2800 672 2959 726 Icelis
2996 672 3227 725 barbare
3259 672 3481 725 omnino
3524 682 3575 724 et
3607 670 3713 725 ob-

2122 765 2440 819 scurissime
2482 765 2703 832 scriptis
2740 764 2948 819 Latinis
2984 765 3157 831 libris,
3205 766 3448 819 auctoris
3483 779 3709 819 sensum

2123 857 2338 911 facilius
2360 872 2423 911 ac
2460 855 2675 911 felicius
2714 867 3091 911 assecuturum
3118 872 3279 926 quam
3308 866 3497 911 auctor
3524 857 3710 911 verbis

2123 950 2398 1019 explicare
2436 950 2716 1019 potuerit?
2753 950 2880 1012 Sed,
2921 950 3164 1018 inquies,
3207 948 3444 1002 lrenauts
3490 949 3607 1017 ipse
3650 948 3708 1001 in

2122 1043 2447 1099 Prad‘atione
2494 1043 2613 1096 libri
2644 1043 2804 1111 primi
2838 1042 3036 1113 stylum
3078 1042 3382 1111 simplicem
3416 1056 3483 1095 ac
3515 1040 3716 1110 vulga-

2124 1149 2263 1198 rem,
2295 1134 2445 1187 omni
2474 1134 2763 1185 verborum
2808 1132 3061 1194 artificio,
3111 1148 3177 1186 ac
3216 1132 3512 1185 dictionum
3539 1146 3716 1184 orna-

2124 1234 2308 1279 mento
2367 1224 2686 1278 destitutum
2719 1262 2732 1287 ,
2786 1224 2886 1275 hac
2942 1224 3295 1278 excusatione
3352 1226 3712 1292 deprecatur,

2124 1319 2266 1387 quod
2311 1319 2449 1385 apud
2485 1315 2660 1370 Cellas
2689 1325 3070 1379 commoratus,
3103 1318 3157 1369 in
3199 1315 3481 1369 barbarum
3506 1332 3716 1369 sermo-

2126 1427 2239 1463 nem
2272 1409 2578 1477 plerumque
2621 1418 2850 1461 vacaret.
2893 1407 2966 1459 Ita
3002 1417 3125 1471 est;
3167 1407 3261 1460 sed
3304 1416 3509 1459 tantum
3549 1407 3715 1459 abest

2126 1503 2210 1576 [C]
2247 1504 2375 1557 hinc
2414 1502 2758 1555 intirmentur
2804 1509 3121 1568 argumenta
3173 1510 3379 1562 nostra,
3425 1499 3552 1565 quin
3607 1512 3713 1565 po—

2123 1598 2231 1652 tius
2266 1597 2333 1649 iis
2362 1611 2559 1649 novum
2598 1595 2767 1648 robur
2792 1592 3036 1646 accedat.
3073 1590 3129 1645 Si
3171 1592 3314 1645 enim
3343 1590 3535 1644 Latine
3568 1590 3716 1643 scri-

2124 1691 2325 1758 psisset
2382 1689 2658 1752 lrenaaus,
2716 1687 2860 1740 haud
2912 1686 3085 1756 magis
3144 1684 3368 1738 ferenda
3423 1684 3715 1738 videretur

2127 1782 2316 1837 Celtici
2366 1780 2635 1835 sermonis
2666 1779 2967 1842 excusatio,
3006 1793 3167 1847 quam
3218 1778 3261 1830 si
3300 1776 3489 1830 Gallus
3523 1776 3716 1844 quivis

2127 1878 2265 1947 apud
2300 1876 2532 1929 Batavos
2560 1875 2642 1928 vel
2669 1872 2870 1943 Anglos
2906 1871 3100 1925 Latine
3125 1870 3390 1936 scribens,
3431 1870 3714 1939 inelegan-

2125 1978 2232 2023 tem
2266 1978 2319 2022 et
2341 1967 2643 2036 impolitam
2669 1965 2974 2019 orationem
3003 1966 3105 2016 hac
3129 1963 3483 2017 excusatione
3510 1961 3716 2028 depre-

2124 2071 2377 2124 curetur;
2430 2059 2575 2128 quod
2604 2059 2746 2127 apud
2777 2056 3007 2110 Batavos
3046 2058 3120 2108 vel
3161 2054 3357 2123 Anglos
3405 2068 3712 2107 commora-

2124 2163 2226 2219 tus,
2255 2152 2306 2204 in
2330 2150 2663 2220 peregrinum
2696 2164 2988 2201 sermonem
3013 2146 3317 2215 plerumque
3346 2152 3575 2199 vacaret.
3600 2142 3717 2196 Va-

2125 2244 2262 2298 leret
2290 2244 2509 2313 quidem
2555 2241 2693 2297 Galli
2730 2240 2890 2307 hujus
2935 2240 3256 2301 excusatio,
3299 2241 3343 2291 si
3387 2237 3559 2305 patria
3604 2236 3713 2287 lin-

2127 2351 2231 2405 gua
2278 2334 2529 2388 scribens
2560 2331 2975 2387 desuetudinem
3032 2337 3477 2384 causaretur:at
3521 2328 3709 2396 inepta

2127 2442 2377 2498 prorsus,
2408 2426 2453 2479 si
2511 2427 2578 2480 de
2615 2423 2810 2477 Latina
2860 2437 3045 2476 sermo
3090 2422 3183 2479 sit.
3222 2435 3343 2489 quae
3378 2417 3600 2472 Batavis
3652 2430 3718 2471 et.

2124 2517 2316 2585 Anglis
2356 2528 2507 2583 atque
2558 2513 2842 2567 familiaris
2874 2520 2979 2574 est,
3005 2527 3068 2565 ac
3103 2510 3288 2565 Gallis.
3327 2510 3420 2563 Sic
3446 2508 3572 2563 licet
3598 2509 3717 2562 Ire-

2126 2622 2278 2663 naeus
2303 2606 2445 2674 apud
2471 2604 2657 2659 Celtas
2686 2604 2933 2673 degeret,
2971 2613 3025 2656 et
3065 2602 3273 2658 Celtica
3318 2600 3501 2671 lingua
3533 2600 3714 2654 inter-

2127 2679 2253 2753 dum
2314 2698 2661 2766 loqueretur;
2716 2695 2860 2749 haud
2911 2704 3094 2747 tamen
3138 2695 3487 2746 excusandus
3538 2689 3712 2753 foret,

2128 2792 2270 2861 quod
2313 2790 2507 2857 Latine
2548 2788 2818 2852 scribens,
2862 2786 3068 2840 inculte
3110 2795 3166 2839 et
3215 2784 3477 2838 indiserte
3520 2782 3571 2835 id
3622 2781 3714 2834 fa-

2126 2892 2310 2947 ceret;
2357 2880 2483 2951 quia
2528 2878 2711 2947 lingua
2759 2876 2951 2929 Latina
3009 2885 3134 2930 tunc
3173 2873 3435 2943 temporis
3481 2872 3709 2942 Lugdu-

2130 2977 2393 3034 nensibus
2437 2971 2726 3028 familiaris
2765 2979 2905 3034 erat,
2960 2977 3015 3023 et
3071 2968 3240 3021 multo
3285 2966 3519 3021 l‘annlior
3540 2984 3710 3037 quam

2130 3071 2307 3126 nobis.
2339 3066 2397 3119 4ο
2422 3065 2682 3133 Quisquis
2725 3062 2813 3117 vel
2862 3062 3212 3115 mediocriter
3266 3059 3455 3113 Graece
3493 3060 3713 3129 peritus

440 3154 665 3218 riorem,
708 3160 761 3205 et
805 3154 981 3221 magis
1010 3151 1270 3207 Latinum
1314 3154 1468 3223 operi
1511 3169 1612 3208 suo
1656 3154 1817 3208 lacile
1851 3155 2025 3224 prtefi-
2053 3181 2098 3239 ο
2131 3162 2184 3215 in
2219 3169 2423 3214 textum
2477 3156 2663 3212 lrenaci
2698 3155 2951 3209 Latinum
2991 3152 3179 3206 oculos
3222 3149 3491 3217 injecerit,
3543 3148 3712 3204 facile

438 3242 608 3296 sisset
642 3243 892 3311 quisquis
938 3242 1125 3298 Latine
1156 3246 1401 3299 scribens
1434 3246 1613 3315 prima
1663 3243 1875 3299 Latina:
1920 3246 2023 3300 lin-

436 3350 555 3403 gua:
599 3336 907 3390 rudimenta
938 3336 1260 3391 delibasset.
1305 3338 1411 3391 Sed
1445 3348 1499 3392 et
1534 3354 1564 3393 e
1605 3337 1795 3392 Graeco
1828 3339 1879 3392 in
1920 3338 2025 3391 La-

438 3428 610 3482 tinum
659 3442 986 3482 conversum
1033 3444 1154 3483 esse
1194 3432 1537 3483 demonstrat
1583 3430 1701 3499 ipsa
1748 3429 2023 3484 scribendi

437 3519 769 3583 diversitas;
811 3519 1085 3573 interdum
1116 3520 1260 3573 enim
1284 3504 1579 3582 scribitur,
1610 3521 1673 3574 de
1708 3520 2019 3586 delectione,

436 3610 709 3665 interdum
748 3614 811 3666 de
838 3612 1234 3681 redargutione,
1258 3613 1322 3665 de
1345 3614 1768 3682 exprobratione,
1798 3612 1881 3667 vel
1913 3623 2024 3666 tra-

436 3703 693 3756 ductione
738 3704 874 3772 falso
923 3704 1301 3773 cognominata:
1353 3706 1666 3775 agnitionis,
1733 3717 1827 3759 aut
1869 3704 2023 3774 false:

438 3796 754 3865 agnitionis,
785 3797 924 3866 (also
958 3797 1113 3851 dicta:
1148 3798 1406 3863 scientiw,
1438 3807 1571 3862 etc.,
1599 3812 1720 3866 qua:
1747 3795 2021 3851 scribendi

438 3887 679 3942 varietas
708 3888 899 3957 procul
938 3889 1105 3943 dubio
1133 3897 1253 3943 orta
1298 3897 1383 3943 est
1410 3904 1476 3943 ex
1508 3889 1719 3943 diversa
1750 3888 2022 3957 interpre-

441 3979 644 4032 latione
693 3993 912 4043 vocum,
959 3978 1183 4051 ἐλέγχου
1238 3991 1293 4034 et
1339 3978 1692 4050 ψευδωνύμου
1743 3977 2017 4048 γνώσεως.

439 4069 650 4123 Nullam
695 4081 879 4124 autem
923 4071 1188 4141 ejusmodi
1238 4075 1564 4126 varietatem
1607 4074 1753 4141 apud
1802 4071 2023 4126 Graecos

436 4164 698 4231 reperies.
737 4162 974 4217 Titulum
1043 4179 1273 4232 prorsus
1314 4165 1505 4218 eodem
1568 4164 1726 4218 modo
1773 4162 2021 4217 scribunt

435 4254 721 4319 Eusebius,
747 4252 981 4308 Photius
1016 4264 1068 4307 et
1101 4254 1494 4317 Damasceuus,
1520 4254 1655 4325 Περὶ
1683 4254 1903 4324 ἐλέγχου
1927 4254 2021 4307 καὶ

433 4346 749 4420 ἀνατροπῆς
786 4346 888 4416 τῆς
934 4346 1291 4418 ψευδωνύμου
1338 4347 1612 4416 γνώσεως.
1664 4347 1827 4402 Certo
1862 4364 2020 4415 argu-

437 4449 621 4494 mento
662 4437 861 4493 Gra‘ce
901 4438 1162 4507 scriptum
1209 4440 1396 4507 fuisse,
1424 4455 1530 4493 non
1556 4439 1766 4495 Latine.
1797 4441 1853 4494 5ο
1888 4440 2020 4497 Hie-

2124 3250 2535 3321 deprehcndet,
2588 3261 2778 3301 revera
2819 3245 3066 3300 Graecum
3115 3257 3424 3298 sermonem
3479 3257 3600 3297 esse
3651 3244 3707 3297 in

2123 3359 2232 3415 quo
2285 3340 2581 3396 identidem
2629 3337 2811 3405 aliqua
2862 3335 3040 3389 Latini
3087 3335 3298 3404 species
3358 3334 3715 3389 animadver-

2129 3436 2283 3492 titur.
2310 3433 2442 3487 Nam
2471 3431 2743 3486 orationis
2769 3428 2983 3491 modus,
3016 3426 3211 3491 dictio,
3242 3426 3535 3479 verborum
3570 3439 3709 3478 con—

2124 3527 2377 3585 structio.
2407 3524 2651 3594 phrasis,
2687 3522 2960 3592 syntaxis,
2992 3532 3123 3585 etc.,
3154 3518 3435 3573 hominem
3462 3525 3708 3585 arguunt

2124 3620 2215 3689 qui
2255 3618 2442 3673 Graeca
2476 3630 2586 3687 pra:
2615 3616 2788 3670 oculis
2813 3614 3040 3679 habens,
3089 3611 3142 3665 in
3184 3608 3438 3664 Latinum
3468 3624 3707 3664 conver—

2127 3710 2286 3775 terit;
2312 3711 2408 3764 sed
2443 3708 2515 3761 ita
2552 3706 2806 3775 imperite
2838 3716 2894 3760 et
2931 3706 3228 3771 serviliter,
3262 3714 3319 3759 ut
3344 3705 3572 3758 verbum
3602 3716 3709 3773 pro

2123 3803 2290 3857 verbo
2322 3799 2642 3865 reddiderit,
2675 3807 2891 3852 servato
2922 3796 3235 3852 Graecorum
3266 3797 3476 3859 ordine,
3503 3807 3711 3864 genere

2123 3904 2179 3949 et
2221 3895 2508 3964 regimine.
2554 3891 2782 3947 Grzecns
2838 3892 3007 3946 fuerit
3049 3891 3305 3946 lrenaeus.
3358 3888 3534 3942 Latini
3583 3902 3709 3942 ser-

2122 3987 2301 4039 monis
2332 3986 2520 4051 rudis;
2558 4000 2625 4039 an
2653 3994 2831 4038 tamen
2867 3981 3003 4036 adeo
3044 3981 3229 4045 hebes,
3273 3979 3707 4047 Latinarumque

2122 4090 2313 4129 vocum
2371 4075 2550 4143 inops,
2593 4084 2652 4128 ut
2700 4073 2969 4142 ignoratis
3020 4071 3087 4125 iis
3137 4086 3256 4139 qua:
3294 4072 3495 4138 passim
3525 4069 3707 4123 obvia

2123 4175 2279 4233 sunt,
2332 4164 2544 4229 faciles,
2595 4166 2849 4219 omnibus
2894 4171 3037 4217 nota:
3083 4172 3139 4216 et
3190 4162 3275 4215 vel
3319 4162 3502 4230 pueris
3559 4162 3702 4230 ipsis

2123 4256 2287 4318 trita,
2341 4258 2407 4312 iis
2456 4255 2815 4311 llellenismos
2869 4254 3030 4325 longe
3077 4254 3297 4323 petitos,
3347 4254 3609 4307 obscuros
3648 4264 3706 4308 et

2121 4346 2389 4413 difﬁciles,
2417 4347 2631 4402 Latinis
2654 4348 2877 4401 auribus
2909 4348 3267 4415 asperrimos,
3312 4346 3703 4415 "neptibusque

2123 4439 2239 4494 fere
2304 4441 2601 4511 impervios
2643 4440 3037 4495 substitueret?
3082 4442 3163 4493 An
3213 4439 3537 4495 ditIicilioris
3580 4451 3704 4494 erat

437 4544 720 4601 ronymus.
760 4530 1001 4600 optimus
1043 4531 1167 4601 styli
1202 4531 1533 4596 aestimator,
1575 4541 1805 4586 testatur
1841 4533 2013 4603 insua
2043 4535 2094 4594 Ι)
2120 4549 2299 4603 operae
2331 4534 2595 4599 scribere,
2647 4535 2763 4588 Nus
2808 4532 2891 4588 vel
2939 4550 2971 4586 a
3012 4532 3103 4586 Nu
3135 4536 3317 4602 geniti,
3365 4532 3701 4594 Valentinus,

436 4626 503 4680 ad
536 4625 882 4679 Theodoram
919 4625 1143 4680 viduam
1179 4626 1436 4694 epistola,
1484 4626 1669 4681 lrenrei
1706 4628 1877 4683 libros
1917 4629 2015 4683 ad-

434 4730 629 4770 versus
663 4716 899 4771 haereses
925 4715 1227 4769 doctissimo
1252 4726 1297 4768 et
1327 4716 1752 4783 eloquentissimo
1779 4734 2015 4772 sermone

434 4808 747 4876 compositos
779 4824 911 4862 esse.
942 4810 1012 4861 At
1049 4808 1153 4862 nisi
1191 4808 1242 4861 in
1276 4807 1457 4877 lingua
1484 4807 1674 4862 Latina
1712 4809 1863 4862 rudis
1897 4825 2015 4862 om-

436 4899 565 4954 nino
598 4898 761 4953 fuerit
786 4899 1171 4971 Hieronymus,
1201 4900 1257 4954 id
1302 4900 1367 4953 de
1402 4898 1615 4953 Latinis
1640 4900 1827 4955 lrenzci
1865 4900 2017 4955 libris

434 5006 536 5045 nec
560 4990 826 5059 cogitare,
867 5006 964 5045 nec
993 5007 1243 5047 asserere
1290 4992 1490 5060 potuit.
1526 4990 1713 5063 Stylus
1748 4992 2013 5062 siquidem

435 5082 701 5135 barbarus
729 5090 833 5145 est,
887 5083 1217 5152 incomptus,
1256 5098 1416 5152 asper
1462 5094 1514 5137 et
1561 5083 1894 5147 salebrosos,
1928 5101 2019 5139 so-

433 5169 699 5227 lmcismis
728 5180 971 5234 scatens,
998 5173 1351 5240 auctorisque
1378 5184 1613 5227 mentem
1641 5175 1826 5229 multis
1854 5175 1906 5228 in
1940 5176 2017 5228 lo-

431 5267 535 5327 eis,
579 5270 674 5316 aut
719 5278 827 5317 non
871 5266 1032 5327 satis,
1079 5275 1171 5318 aut
1217 5266 1359 5320 male
1412 5267 1637 5321 omnino
1679 5268 2012 5337 exprimens.

433 5355 756 5407 lieontrario
782 5366 915 5407 vero
946 5354 1167 5409 Graecus
1202 5366 1406 5421 textus,
1447 5359 1536 5426 qui
1577 5370 1859 5428 superest,
1907 5358 2017 5414 ele-

430 5459 567 5513 gans
595 5454 699 5511 est,
734 5445 937 5498 nitidus
976 5455 1031 5499 et
1058 5448 1260 5513 gravis,
1310 5448 1602 5517 verbisque
1647 5428 1865 5505 constat
1890 5467 2015 5521 pro-

432 5539 590 5607 priis.
638 5538 1099 5608 significantibus,
1135 5554 1197 5593 ac
1231 5552 1342 5594 tum
1375 5543 1442 5595 ad
1478 5558 1566 5598 res
1598 5544 1763 5612 ipsas,
1812 5555 1921 5598 tum
1947 5545 2014 5598 ad

435 5629 622 5683 lrenmi
654 5639 888 5683 mentem
914 5639 967 5684 et
993 5645 1215 5700 scopum
1244 5635 1847 5689 accommodatissimis.
1877 5635 2011 5701 Quis

436 5726 616 5771 autem
656 5719 843 5771 credat
889 5718 1016 5773 hinc
1061 5720 1319 5775 Irenannn
1372 5722 1558 5777 Graece
1613 5724 2010 5789 doctissimum,

434 5808 798 5880 acerrimique
842 5810 1038 5881 judicii
1087 5814 1298 5880 virum,
1342 5814 1522 5885 patrio
1576 5816 1823 5885 neglecto
1870 5818 2006 5873 idio-

2118 4626 2460 4692 Ptolemwus,
2496 4627 2581 4680 vel
2626 4624 2916 4689 Valentini,
2965 4635 3057 4679 aut
3105 4623 3375 4678 Ptolemaei
3416 4626 3703 4689 discipuli;

2118 4732 2279 4784 quam
2310 4719 2398 4785 qui
2429 4726 2550 4769 sunt
2578 4717 2719 4768 circa
2751 4715 2834 4768 vel
2862 4731 2987 4783 erga
3018 4714 3168 4774 Nun,
3196 4713 3562 4779 Ptolema'um,
3589 4713 3703 4766 Va-

2118 4808 2412 4867 lentinum;
2450 4807 2723 4860 ostendere
2761 4822 2931 4874 posse,
2967 4821 3127 4875 quam
3167 4807 3357 4859 habere
3386 4809 3702 4870 ostendere;

2118 4899 2315 4950 creatio
2360 4897 2446 4951 vel
2490 4906 2769 4961 creatura,
2826 4911 2988 4965 quam
3032 4897 3300 4961 conditio;
3358 4898 3700 4965 principium,

2118 5006 2278 5058 quant
2319 4991 2564 5053 initium;
2618 4989 2888 5043 ablativos
2941 4990 3248 5051 absolutos,
3299 5004 3460 5056 quam
3503 4989 3706 5056 geniti-

2118 5096 2236 5146 vos,
2275 5092 2331 5135 et
2362 5091 2619 5135 sexcenta
2662 5080 2963 5145 ejusmodi.
2998 5096 3120 5149 qua:
3153 5080 3390 5149 prapriis
3436 5080 3569 5133 locis
3603 5096 3705 5131 na-

2121 5184 2235 5227 tare
2266 5189 2369 5228 non
2398 5174 2722 5227 omisimus?
2768 5172 2991 5227 Graecus
3038 5184 3159 5228 erat
3201 5173 3523 5225 Ammianus
3554 5172 3703 5226 Alar—

2118 5264 2373 5327 cellinus,
2401 5263 2591 5318 Grmce
2634 5263 2791 5329 longe
2830 5266 3003 5333 magis
3044 5279 3205 5333 quam
3252 5262 3441 5316 Latine
3476 5263 3701 5329 doctus,

2117 5368 2174 5413 et
2206 5359 2330 5411 ideo
2363 5357 2417 5409 in
2445 5356 2511 5410 iis
2540 5372 2660 5426 qua‘
2706 5356 2898 5410 Latine
2942 5356 3157 5425 scripsit
3199 5353 3471 5408 interdum
3494 5353 3703 5407 obscu-

2119 5465 2243 5515 rus;
2279 5449 2589 5504 durioribus
2634 5458 2813 5503 tamen
2858 5448 3122 5516 ejusmodi
3156 5447 3500 5502 llelleuismis
3532 5447 3706 5501 absti-

2119 5545 2258 5598 nuit.
2290 5545 2455 5609 Qnid,
2483 5544 2626 5612 quod
2657 5542 2869 5596 Latinis
2906 5542 3133 5597 vocibus
3162 5556 3225 5594 ea
3262 5540 3567 5610 significata
3603 5540 3706 5593 tri-

2120 5634 2380 5699 buuntur,
2410 5648 2530 5701 qua:
2552 5633 2769 5701 quidem
2803 5633 2993 5687 Graece
3021 5633 3087 5686 iis
3121 5632 3513 5700 respondentes
3538 5631 3702 5685 facile

2120 5728 2432 5792 admittunt,
2453 5728 2581 5795 ipsm
2608 5741 2735 5779 vero
2756 5724 2959 5777 Latina:
2985 5740 3204 5793 prorsus
3237 5724 3533 5793 respuunt?
3561 5721 3702 5775 Per-

2125 5822 2387 5875 transiens
2418 5821 2613 5874 alicubi
2664 5820 2925 5874 scribitur
2963 5834 3064 5889 pro
3096 5818 3312 5889 legendo
3354 5834 3695 5885 percurrens,
