3924 6354
218 331 317 386 29.9

768 331 1228 387 DISSERTATIO
1263 332 1327 398 ll,
1368 333 1534 389 ΛΒΤ.
1572 333 1636 395 ll,
1673 332 1763 387 DE

1895 333 2057 389 ΞΝΑΞΙ
2090 334 2315 391 LIBRIS
2352 334 2511 391 ADV.
2555 336 2917 393 HERESES.

3383 344 3487 400 950

214 444 548 511 perexivimus
576 458 678 512 pro
711 448 1102 508 cuarravimus,
1127 448 1320 511 incipio
1349 446 1445 499 hoc
1470 448 1643 516 facere
1675 464 1798 518 pas-
1829 457 1874 511 Α
1904 466 1962 504 se
2007 452 2176 521 gessit
2227 451 2410 505 lrenmi
2466 453 2760 522 interpres.
2809 452 2866 508 Si
2915 454 3096 524 plures
3141 458 3487 514 occurreriut

213 534 306 587 sim
339 548 438 603 pro
461 536 560 586 hoc
603 535 850 603 {acturus
876 553 1016 599 sum,
1045 536 1355 604 principalis
1384 550 1482 603 pro
1522 538 1795 606 antiquus,

213 628 410 695 aliquid
453 645 556 699 pro
608 632 836 699 partim,
881 641 990 684 etc.
1036 630 1166 694 Quis
1201 632 1253 683 in
1287 632 1371 685 his
1403 640 1457 684 et
1494 631 1618 685 aliis
1649 633 1796 701 ejus-

211 722 346 777 modi
375 724 607 778 vocibus
633 740 741 777 non
782 725 970 793 paucis
995 724 1254 778 Latinum
1290 734 1573 778 auctorem
1603 728 1797 795 depre-

212 816 433 871 hendat?
458 818 600 881 Quis
640 818 820 886 potius
847 819 939 872 hic
974 834 1081 872 non
1122 829 1385 887 agnoscat
1430 817 1682 870 Latinum
1716 819 1799 871 in-

212 916 531 975 terpretem,
575 910 673 963 sed
728 910 1038 977 imperitum
1087 918 1140 961 et
1194 909 1394 963 nullius
1429 909 1647 976 judicii,
1702 910 1797 978 qui

204 1014 307 1066 pra:
339 999 526 1053 oculis
561 1000 770 1054 habens
805 1011 1012 1055 textum
1037 1000 1314 1064 Grzecum,
1354 1012 1407 1056 et
1438 1003 1489 1055 in
1530 1017 1595 1055 eo
1633 1017 1796 1057 voces

205 1091 571 1161 διερχόμενος,
620 1092 991 1164 διεξήλθομεν,
1034 1094 1214 1165 μέλλω
1259 1093 1419 1146 τοῦτο
1468 1097 1661 1157 ποιεῖν,
1698 1096 1799 1167 ἁρ-

204 1186 367 1254 χαῖος,
402 1185 482 1247 τί,
526 1196 663 1248 etc.,
714 1185 996 1253 lexicaque
1042 1186 1231 1255 puerili
1283 1187 1443 1239 modo
1482 1186 1795 1251 consulens,

206 1292 233 1328 e
258 1277 427 1329 variis
449 1277 766 1345 cuicunque
801 1279 918 1331 voci
949 1278 1262 1345 subiunctis
1298 1276 1797 1344 significationibus

205 1384 337 1429 eam,
370 1384 503 1437 qua:
539 1370 694 1436 prius
724 1370 885 1423 obvia
932 1370 1115 1430 fuerit.
1164 1369 1539 1437 imprudenter
1570 1383 1797 1436 accepe-

209 1460 297 1512 rit?
325 1459 470 1526 Quid
515 1460 759 1526 demum,
798 1463 939 1530 quod
980 1461 1161 1516 Latini
1211 1470 1396 1516 textus
1438 1471 1630 1515 auctor
1688 1460 1797 1513 Ire-

207 1551 295 1606 neci
327 1568 560 1607 sensum
612 1554 756 1607 haud
794 1566 1098 1618 assecutus,
1140 1555 1347 1608 alienos
1389 1570 1529 1623 Saepe
1555 1554 1797 1622 affingit?

204 1646 277 1697 Au
324 1647 392 1698 de
444 1647 671 1713 propria
718 1656 903 1701 mente
933 1648 1029 1715 ipsi
1084 1649 1284 1701 lremeo
1323 1664 1426 1701 non
1470 1647 1795 1702 constabat?

204 1736 353 1791 Certe
401 1739 625 1793 erroris
667 1738 775 1792 alia
830 1754 994 1792 causa
1045 1754 1167 1793 esse
1222 1756 1326 1793 non
1375 1741 1577 1809 potuit,
1629 1756 1793 1807 quam

204 1832 335 1897 qude
374 1830 663 1899 interpres
700 1839 797 1884 aut
839 1832 1036 1885 vitioso
1070 1831 1260 1885 codice
1296 1830 1488 1886 Cra-co
1518 1847 1667 1899 usus,
1700 1842 1795 1885 aut

202 1921 567 1977 similitudine
613 1938 815 1976 vocum
861 1923 1122 1991 deceptus
1166 1924 1308 1978 male
1369 1924 1582 1994 legerit,
1643 1926 1725 1979 vel
1764 1941 1793 1979 a

201 2013 519 2069 Graecorum
582 2030 747 2070 sensu
805 2016 1069 2069 oberrans
1115 2016 1352 2070 alienum
1410 2018 1782 2085 supposuerit.

204 2108 473 2163 Sescenta
513 2107 783 2176 ejusmodi
824 2108 1070 2177 exempla
1110 2110 1524 2164 observavimus
1557 2111 1608 2163 in
1656 2114 1796 2168 notis

200 2200 418 2253 nostris.
454 2197 554 2253 Sic
593 2200 863 2253 interdum
893 2214 988 2269 pro
1019 2198 1163 2267 φυτὰ
1207 2200 1334 2268 legit
1358 2199 1549 2267 φύλλα,
1581 2201 1793 2268 γένεσιν

199 2305 287 2359 pro
320 2289 512 2359 φύσιν,
549 2290 630 2343 ἔτι
672 2307 770 2359 pro
793 2293 896 2355 ὅτι,
925 2291 1158 2344 ἑκάστου
1193 2308 1289 2360 pro
1322 2291 1575 2362 ἐσχάτου,
1609 2295 1795 2366 τρόπῳ

198 2399 287 2452 pro
318 2384 500 2453 τόπῳ,
606 2398 703 2452 pro
726 2384 781 2452 ἡ,
812 2384 869 2449 ἐξ
915 2380 983 2455 ἧς
1007 2399 1105 2453 pro
1134 2382 1280 2453 ἑξῆς,
1312 2386 1413 2439 888
1441 2401 1538 2452 pro
1565 2384 1792 2455 Ἰησοῦς,

198 2477 345 2544 quasi
404 2476 647 2545 singulae
696 2476 860 2544 hujus
911 2477 1060 2531 vocis
1114 2476 1311 2531 litterre
1370 2478 1617 2532 totidem.
1652 2490 1794 2533 notae

195 2569 563 2622 arithmeticae
593 2577 803 2632 essent,
855 2578 906 2622 et
958 2568 1062 2621 alia
1117 2569 1388 2636 ejusmodi
1454 2570 1645 2624 multa.
1684 2571 1793 2625 Sed

194 2656 371 2714 Latini
420 2660 571 2714 illius
602 2659 961 2714 balluciuatio
1011 2660 1065 2714 in
1112 2662 1331 2714 nomine
1384 2662 1682 2732 Ἐπιφανὴς
1708 2664 1795 2717 hic

196 2754 370 2806 omitti
420 2768 533 2806 non
585 2751 774 2805 debet.
817 2752 1139 2807 Arbitratus
1200 2751 1589 2821 appellativum
1644 2768 1786 2819 esse,

197 2846 360 2898 vertit
386 2845 610 2907 clarus;
642 2860 764 2896 cum
809 2853 1019 2898 certum
1056 2845 1125 2898 sit
1168 2844 1408 2898 haeretici
1434 2859 1629 2899 nomen
1664 2861 1793 2914 pro-

200 2935 370 3005 prium
409 2949 558 2995 esse,
611 2933 767 3002 cujus
813 2937 1141 2987 sententiam
1183 2933 1347 2987 refert
1384 2935 1624 2988 Irenaeus
1651 2934 1722 2989 lib
1753 2953 1790 3002 ι,

197 3045 244 3081 c.
274 3030 356 3087 ll,
384 3044 442 3080 n.
474 3027 532 3081 5.
573 3027 707 3079 Tam
754 3026 1010 3080 immanis
1044 3042 1205 3079 error
1238 3026 1291 3080 in
1324 3027 1589 3081 lremeum
1615 3027 1789 3096 ipsum

198 3120 431 3176 conferri
487 3133 601 3174 non
660 3127 865 3187 potest,
932 3118 1017 3172 cui
1070 3128 1219 3172 certe
1267 3119 1334 3171 de
1379 3119 1597 3175 nomine
1642 3119 1863 3211 illiusc

198 3230 353 3282 quem
384 3211 820 3281 perstringebat,
850 3211 1020 3279 probe
1058 3211 1364 3274 constabat,
1390 3226 1513 3264 cum
1550 3212 1789 3267 maxime

197 3305 383 3359 ὕπερθε
416 3314 469 3359 et
508 3303 705 3357 Latine
740 3304 880 3355 idem
916 3303 1008 3356 sit.
1040 3301 1095 3355 lu
1138 3303 1451 3370 imperitum
1496 3303 1665 3371 igitur
1705 3308 1790 3358 in-

201 3405 498 3465 terpretem
543 3394 874 3447 refuudatur
920 3408 1145 3448 necesse
1183 3404 1285 3448 est.
1322 3394 1379 3447 5°
1420 3394 1475 3449 Si
1509 3394 1705 3449 Latine
1736 3404 1792 3449 et

202 3492 258 3543 in
287 3490 520 3560 gratiam
562 3487 885 3541 Latinorum
919 3487 1229 3556 scripsisset
1273 3486 1529 3550 lremeus,
1566 3486 1790 3542 Latinos

201 3585 377 3652 potius
415 3597 583 3650 quam
632 3581 853 3635 Griecos
896 3588 1148 3633 auctores
1185 3579 1438 3644 citasset;
1484 3578 1662 3635 nullos
1710 3588 1790 3633 la-

204 3692 321 3729 meu
354 3678 469 3731 sive
511 3689 727 3738 saeros,
774 3673 891 3727 sive
924 3672 1189 3739 profanos
1229 3672 1295 3724 ab
1321 3687 1386 3725 eo
1412 3672 1656 3726 laudatos
1708 3688 1790 3729 re-

204 3771 405 3839 perias,
452 3769 561 3823 nisi
595 3768 843 3823 Graecos.
883 3764 995 3830 Sic,
1044 3774 1106 3817 ut
1156 3762 1326 3816 multa
1368 3763 1584 3828 sileam,
1619 3763 1713 3818 lib.
1748 3780 1787 3829 ι,

202 3878 320 3931 cap.
373 3864 428 3929 9,
484 3870 776 3916 centonem
830 3872 897 3911 ex
950 3854 1166 3909 Homeri
1219 3853 1468 3908 versibus
1526 3856 1786 3909 contexit.

204 3956 357 4008 Certe
376 3952 633 4021 quisquis
660 3950 858 4004 Latine
886 3948 1225 4016 scripsisset,
1263 3943 1552 4013 Virgilium
1585 3949 1786 4016 potius,

204 4054 295 4096 aut
324 4044 565 4111 aliquem
594 4040 764 4093 alium
801 4048 1017 4107 poetam
1058 4034 1270 4088 Latinis
1310 4034 1640 4090 familiarem
1671 4037 1788 4091 ele‘

204 4138 383 4204 gisset,
419 4146 476 4187 ut
500 4150 569 4186 ex
595 4148 661 4186 eo
685 4141 978 4185 centonem
1006 4128 1321 4182 conficeret.
1346 4127 1588 4196 Denique
1616 4129 1705 4182 lib.
1732 4145 1786 4193 v,

204 4241 319 4293 cap.
352 4224 444 4287 50,
477 4223 549 4277 de
575 4220 908 4277 Antichristi
945 4218 1259 4272 nominibus
1296 4219 1616 4287 disputans,
1662 4221 1786 4288 qui-

202 4319 296 4370 bus
326 4316 709 4370 coutinebitnr
747 4326 1014 4366 numerus
1039 4311 1163 4376 666,
1210 4328 1272 4366 ea
1310 4312 1577 4365 duntaxat
1602 4326 1789 4367 exeru-

204 4411 268 4476 pli
312 4424 479 4465 causa
529 4406 740 4474 profert
781 4421 905 4475 qua:
944 4406 1081 4458 adeo
1123 4404 1312 4458 Graica
1362 4412 1531 4468 sunt,
1578 4415 1634 4458 ut
1684 4407 1785 4460 nisi

1902 557 2117 603 versus,
2150 541 2340 596 Latine
2374 553 2617 609 tantum;
2672 546 2719 598 si
2770 561 2908 599 unus
2955 555 3049 600 aut
3089 547 3248 612 alter,
3295 547 3487 604 Graece

1901 642 1954 685 et
1987 632 2199 697 Latine,
2236 634 2397 702 idque
2441 636 2653 689 duobus
2710 638 2762 688 in
2816 637 2953 692 locis
3016 640 3305 703 duntaxat,
3342 642 3489 695 scri-

1902 726 2024 792 psit.
2064 724 2220 790 Quod
2257 726 2451 779 attinet
2494 729 2561 781 ad
2604 728 2925 799 interpretis
2974 746 3190 795 nomen,
3218 732 3360 787 haud
3388 733 3485 787 ad-

1905 818 2068 869 vertit
2106 818 2391 883 Erasmus,
2428 819 2795 887 ubjectionem
2830 838 2924 877 eos
2969 839 3033 877 ex
3078 840 3232 894 aequo
3272 836 3482 895 petere,

1901 912 1992 977 qui
2024 920 2247 965 censent
2284 910 2533 966 Graecum
2569 922 2784 978 textum
2821 930 3028 968 meram
3072 917 3483 985 interpretatio-

1903 1017 2026 1054 nem
2073 1017 2235 1065 esse;
2288 1016 2465 1070 neque
2510 1004 2655 1057 enim
2706 1004 2771 1057 iis
2822 1003 3039 1059 facilius
3097 1017 3182 1059 est
3239 1008 3482 1063 indicare

1899 1093 2077 1148 Grmci
2123 1096 2437 1162 interpretis
2480 1111 2697 1156 nomen,
2755 1112 2916 1165 quam
2962 1100 3085 1152 aliis
3136 1099 3337 1158 Latini.
3372 1100 3481 1157 Sed

1902 1201 2025 1238 cum
2065 1186 2227 1254 paulo
2264 1188 2487 1255 majoris
2519 1188 2851 1242 diﬂicultatis
2881 1192 3065 1260 Specie
3107 1194 3175 1246 ab
3222 1196 3486 1249 eruditis-

1901 1278 2057 1332 simis
2086 1280 2410 1347 quibusdam
2460 1281 2593 1335 viris
2628 1282 2901 1348 objectum
2943 1285 3145 1349 audivi,
3187 1287 3278 1339 vix
3304 1288 3484 1342 credi-

1901 1368 2010 1421 bile
2039 1384 2159 1423 esse
2192 1369 2456 1425 Irenmum
2482 1373 2573 1440 qui
2613 1370 2865 1443 Lugduni
2897 1375 3147 1445 degebat,
3181 1378 3270 1432 ubi
3303 1378 3482 1434 nullus

1901 1460 2096 1529 lingua:
2147 1461 2351 1516 firmem
2396 1479 2527 1518 usus
2576 1475 2717 1528 erat,
2763 1469 2964 1535 quique
3000 1467 3054 1520 in
3105 1469 3336 1538 gratiam
3377 1468 3483 1521 Lu-

1899 1552 2260 1618 gdunensium
2294 1568 2514 1606 suorum
2547 1555 2858 1615 scribebat,
2911 1572 3141 1626 quorum
3188 1560 3322 1614 fines
3367 1559 3480 1628 jam

1901 1646 2143 1699 subierat
2184 1646 2449 1701 Marcosia
2505 1646 2656 1711 lues,
2718 1663 2784 1703 eo
2831 1664 3086 1704 sermone
3149 1653 3479 1721 scripturum

1901 1754 2063 1806 quem
2096 1740 2275 1794 nullus
2322 1741 2706 1796 intellexisset.
2749 1742 2821 1796 At
2868 1743 2942 1797 illi
2984 1757 3299 1814 supponunt
3338 1750 3482 1816 quod

1900 1832 1967 1883 ab
1997 1832 2114 1900 ipso
2155 1833 2341 1887 limine
2374 1834 2717 1902 probandum
2760 1836 3043 1896 incumbit.
3091 1838 3345 1894 videlicet
3388 1856 3484 1908 po-

1901 1922 2166 1975 tissimum
2206 1925 2306 1978 hoc
2340 1924 2544 1978 Irenaeo
2587 1926 2875 1980 consilium
2926 1927 3113 1995 fuisse,
3160 1940 3218 1984 ut
3265 1930 3318 1984 in
3360 1947 3486 2000 gra-

1902 2013 2033 2064 tiam
2070 2012 2515 2084 Lugdunensium
2549 2015 2840 2068 scriberet.
2878 2014 3181 2084 Scripsisse
3222 2028 3282 2071 ut
3318 2019 3483 2073 amici

1897 2101 2179 2171 cujusdam
2230 2109 2487 2174 precibus
2532 2106 2962 2176 obsequeretur,
3017 2108 3245 2177 singula:
3290 2111 3484 2179 cuique

1898 2198 2035 2252 libro
2058 2198 2296 2266 praefixa:
2331 2194 2685 2266 praefationes
2722 2196 3127 2251 demonstrant.
3154 2196 3325 2253 Porro
3347 2201 3486 2254 ami-

1896 2304 2021 2343 cum
2061 2288 2209 2341 illum
2256 2288 2509 2343 Graecum
2545 2288 2852 2352 exstitisse,
2902 2302 3009 2341 non
3039 2287 3482 2360 Lugdunensem,

1898 2381 2056 2450 longe
2091 2379 2433 2448 probabilius
2472 2380 2708 2435 videtur.
2744 2378 2929 2448 Neque
2974 2381 3120 2435 enim
3156 2382 3244 2437 hic
3273 2382 3342 2436 ab
3372 2380 3487 2437 Ire-

1900 2488 2018 2525 meo
2047 2471 2327 2540 qumrebat
2354 2486 2605 2541 quaenam
2636 2483 2781 2526 esset
2810 2471 2888 2524 Ma
2902 2471 3229 2535 rcosiorum,
3248 2474 3341 2543 qui
3378 2472 3485 2529 soli

1896 2564 2099 2619 Gallias
2138 2564 2498 2627 infestabant,
2553 2564 2647 2617 sed
2695 2561 3145 2618 Ptolemaitarum
3188 2565 3485 2629 sententia,

1897 2667 2043 2710 utex
2088 2656 2213 2711 libri
2256 2657 2419 2726 primi
2470 2655 2803 2711 Prtefatioue
2849 2668 3089 2713 constat.
3136 2657 3363 2714 Certum
3401 2668 3484 2714 est

1896 2759 2077 2802 autem
2098 2748 3106 2815 Ptolemaitarum,Valentinianorum,
3131 2750 3238 2804 imo
3263 2759 3317 2805 et
3334 2750 3486 2820 ipso-

1898 2858 2018 2895 rqu
2047 2841 2465 2907 Marcosiorum,
2493 2853 2932 2910 caeterorumque
2959 2841 3350 2896 Gnosticorutn
3375 2844 3487 2896 bte-

1896 2935 2025 2996 resi,
2063 2948 2225 3001 quam
2258 2932 2659 3002 explanandam
2709 2942 2763 2987 et
2804 2932 3193 2987 confutandam
3224 2934 3330 2987 sibi
3364 2948 3485 2987 sus-

1896 3036 2115 3093 ceperat
2172 3024 2445 3092 lrenmus,
2504 3024 2666 3095 longe
2715 3027 2968 3080 acerbius
3026 3035 3250 3080 vexatas
3312 3023 3487 3079 fuisse

1894 3119 2223 3181 Orientales,
2278 3117 2392 3191 [Cl]
2450 3132 2612 3187 quam
2664 3116 3046 3172 Occidentales
3104 3117 3416 3186 provincias
3466 3136 3479 3170 :

1896 3214 2032 3265 adeo
2063 3222 2122 3265 ut
2156 3212 2242 3265 his
2268 3212 2461 3279 scripti
2500 3210 2747 3264 remedio
2774 3210 3066 3263 consulere
3100 3210 3337 3263 voluerit
3368 3208 3481 3262 Ire-

1896 3319 2067 3367 uazus,
2128 3302 2313 3371 potius
2361 3318 2521 3371 quam
2582 3302 2712 3364 illis,
2774 3302 2972 3370 quibus
3018 3302 3134 3369 ipse
3182 3317 3369 3356 coram
3428 3312 3484 3358 et

1894 3394 2015 3446 viva
2052 3408 2184 3447 voce
2216 3391 2378 3446 facile
2409 3392 2615 3447 mederi
2661 3400 2896 3460 poterat.
2951 3392 3057 3446 Sed
3090 3401 3229 3455 esto,
3276 3392 3485 3447 amicus

1893 3486 1985 3540 ille
2018 3486 2161 3554 apud
2191 3484 2414 3539 Latinos
2444 3486 2640 3554 egerit,
2684 3500 2789 3537 non
2832 3485 2882 3538 id
2918 3494 3099 3537 tamen
3132 3485 3480 3538 adversario-

1893 3592 2017 3631 rum
2047 3591 2232 3632 causa:
2258 3577 2600 3646 profuturum
2641 3586 2793 3645 puto.
2822 3576 2960 3643 Quid
2994 3578 3139 3631 enim
3183 3578 3228 3631 si
3260 3578 3367 3643 ille,
3409 3580 3479 3631 li-

1892 3680 1981 3726 cet
2007 3674 2150 3742 apud
2176 3671 2403 3727 Latinos
2452 3673 2674 3740 degens,
2704 3670 2927 3725 Graccus
2972 3670 3173 3740 aliquis
3204 3672 3477 3725 exstiterit

1892 3782 1958 3820 ex
1988 3781 2179 3819 eorum
2213 3780 2467 3827 numero,
2512 3765 2605 3833 qui
2638 3781 2760 3820 cum
2809 3763 3044 3817 Pothino
3077 3762 3161 3816 vel
3197 3763 3398 3818 lrcna‘o
3422 3764 3480 3818 in

1891 3856 2245 3911 Occidentem
2292 3854 2598 3909 venerant?
2648 3852 2768 3907 Jam
2820 3854 2929 3906 ruit
2976 3853 3180 3917 omnis,
3215 3870 3336 3922 qua:
3378 3856 3479 3907 fiu-

1892 3952 2060 4021 gitur,
2094 3949 2395 4004 necessitas
2426 3948 2701 4003 scribendi
2738 3946 2951 4002 Latine.
2980 3946 3190 4015 Quippe
3225 3946 3274 4000 id
3312 3964 3475 4000 unum

1891 4044 1992 4098 sibi
2024 4044 2200 4113 primo
2241 4053 2605 4111 proposuerat
2644 4037 2913 4101 Irettwus,
2969 4048 3027 4092 ut
3075 4040 3192 4108 ipse
3236 4040 3480 4094 declarat

1891 4134 1943 4187 in
1981 4130 2306 4186 Praefatione
2333 4131 2455 4183 libri
2497 4130 2683 4198 primi,
2734 4138 2793 4181 ttt
2834 4129 3033 4181 breves
3064 4126 3131 4179 ad
3160 4142 3285 4180 eum
3324 4142 3476 4180 COlIt-

1890 4227 2195 4280 mentarios
2215 4234 2273 4280 et
2304 4223 2470 4277 veluti
2501 4221 2876 4276 memorialem
2906 4221 3203 4291 quemdam
3234 4219 3473 4273 libellum

1890 4320 2156 4380 mitteret,
2205 4320 2257 4371 in
2294 4332 2399 4386 quo
2431 4316 2617 4384 paucis
2650 4312 2918 4383 explicata
2961 4311 3472 4366 Valentiuiauorutn

1890 4412 2189 4471 sententia,
2218 4417 2546 4479 argumenta
2577 4408 2823 4476 qumdam
2858 4405 2924 4458 ad
2956 4404 3097 4457 hanc
3122 4401 3471 4457 evertendam

204 4502 382 4557 Grzece
412 4503 759 4562 scribantur,
790 4514 1004 4551 summa
1035 4512 1141 4549 non
1169 4506 1443 4550 occurrat.
1479 4496 1629 4550 Talia
1662 4509 1786 4551 sunt
1817 4504 1864 4562 D
1891 4513 2194 4573 opportuna
2243 4510 2556 4571 suggereret
2582 4517 2594 4552 :
2621 4511 2675 4551 ut
2701 4508 2748 4551 et
2772 4500 2860 4553 ille
2899 4506 3220 4564 cognoscens
3263 4503 3475 4561 porten-

204 4594 550 4657 ΕΥΑΝΘΑΣ,
596 4590 976 4654 ΛΑΤΕΙΝΟΣ,
1030 4588 1326 4656 TElTAN,
1370 4604 1490 4658 qua:
1524 4590 1568 4644 si
1604 4591 1790 4647 Latine

204 4695 428 4759 scribas,
476 4694 597 4762 jam
652 4705 916 4745 numerus
974 4691 1041 4743 ad
1102 4704 1298 4742 nomen
1330 4704 1435 4740 nun
1479 4687 1787 4756 quadrabit.

203 4789 326 4856 Quis
354 4799 516 4859 putet
536 4785 732 4839 Latine
770 4784 1102 4838 scribentem
1154 4783 1342 4836 Graeca
1378 4781 1597 4834 nomina
1631 4780 1790 4851 longe

204 4883 597 4949 quaesiturum,
658 4890 782 4930 cum
831 4874 1026 4928 Latina
1086 4873 1241 4942 plura
1292 4882 1398 4926 tam
1454 4872 1611 4927 facile
1659 4872 1787 4941 litigi

203 4974 546 5039 potuissent,
598 4980 666 5020 ex
716 4964 916 5035 quibus
966 4963 1110 5018 idem
1147 4976 1410 5018 numerus
1466 4963 1645 5031 colligi
1689 4977 1786 5031 po-

203 5067 437 5119 luisset?

267 5159 353 5212 52.
400 5157 546 5209 Duas
610 5148 835 5204 Erasmi
892 5145 1329 5214 objectiunculas
1392 5161 1497 5201 non
1563 5160 1785 5211 moror,

206 5255 340 5321 quod
394 5253 664 5306 nimirum
721 5261 924 5301 versus
976 5246 1184 5315 aliquot
1237 5245 1461 5299 Graecos
1521 5242 1786 5296 admistos

207 5346 480 5400 videamus
513 5340 705 5395 lremei
736 5340 917 5402 libris,
955 5349 1009 5392 et
1046 5337 1193 5407 quod
1238 5336 1421 5390 nullus
1464 5334 1787 5389 iudicaverit

206 5438 519 5509 interpretis
568 5450 792 5489 norneu.
856 5434 1116 5487 Liberum
1158 5432 1428 5500 siquidem
1486 5440 1569 5484 est
1617 5428 1787 5482 inter-

206 5531 459 5595 pretibus,
490 5530 537 5582 si
568 5541 710 5593 quos
754 5522 1039 5579 offendant
1086 5533 1369 5591 poetarum
1409 5535 1600 5576 versus
1635 5521 1787 5575 (iraa-

207 5636 308 5683 cos,
339 5638 434 5675 eos
467 5621 552 5674 vel
593 5618 790 5672 Latine
822 5618 1105 5680 duntaxat,
1138 5614 1219 5668 vel
1255 5613 1479 5680 majoris
1502 5614 1783 5685 ἐνεργείας

208 5730 356 5769 causa
390 5715 585 5771 Graece
621 5721 679 5765 et
716 5710 911 5763 Latine
947 5708 1176 5769 referre,
1212 5706 1518 5774 przesertim
1551 5707 1593 5757 si
1629 5705 1783 5771 pauci

211 5807 304 5860 sint
331 5817 381 5859 et
403 5805 705 5872 elegantes.
734 5798 993 5868 Exempla
1025 5798 1187 5853 obvia
1214 5805 1362 5851 sunt.
1398 5795 1600 5851 Eodem
1629 5796 1786 5850 modo

1892 4593 2198 4645 tuosissima
2243 4603 2291 4645 et
2342 4591 2611 4644 altissima
2656 4590 3034 4642 haereticorum
3085 4588 3357 4655 mysteria,
3413 4602 3475 4638 ea

1892 4687 2173 4749 omnibus,
2213 4686 2305 4754 qui
2351 4699 2468 4736 cum
2514 4699 2574 4736 eo
2618 4692 2803 4745 erant,
2842 4678 3127 4745 manifesta
3168 4677 3388 4746 faceret,
3426 4686 3475 4729 et

1890 4779 2195 4845 pratcipert’t
2219 4779 2294 4831 eis
2335 4778 2609 4830 observare
2631 4792 2685 4829 se
2721 4794 2751 4827 α
2775 4774 3041 4843 profundo
3071 4772 3473 4837 insensulionis,

1890 4879 1937 4922 et
1987 4872 2125 4937 ejus,
2166 4887 2285 4939 qua:
2335 4879 2410 4923 est
2465 4870 2520 4922 in
2569 4868 2761 4931 Deum,
2813 4864 3303 4934 blasphemationis.
3339 4862 3478 4917 llinc

1891 4972 2076 5032 postea
2126 4963 2381 5017 hortatur
2436 4976 2598 5023 eum,
2643 4970 2701 5013 ut
2732 4974 2830 5029 pro
2866 4974 2950 5021 ea,
2999 4973 3105 5027 qua
3158 4956 3474 5025 prmstabat,

1892 5054 2208 5107 eruditione
2248 5061 2471 5121 accepta
2512 5049 2721 5104 semina
2772 5061 2827 5103 et
2869 5049 3025 5103 initia
3074 5047 3474 5115 amplificaret,

1890 5155 1945 5200 et
1974 5160 2095 5213 quae
2129 5144 2319 5212 paucis
2350 5154 2403 5197 et
2452 5141 2688 5196 invnltde
2728 5141 2873 5196 dicta
2922 5149 3099 5199 erant,
3130 5138 3356 5193 uberius
3380 5153 3478 5191 ex-

1892 5235 2143 5303 plicaret,
2179 5245 2230 5287 et
2253 5234 2526 5302 patentius
2559 5242 2831 5287 assereret
2868 5232 2934 5286 iis
2957 5233 3043 5301 qui
3075 5246 3273 5283 cuuteo
3301 5240 3472 5282 erant.

1892 5329 1959 5382 Et
2005 5329 2057 5381 in
2114 5328 2221 5380 fine
2258 5327 2379 5379 libri
2424 5325 2609 5393 primi,
2660 5326 2725 5379 de
2771 5324 2959 5378 eadem
3012 5323 3205 5378 ha:resi
3258 5336 3426 5391 agens
3465 5338 3479 5370 :

1890 5421 2078 5474 Canuti
2118 5436 2299 5473 sumus
2346 5435 2461 5482 nos,
2515 5417 2710 5487 inquit,
2754 5419 3053 5471 universum
3087 5416 3226 5468 ntule
3259 5429 3473 5481 compo-

1889 5516 2005 5569 sita:
2028 5513 2315 5583 vulpecula:
2367 5512 2526 5578 hujus
2563 5510 2939 5576 corpusculum
2986 5508 3040 5560 in
3076 5506 3308 5559 medium
3345 5521 3479 5571 pre-

1890 5616 2099 5670 ducere,
2125 5618 2172 5660 et
2205 5623 2298 5675 per
2322 5617 2370 5658 te
2395 5606 2570 5673 facere
2605 5605 2963 5671 manifestum.
3002 5602 3129 5655 Jam
3155 5617 3258 5653 non
3288 5590 3472 5651 multis

1890 5716 2020 5767 Opus
2064 5701 2161 5753 erit
2206 5697 2534 5752 sermonibus
2589 5694 2658 5747 ad
2696 5697 3029 5747 avertendum
3058 5692 3353 5745 doctrinam
3382 5704 3471 5741 co-

1890 5812 2007 5848 rum
2045 5794 2378 5863 manifestam
2428 5794 2667 5848 omnibus
2715 5791 3030 5859 factum”...
3064 5786 3221 5839 Adest
3249 5783 3384 5837 enim
3418 5791 3469 5837 et
