3924 6354
392 350 397 353 ’
454 366 553 421 ssi

1268 364 1864 423 DISSERTATIONES
1898 364 2203 422 PRAIVIJE
2238 366 2305 421 IN
2338 366 2593 422 IREN/EI
2636 362 2903 422 LIBROS.

3613 368 3727 425 232

456 485 574 542 ubi.
619 496 667 537 et
703 485 946 539 omnibus
977 487 1064 555 qui
1109 494 1278 539 tecum
1305 500 1450 550 sunt,
1484 489 1554 540 ad
1594 490 1705 541 tm
1738 504 1857 557 quin
1895 504 2037 557 prw-
2066 490 2117 549 Α
2146 487 2421 556 quispiam
2454 486 2638 556 potius
2677 486 2987 550 exstiterit,
3035 482 3210 539 Latini
3251 485 3524 540 sermonis
3560 486 3726 554 plane

458 578 599 629 tlirta
637 587 758 631 sunt
793 579 1047 643 exerceri,
1086 587 1135 631 et
1168 588 1392 633 evertere
1419 595 1639 649 nequam
1671 581 1906 648 ipsorum
1946 580 2041 633 do-

456 669 661 725 ctrinas
682 672 1002 734 inconditas.
1030 682 1079 727 et
1098 684 1222 740 apta
1248 674 1454 727 veritati
1473 674 1743 729 ostendere
1766 675 2036 744 dogmata.

462 764 539 817 Ex
574 763 774 833 quibus
811 764 1067 834 colligere
1107 765 1236 819 licet
1277 768 1421 834 quod
1479 765 1611 829 dixi,
1659 766 1762 820 hoc
1808 767 2038 834 prinnnn

462 853 671 911 Irenaeo
702 856 994 910 consilium
1032 855 1224 921 fuisse,
1255 874 1363 911 non
1394 868 1502 911 tam
1539 859 1757 928 scriptis
1809 857 2040 927 publicis

462 946 902 1001 Valentinianam
931 948 1181 1002 hmresim
1211 947 1519 1013 confutare,
1559 964 1722 1017 quam
1763 964 2039 1003 commen-

462 1038 622 1091 tariis
664 1040 918 1105 privatim
947 1038 1012 1091 ad
1039 1038 1273 1089 amicum
1309 1038 1488 1091 missis
1520 1039 1707 1106 ἐφόδια
1739 1036 1942 1101 δοῦναι,
1979 1048 2037 1093 ιιι

461 1129 576 1198 ipse
600 1130 701 1194 ait,
728 1130 863 1201 πρὸς
884 1128 944 1181 τὸ
977 1128 1331 1182 ἐπιδεικνύειν
1362 1127 1532 1201 αὐτὴν
1564 1129 1751 1200 ψευδῆ,
1787 1130 2040 1184 submini-

460 1221 797 1284 strationem,
847 1220 954 1284 vel,
1004 1230 1062 1273 ut
1105 1221 1231 1274 alibi
1278 1219 1555 1288 loquitur,
1598 1223 1898 1275 occasiones
1940 1238 2035 1276 seu

468 1323 792 1379 argumenta
840 1313 1177 1379 suppeditare
1226 1312 1295 1364 ad
1338 1311 1630 1375 falsitatem
1686 1314 1850 1379 ipsius
1894 1330 2039 1367 rom-

460 1406 900 1469 monstraudam;
936 1415 989 1458 ut
1021 1416 1069 1459 et
1102 1405 1191 1458 ille
1217 1406 1493 1474 efﬁcaciter
1514 1406 1730 1476 reliquis
1761 1408 2036 1460 ministra-

458 1509 556 1559 ret,
582 1500 871 1550 secundum
914 1498 1143 1568 gratiam
1183 1515 1303 1566 qute
1325 1500 1372 1551 ei
1396 1515 1427 1550 α
1464 1498 1689 1552 Domino
1736 1501 1861 1553 data
1898 1512 2033 1558 erat.

457 1586 579 1652 Quo
609 1590 907 1656 Supposito,
948 1589 1060 1659 jam
1105 1588 1238 1642 nihil
1285 1604 1505 1644 necesse
1542 1589 1704 1643 fuerit
1751 1592 2034 1658 Irenaeum,

458 1677 587 1733 licet
629 1681 904 1735 inGailiis
948 1682 1304 1747 scribentem,
1358 1691 1415 1735 et
1464 1682 1518 1735 in
1578 1684 1810 1751 gratiam
1873 1686 2034 1740 amici

459 1772 601 1839 apud
630 1770 858 1827 Latinos
882 1772 1153 1841 degentis,
1184 1770 1377 1825 Latine
1406 1773 1716 1841 scripsisse.
1746 1774 1893 1830 Satis
1918 1784 2036 1828 erat

458 1865 605 1918 hunc
630 1878 691 1917 ea
722 1878 844 1933 quae
885 1864 987 1919 sibi
1040 1865 1213 1919 instar
1250 1865 1580 1920 memorialis
1607 1866 1888 1933 cujusdam
1915 1868 2036 1923 libri

458 1956 901 2020 destinabantur,
936 1956 1274 2025 intelligere;
1302 1957 1490 2010 eadem
1517 1957 1777 2025 deinceps
1804 1958 2041 2014 uberiori

458 2063 737 2113 sermone,
783 2064 883 2118 pro
920 2052 1043 2101 data
1092 2050 1406 2112 occasione,
1463 2050 1585 2103 aliis
1617 2049 2038 2118 explicaturum.

454 2139 802 2209 Propositum
828 2142 1074 2210 quidem,
1105 2152 1163 2195 ut
1188 2145 1444 2212 superius
1481 2142 1689 2197 dictum
1720 2150 1822 2204 est,
1851 2153 2040 2208 postea

458 2228 689 2284 Imitavit
713 2226 973 2289 Irenazus.
998 2240 1048 2282 et
1086 2247 1183 2299 pro
1218 2232 1473 2286 brevibus
1505 2232 1939 2295 commentariis,
1972 2230 2038 2283 ad

456 2321 681 2389 majoris
733 2337 869 2391 opus
923 2323 1084 2377 molis
1145 2324 1390 2377 animum
1452 2324 1696 2394 appulit;
1748 2326 1842 2378 sed
1892 2324 2035 2393 quod

457 2411 646 2467 Grmce
700 2415 949 2467 scribere
1000 2425 1276 2483 cmperat,
1326 2432 1430 2469 non
1488 2427 1776 2486 propterea
1846 2416 2037 2471 Graece

455 2505 701 2559 scribere
726 2506 973 2562 destitit;
997 2509 1347 2562 continuavit
1386 2510 1588 2576 potius,
1624 2520 1771 2562 ratus
1802 2511 2036 2562 amicum

402 2620 403 2629 ι
455 2596 651 2653 Latine
682 2598 1103 2670 explicaturum,
1151 2612 1247 2655 aut
1286 2604 1450 2655 etiam
1476 2618 1873 2657 conversurum
1918 2622 2037 2674 qua:

456 2694 561 2748 sibi
600 2694 789 2749 Grazca
822 2695 1199 2750 mittebantur.
1242 2697 1359 2750 Erit
1394 2697 1535 2752 forte
1571 2698 1663 2767 qui
1707 2713 1792 2752 me
1831 2700 2037 2753 diutius

456 2783 513 2838 in
542 2785 649 2847 his.
677 2800 841 2854 quam
872 2800 973 2855 par
1000 2786 1091 2850 sit,
1123 2786 1467 2842 immoratum
1508 2803 1626 2842 esse
1645 2801 2034 2858 conqueratur,

454 2893 581 2930 cum
612 2876 727 2945 jam
762 2879 1105 2933 communior
1144 2880 1217 2934 sit
1261 2881 1406 2935 inter
1454 2884 1700 2937 eruditos
1738 2886 2031 2948 sententia,

460 2971 724 3024 Irenzeum
750 2969 942 3026 Graece
966 2972 1275 3038 scripsisse.
1305 2972 1412 3027 Sed
1444 2988 1565 3026 cum
1590 2974 1772 3042 plures
1791 2971 2033 3027 offende-

457 3061 561 3113 rim
585 3061 738 3114 viros
768 3058 958 3115 Graece
1008 3071 1062 3115 et
1096 3060 1287 3116 Latine
1327 3063 1692 3129 doctissimos,
1726 3065 1818 3133 qui
1854 3064 1903 3116 id
1932 3066 2033 3117 ad-

2146 579 2296 631 rudis
2347 594 2445 633 nec
2467 579 2758 632 admodum
2790 577 2904 630 aeri
2926 576 3158 647 judicio,
3203 578 3297 647 qui
3328 591 3359 631 e
3384 576 3594 632 Graecis
3621 578 3722 630 bo-

2143 668 2228 722 nis
2258 669 2454 725 Latina
2487 672 2627 725 mala
2661 670 2890 733 fecerit,
2927 670 3245 738 alienasque
3283 683 3475 723 sensus
3507 669 3724 721 auctori

2140 775 2243 816 suo
2280 780 2384 818 non
2420 765 2589 819 semel
2634 762 2929 821 alliuxerit.
2973 764 3045 819 At
3084 762 3335 830 quisquis
3369 760 3460 815 ille
3509 758 3675 813 fuerit
3704 798 3722 826 ,

2140 856 2576 924 antiquissimam
2607 870 2731 909 esse
2754 856 3061 908 versionem
3095 853 3348 907 Latinam
3370 894 3386 917 ,
3415 860 3471 907 et
3510 852 3725 905 Irenaeo

2141 948 2259 1018 ipso
2286 946 2369 1002 vel
2390 950 2568 1002 adhuc
2596 949 2649 1002 in
2676 948 2821 1001 vivis
2843 946 3163 1016 superstite,
3197 944 3279 998 vel
3306 958 3478 1012 nuper
3498 951 3720 1011 erepto,

2140 1044 2338 1097 editam
2366 1050 2607 1095 constat.
2647 1040 2788 1107 Quin
2820 1041 2965 1093 enim
3002 1036 3374 1093 Tertullianns
3412 1036 3506 1105 qui
3548 1035 3721 1107 paulo

2141 1143 2264 1205 post
2295 1134 2681 1202 scripsit,eam
2719 1148 2828 1201 prae
2863 1130 3038 1184 oculis
3079 1129 3351 1195 habuerit,
3389 1130 3516 1184 dum
3558 1144 3724 1182 suum

2141 1230 2406 1284 adversus
2432 1226 2843 1281 Valentinianos
2874 1225 3073 1279 librum
3118 1222 3496 1285 elucubravit,
3528 1221 3721 1291 negari

2139 1337 2249 1377 non
2284 1329 2486 1391 potest,
2515 1319 2617 1375 nisi
2644 1334 2673 1373 a
2712 1319 2828 1373 solo
2867 1316 3144 1371 Dodwello
3173 1316 3238 1369 ιδ.
3266 1316 3527 1384 Quisquis
3571 1315 3722 1369 alius

2133 1415 2396 1468 Irenazum
2430 1413 2683 1466 Latinum
2718 1428 2844 1465 cum
2886 1411 3221 1467 Tertulliano
3251 1409 3565 1471 contulerit,
3606 1416 3725 1460 sta-

2134 1507 2229 1562 tim
2266 1506 2631 1575 deprehendet
2665 1506 2799 1560 adeo
2830 1506 2974 1561 hunc
3002 1505 3228 1573 vestigia
3264 1504 3411 1557 illius
3447 1515 3725 1572 premere,

2132 1599 2267 1653 adeo
2308 1597 2486 1653 verbis
2526 1597 2658 1666 ipsis
2684 1636 2699 1661 ,
2743 1598 3146 1666 verborumque
3186 1596 3374 1665 liguris
3427 1602 3481 1647 et
3532 1592 3721 1645 ordini

2137 1690 2453 1753 adhaerere,
2512 1697 2574 1743 ut
2628 1688 2681 1743 id
2740 1704 2907 1742 unum
2966 1688 3068 1743 sibi
3127 1685 3475 1758 proposuisse
3530 1683 3727 1737 videa-

2142 1789 2251 1842 tur,
2289 1776 2639 1846 paucioribus
2676 1775 3030 1838 contrahere,
3079 1773 3267 1826 iisdem
3300 1786 3447 1839 szepe
3481 1772 3728 1824 servatis

2145 1868 2346 1930 verbis,
2380 1864 2637 1918 immistis
2663 1874 2841 1918 tamen
2873 1878 2973 1932 pro
3004 1877 3155 1916 more
3182 1861 3452 1924 dictet-iis,
3478 1876 3604 1929 quae
3632 1860 3728 1913 ille

2143 1957 2441 2013 fusiorihns
2464 1966 2753 2011 exsecutus
2776 1966 2880 2011 est.
2902 1956 2991 2010 Sic
3024 1956 3267 2011 Irenreus
3294 1955 3391 2013 lib.
3418 1973 3454 2021 ι,
3480 1972 3607 2025 rap.
3630 1957 3691 2009 11
3707 1998 3724 2018 ,

2145 2066 2198 2104 ιι.
2228 2050 2284 2115 ὅ,
2314 2050 2614 2119 Epiphanis
2656 2050 2984 2104 sententiam
3034 2048 3299 2113 referens,
3345 2048 3583 2103 scribit:
3623 2048 3724 2101 Est

2140 2143 2346 2212 quidem
2373 2152 2493 2195 ante
2513 2157 2688 2194 omnes
2727 2140 3016 2203 Proarche,
3048 2152 3464 2209 proauennoetos
3487 2183 3501 2203 ,
3534 2153 3583 2195 et
3634 2142 3726 2193 in-

2141 2233 2488 2297 enarrabilis,
2523 2244 2570 2286 et
2610 2234 3033 2295 inuominabilis,
3080 2250 3242 2302 quam
3275 2250 3370 2302 ego
3400 2243 3721 2287 monotetem

2140 2342 2283 2381 voco.
2324 2324 2454 2377 Cum
2492 2324 2592 2377 hac
2623 2336 2882 2377 monotete
2923 2336 3000 2379 est
3038 2326 3225 2387 virtus,
3258 2341 3416 2395 quam
3453 2337 3501 2379 et
3543 2327 3721 2395 ipsam

2139 2432 2263 2470 voco
2293 2417 2603 2469 lienotetem.
2636 2413 2762 2468 Iltec
2795 2416 3007 2469 lienotes
3051 2426 3099 2470 et
3147 2427 3380 2469 monotes
3400 2456 3416 2482 ,
3446 2433 3564 2469 cum
3607 2418 3721 2470 sint

2139 2522 2325 2569 unum,
2357 2508 2663 2569 emiserunt,
2714 2522 2833 2559 eum
2883 2506 3018 2560 nihil
3060 2509 3360 2571 emiserint,
3395 2510 3721 2577 principium

2138 2596 2370 2649 omnium
2398 2607 2604 2657 noeton,
2631 2604 2679 2650 et
2708 2608 3024 2665 agenneton,
3073 2608 3122 2651 et
3154 2610 3397 2664 aoraton,
3427 2616 3587 2669 quant
3628 2616 3728 2652 ar.

2138 2690 2285 2743 citem
2307 2704 2477 2742 sermo
2504 2689 2734 2741 monada
2765 2700 2931 2743 vocat.
2958 2688 3089 2744 Cum
3115 2692 3227 2745 hau:
3260 2691 3483 2745 monade
3505 2701 3580 2745 est
3609 2692 3723 2744 vir-

2138 2791 2221 2835 tus
2257 2782 2496 2851 ejusdem
2538 2783 2851 2836 substantia:
2890 2784 2971 2848 ei,
3010 2800 3168 2853 quam
3197 2794 3243 2838 et
3279 2800 3393 2839 eam
3428 2800 3553 2837 voco
3588 2786 3719 2838 lien.

2140 2873 2241 2929 Ha:
2277 2886 2453 2929 autem
2489 2877 2708 2929 virtutes
2733 2918 2746 2941 ,
2776 2877 2831 2929 id
2879 2887 2956 2930 est
2996 2885 3237 2930 mouotes
3279 2887 3328 2930 et
3374 2877 3587 2930 Iieuotes
3610 2917 3625 2938 ,
3668 2887 3723 2929 et

2136 2984 2347 3031 manas,
2380 2978 2429 3021 et
2457 2968 2579 3032 lien,
2620 2971 2907 3022 emiserunt
2954 2969 3185 3037 reliquas
3230 2970 3533 3022 emissiones
3578 2968 3722 3023 Αἴο-

2137 3079 2282 3116 num.
2315 3059 2690 3116 Tertullianns
2721 3075 2853 3115 vero
2903 3076 3026 3128 cap.
3056 3061 3144 3113 57.
3205 3059 3321 3124 Est,
3354 3061 3551 3129 inquit,
3593 3076 3727 3114 ante

458 3152 565 3206 huc
596 3150 648 3205 in
699 3152 923 3207 dubium
972 3164 1202 3219 vocent,
1244 3170 1422 3224 opera:
1454 3158 1684 3224 pretium
1727 3157 1900 3211 visum
1949 3166 2032 3210 est
2060 3168 2102 3229 ο
2137 3156 2316 3207 omnia
2351 3151 2643 3215 Proarclie,
2677 3152 3084 3222 inexcogitabi/e
3107 3163 3153 3204 et
3180 3153 3554 3214 inenarrabile,
3574 3156 3724 3219 quod

456 3244 815 3311 quaestionem
857 3246 1019 3315 paulo
1057 3248 1369 3303 accuratius
1416 3258 1791 3318 pertractare;
1841 3260 1896 3305 ut
1945 3251 2031 3305 vel

454 3337 848 3401 esituereutnr,
889 3339 982 3408 qui
1021 3354 1310 3407 superesse
1352 3342 1707 3407 videbantur,
1752 3342 2029 3411 scrupuli;

456 3427 541 3480 vel
587 3428 780 3484 saltem
817 3430 993 3486 lector
1024 3432 1309 3500 pensitatis
1354 3449 1506 3504 aequa
1542 3434 1697 3489 lance
1746 3434 2033 3503 utriusque

460 3522 634 3585 partis
666 3523 1000 3587 rationibus,
1043 3524 1108 3577 iis
1140 3524 1411 3579 calculum
1457 3526 1694 3593 adjicere
1730 3537 1877 3582 tutus
1908 3542 2033 3596 pos-

456 3609 552 3675 sit,
589 3626 725 3680 quas
751 3612 1175 3680 ponderosiores
1214 3630 1334 3669 esse
1363 3615 1729 3682 perspexerit.

528 3703 617 3757 53.
659 3703 960 3758 Doleudnm
994 3720 1128 3761 Sane
1164 3706 1307 3777 quod
1344 3716 1526 3761 textus
1565 3706 1752 3762 lrenmi
1777 3707 2028 3768 Grarcus,

456 3798 546 3866 qui
576 3798 814 3867 antiquis
844 3798 1099 3852 Patrihns
1136 3809 1286 3853 tanto
1319 3800 1371 3853 in
1408 3803 1586 3869 pretio
1613 3800 1741 3865 fuit,
1771 3800 2031 3868 nullaque

460 3898 731 3943 vetustate
767 3893 1177 3946 consumendus
1227 3892 1544 3957 videbatur,
1596 3893 1811 3963 integer
1848 3902 2031 3947 tamen

456 3980 535 4034 sic
577 3980 882 4047 exciderit,
926 3992 987 4035 ut
1028 3998 1091 4037 ea
1130 3985 1395 4037 duntaxat
1430 3993 1736 4055 temporum
1770 3984 2030 4039 edacitati

457 4076 973 4144 salulncipotuerint
1006 4077 1312 4147 fragmenta
1336 4120 1352 4145 ,
1379 4095 1498 4149 qum
1538 4081 1758 4150 scriptis
1794 4082 1906 4136 suis
1945 4082 2031 4135 in-

458 4181 680 4221 seruere
731 4177 982 4222 auctores
1023 4168 1219 4223 Grmci.
1264 4170 1369 4224 Sed
1417 4172 1609 4227 eadem
1650 4172 1752 4227 fuit
1798 4174 2028 4228 aliorum

457 4256 813 4327 plurimorum
842 4261 1170 4315 eximiorum
1199 4275 1427 4328 operum
1462 4263 1697 4332 pessima
1721 4280 1862 4319 sors.
1887 4265 2031 4319 Con-

457 4359 568 4403 stat
611 4348 823 4405 Hermae
863 4350 1173 4418 Pastorem,
1216 4360 1277 4406 ut
1311 4352 1450 4408 alios
1489 4356 1699 4411 similes
1745 4356 1913 4411 libros
1948 4364 2033 4409 ta.

454 4458 631 4505 ceam,
652 4442 840 4497 Graece
869 4445 1073 4511 scriptu
1087 4461 1133 4497 ru
1155 4445 1347 4511 fuisse,
1370 4455 1694 4516 tantumque
1717 4451 1856 4518 apud
1878 4450 2029 4505 Grae-

454 4551 549 4589 cos
581 4537 915 4590 auctoritate
948 4536 1206 4601 valuisse,
1241 4552 1299 4591 nt
1333 4541 1475 4607 apud
1509 4542 1797 4608 quosdam,
1831 4544 1941 4598 imo
1976 4554 2031 4598 et
2062 4525 2108 4580 D

454 4627 598 4693 apud
647 4626 951 4695 Irentenm,
1002 4634 1090 4682 vix
1135 4632 1421 4686 canonicis
1474 4631 1627 4686 libris
1679 4634 2028 4689 concederet.

456 4715 627 4784 IIujns
654 4726 855 4782 tamen,
891 4731 947 4774 ut
979 4730 1035 4775 et
1072 4722 1260 4777 Irenzei
1284 4763 1299 4788 ,
1330 4722 1526 4779 Graeca
1561 4724 1643 4779 sic
1677 4725 2029 4789 interierunt,

457 4820 515 4862 ut
542 4808 653 4861 sola
680 4813 957 4879 supersint
990 4812 1293 4883 fragmenta
1322 4832 1442 4884 quae
1482 4816 1772 4885 proferunt
1796 4817 2027 4884 antiqui,

456 4915 583 4953 cum
623 4900 829 4970 integra
857 4904 1309 4973 interpretatione
1340 4906 1555 4961 Latina.
1592 4908 1779 4962 Irenaei
1808 4909 2031 4977 quidem

455 4990 933 5059 interpretationis
958 5004 1149 5049 ant-tor
1170 4998 1292 5064 quis
1319 4998 1507 5063 fuerit,
1535 5000 1799 5055 hactenus
1822 5002 2031 5057 incom-

457 5093 696 5154 pertum.
750 5082 891 5137 Sunt
932 5087 1023 5154 qui
1078 5098 1269 5156 putant
1318 5088 1579 5143 Irenaeum
1625 5091 1799 5161 ipsum
1840 5092 2030 5148 Griece

455 5174 691 5242 primum
728 5174 1041 5241 scripsisse,
1077 5188 1186 5231 tum
1220 5180 1407 5233 eadem
1440 5179 1633 5235 Latine
1666 5185 2026 5239 convertisse.

457 5264 565 5318 Sed
603 5280 794 5334 parum
845 5265 904 5319 S.
947 5267 1190 5324 doctoris
1224 5270 1417 5326 honori
1464 5274 1755 5327 consulunt
1788 5275 1886 5328 illi.
1919 5276 2031 5329 Ire-

458 5373 608 5413 naens
638 5358 781 5411 enim
808 5358 992 5413 Irensei
1020 5376 1240 5415 sensum
1265 5366 1463 5419 saltem
1491 5380 1777 5423 assecutus
1816 5367 2027 5433 fuisset,

457 5468 557 5507 nec
600 5467 884 5522 perperam
938 5458 1240 5523 accepisset
1278 5461 1773 5532 expressissctqne,
1819 5463 1895 5517 uti
1930 5479 2029 5517 sur-

455 5545 680 5615 pissinie
721 5544 929 5613 accepit
981 5550 1358 5619 expressitque
1406 5552 1699 5621 interpres.
1736 5554 2025 5610 Grzeculns

559 5771 602 5804 ”
641 5773 775 5829 Diss.
807 5774 859 5840 5,
897 5776 947 5829 in
982 5775 1099 5831 lrcn
1134 5820 1145 5842 ,
1180 5778 1207 5849 ς
1237 5778 1286 5833 ϐ.

2133 3264 2227 3317 ego
2252 3250 2460 3301 nomino
2489 3259 2777 3301 monoteta.
2801 3247 2934 3301 Cum
2958 3249 3057 3299 hac
3082 3259 3194 3300 erat
3214 3246 3324 3300 alia
3350 3250 3535 3311 virtus,
3552 3264 3719 3318 quam

2133 3349 2181 3392 et
2230 3338 2399 3407 ipsam
2444 3338 2651 3406 appello
2694 3337 2961 3390 henoteta.
3005 3334 3249 3389 Monotes
3294 3349 3341 3390 et
3371 3337 3619 3402 lienotes,
3664 3341 3723 3387 id

2133 3441 2209 3485 est
2236 3429 2422 3483 solitas
2446 3438 2493 3482 et
2520 3430 2719 3494 unitas,
2752 3447 2871 3483 cum
2917 3446 3080 3483 unum
3121 3438 3323 3493 essent,
3354 3427 3725 3496 protulerunt,

2136 3538 2241 3576 non
2268 3522 2635 3589 proferentes,
2680 3522 2892 3574 initium
2933 3524 3169 3575 omnium
3213 3520 3596 3581 intellectuale,
3635 3522 3725 3571 in-

2136 3612 2411 3679 naseibile,
2437 3613 2700 3667 invisibile
2729 3616 2870 3682 quod
2893 3629 3062 3665 sermo
3081 3612 3310 3667 monada
3335 3614 3551 3666 vocavit.
3574 3610 3727 3664 Huic

2134 3705 2281 3756 adest
2314 3704 2735 3758 consubstantiva
2777 3705 2965 3767 virtus,
2987 3720 3143 3773 quam
3170 3702 3399 3773 appellat
3430 3704 3577 3757 unio.
3613 3704 3723 3757 "te

2135 3796 2293 3865 igitur
2306 3794 3481 3864 eirtutes,solitas,singularitas,uuitas,uuio,
3497 3806 3722 3851 caeteros

2132 3887 2454 3956 prolationes
2477 3886 2712 3941 xEonum
2736 3897 3116 3955 propagarunt.
3167 3886 3265 3941 Ubi
3295 3887 3487 3942 eadem
3550 3885 3732 3940 verba

2135 3979 2267 4051 (nisi
2298 3980 2443 4050 quod
2472 3980 2661 4035 Grteca
2692 3979 2935 4049 quaedam
2966 3980 3157 4034 Latine
3185 3978 3719 4049 vertuntur),eadem

2135 4075 2258 4146 styli
2287 4074 2590 4139 barbaries,
2622 4084 2787 4144 atque
2814 4073 2958 4143 apud
2992 4072 3179 4127 lremei
3215 4073 3572 4143 interpretem
3618 4088 3719 4128 oc-

2133 4176 2386 4224 currunt.
2432 4165 2534 4222 Ilic
2579 4182 2634 4221 ιι.
2677 4165 2870 4219 5:Alii
2908 4182 3094 4220 rursus
3124 4166 3361 4234 ipsorum
3395 4166 3627 4235 primam
3659 4179 3715 4221 et

2133 4262 2466 4331 archegonon
2517 4260 2903 4313 octonationem
2948 4259 3028 4311 his
3061 4261 3363 4313 nominibus
3404 4260 3718 4313 nominave-

2134 4364 2299 4408 runt:
2330 4355 2560 4422 primum
2596 4353 2927 4421 Proarchen,
2967 4355 3156 4409 deinde
3191 4356 3556 4416 Aneunoeton,
3604 4363 3718 4405 ter-

2134 4449 2264 4500 tiam
2288 4459 2467 4499 autem
2507 4446 2795 4509 Arrlteton,
2842 4458 2889 4500 et
2938 4456 3187 4517 quartam
3233 4446 3493 4500 Aoraton.
3535 4443 3603 4497 Et
3650 4448 3721 4498 de

2136 4541 2307 4608 prima
2329 4541 2539 4609 quidem
2572 4538 2839 4594 Proarche
2865 4542 3111 4595 emissum
3136 4557 3246 4594 esse
3265 4540 3435 4608 primo
3452 4548 3504 4593 et
3527 4542 3725 4608 quinto

2134 4634 2249 4689 loco
2276 4636 2506 4703 Archen,
2529 4651 2594 4689 ea:
2616 4635 2920 4689 Anennoeto
2944 4637 3177 4690 secundo
3200 4646 3247 4689 et
3265 4648 3411 4691 sexto
3436 4636 3551 4689 loco
3569 4637 3719 4692 Aca-

2136 4730 2395 4796 talepton,
2437 4738 2486 4783 et
2518 4728 2583 4782 de
2630 4728 2853 4781 Arrheto
2886 4730 3042 4781 tertio
3078 4738 3126 4782 et
3157 4730 3379 4796 septimo
3419 4728 3536 4783 loco
3562 4730 3718 4784 Ano-

2137 4832 2439 4886 nomaston,
2487 4828 2552 4875 de
2602 4824 2804 4877 Aorato
2845 4833 3020 4877 autem
3052 4832 3241 4893 quarto
3281 4834 3328 4877 et
3375 4832 3562 4877 octavo
3597 4825 3729 4879 loco

2135 4912 2462 4982 Agenneton.
2499 4914 2874 4970 Tcrtnllianus
2912 4931 3035 4985 cap.
3081 4916 3172 4981 25,
3225 4916 3449 4971 totidem
3496 4918 3715 4979 verbis.

2135 5004 2318 5058 Primo
2346 5007 2485 5059 enim
2513 5006 2837 5059 constituunt
2891 5006 3216 5072 Proarrheu,
3249 5011 3479 5061 secundo
3531 5008 3721 5064 Anon-

2134 5109 2343 5161 uoeton,
2378 5098 2531 5151 tertio
2556 5097 2838 5161 Arrlteton,
2863 5109 3054 5168 quarto
3090 5102 3345 5158 Aoraton.
3392 5101 3478 5155 Ex
3510 5103 3723 5156 Proar-

2133 5190 2225 5242 che
2271 5189 2450 5259 itaque
2489 5192 2805 5257 processisse
2842 5193 3014 5259 priuso
3064 5202 3113 5244 et
3156 5196 3339 5261 quinto
3387 5193 3548 5267 [CII]
3593 5196 3727 5249 loco

2132 5279 2377 5334 Art-lien:
2409 5297 2473 5334 ex
2510 5282 2836 5347 Anenuoeto,
2882 5288 3111 5337 secundo
3151 5296 3198 5338 et
3236 5295 3385 5339 serto
3422 5287 3538 5340 loco
3573 5290 3724 5342 Aca-

2134 5373 2401 5443 talepton;
2452 5390 2515 5428 ex
2560 5374 2785 5430 Arretlio
2815 5378 2970 5429 tertio
3001 5389 3046 5429 et
3083 5378 3306 5445 septimo
3332 5379 3446 5431 loco
3490 5378 3719 5434 Anona-

2138 5476 2381 5530 maston;
2410 5482 2475 5519 ex
2498 5466 2782 5532 lurisibili,
2808 5478 3001 5537 quarto
3028 5480 3074 5521 et
3107 5479 3291 5521 octavo
3329 5469 3443 5522 loco
3476 5471 3723 5539 Agenne—

2139 5566 2250 5612 ton.
2277 5558 2438 5614 Certe
2467 5561 2509 5614 si
2540 5575 2568 5617 e
2601 5559 2793 5616 Crch
2831 5562 3143 5617 immediate
3170 5562 3561 5632 exscripsissct
3593 5581 3716 5619 oni-
