  <div class='ocr_page' id='page_1' title='image "/cluster/home/n/w/nwhite01/storage/ocr_20150623/7/hvd.32044019206614/124.png"; bbox 0 0 3924 6354; ppageno 0'>
   <div class='ocr_carea' id='block_1_1' title="bbox 219 399 322 454">
    <p class='ocr_par' dir='ltr' id='par_1_1' title="bbox 219 399 322 454">
     <span class='ocr_line' id='line_1_1' title="bbox 219 399 322 454; baseline 0 -41"><span class='ocrx_word' id='word_1_1' title='bbox 219 399 322 454; x_wconf 51' lang='grc'><strong><em>,53</em></strong></span> 
     </span>
    </p>
   </div>
   <div class='ocr_carea' id='block_1_2' title="bbox 774 390 1773 478">
    <p class='ocr_par' dir='ltr' id='par_1_2' title="bbox 774 392 1761 455">
     <span class='ocr_line' id='line_1_2' title="bbox 774 392 1761 455; baseline -0.007 -2"><span class='ocrx_word' id='word_1_2' title='bbox 774 394 1233 454; x_wconf 76' lang='lat' dir='ltr'><strong><em>DISSERTA&#39;I‘IO</em></strong></span> <span class='ocrx_word' id='word_1_3' title='bbox 1262 396 1328 455; x_wconf 86' lang='lat' dir='ltr'><strong><em>ll.</em></strong></span> <span class='ocrx_word' id='word_1_4' title='bbox 1368 392 1524 448; x_wconf 67' lang='grc' dir='ltr'><strong><em>ΛΒΤ.</em></strong></span> <span class='ocrx_word' id='word_1_5' title='bbox 1568 394 1631 455; x_wconf 86' lang='grc'><strong><em>11,</em></strong></span> <span class='ocrx_word' id='word_1_6' title='bbox 1677 394 1761 446; x_wconf 76' lang='lat' dir='ltr'><strong><em>DE</em></strong></span> 
     </span>
    </p>
   </div>
   <div class='ocr_carea' id='block_1_3' title="bbox 1882 390 2907 478">
    <p class='ocr_par' dir='ltr' id='par_1_3' title="bbox 1882 390 2907 478">
     <span class='ocr_line' id='line_1_3' title="bbox 1882 390 2907 478; baseline 0.002 -32"><span class='ocrx_word' id='word_1_7' title='bbox 1882 394 2047 450; x_wconf 47' lang='grc' dir='ltr'><strong><em>εχει</em></strong></span> <span class='ocrx_word' id='word_1_8' title='bbox 2086 390 2312 452; x_wconf 75' lang='lat' dir='ltr'><strong><em>ustus</em></strong></span> <span class='ocrx_word' id='word_1_9' title='bbox 2345 393 2517 478; x_wconf 36' lang='lat' dir='ltr'><strong><em>smn.</em></strong></span> <span class='ocrx_word' id='word_1_10' title='bbox 2548 390 2907 448; x_wconf 56' lang='lat' dir='ltr'><strong><em>&quot;massas.</em></strong></span> 
     </span>
    </p>
   </div>
   <div class='ocr_carea' id='block_1_4' title="bbox 3371 393 3478 447">
    <p class='ocr_par' dir='ltr' id='par_1_4' title="bbox 3371 393 3478 447">
     <span class='ocr_line' id='line_1_4' title="bbox 3371 393 3478 447; baseline 0.009 -1"><span class='ocrx_word' id='word_1_11' title='bbox 3371 393 3478 447; x_wconf 70' lang='grc'><strong><em>251</em></strong></span> 
     </span>
    </p>
   </div>
   <div class='ocr_carea' id='block_1_5' title="bbox 218 496 1773 586">
    <p class='ocr_par' dir='ltr' id='par_1_5' title="bbox 218 516 1773 585">
     <span class='ocr_line' id='line_1_5' title="bbox 218 516 1773 585; baseline -0.004 -14"><span class='ocrx_word' id='word_1_12' title='bbox 218 518 302 571; x_wconf 87' lang='lat' dir='ltr'><strong><em>nia</em></strong></span> <span class='ocrx_word' id='word_1_13' title='bbox 341 519 450 571; x_wconf 71' lang='lat' dir='ltr'><strong><em>lucc</em></strong></span> <span class='ocrx_word' id='word_1_14' title='bbox 507 519 908 585; x_wconf 86' lang='lat' dir='ltr'><strong><em>Tertullianus,</em></strong></span> <span class='ocrx_word' id='word_1_15' title='bbox 959 531 1034 573; x_wconf 87' lang='lat' dir='ltr'><strong><em>tot</em></strong></span> <span class='ocrx_word' id='word_1_16' title='bbox 1086 522 1301 574; x_wconf 76' lang='lat' dir='ltr'><strong><em>nomina</em></strong></span> <span class='ocrx_word' id='word_1_17' title='bbox 1362 517 1549 571; x_wconf 71' lang='lat' dir='ltr'><strong><em>(ira-ca</em></strong></span> <span class='ocrx_word' id='word_1_18' title='bbox 1595 516 1773 569; x_wconf 80' lang='lat' dir='ltr'><strong><em>Latim</em></strong></span> 
     </span>
    </p>
   </div>
   <div class='ocr_carea' id='block_1_6' title="bbox 1882 496 3477 586">
    <p class='ocr_par' dir='ltr' id='par_1_6' title="bbox 1891 496 3477 586">
     <span class='ocr_line' id='line_1_6' title="bbox 1891 496 3477 586; baseline -0.003 -19"><span class='ocrx_word' id='word_1_19' title='bbox 1891 514 2184 586; x_wconf 71' lang='grc' dir='ltr'><strong><em>ἐνθύμησιν</em></strong></span> <span class='ocrx_word' id='word_1_20' title='bbox 2232 516 2404 585; x_wconf 72' lang='grc' dir='ltr'><strong><em>αὐτῆς</em></strong></span> <span class='ocrx_word' id='word_1_21' title='bbox 2436 518 2529 568; x_wconf 68' lang='grc' dir='ltr'>σὺν</span> <span class='ocrx_word' id='word_1_22' title='bbox 2582 496 2671 583; x_wconf 56' lang='grc' dir='ltr'><strong><em>θεῷ’</em></strong></span> <span class='ocrx_word' id='word_1_23' title='bbox 2703 513 2862 566; x_wconf 76' lang='grc' dir='ltr'>πάθει</span> <span class='ocrx_word' id='word_1_24' title='bbox 2892 512 2995 563; x_wconf 73' lang='grc' dir='ltr'><strong><em>ὑπὸ</em></strong></span> <span class='ocrx_word' id='word_1_25' title='bbox 3024 511 3116 564; x_wconf 76' lang='grc' dir='ltr'><strong><em>τοῦ</em></strong></span> <span class='ocrx_word' id='word_1_26' title='bbox 3147 511 3315 582; x_wconf 74' lang='grc' dir='ltr'><strong><em>Ὅροι.»</em></strong></span> <span class='ocrx_word' id='word_1_27' title='bbox 3344 512 3477 579; x_wconf 75' lang='grc' dir='ltr'>ἀφο-</span> 
     </span>
    </p>
   </div>
   <div class='ocr_carea' id='block_1_7' title="bbox 216 607 1787 679">
    <p class='ocr_par' dir='ltr' id='par_1_7' title="bbox 216 607 1787 679">
     <span class='ocr_line' id='line_1_7' title="bbox 216 607 1787 679; baseline -0.002 -18"><span class='ocrx_word' id='word_1_28' title='bbox 216 610 503 677; x_wconf 76' lang='lat' dir='ltr'><strong><em>vertisset;</em></strong></span> <span class='ocrx_word' id='word_1_29' title='bbox 543 628 642 667; x_wconf 90' lang='lat' dir='ltr'><strong><em>nec</em></strong></span> <span class='ocrx_word' id='word_1_30' title='bbox 693 613 917 667; x_wconf 89' lang='lat' dir='ltr'><strong><em>fortuito</em></strong></span> <span class='ocrx_word' id='word_1_31' title='bbox 946 625 999 667; x_wconf 93' lang='lat' dir='ltr'><strong><em>et</em></strong></span> <span class='ocrx_word' id='word_1_32' title='bbox 1048 628 1175 665; x_wconf 89' lang='lat' dir='ltr'><strong><em>casu</em></strong></span> <span class='ocrx_word' id='word_1_33' title='bbox 1210 612 1322 663; x_wconf 81' lang='lat' dir='ltr'><strong><em>fieri</em></strong></span> <span class='ocrx_word' id='word_1_34' title='bbox 1374 611 1548 679; x_wconf 86' lang='lat' dir='ltr'><strong><em>potuit</em></strong></span> <span class='ocrx_word' id='word_1_35' title='bbox 1588 619 1646 661; x_wconf 92' lang='lat' dir='ltr'><strong><em>ut</em></strong></span> <span class='ocrx_word' id='word_1_36' title='bbox 1686 607 1787 659; x_wconf 83' lang='lat' dir='ltr'><strong><em>hoc</em></strong></span> 
     </span>
    </p>
   </div>
   <div class='ocr_carea' id='block_1_8' title="bbox 217 698 1784 775">
    <p class='ocr_par' dir='ltr' id='par_1_8' title="bbox 217 698 1784 775">
     <span class='ocr_line' id='line_1_8' title="bbox 217 698 1784 775; baseline -0.001 -22"><span class='ocrx_word' id='word_1_37' title='bbox 217 702 286 754; x_wconf 86' lang='lat' dir='ltr'><strong><em>illi</em></strong></span> <span class='ocrx_word' id='word_1_38' title='bbox 311 717 433 756; x_wconf 89' lang='lat' dir='ltr'><strong><em>cum</em></strong></span> <span class='ocrx_word' id='word_1_39' title='bbox 461 704 650 758; x_wconf 77' lang='lat' dir='ltr'><strong><em>Irenzei</em></strong></span> <span class='ocrx_word' id='word_1_40' title='bbox 680 704 1357 775; x_wconf 10' lang='lat' dir='ltr'><strong><em>interpretercouvencrit.</em></strong></span> <span class='ocrx_word' id='word_1_41' title='bbox 1409 702 1506 755; x_wconf 89' lang='lat' dir='ltr'><strong><em>llic</em></strong></span> <span class='ocrx_word' id='word_1_42' title='bbox 1544 715 1665 769; x_wconf 85' lang='lat' dir='ltr'><strong>cap.</strong></span> <span class='ocrx_word' id='word_1_43' title='bbox 1697 698 1784 761; x_wconf 67' lang='lat' dir='ltr'><strong><em>I2,</em></strong></span> 
     </span>
    </p>
   </div>
   <div class='ocr_carea' id='block_1_9' title="bbox 215 793 1783 867">
    <p class='ocr_par' dir='ltr' id='par_1_9' title="bbox 215 793 1783 867">
     <span class='ocr_line' id='line_1_9' title="bbox 215 793 1783 867; baseline -0.004 -17"><span class='ocrx_word' id='word_1_44' title='bbox 215 810 263 846; x_wconf 80' lang='grc' dir='ltr'><strong><em>η.</em></strong></span> <span class='ocrx_word' id='word_1_45' title='bbox 315 794 392 858; x_wconf 80' lang='grc'><strong>5,</strong></span> <span class='ocrx_word' id='word_1_46' title='bbox 452 796 912 853; x_wconf 84' lang='lat' dir='ltr'><strong><em>Colorbaseorum</em></strong></span> <span class='ocrx_word' id='word_1_47' title='bbox 973 798 1317 867; x_wconf 82' lang='lat' dir='ltr'><strong><em>hypotbesim</em></strong></span> <span class='ocrx_word' id='word_1_48' title='bbox 1371 796 1450 851; x_wconf 92' lang='lat' dir='ltr'><strong><em>sic</em></strong></span> <span class='ocrx_word' id='word_1_49' title='bbox 1511 793 1783 862; x_wconf 78' lang='lat' dir='ltr'><strong><em>exponit:</em></strong></span> 
     </span>
    </p>
   </div>
   <div class='ocr_carea' id='block_1_10' title="bbox 212 884 1785 959">
    <p class='ocr_par' dir='ltr' id='par_1_10' title="bbox 212 884 1785 959">
     <span class='ocr_line' id='line_1_10' title="bbox 212 884 1785 959; baseline -0.001 -21"><span class='ocrx_word' id='word_1_50' title='bbox 212 886 435 950; x_wconf 77' lang='lat' dir='ltr'><strong><em>Quando</em></strong></span> <span class='ocrx_word' id='word_1_51' title='bbox 463 891 717 959; x_wconf 83' lang='lat' dir='ltr'><strong><em>cogitavit</em></strong></span> <span class='ocrx_word' id='word_1_52' title='bbox 749 890 949 959; x_wconf 86' lang='lat' dir='ltr'><strong><em>aliquid</em></strong></span> <span class='ocrx_word' id='word_1_53' title='bbox 976 894 1209 943; x_wconf 86' lang='lat' dir='ltr'><strong><em>emittere</em></strong></span> <span class='ocrx_word' id='word_1_54' title='bbox 1240 886 1523 955; x_wconf 86' lang='lat' dir='ltr'><strong><em>Propator,</em></strong></span> <span class='ocrx_word' id='word_1_55' title='bbox 1548 886 1643 938; x_wconf 84' lang='lat' dir='ltr'><strong><em>hoc</em></strong></span> <span class='ocrx_word' id='word_1_56' title='bbox 1680 884 1785 936; x_wconf 87' lang='lat' dir='ltr'><strong><em>Pa-</em></strong></span> 
     </span>
    </p>
   </div>
   <div class='ocr_carea' id='block_1_11' title="bbox 210 974 1788 1051">
    <p class='ocr_par' dir='ltr' id='par_1_11' title="bbox 210 974 1788 1051">
     <span class='ocr_line' id='line_1_11' title="bbox 210 974 1788 1051; baseline 0 -21"><span class='ocrx_word' id='word_1_57' title='bbox 210 989 285 1031; x_wconf 86' lang='lat' dir='ltr'><strong><em>ter</em></strong></span> <span class='ocrx_word' id='word_1_58' title='bbox 299 990 525 1035; x_wconf 69' lang='lat' dir='ltr'><strong><em>vocatus</em></strong></span> <span class='ocrx_word' id='word_1_59' title='bbox 550 992 664 1046; x_wconf 87' lang='lat' dir='ltr'><strong><em>est;</em></strong></span> <span class='ocrx_word' id='word_1_60' title='bbox 689 992 742 1034; x_wconf 92' lang='lat' dir='ltr'><strong><em>at</em></strong></span> <span class='ocrx_word' id='word_1_61' title='bbox 774 983 862 1035; x_wconf 89' lang='lat' dir='ltr'><strong><em>ubi</em></strong></span> <span class='ocrx_word' id='word_1_62' title='bbox 895 999 1013 1051; x_wconf 79' lang='lat' dir='ltr'><strong><em>qua:</em></strong></span> <span class='ocrx_word' id='word_1_63' title='bbox 1043 983 1238 1046; x_wconf 87' lang='lat' dir='ltr'><strong><em>emisit,</em></strong></span> <span class='ocrx_word' id='word_1_64' title='bbox 1268 974 1401 1034; x_wconf 73' lang='lat' dir='ltr'><strong><em>verti</em></strong></span> <span class='ocrx_word' id='word_1_65' title='bbox 1415 982 1652 1050; x_wconf 72' lang='lat' dir='ltr'><strong><em>fuerunt,</em></strong></span> <span class='ocrx_word' id='word_1_66' title='bbox 1689 980 1788 1031; x_wconf 87' lang='lat' dir='ltr'><strong><em>hoc</em></strong></span> 
     </span>
    </p>
   </div>
   <div class='ocr_carea' id='block_1_12' title="bbox 207 1072 1787 1144">
    <p class='ocr_par' dir='ltr' id='par_1_12' title="bbox 207 1072 1787 1144">
     <span class='ocr_line' id='line_1_12' title="bbox 207 1072 1787 1144; baseline -0.001 -19"><span class='ocrx_word' id='word_1_67' title='bbox 207 1072 416 1126; x_wconf 78' lang='lat' dir='ltr'><strong><em>Aletltia</em></strong></span> <span class='ocrx_word' id='word_1_68' title='bbox 466 1086 715 1129; x_wconf 73' lang='lat' dir='ltr'><strong><em>cacatum</em></strong></span> <span class='ocrx_word' id='word_1_69' title='bbox 759 1087 860 1131; x_wconf 88' lang='lat' dir='ltr'><strong><em>est.</em></strong></span> <span class='ocrx_word' id='word_1_70' title='bbox 905 1076 1036 1131; x_wconf 89' lang='lat' dir='ltr'><strong><em>Cum</em></strong></span> <span class='ocrx_word' id='word_1_71' title='bbox 1079 1093 1201 1144; x_wconf 86' lang='lat' dir='ltr'><strong><em>ergo</em></strong></span> <span class='ocrx_word' id='word_1_72' title='bbox 1243 1074 1403 1129; x_wconf 83' lang='lat' dir='ltr'><strong><em>uoluit</em></strong></span> <span class='ocrx_word' id='word_1_73' title='bbox 1448 1074 1787 1140; x_wconf 76' lang='lat' dir='ltr'><strong><em>semetipsum</em></strong></span> 
     </span>
    </p>
   </div>
   <div class='ocr_carea' id='block_1_13' title="bbox 207 1168 1788 1239">
    <p class='ocr_par' dir='ltr' id='par_1_13' title="bbox 207 1168 1788 1239">
     <span class='ocr_line' id='line_1_13' title="bbox 207 1168 1788 1239; baseline -0.001 -19"><span class='ocrx_word' id='word_1_74' title='bbox 207 1169 508 1232; x_wconf 74' lang='lat' dir='ltr'><strong><em>ostendere,</em></strong></span> <span class='ocrx_word' id='word_1_75' title='bbox 569 1172 666 1223; x_wconf 84' lang='lat' dir='ltr'><strong><em>hoc</em></strong></span> <span class='ocrx_word' id='word_1_76' title='bbox 715 1173 1012 1239; x_wconf 73' lang='lat' dir='ltr'><strong><em>Ant/tropos</em></strong></span> <span class='ocrx_word' id='word_1_77' title='bbox 1052 1173 1222 1224; x_wconf 81' lang='lat' dir='ltr'><strong><em>dictus</em></strong></span> <span class='ocrx_word' id='word_1_78' title='bbox 1277 1181 1373 1223; x_wconf 85' lang='lat' dir='ltr'><strong><em>est.</em></strong></span> <span class='ocrx_word' id='word_1_79' title='bbox 1424 1168 1567 1234; x_wconf 80' lang='lat' dir='ltr'><strong><em>Quos</em></strong></span> <span class='ocrx_word' id='word_1_80' title='bbox 1612 1178 1788 1221; x_wconf 88' lang='lat' dir='ltr'><strong><em>autem</em></strong></span> 
     </span>
    </p>
   </div>
   <div class='ocr_carea' id='block_1_14' title="bbox 206 1259 1785 1333">
    <p class='ocr_par' dir='ltr' id='par_1_14' title="bbox 206 1259 1785 1333">
     <span class='ocr_line' id='line_1_14' title="bbox 206 1259 1785 1333; baseline 0.001 -22"><span class='ocrx_word' id='word_1_81' title='bbox 206 1263 647 1330; x_wconf 65' lang='lat' dir='ltr'><strong><em>pra’cogitarerat</em></strong></span> <span class='ocrx_word' id='word_1_82' title='bbox 674 1273 1014 1333; x_wconf 75' lang='lat' dir='ltr'><strong><em>posteaquam</em></strong></span> <span class='ocrx_word' id='word_1_83' title='bbox 1047 1265 1243 1323; x_wconf 79' lang='lat' dir='ltr'><strong><em>emisit,</em></strong></span> <span class='ocrx_word' id='word_1_84' title='bbox 1283 1265 1380 1315; x_wconf 83' lang='lat' dir='ltr'><strong><em>hoc</em></strong></span> <span class='ocrx_word' id='word_1_85' title='bbox 1420 1259 1659 1313; x_wconf 75' lang='lat' dir='ltr'><strong><em>Ecclesia</em></strong></span> <span class='ocrx_word' id='word_1_86' title='bbox 1696 1277 1785 1313; x_wconf 82' lang='lat' dir='ltr'><strong><em>vo-</em></strong></span> 
     </span>
    </p>
   </div>
   <div class='ocr_carea' id='block_1_15' title="bbox 204 1350 1786 1423">
    <p class='ocr_par' dir='ltr' id='par_1_15' title="bbox 204 1350 1786 1423">
     <span class='ocr_line' id='line_1_15' title="bbox 204 1350 1786 1423; baseline -0.001 -21"><span class='ocrx_word' id='word_1_87' title='bbox 204 1359 317 1402; x_wconf 78' lang='lat' dir='ltr'><strong><em>cata</em></strong></span> <span class='ocrx_word' id='word_1_88' title='bbox 340 1362 443 1403; x_wconf 86' lang='lat' dir='ltr'><strong><em>est.</em></strong></span> <span class='ocrx_word' id='word_1_89' title='bbox 489 1350 729 1405; x_wconf 84' lang='lat' dir='ltr'><strong><em>Locutus</em></strong></span> <span class='ocrx_word' id='word_1_90' title='bbox 761 1361 837 1405; x_wconf 87' lang='lat' dir='ltr'><strong><em>est</em></strong></span> <span class='ocrx_word' id='word_1_91' title='bbox 869 1354 1171 1421; x_wconf 82' lang='lat' dir='ltr'><strong><em>Anthropos</em></strong></span> <span class='ocrx_word' id='word_1_92' title='bbox 1216 1353 1411 1423; x_wconf 85' lang='lat' dir='ltr'><strong><em>Logon,</em></strong></span> <span class='ocrx_word' id='word_1_93' title='bbox 1444 1354 1529 1405; x_wconf 84' lang='lat' dir='ltr'><strong><em>hic</em></strong></span> <span class='ocrx_word' id='word_1_94' title='bbox 1560 1364 1634 1404; x_wconf 89' lang='lat' dir='ltr'><strong><em>est</em></strong></span> <span class='ocrx_word' id='word_1_95' title='bbox 1675 1352 1786 1419; x_wconf 78' lang='lat' dir='ltr'><strong><em>pti-</em></strong></span> 
     </span>
    </p>
   </div>
   <div class='ocr_carea' id='block_1_16' title="bbox 204 1442 1782 1516">
    <p class='ocr_par' dir='ltr' id='par_1_16' title="bbox 204 1442 1782 1516">
     <span class='ocr_line' id='line_1_16' title="bbox 204 1442 1782 1516; baseline 0.001 -22"><span class='ocrx_word' id='word_1_96' title='bbox 204 1446 500 1513; x_wconf 76' lang='lat' dir='ltr'><strong><em>tnogenitus</em></strong></span> <span class='ocrx_word' id='word_1_97' title='bbox 528 1442 729 1499; x_wconf 81' lang='lat' dir='ltr'><strong><em>Filius.</em></strong></span> <span class='ocrx_word' id='word_1_98' title='bbox 760 1445 1110 1516; x_wconf 77' lang='lat' dir='ltr'><strong><em>Subsequitur</em></strong></span> <span class='ocrx_word' id='word_1_99' title='bbox 1142 1459 1318 1499; x_wconf 88' lang='lat' dir='ltr'><strong><em>autem</em></strong></span> <span class='ocrx_word' id='word_1_100' title='bbox 1351 1444 1531 1516; x_wconf 88' lang='lat' dir='ltr'><strong><em>Logon</em></strong></span> <span class='ocrx_word' id='word_1_101' title='bbox 1572 1443 1700 1509; x_wconf 88' lang='lat' dir='ltr'><strong><em>Zoe,</em></strong></span> <span class='ocrx_word' id='word_1_102' title='bbox 1736 1455 1782 1497; x_wconf 86' lang='lat' dir='ltr'><strong><em>et</em></strong></span> 
     </span>
    </p>
   </div>
   <div class='ocr_carea' id='block_1_17' title="bbox 205 1537 1783 1608">
    <p class='ocr_par' dir='ltr' id='par_1_17' title="bbox 205 1537 1783 1608">
     <span class='ocr_line' id='line_1_17' title="bbox 205 1537 1783 1608; baseline 0.001 -19"><span class='ocrx_word' id='word_1_103' title='bbox 205 1538 276 1589; x_wconf 70' lang='lat' dir='ltr'><strong><em>sic</em></strong></span> <span class='ocrx_word' id='word_1_104' title='bbox 300 1538 481 1604; x_wconf 85' lang='lat' dir='ltr'><strong><em>prima</em></strong></span> <span class='ocrx_word' id='word_1_105' title='bbox 514 1540 784 1591; x_wconf 85' lang='lat' dir='ltr'><strong><em>octonatio</em></strong></span> <span class='ocrx_word' id='word_1_106' title='bbox 810 1540 1065 1608; x_wconf 84' lang='lat' dir='ltr'><strong><em>completa</em></strong></span> <span class='ocrx_word' id='word_1_107' title='bbox 1095 1549 1190 1594; x_wconf 88' lang='lat' dir='ltr'><strong><em>est.</em></strong></span> <span class='ocrx_word' id='word_1_108' title='bbox 1225 1539 1315 1593; x_wconf 86' lang='lat' dir='ltr'><strong><em>Ille</em></strong></span> <span class='ocrx_word' id='word_1_109' title='bbox 1346 1556 1470 1607; x_wconf 89' lang='lat' dir='ltr'><strong><em>cap.</em></strong></span> <span class='ocrx_word' id='word_1_110' title='bbox 1494 1538 1594 1592; x_wconf 69' lang='grc' dir='ltr'><strong><em>ὅθι</em></strong></span> <span class='ocrx_word' id='word_1_111' title='bbox 1627 1537 1783 1604; x_wconf 87' lang='lat' dir='ltr'><strong><em>Cum,</em></strong></span> 
     </span>
    </p>
   </div>
   <div class='ocr_carea' id='block_1_18' title="bbox 204 1631 1781 1702">
    <p class='ocr_par' dir='ltr' id='par_1_18' title="bbox 204 1631 1781 1702">
     <span class='ocr_line' id='line_1_18' title="bbox 204 1631 1781 1702; baseline 0.003 -21"><span class='ocrx_word' id='word_1_112' title='bbox 204 1631 469 1696; x_wconf 76' lang='lat' dir='ltr'><strong><em>inquiunt,</em></strong></span> <span class='ocrx_word' id='word_1_113' title='bbox 521 1633 775 1701; x_wconf 77' lang='lat' dir='ltr'><strong><em>cogitarit</em></strong></span> <span class='ocrx_word' id='word_1_114' title='bbox 823 1634 1088 1702; x_wconf 77' lang='lat' dir='ltr'><strong><em>proferre,</em></strong></span> <span class='ocrx_word' id='word_1_115' title='bbox 1128 1634 1224 1685; x_wconf 82' lang='lat' dir='ltr'><strong><em>Itoc</em></strong></span> <span class='ocrx_word' id='word_1_116' title='bbox 1268 1631 1432 1686; x_wconf 85' lang='lat' dir='ltr'><strong><em>Pater</em></strong></span> <span class='ocrx_word' id='word_1_117' title='bbox 1471 1635 1641 1686; x_wconf 81' lang='lat' dir='ltr'><strong><em>dictus</em></strong></span> <span class='ocrx_word' id='word_1_118' title='bbox 1685 1643 1781 1686; x_wconf 90' lang='lat' dir='ltr'><strong><em>est.</em></strong></span> 
     </span>
    </p>
   </div>
   <div class='ocr_carea' id='block_1_19' title="bbox 204 1722 1785 1793">
    <p class='ocr_par' dir='ltr' id='par_1_19' title="bbox 204 1722 1785 1793">
     <span class='ocr_line' id='line_1_19' title="bbox 204 1722 1785 1793; baseline 0.003 -17"><span class='ocrx_word' id='word_1_119' title='bbox 204 1722 328 1776; x_wconf 74' lang='lat' dir='ltr'><strong><em>Cum</em></strong></span> <span class='ocrx_word' id='word_1_120' title='bbox 355 1724 606 1792; x_wconf 75' lang='lat' dir='ltr'><strong><em>protulit,</em></strong></span> <span class='ocrx_word' id='word_1_121' title='bbox 631 1726 754 1793; x_wconf 83' lang='lat' dir='ltr'><strong><em>quia</em></strong></span> <span class='ocrx_word' id='word_1_122' title='bbox 783 1743 903 1779; x_wconf 87' lang='lat' dir='ltr'><strong><em>vera</em></strong></span> <span class='ocrx_word' id='word_1_123' title='bbox 928 1726 1170 1793; x_wconf 76' lang='lat' dir='ltr'><strong><em>protulit,</em></strong></span> <span class='ocrx_word' id='word_1_124' title='bbox 1190 1728 1274 1779; x_wconf 71' lang='lat' dir='ltr'><strong><em>llic</em></strong></span> <span class='ocrx_word' id='word_1_125' title='bbox 1300 1725 1501 1779; x_wconf 82' lang='lat' dir='ltr'><strong><em>Veritas</em></strong></span> <span class='ocrx_word' id='word_1_126' title='bbox 1522 1726 1785 1793; x_wconf 84' lang='lat' dir='ltr'><strong><em>appellata</em></strong></span> 
     </span>
    </p>
   </div>
   <div class='ocr_carea' id='block_1_20' title="bbox 202 1814 1785 1885">
    <p class='ocr_par' dir='ltr' id='par_1_20' title="bbox 202 1814 1785 1885">
     <span class='ocr_line' id='line_1_20' title="bbox 202 1814 1785 1885; baseline 0 -18"><span class='ocrx_word' id='word_1_127' title='bbox 202 1825 292 1868; x_wconf 82' lang='lat' dir='ltr'><strong><em>est.</em></strong></span> <span class='ocrx_word' id='word_1_128' title='bbox 322 1814 459 1867; x_wconf 86' lang='lat' dir='ltr'><strong><em>Cum</em></strong></span> <span class='ocrx_word' id='word_1_129' title='bbox 479 1818 819 1882; x_wconf 86' lang='lat' dir='ltr'><strong><em>semetipsum</em></strong></span> <span class='ocrx_word' id='word_1_130' title='bbox 857 1817 1016 1870; x_wconf 80' lang='lat' dir='ltr'><strong><em>voluit</em></strong></span> <span class='ocrx_word' id='word_1_131' title='bbox 1042 1818 1275 1885; x_wconf 84' lang='lat' dir='ltr'><strong><em>probari,</em></strong></span> <span class='ocrx_word' id='word_1_132' title='bbox 1323 1816 1420 1868; x_wconf 86' lang='lat' dir='ltr'><strong><em>hoc</em></strong></span> <span class='ocrx_word' id='word_1_133' title='bbox 1459 1815 1633 1868; x_wconf 80' lang='lat' dir='ltr'><strong><em>Homo</em></strong></span> <span class='ocrx_word' id='word_1_134' title='bbox 1659 1833 1785 1883; x_wconf 88' lang='lat' dir='ltr'><strong><em>pro-</em></strong></span> 
     </span>
    </p>
   </div>
   <div class='ocr_carea' id='block_1_21' title="bbox 203 1906 1781 1977">
    <p class='ocr_par' dir='ltr' id='par_1_21' title="bbox 203 1906 1781 1977">
     <span class='ocr_line' id='line_1_21' title="bbox 203 1906 1781 1977; baseline 0.001 -19"><span class='ocrx_word' id='word_1_135' title='bbox 203 1906 481 1959; x_wconf 74' lang='lat' dir='ltr'><strong><em>nuntiatus</em></strong></span> <span class='ocrx_word' id='word_1_136' title='bbox 505 1921 605 1961; x_wconf 89' lang='lat' dir='ltr'><strong><em>est.</em></strong></span> <span class='ocrx_word' id='word_1_137' title='bbox 629 1907 772 1971; x_wconf 84' lang='lat' dir='ltr'><strong><em>Quos</em></strong></span> <span class='ocrx_word' id='word_1_138' title='bbox 793 1919 965 1961; x_wconf 89' lang='lat' dir='ltr'><strong><em>autem</em></strong></span> <span class='ocrx_word' id='word_1_139' title='bbox 990 1910 1378 1977; x_wconf 75' lang='lat' dir='ltr'><strong><em>prtecogitavit,</em></strong></span> <span class='ocrx_word' id='word_1_140' title='bbox 1403 1926 1519 1962; x_wconf 91' lang='lat' dir='ltr'><strong><em>cum</em></strong></span> <span class='ocrx_word' id='word_1_141' title='bbox 1538 1909 1781 1972; x_wconf 84' lang='lat' dir='ltr'><strong><em>protulit,</em></strong></span> 
     </span>
    </p>
   </div>
   <div class='ocr_carea' id='block_1_22' title="bbox 201 1998 1783 2070">
    <p class='ocr_par' dir='ltr' id='par_1_22' title="bbox 201 1998 1783 2070">
     <span class='ocr_line' id='line_1_22' title="bbox 201 1998 1783 2070; baseline 0.004 -21"><span class='ocrx_word' id='word_1_142' title='bbox 201 2011 317 2051; x_wconf 70' lang='lat' dir='ltr'><strong><em>tunc</em></strong></span> <span class='ocrx_word' id='word_1_143' title='bbox 351 1998 601 2053; x_wconf 82' lang='lat' dir='ltr'><strong><em>Ecclesia</em></strong></span> <span class='ocrx_word' id='word_1_144' title='bbox 647 2011 950 2070; x_wconf 84' lang='lat' dir='ltr'><strong><em>nuncupata</em></strong></span> <span class='ocrx_word' id='word_1_145' title='bbox 994 2015 1090 2055; x_wconf 89' lang='lat' dir='ltr'><strong><em>est.</em></strong></span> <span class='ocrx_word' id='word_1_146' title='bbox 1135 2002 1324 2057; x_wconf 88' lang='lat' dir='ltr'><strong><em>Sonuit</em></strong></span> <span class='ocrx_word' id='word_1_147' title='bbox 1356 2003 1530 2057; x_wconf 76' lang='lat' dir='ltr'><strong><em>[Ionio</em></strong></span> <span class='ocrx_word' id='word_1_148' title='bbox 1568 2002 1783 2057; x_wconf 87' lang='lat' dir='ltr'><strong><em>Sermo-</em></strong></span> 
     </span>
    </p>
   </div>
   <div class='ocr_carea' id='block_1_23' title="bbox 199 2091 1782 2162">
    <p class='ocr_par' dir='ltr' id='par_1_23' title="bbox 199 2091 1782 2162">
     <span class='ocr_line' id='line_1_23' title="bbox 199 2091 1782 2162; baseline 0.005 -21"><span class='ocrx_word' id='word_1_149' title='bbox 199 2107 333 2155; x_wconf 83' lang='lat' dir='ltr'><strong><em>nem,</em></strong></span> <span class='ocrx_word' id='word_1_150' title='bbox 366 2102 419 2144; x_wconf 90' lang='lat' dir='ltr'><strong><em>et</em></strong></span> <span class='ocrx_word' id='word_1_151' title='bbox 450 2091 544 2144; x_wconf 79' lang='lat' dir='ltr'><strong><em>hic</em></strong></span> <span class='ocrx_word' id='word_1_152' title='bbox 572 2103 650 2145; x_wconf 88' lang='lat' dir='ltr'><strong><em>est</em></strong></span> <span class='ocrx_word' id='word_1_153' title='bbox 672 2093 1055 2162; x_wconf 84' lang='lat' dir='ltr'><strong><em>primogenitus</em></strong></span> <span class='ocrx_word' id='word_1_154' title='bbox 1096 2092 1265 2147; x_wconf 80' lang='lat' dir='ltr'><strong><em>Filius</em></strong></span> <span class='ocrx_word' id='word_1_155' title='bbox 1291 2136 1305 2157; x_wconf 87' lang='lat'><strong><em>,</em></strong></span> <span class='ocrx_word' id='word_1_156' title='bbox 1330 2106 1375 2149; x_wconf 89' lang='lat' dir='ltr'><strong><em>et</em></strong></span> <span class='ocrx_word' id='word_1_157' title='bbox 1415 2094 1654 2149; x_wconf 83' lang='lat' dir='ltr'><strong><em>Sermoni</em></strong></span> <span class='ocrx_word' id='word_1_158' title='bbox 1691 2113 1782 2149; x_wconf 81' lang='lat' dir='ltr'><strong><em>ac-</em></strong></span> 
     </span>
    </p>
   </div>
   <div class='ocr_carea' id='block_1_24' title="bbox 199 2182 1781 2255">
    <p class='ocr_par' dir='ltr' id='par_1_24' title="bbox 199 2182 1781 2255">
     <span class='ocr_line' id='line_1_24' title="bbox 199 2182 1781 2255; baseline 0.003 -20"><span class='ocrx_word' id='word_1_159' title='bbox 199 2184 347 2235; x_wconf 79' lang='lat' dir='ltr'><strong><em>cessit</em></strong></span> <span class='ocrx_word' id='word_1_160' title='bbox 411 2182 577 2246; x_wconf 84' lang='lat' dir='ltr'><strong><em>Vita;</em></strong></span> <span class='ocrx_word' id='word_1_161' title='bbox 624 2193 673 2236; x_wconf 90' lang='lat' dir='ltr'><strong><em>et</em></strong></span> <span class='ocrx_word' id='word_1_162' title='bbox 726 2184 926 2252; x_wconf 85' lang='lat' dir='ltr'><strong><em>ogdoas</em></strong></span> <span class='ocrx_word' id='word_1_163' title='bbox 960 2186 1133 2255; x_wconf 88' lang='lat' dir='ltr'><strong><em>prima</em></strong></span> <span class='ocrx_word' id='word_1_164' title='bbox 1178 2186 1427 2239; x_wconf 87' lang='lat' dir='ltr'><strong><em>conclusa</em></strong></span> <span class='ocrx_word' id='word_1_165' title='bbox 1474 2197 1569 2240; x_wconf 92' lang='lat' dir='ltr'><strong><em>est.</em></strong></span> <span class='ocrx_word' id='word_1_166' title='bbox 1618 2186 1781 2240; x_wconf 86' lang='lat' dir='ltr'><strong><em>Plura</em></strong></span> 
     </span>
    </p>
   </div>
   <div class='ocr_carea' id='block_1_25' title="bbox 198 2273 1781 2346">
    <p class='ocr_par' dir='ltr' id='par_1_25' title="bbox 198 2273 1781 2346">
     <span class='ocr_line' id='line_1_25' title="bbox 198 2273 1781 2346; baseline 0.006 -22"><span class='ocrx_word' id='word_1_167' title='bbox 198 2273 298 2325; x_wconf 88' lang='lat' dir='ltr'><strong><em>alia</em></strong></span> <span class='ocrx_word' id='word_1_168' title='bbox 324 2275 541 2328; x_wconf 80' lang='lat' dir='ltr'><strong><em>similia</em></strong></span> <span class='ocrx_word' id='word_1_169' title='bbox 584 2275 791 2344; x_wconf 89' lang='lat' dir='ltr'><strong><em>passim</em></strong></span> <span class='ocrx_word' id='word_1_170' title='bbox 840 2285 1144 2329; x_wconf 83' lang='lat' dir='ltr'><strong><em>oceurruut</em></strong></span> <span class='ocrx_word' id='word_1_171' title='bbox 1177 2278 1322 2346; x_wconf 89' lang='lat' dir='ltr'><strong><em>apud</em></strong></span> <span class='ocrx_word' id='word_1_172' title='bbox 1362 2278 1781 2333; x_wconf 88' lang='lat' dir='ltr'><strong><em>Tertullianum.</em></strong></span> 
     </span>
    </p>
   </div>
   <div class='ocr_carea' id='block_1_26' title="bbox 197 2363 1783 2434">
    <p class='ocr_par' dir='ltr' id='par_1_26' title="bbox 197 2363 1783 2434">
     <span class='ocr_line' id='line_1_26' title="bbox 197 2363 1783 2434; baseline 0.004 -17"><span class='ocrx_word' id='word_1_173' title='bbox 197 2363 299 2419; x_wconf 83' lang='lat' dir='ltr'><strong><em>Sed</em></strong></span> <span class='ocrx_word' id='word_1_174' title='bbox 325 2367 475 2427; x_wconf 85' lang='lat' dir='ltr'><strong><em>quod</em></strong></span> <span class='ocrx_word' id='word_1_175' title='bbox 509 2366 731 2421; x_wconf 89' lang='lat' dir='ltr'><strong><em>demum</em></strong></span> <span class='ocrx_word' id='word_1_176' title='bbox 775 2369 1014 2421; x_wconf 83' lang='lat' dir='ltr'><strong><em>ostendit</em></strong></span> <span class='ocrx_word' id='word_1_177' title='bbox 1048 2369 1191 2423; x_wconf 81' lang='lat' dir='ltr'><strong><em>hunc</em></strong></span> <span class='ocrx_word' id='word_1_178' title='bbox 1225 2385 1330 2423; x_wconf 91' lang='lat' dir='ltr'><strong><em>non</em></strong></span> <span class='ocrx_word' id='word_1_179' title='bbox 1370 2386 1399 2424; x_wconf 89' lang='lat' dir='ltr'><strong><em>e</em></strong></span> <span class='ocrx_word' id='word_1_180' title='bbox 1428 2370 1643 2434; x_wconf 68' lang='lat' dir='ltr'><strong><em>Graeco,</em></strong></span> <span class='ocrx_word' id='word_1_181' title='bbox 1689 2372 1783 2424; x_wconf 88' lang='lat' dir='ltr'><strong><em>sed</em></strong></span> 
     </span>
    </p>
   </div>
   <div class='ocr_carea' id='block_1_27' title="bbox 194 2457 1783 2529">
    <p class='ocr_par' dir='ltr' id='par_1_27' title="bbox 194 2457 1783 2529">
     <span class='ocr_line' id='line_1_27' title="bbox 194 2457 1783 2529; baseline 0.004 -18"><span class='ocrx_word' id='word_1_182' title='bbox 194 2472 257 2511; x_wconf 78' lang='lat' dir='ltr'><strong><em>ex</em></strong></span> <span class='ocrx_word' id='word_1_183' title='bbox 300 2457 620 2522; x_wconf 81' lang='lat' dir='ltr'><strong><em>interprete</em></strong></span> <span class='ocrx_word' id='word_1_184' title='bbox 661 2458 850 2513; x_wconf 71' lang='lat' dir='ltr'><strong><em>Irenzei</em></strong></span> <span class='ocrx_word' id='word_1_185' title='bbox 891 2460 1190 2529; x_wconf 84' lang='lat' dir='ltr'><strong><em>sumpsisse</em></strong></span> <span class='ocrx_word' id='word_1_186' title='bbox 1230 2478 1352 2529; x_wconf 72' lang='lat' dir='ltr'><strong><em>qua:</em></strong></span> <span class='ocrx_word' id='word_1_187' title='bbox 1396 2461 1601 2529; x_wconf 85' lang='lat' dir='ltr'><strong><em>refert,</em></strong></span> <span class='ocrx_word' id='word_1_188' title='bbox 1652 2464 1783 2518; x_wconf 90' lang='lat' dir='ltr'><strong><em>illud</em></strong></span> 
     </span>
    </p>
   </div>
   <div class='ocr_carea' id='block_1_28' title="bbox 194 2551 1779 2626">
    <p class='ocr_par' dir='ltr' id='par_1_28' title="bbox 194 2551 1779 2626">
     <span class='ocr_line' id='line_1_28' title="bbox 194 2551 1779 2626; baseline 0.005 -23"><span class='ocrx_word' id='word_1_189' title='bbox 194 2560 293 2611; x_wconf 78' lang='lat' dir='ltr'><strong><em>est.</em></strong></span> <span class='ocrx_word' id='word_1_190' title='bbox 322 2551 478 2620; x_wconf 86' lang='lat' dir='ltr'><strong><em>quod</em></strong></span> <span class='ocrx_word' id='word_1_191' title='bbox 513 2551 606 2604; x_wconf 91' lang='lat' dir='ltr'><strong><em>ubi</em></strong></span> <span class='ocrx_word' id='word_1_192' title='bbox 651 2551 834 2620; x_wconf 89' lang='lat' dir='ltr'><strong><em>lapsus</em></strong></span> <span class='ocrx_word' id='word_1_193' title='bbox 869 2561 951 2605; x_wconf 89' lang='lat' dir='ltr'><strong><em>cst</em></strong></span> <span class='ocrx_word' id='word_1_194' title='bbox 975 2552 1247 2621; x_wconf 88' lang='lat' dir='ltr'><strong><em>interpres</em></strong></span> <span class='ocrx_word' id='word_1_195' title='bbox 1270 2553 1459 2609; x_wconf 69' lang='lat' dir='ltr'><strong><em>Graeca</em></strong></span> <span class='ocrx_word' id='word_1_196' title='bbox 1493 2570 1779 2626; x_wconf 84' lang='lat' dir='ltr'><strong><em>perperam</em></strong></span> 
     </span>
    </p>
   </div>
   <div class='ocr_carea' id='block_1_29' title="bbox 195 2641 1780 2718">
    <p class='ocr_par' dir='ltr' id='par_1_29' title="bbox 195 2641 1780 2718">
     <span class='ocr_line' id='line_1_29' title="bbox 195 2641 1780 2718; baseline 0.006 -23"><span class='ocrx_word' id='word_1_197' title='bbox 195 2643 458 2706; x_wconf 86' lang='lat' dir='ltr'><strong><em>reddens,</em></strong></span> <span class='ocrx_word' id='word_1_198' title='bbox 514 2641 701 2712; x_wconf 84' lang='lat' dir='ltr'><strong><em>lapsus</em></strong></span> <span class='ocrx_word' id='word_1_199' title='bbox 746 2655 828 2697; x_wconf 89' lang='lat' dir='ltr'><strong><em>est</em></strong></span> <span class='ocrx_word' id='word_1_200' title='bbox 876 2654 932 2698; x_wconf 90' lang='lat' dir='ltr'><strong><em>et</em></strong></span> <span class='ocrx_word' id='word_1_201' title='bbox 969 2643 1361 2701; x_wconf 87' lang='lat' dir='ltr'><strong><em>Tertullianus.</em></strong></span> <span class='ocrx_word' id='word_1_202' title='bbox 1406 2647 1521 2714; x_wconf 89' lang='lat' dir='ltr'><strong><em>Ille,</em></strong></span> <span class='ocrx_word' id='word_1_203' title='bbox 1566 2658 1626 2703; x_wconf 92' lang='lat' dir='ltr'><strong><em>ut</em></strong></span> <span class='ocrx_word' id='word_1_204' title='bbox 1666 2650 1780 2718; x_wconf 91' lang='lat' dir='ltr'><strong><em>jam</em></strong></span> 
     </span>
    </p>
   </div>
   <div class='ocr_carea' id='block_1_30' title="bbox 193 2733 1779 2807">
    <p class='ocr_par' dir='ltr' id='par_1_30' title="bbox 193 2733 1779 2807">
     <span class='ocr_line' id='line_1_30' title="bbox 193 2733 1779 2807; baseline 0.004 -21"><span class='ocrx_word' id='word_1_205' title='bbox 193 2733 320 2794; x_wconf 80' lang='lat' dir='ltr'><strong><em>dixi,</em></strong></span> <span class='ocrx_word' id='word_1_206' title='bbox 352 2748 560 2788; x_wconf 83' lang='lat' dir='ltr'><strong><em>nomen</em></strong></span> <span class='ocrx_word' id='word_1_207' title='bbox 620 2734 919 2805; x_wconf 72' lang='grc' dir='ltr'><strong><em>Ἐπιφανὴς</em></strong></span> <span class='ocrx_word' id='word_1_208' title='bbox 969 2736 1357 2807; x_wconf 85' lang='lat' dir='ltr'><strong><em>appellativum</em></strong></span> <span class='ocrx_word' id='word_1_209' title='bbox 1394 2752 1515 2793; x_wconf 87' lang='lat' dir='ltr'><strong><em>esse</em></strong></span> <span class='ocrx_word' id='word_1_210' title='bbox 1556 2748 1779 2807; x_wconf 90' lang='lat' dir='ltr'><strong><em>putans,</em></strong></span> 
     </span>
    </p>
   </div>
   <div class='ocr_carea' id='block_1_31' title="bbox 190 2828 1781 2887">
    <p class='ocr_par' dir='ltr' id='par_1_31' title="bbox 190 2828 1781 2887">
     <span class='ocr_line' id='line_1_31' title="bbox 190 2828 1781 2887; baseline 0.004 -8"><span class='ocrx_word' id='word_1_211' title='bbox 190 2828 326 2882; x_wconf 79' lang='lat' dir='ltr'><strong><em>male</em></strong></span> <span class='ocrx_word' id='word_1_212' title='bbox 374 2829 611 2881; x_wconf 81' lang='lat' dir='ltr'><strong><em>omnim-</em></strong></span> <span class='ocrx_word' id='word_1_213' title='bbox 657 2828 824 2882; x_wconf 88' lang='lat' dir='ltr'><strong><em>vertit</em></strong></span> <span class='ocrx_word' id='word_1_214' title='bbox 867 2830 1068 2883; x_wconf 86' lang='lat' dir='ltr'><strong><em>clarus.</em></strong></span> <span class='ocrx_word' id='word_1_215' title='bbox 1110 2828 1481 2886; x_wconf 87' lang='lat' dir='ltr'><strong><em>Tertulliauus</em></strong></span> <span class='ocrx_word' id='word_1_216' title='bbox 1526 2831 1781 2887; x_wconf 86' lang='lat' dir='ltr'><strong><em>similiter</em></strong></span> 
     </span>
    </p>
   </div>
   <div class='ocr_carea' id='block_1_32' title="bbox 191 2922 1775 2993">
    <p class='ocr_par' dir='ltr' id='par_1_32' title="bbox 191 2922 1775 2993">
     <span class='ocr_line' id='line_1_32' title="bbox 191 2922 1775 2993; baseline 0.002 -19"><span class='ocrx_word' id='word_1_217' title='bbox 191 2931 471 2975; x_wconf 81' lang='lat' dir='ltr'><strong><em>errantem</em></strong></span> <span class='ocrx_word' id='word_1_218' title='bbox 504 2931 732 2975; x_wconf 86' lang='lat' dir='ltr'><strong><em>secutus</em></strong></span> <span class='ocrx_word' id='word_1_219' title='bbox 757 2922 1001 2988; x_wconf 72' lang='lat' dir='ltr'><strong><em>scripsit,</em></strong></span> <span class='ocrx_word' id='word_1_220' title='bbox 1048 2922 1329 2990; x_wconf 86' lang='lat' dir='ltr'><strong><em>insignior.</em></strong></span> <span class='ocrx_word' id='word_1_221' title='bbox 1378 2923 1616 2977; x_wconf 69' lang='lat' dir='ltr'><strong><em>Irenarus</em></strong></span> <span class='ocrx_word' id='word_1_222' title='bbox 1653 2939 1775 2993; x_wconf 86' lang='lat' dir='ltr'><strong><em>cap.</em></strong></span> 
     </span>
    </p>
   </div>
   <div class='ocr_carea' id='block_1_33' title="bbox 188 3011 1779 3082">
    <p class='ocr_par' dir='ltr' id='par_1_33' title="bbox 188 3011 1779 3082">
     <span class='ocr_line' id='line_1_33' title="bbox 188 3011 1779 3082; baseline 0.002 -17"><span class='ocrx_word' id='word_1_223' title='bbox 188 3011 240 3072; x_wconf 68' lang='lat'><strong><em>2,</em></strong></span> <span class='ocrx_word' id='word_1_224' title='bbox 268 3029 322 3066; x_wconf 83' lang='grc' dir='ltr'>ιι.</span> <span class='ocrx_word' id='word_1_225' title='bbox 356 3013 415 3073; x_wconf 78' lang='lat'><strong><em>3,</em></strong></span> <span class='ocrx_word' id='word_1_226' title='bbox 446 3012 672 3081; x_wconf 70' lang='lat' dir='ltr'><strong><em>Sophia:</em></strong></span> <span class='ocrx_word' id='word_1_227' title='bbox 724 3014 1196 3082; x_wconf 76' lang='lat' dir='ltr'><strong><em>perturbationem</em></strong></span> <span class='ocrx_word' id='word_1_228' title='bbox 1248 3028 1538 3079; x_wconf 86' lang='lat' dir='ltr'><strong><em>enarrans,</em></strong></span> <span class='ocrx_word' id='word_1_229' title='bbox 1585 3014 1779 3069; x_wconf 83' lang='lat' dir='ltr'><strong><em>scribit</em></strong></span> 
     </span>
    </p>
   </div>
   <div class='ocr_carea' id='block_1_34' title="bbox 190 3106 1775 3180">
    <p class='ocr_par' dir='ltr' id='par_1_34' title="bbox 190 3106 1775 3180">
     <span class='ocr_line' id='line_1_34' title="bbox 190 3106 1775 3180; baseline 0 -18"><span class='ocrx_word' id='word_1_230' title='bbox 190 3124 330 3171; x_wconf 86' lang='lat' dir='ltr'><strong><em>eam,</em></strong></span> <span class='ocrx_word' id='word_1_231' title='bbox 364 3108 544 3162; x_wconf 86' lang='lat' dir='ltr'><strong><em>fetum</em></strong></span> <span class='ocrx_word' id='word_1_232' title='bbox 600 3106 889 3160; x_wconf 82' lang='lat' dir='ltr'><strong><em>informem</em></strong></span> <span class='ocrx_word' id='word_1_233' title='bbox 933 3123 1056 3160; x_wconf 89' lang='lat' dir='ltr'><strong><em>cum</em></strong></span> <span class='ocrx_word' id='word_1_234' title='bbox 1091 3108 1413 3177; x_wconf 85' lang='lat' dir='ltr'><strong><em>peperisset.</em></strong></span> <span class='ocrx_word' id='word_1_235' title='bbox 1459 3107 1629 3178; x_wconf 89' lang='lat' dir='ltr'><strong><em>primo</em></strong></span> <span class='ocrx_word' id='word_1_236' title='bbox 1656 3111 1775 3180; x_wconf 81' lang='lat' dir='ltr'><strong><em>qui-</em></strong></span> 
     </span>
    </p>
   </div>
   <div class='ocr_carea' id='block_1_35' title="bbox 193 3197 1769 3269">
    <p class='ocr_par' dir='ltr' id='par_1_35' title="bbox 193 3197 1769 3269">
     <span class='ocr_line' id='line_1_35' title="bbox 193 3197 1769 3269; baseline 0.003 -20"><span class='ocrx_word' id='word_1_237' title='bbox 193 3198 301 3251; x_wconf 77' lang='lat' dir='ltr'><strong><em>dem</em></strong></span> <span class='ocrx_word' id='word_1_238' title='bbox 333 3198 719 3251; x_wconf 88' lang='lat' dir='ltr'><strong><em>contristatam</em></strong></span> <span class='ocrx_word' id='word_1_239' title='bbox 754 3207 968 3265; x_wconf 83' lang='lat' dir='ltr'><strong><em>propter</em></strong></span> <span class='ocrx_word' id='word_1_240' title='bbox 1018 3197 1582 3252; x_wconf 84' lang='lat' dir='ltr'><strong><em>incunsummationem</em></strong></span> <span class='ocrx_word' id='word_1_241' title='bbox 1619 3215 1769 3269; x_wconf 80' lang='lat' dir='ltr'><strong><em>gene-</em></strong></span> 
     </span>
    </p>
   </div>
   <div class='ocr_carea' id='block_1_36' title="bbox 190 3287 1779 3362">
    <p class='ocr_par' dir='ltr' id='par_1_36' title="bbox 190 3287 1779 3362">
     <span class='ocr_line' id='line_1_36' title="bbox 190 3287 1779 3362; baseline 0.003 -23"><span class='ocrx_word' id='word_1_242' title='bbox 190 3291 442 3353; x_wconf 73' lang='lat' dir='ltr'><strong><em>rationis,</em></strong></span> <span class='ocrx_word' id='word_1_243' title='bbox 475 3300 596 3358; x_wconf 88' lang='lat' dir='ltr'><strong><em>past</em></strong></span> <span class='ocrx_word' id='word_1_244' title='bbox 625 3288 834 3351; x_wconf 87' lang='lat' dir='ltr'><strong><em>deinde,</em></strong></span> <span class='ocrx_word' id='word_1_245' title='bbox 876 3287 1176 3360; x_wconf 73' lang='grc' dir='ltr'><strong><em>φοϐηθῆναι</em></strong></span> <span class='ocrx_word' id='word_1_246' title='bbox 1219 3289 1295 3362; x_wconf 79' lang='grc' dir='ltr'><strong>μὴ</strong></span> <span class='ocrx_word' id='word_1_247' title='bbox 1329 3292 1422 3343; x_wconf 77' lang='grc' dir='ltr'><strong><em>καὶ</em></strong></span> <span class='ocrx_word' id='word_1_248' title='bbox 1458 3291 1590 3345; x_wconf 80' lang='grc' dir='ltr'><strong><em>αὐτὸ</em></strong></span> <span class='ocrx_word' id='word_1_249' title='bbox 1628 3290 1779 3356; x_wconf 75' lang='grc' dir='ltr'>τέλος</span> 
     </span>
    </p>
   </div>
   <div class='ocr_carea' id='block_1_37' title="bbox 189 3381 1778 3455">
    <p class='ocr_par' dir='ltr' id='par_1_37' title="bbox 189 3381 1778 3455">
     <span class='ocr_line' id='line_1_37' title="bbox 189 3381 1778 3455; baseline 0.003 -22"><span class='ocrx_word' id='word_1_250' title='bbox 189 3381 303 3455; x_wconf 71' lang='grc' dir='ltr'><strong><em>ἔχῃ.</em></strong></span> <span class='ocrx_word' id='word_1_251' title='bbox 326 3382 426 3437; x_wconf 88' lang='lat' dir='ltr'><strong><em>Sic</em></strong></span> <span class='ocrx_word' id='word_1_252' title='bbox 446 3382 646 3436; x_wconf 86' lang='lat' dir='ltr'><strong><em>saltem</em></strong></span> <span class='ocrx_word' id='word_1_253' title='bbox 672 3382 799 3450; x_wconf 87' lang='lat' dir='ltr'><strong><em>legit</em></strong></span> <span class='ocrx_word' id='word_1_254' title='bbox 831 3382 1138 3451; x_wconf 86' lang='lat' dir='ltr'><strong><em>interpres;</em></strong></span> <span class='ocrx_word' id='word_1_255' title='bbox 1170 3383 1519 3449; x_wconf 89' lang='lat' dir='ltr'><strong><em>vertitenim,</em></strong></span> <span class='ocrx_word' id='word_1_256' title='bbox 1540 3385 1778 3438; x_wconf 86' lang='lat' dir='ltr'><strong><em>timuisse</em></strong></span> 
     </span>
    </p>
   </div>
   <div class='ocr_carea' id='block_1_38' title="bbox 188 3474 1773 3545">
    <p class='ocr_par' dir='ltr' id='par_1_38' title="bbox 188 3474 1773 3545">
     <span class='ocr_line' id='line_1_38' title="bbox 188 3474 1773 3545; baseline 0.001 -17"><span class='ocrx_word' id='word_1_257' title='bbox 188 3494 248 3530; x_wconf 78' lang='lat' dir='ltr'><strong><em>ue</em></strong></span> <span class='ocrx_word' id='word_1_258' title='bbox 279 3478 383 3530; x_wconf 83' lang='lat' dir='ltr'><strong><em>ltoc</em></strong></span> <span class='ocrx_word' id='word_1_259' title='bbox 413 3478 591 3545; x_wconf 86' lang='lat' dir='ltr'><strong><em>ipsum</em></strong></span> <span class='ocrx_word' id='word_1_260' title='bbox 621 3476 780 3544; x_wconf 74' lang='lat' dir='ltr'><strong><em>ﬁnem</em></strong></span> <span class='ocrx_word' id='word_1_261' title='bbox 810 3477 1038 3541; x_wconf 87' lang='lat' dir='ltr'><strong><em>habeat;</em></strong></span> <span class='ocrx_word' id='word_1_262' title='bbox 1075 3475 1163 3527; x_wconf 91' lang='lat' dir='ltr'><strong><em>ubi</em></strong></span> <span class='ocrx_word' id='word_1_263' title='bbox 1195 3474 1350 3538; x_wconf 74' lang='grc' dir='ltr'><strong><em>τέλος</em></strong></span> <span class='ocrx_word' id='word_1_264' title='bbox 1377 3476 1773 3544; x_wconf 78' lang='lat' dir='ltr'><strong><em>perfectionem,</em></strong></span> 
     </span>
    </p>
   </div>
   <div class='ocr_carea' id='block_1_39' title="bbox 189 3568 1776 3639">
    <p class='ocr_par' dir='ltr' id='par_1_39' title="bbox 189 3568 1776 3639">
     <span class='ocr_line' id='line_1_39' title="bbox 189 3568 1776 3639; baseline 0 -16"><span class='ocrx_word' id='word_1_265' title='bbox 189 3584 290 3623; x_wconf 86' lang='lat' dir='ltr'><strong><em>aon</em></strong></span> <span class='ocrx_word' id='word_1_266' title='bbox 321 3569 489 3639; x_wconf 73' lang='lat' dir='ltr'><strong><em>ﬁnem</em></strong></span> <span class='ocrx_word' id='word_1_267' title='bbox 521 3569 846 3626; x_wconf 86' lang='lat' dir='ltr'><strong><em>vertendum</em></strong></span> <span class='ocrx_word' id='word_1_268' title='bbox 877 3578 1020 3633; x_wconf 89' lang='lat' dir='ltr'><strong><em>erat,</em></strong></span> <span class='ocrx_word' id='word_1_269' title='bbox 1055 3579 1113 3622; x_wconf 95' lang='lat' dir='ltr'><strong><em>ut</em></strong></span> <span class='ocrx_word' id='word_1_270' title='bbox 1156 3568 1208 3621; x_wconf 91' lang='lat' dir='ltr'><strong><em>in</em></strong></span> <span class='ocrx_word' id='word_1_271' title='bbox 1240 3569 1386 3623; x_wconf 89' lang='lat' dir='ltr'><strong><em>notis</em></strong></span> <span class='ocrx_word' id='word_1_272' title='bbox 1413 3568 1480 3622; x_wconf 90' lang='lat' dir='ltr'><strong><em>ad</em></strong></span> <span class='ocrx_word' id='word_1_273' title='bbox 1517 3568 1665 3622; x_wconf 92' lang='lat' dir='ltr'><strong><em>hunc</em></strong></span> <span class='ocrx_word' id='word_1_274' title='bbox 1695 3568 1776 3623; x_wconf 89' lang='lat' dir='ltr'><strong><em>lo-</em></strong></span> 
     </span>
    </p>
   </div>
   <div class='ocr_carea' id='block_1_40' title="bbox 187 3658 1771 3729">
    <p class='ocr_par' dir='ltr' id='par_1_40' title="bbox 187 3658 1771 3729">
     <span class='ocr_line' id='line_1_40' title="bbox 187 3658 1771 3729; baseline -0.001 -14"><span class='ocrx_word' id='word_1_275' title='bbox 187 3677 304 3715; x_wconf 84' lang='lat' dir='ltr'><strong><em>cum</em></strong></span> <span class='ocrx_word' id='word_1_276' title='bbox 357 3661 630 3715; x_wconf 81' lang='lat' dir='ltr'><strong><em>diximus.</em></strong></span> <span class='ocrx_word' id='word_1_277' title='bbox 670 3658 779 3714; x_wconf 83' lang='lat' dir='ltr'><strong><em>Nec</em></strong></span> <span class='ocrx_word' id='word_1_278' title='bbox 831 3660 1027 3714; x_wconf 88' lang='lat' dir='ltr'><strong><em>melius</em></strong></span> <span class='ocrx_word' id='word_1_279' title='bbox 1070 3659 1442 3714; x_wconf 88' lang='lat' dir='ltr'><strong><em>Tertulliauus</em></strong></span> <span class='ocrx_word' id='word_1_280' title='bbox 1488 3673 1610 3729; x_wconf 84' lang='lat' dir='ltr'><strong><em>cap.</em></strong></span> <span class='ocrx_word' id='word_1_281' title='bbox 1662 3660 1771 3714; x_wconf 83' lang='grc' dir='ltr'><strong>1οε</strong></span> 
     </span>
    </p>
   </div>
   <div class='ocr_carea' id='block_1_41' title="bbox 187 3752 1773 3823">
    <p class='ocr_par' dir='ltr' id='par_1_41' title="bbox 187 3752 1773 3823">
     <span class='ocr_line' id='line_1_41' title="bbox 187 3752 1773 3823; baseline 0 -18"><span class='ocrx_word' id='word_1_282' title='bbox 187 3753 353 3821; x_wconf 84' lang='lat' dir='ltr'><strong><em>primo</em></strong></span> <span class='ocrx_word' id='word_1_283' title='bbox 380 3754 600 3823; x_wconf 71' lang='lat' dir='ltr'><strong><em>quidem</em></strong></span> <span class='ocrx_word' id='word_1_284' title='bbox 633 3752 939 3805; x_wconf 84' lang='lat' dir='ltr'><strong><em>contristari</em></strong></span> <span class='ocrx_word' id='word_1_285' title='bbox 965 3761 1181 3820; x_wconf 83' lang='lat' dir='ltr'><strong><em>propter</em></strong></span> <span class='ocrx_word' id='word_1_286' title='bbox 1209 3752 1773 3806; x_wconf 85' lang='lat' dir='ltr'><strong><em>inconsummationem</em></strong></span> 
     </span>
    </p>
   </div>
   <div class='ocr_carea' id='block_1_42' title="bbox 186 3841 1774 3914">
    <p class='ocr_par' dir='ltr' id='par_1_42' title="bbox 186 3841 1774 3914">
     <span class='ocr_line' id='line_1_42' title="bbox 186 3841 1774 3914; baseline -0.003 -14"><span class='ocrx_word' id='word_1_287' title='bbox 186 3846 569 3914; x_wconf 73' lang='lat' dir='ltr'><strong><em>generationis,</em></strong></span> <span class='ocrx_word' id='word_1_288' title='bbox 622 3855 669 3899; x_wconf 88' lang='lat' dir='ltr'><strong><em>et</em></strong></span> <span class='ocrx_word' id='word_1_289' title='bbox 716 3852 945 3898; x_wconf 83' lang='lat' dir='ltr'><strong><em>metuere</em></strong></span> <span class='ocrx_word' id='word_1_290' title='bbox 982 3854 1280 3913; x_wconf 84' lang='lat' dir='ltr'><strong><em>pastremo,</em></strong></span> <span class='ocrx_word' id='word_1_291' title='bbox 1311 3860 1375 3897; x_wconf 89' lang='lat' dir='ltr'><strong><em>ne</em></strong></span> <span class='ocrx_word' id='word_1_292' title='bbox 1406 3841 1528 3911; x_wconf 77' lang='lat' dir='ltr'><strong><em>linis</em></strong></span> <span class='ocrx_word' id='word_1_293' title='bbox 1571 3860 1774 3913; x_wconf 87' lang='lat' dir='ltr'><strong><em>quoque</em></strong></span> 
     </span>
    </p>
   </div>
   <div class='ocr_carea' id='block_1_43' title="bbox 185 3934 1773 4007">
    <p class='ocr_par' dir='ltr' id='par_1_43' title="bbox 185 3934 1773 4007">
     <span class='ocr_line' id='line_1_43' title="bbox 185 3934 1773 4007; baseline -0.001 -17"><span class='ocrx_word' id='word_1_294' title='bbox 185 3940 474 3991; x_wconf 79' lang='lat' dir='ltr'><strong><em>insisteret.</em></strong></span> <span class='ocrx_word' id='word_1_295' title='bbox 534 3937 637 3992; x_wconf 79' lang='lat' dir='ltr'><strong><em>Ubi</em></strong></span> <span class='ocrx_word' id='word_1_296' title='bbox 684 3937 941 3990; x_wconf 86' lang='lat' dir='ltr'><strong><em>similiter</em></strong></span> <span class='ocrx_word' id='word_1_297' title='bbox 987 3935 1048 3988; x_wconf 82' lang='grc' dir='ltr'><strong><em>τὸ</em></strong></span> <span class='ocrx_word' id='word_1_298' title='bbox 1086 3934 1274 3998; x_wconf 73' lang='grc' dir='ltr'><strong><em>ἀτελὲς</em></strong></span> <span class='ocrx_word' id='word_1_299' title='bbox 1328 3934 1428 4007; x_wconf 82' lang='grc' dir='ltr'><strong><em>τῆς</em></strong></span> <span class='ocrx_word' id='word_1_300' title='bbox 1469 3938 1773 4007; x_wconf 80' lang='grc' dir='ltr'><strong><em>γεννήσεως</em></strong></span> 
     </span>
    </p>
   </div>
   <div class='ocr_carea' id='block_1_44' title="bbox 190 4029 1769 4097">
    <p class='ocr_par' dir='ltr' id='par_1_44' title="bbox 190 4029 1769 4097">
     <span class='ocr_line' id='line_1_44' title="bbox 190 4029 1769 4097; baseline -0.001 -13"><span class='ocrx_word' id='word_1_301' title='bbox 190 4032 354 4084; x_wconf 60' lang='lat' dir='ltr'><strong><em>vertit</em></strong></span> <span class='ocrx_word' id='word_1_302' title='bbox 418 4030 989 4083; x_wconf 83' lang='lat' dir='ltr'><strong><em>inconsummationem</em></strong></span> <span class='ocrx_word' id='word_1_303' title='bbox 1037 4029 1430 4097; x_wconf 86' lang='lat' dir='ltr'><strong><em>generationis;</em></strong></span> <span class='ocrx_word' id='word_1_304' title='bbox 1477 4037 1535 4084; x_wconf 84' lang='lat' dir='ltr'><strong><em>et</em></strong></span> <span class='ocrx_word' id='word_1_305' title='bbox 1578 4029 1769 4082; x_wconf 87' lang='lat' dir='ltr'><strong><em>relicto</em></strong></span> 
     </span>
    </p>
   </div>
   <div class='ocr_carea' id='block_1_45' title="bbox 186 4120 1769 4190">
    <p class='ocr_par' dir='ltr' id='par_1_45' title="bbox 186 4120 1769 4190">
     <span class='ocr_line' id='line_1_45' title="bbox 186 4120 1769 4190; baseline -0.001 -14"><span class='ocrx_word' id='word_1_306' title='bbox 186 4122 391 4178; x_wconf 64' lang='lat' dir='ltr'><strong><em>Ireneo</em></strong></span> <span class='ocrx_word' id='word_1_307' title='bbox 468 4123 707 4188; x_wconf 24' lang='lat' dir='ltr'><strong><em>Graecoe,</em></strong></span> <span class='ocrx_word' id='word_1_308' title='bbox 769 4120 1023 4174; x_wconf 88' lang='lat' dir='ltr'><strong><em>Latinum</em></strong></span> <span class='ocrx_word' id='word_1_309' title='bbox 1098 4120 1453 4190; x_wconf 82' lang='lat' dir='ltr'><strong><em>interpretem</em></strong></span> <span class='ocrx_word' id='word_1_310' title='bbox 1508 4131 1769 4186; x_wconf 86' lang='lat' dir='ltr'><strong><em>secutus,</em></strong></span> 
     </span>
    </p>
   </div>
   <div class='ocr_carea' id='block_1_46' title="bbox 186 4214 1767 4286">
    <p class='ocr_par' dir='ltr' id='par_1_46' title="bbox 186 4214 1767 4286">
     <span class='ocr_line' id='line_1_46' title="bbox 186 4214 1767 4286; baseline -0.002 -16"><span class='ocrx_word' id='word_1_311' title='bbox 186 4216 425 4286; x_wconf 80' lang='lat' dir='ltr'><strong><em>scripsit,</em></strong></span> <span class='ocrx_word' id='word_1_312' title='bbox 466 4232 534 4269; x_wconf 88' lang='lat' dir='ltr'><strong><em>ne</em></strong></span> <span class='ocrx_word' id='word_1_313' title='bbox 557 4232 759 4285; x_wconf 84' lang='lat' dir='ltr'><strong><em>quoque</em></strong></span> <span class='ocrx_word' id='word_1_314' title='bbox 789 4216 913 4284; x_wconf 73' lang='lat' dir='ltr'><strong><em>ﬁnis</em></strong></span> <span class='ocrx_word' id='word_1_315' title='bbox 942 4214 1220 4267; x_wconf 88' lang='lat' dir='ltr'><strong><em>insisteret.</em></strong></span> <span class='ocrx_word' id='word_1_316' title='bbox 1250 4214 1450 4267; x_wconf 87' lang='lat' dir='ltr'><strong><em>Eodem</em></strong></span> <span class='ocrx_word' id='word_1_317' title='bbox 1482 4226 1602 4285; x_wconf 87' lang='lat' dir='ltr'><strong><em>cap.</em></strong></span> <span class='ocrx_word' id='word_1_318' title='bbox 1629 4229 1682 4268; x_wconf 86' lang='grc' dir='ltr'><strong>η.</strong></span> <span class='ocrx_word' id='word_1_319' title='bbox 1709 4214 1767 4280; x_wconf 78' lang='grc'><strong><em>4,</em></strong></span> 
     </span>
    </p>
   </div>
   <div class='ocr_carea' id='block_1_47' title="bbox 185 4304 1767 4378">
    <p class='ocr_par' dir='ltr' id='par_1_47' title="bbox 185 4304 1767 4378">
     <span class='ocr_line' id='line_1_47' title="bbox 185 4304 1767 4378; baseline -0.002 -16"><span class='ocrx_word' id='word_1_320' title='bbox 185 4309 352 4364; x_wconf 77' lang='lat' dir='ltr'><strong><em>refert</em></strong></span> <span class='ocrx_word' id='word_1_321' title='bbox 407 4308 689 4374; x_wconf 78' lang='lat' dir='ltr'><strong><em>Irenams,</em></strong></span> <span class='ocrx_word' id='word_1_322' title='bbox 721 4309 864 4378; x_wconf 90' lang='lat' dir='ltr'><strong><em>quod</em></strong></span> <span class='ocrx_word' id='word_1_323' title='bbox 898 4306 1060 4361; x_wconf 87' lang='lat' dir='ltr'><strong><em>Pater</em></strong></span> <span class='ocrx_word' id='word_1_324' title='bbox 1106 4320 1200 4375; x_wconf 90' lang='lat' dir='ltr'><strong><em>per</em></strong></span> <span class='ocrx_word' id='word_1_325' title='bbox 1233 4304 1586 4376; x_wconf 76' lang='lat' dir='ltr'><strong><em>Mouogenem</em></strong></span> <span class='ocrx_word' id='word_1_326' title='bbox 1626 4308 1767 4361; x_wconf 89' lang='lat' dir='ltr'><strong><em>emi—</em></strong></span> 
     </span>
    </p>
   </div>
   <div class='ocr_carea' id='block_1_48' title="bbox 186 4398 1765 4472">
    <p class='ocr_par' dir='ltr' id='par_1_48' title="bbox 186 4398 1765 4472">
     <span class='ocr_line' id='line_1_48' title="bbox 186 4398 1765 4472; baseline -0.003 -15"><span class='ocrx_word' id='word_1_327' title='bbox 186 4405 311 4458; x_wconf 81' lang='lat' dir='ltr'><strong><em>serit</em></strong></span> <span class='ocrx_word' id='word_1_328' title='bbox 339 4403 530 4460; x_wconf 79' lang='lat' dir='ltr'><strong><em>Horon</em></strong></span> <span class='ocrx_word' id='word_1_329' title='bbox 578 4403 633 4456; x_wconf 91' lang='lat' dir='ltr'><strong><em>in</em></strong></span> <span class='ocrx_word' id='word_1_330' title='bbox 672 4402 910 4472; x_wconf 83' lang='lat' dir='ltr'><strong><em>imagine</em></strong></span> <span class='ocrx_word' id='word_1_331' title='bbox 954 4416 1076 4465; x_wconf 90' lang='lat' dir='ltr'><strong><em>sua,</em></strong></span> <span class='ocrx_word' id='word_1_332' title='bbox 1107 4398 1396 4469; x_wconf 78' lang='grc' dir='ltr'><strong><em>ἀσὺζυγον,</em></strong></span> <span class='ocrx_word' id='word_1_333' title='bbox 1428 4399 1727 4471; x_wconf 82' lang='grc' dir='ltr'>ὰθήλυντον</span> <span class='ocrx_word' id='word_1_334' title='bbox 1750 4442 1765 4467; x_wconf 92' lang='grc'><strong><em>,</em></strong></span> 
     </span>
    </p>
   </div>
   <div class='ocr_carea' id='block_1_49' title="bbox 187 4490 1763 4564">
    <p class='ocr_par' dir='ltr' id='par_1_49' title="bbox 187 4490 1763 4564">
     <span class='ocr_line' id='line_1_49' title="bbox 187 4490 1763 4564; baseline -0.002 -17"><span class='ocrx_word' id='word_1_335' title='bbox 187 4497 270 4550; x_wconf 89' lang='lat' dir='ltr'><strong><em>ubi</em></strong></span> <span class='ocrx_word' id='word_1_336' title='bbox 303 4498 584 4562; x_wconf 87' lang='lat' dir='ltr'><strong><em>interpres</em></strong></span> <span class='ocrx_word' id='word_1_337' title='bbox 620 4510 908 4564; x_wconf 87' lang='lat' dir='ltr'><strong><em>perperam</em></strong></span> <span class='ocrx_word' id='word_1_338' title='bbox 938 4494 1119 4561; x_wconf 75' lang='lat' dir='ltr'><strong><em>legens</em></strong></span> <span class='ocrx_word' id='word_1_339' title='bbox 1151 4490 1427 4562; x_wconf 75' lang='grc' dir='ltr'><strong><em>ἀσυζύγῳ,</em></strong></span> <span class='ocrx_word' id='word_1_340' title='bbox 1459 4490 1763 4563; x_wconf 79' lang='grc' dir='ltr'><strong><em>ἀθηλύντῳ,</em></strong></span> 
     </span>
    </p>
   </div>
   <div class='ocr_carea' id='block_1_50' title="bbox 1900 604 3477 679">
    <p class='ocr_par' dir='ltr' id='par_1_50' title="bbox 1900 604 3477 679">
     <span class='ocr_line' id='line_1_50' title="bbox 1900 604 3477 679; baseline -0.002 -20"><span class='ocrx_word' id='word_1_341' title='bbox 1900 607 2145 679; x_wconf 77' lang='grc' dir='ltr'><strong><em>ρισθῆναι</em></strong></span> <span class='ocrx_word' id='word_1_342' title='bbox 2174 610 2263 661; x_wconf 74' lang='grc' dir='ltr'><strong><em>καὶ</em></strong></span> <span class='ocrx_word' id='word_1_343' title='bbox 2292 608 2803 679; x_wconf 76' lang='grc' dir='ltr'><strong><em>ἀποσταυρωθῆναι.</em></strong></span> <span class='ocrx_word' id='word_1_344' title='bbox 2836 607 2967 672; x_wconf 69' lang='grc' dir='ltr'>Ωιιιὲ</span> <span class='ocrx_word' id='word_1_345' title='bbox 3009 605 3085 659; x_wconf 88' lang='lat' dir='ltr'><strong><em>sic</em></strong></span> <span class='ocrx_word' id='word_1_346' title='bbox 3127 604 3364 658; x_wconf 77' lang='lat' dir='ltr'><strong><em>reddidit</em></strong></span> <span class='ocrx_word' id='word_1_347' title='bbox 3395 606 3477 656; x_wconf 85' lang='lat' dir='ltr'><strong><em>in-</em></strong></span> 
     </span>
    </p>
   </div>
   <div class='ocr_carea' id='block_1_51' title="bbox 1899 699 3474 769">
    <p class='ocr_par' dir='ltr' id='par_1_51' title="bbox 1899 699 3474 769">
     <span class='ocr_line' id='line_1_51' title="bbox 1899 699 3474 769; baseline -0.003 -17"><span class='ocrx_word' id='word_1_348' title='bbox 1899 711 2153 769; x_wconf 88' lang='lat' dir='ltr'><strong><em>terpres:</em></strong></span> <span class='ocrx_word' id='word_1_349' title='bbox 2192 699 2451 766; x_wconf 87' lang='lat' dir='ltr'><strong><em>Separata</em></strong></span> <span class='ocrx_word' id='word_1_350' title='bbox 2491 703 2630 753; x_wconf 87' lang='lat' dir='ltr'><strong><em>enim</em></strong></span> <span class='ocrx_word' id='word_1_351' title='bbox 2661 701 2951 753; x_wconf 87' lang='lat' dir='ltr'><strong><em>intentione</em></strong></span> <span class='ocrx_word' id='word_1_352' title='bbox 2998 700 3063 749; x_wconf 87' lang='lat' dir='ltr'><strong><em>ab</em></strong></span> <span class='ocrx_word' id='word_1_353' title='bbox 3104 714 3186 761; x_wconf 85' lang='lat' dir='ltr'><strong><em>ea,</em></strong></span> <span class='ocrx_word' id='word_1_354' title='bbox 3225 713 3344 750; x_wconf 88' lang='lat' dir='ltr'><strong><em>cum</em></strong></span> <span class='ocrx_word' id='word_1_355' title='bbox 3378 712 3474 763; x_wconf 90' lang='lat' dir='ltr'><strong><em>ap-</em></strong></span> 
     </span>
    </p>
   </div>
   <div class='ocr_carea' id='block_1_52' title="bbox 1896 787 3477 860">
    <p class='ocr_par' dir='ltr' id='par_1_52' title="bbox 1896 787 3477 860">
     <span class='ocr_line' id='line_1_52' title="bbox 1896 787 3477 860; baseline -0.003 -18"><span class='ocrx_word' id='word_1_356' title='bbox 1896 792 2111 859; x_wconf 80' lang='lat' dir='ltr'><strong><em>pendice</em></strong></span> <span class='ocrx_word' id='word_1_357' title='bbox 2137 793 2406 860; x_wconf 81' lang='lat' dir='ltr'><strong><em>passione,</em></strong></span> <span class='ocrx_word' id='word_1_358' title='bbox 2437 794 2603 860; x_wconf 84' lang='lat' dir='ltr'><strong><em>ipsam</em></strong></span> <span class='ocrx_word' id='word_1_359' title='bbox 2630 792 2840 859; x_wconf 83' lang='lat' dir='ltr'><strong><em>quidem</em></strong></span> <span class='ocrx_word' id='word_1_360' title='bbox 2871 790 3017 859; x_wconf 75' lang='lat' dir='ltr'><strong><em>infra</em></strong></span> <span class='ocrx_word' id='word_1_361' title='bbox 3054 787 3309 843; x_wconf 86' lang='lat' dir='ltr'><strong><em>Pleroma</em></strong></span> <span class='ocrx_word' id='word_1_362' title='bbox 3357 803 3477 856; x_wconf 88' lang='lat' dir='ltr'><strong><em>per—</em></strong></span> 
     </span>
    </p>
   </div>
   <div class='ocr_carea' id='block_1_53' title="bbox 1896 883 3477 953">
    <p class='ocr_par' dir='ltr' id='par_1_53' title="bbox 1896 883 3477 953">
     <span class='ocr_line' id='line_1_53' title="bbox 1896 883 3477 953; baseline 0 -16"><span class='ocrx_word' id='word_1_363' title='bbox 1896 901 2191 948; x_wconf 83' lang='lat' dir='ltr'><strong><em>severasse;</em></strong></span> <span class='ocrx_word' id='word_1_364' title='bbox 2248 886 2728 953; x_wconf 85' lang='lat' dir='ltr'><strong><em>concupiscentiam</em></strong></span> <span class='ocrx_word' id='word_1_365' title='bbox 2757 900 2877 937; x_wconf 89' lang='lat' dir='ltr'><strong><em>uero</em></strong></span> <span class='ocrx_word' id='word_1_366' title='bbox 2908 884 3024 953; x_wconf 84' lang='lat' dir='ltr'><strong><em>ejus</em></strong></span> <span class='ocrx_word' id='word_1_367' title='bbox 3064 898 3185 936; x_wconf 90' lang='lat' dir='ltr'><strong><em>cum</em></strong></span> <span class='ocrx_word' id='word_1_368' title='bbox 3232 883 3477 951; x_wconf 75' lang='lat' dir='ltr'><strong><em>passione</em></strong></span> 
     </span>
    </p>
   </div>
   <div class='ocr_carea' id='block_1_54' title="bbox 1898 977 3475 1047">
    <p class='ocr_par' dir='ltr' id='par_1_54' title="bbox 1898 977 3475 1047">
     <span class='ocr_line' id='line_1_54' title="bbox 1898 977 3475 1047; baseline 0.001 -16"><span class='ocrx_word' id='word_1_369' title='bbox 1898 980 1961 1031; x_wconf 91' lang='lat' dir='ltr'><strong><em>ab</em></strong></span> <span class='ocrx_word' id='word_1_370' title='bbox 1999 977 2144 1032; x_wconf 80' lang='lat' dir='ltr'><strong><em>[loro</em></strong></span> <span class='ocrx_word' id='word_1_371' title='bbox 2176 990 2513 1047; x_wconf 87' lang='lat' dir='ltr'><strong><em>separatam,</em></strong></span> <span class='ocrx_word' id='word_1_372' title='bbox 2554 988 2602 1033; x_wconf 86' lang='lat' dir='ltr'><strong><em>et</em></strong></span> <span class='ocrx_word' id='word_1_373' title='bbox 2654 979 2968 1040; x_wconf 77' lang='lat' dir='ltr'><strong><em>cruciﬁxum</em></strong></span> <span class='ocrx_word' id='word_1_374' title='bbox 2997 1019 3012 1043; x_wconf 93' lang='lat'><strong><em>,</em></strong></span> <span class='ocrx_word' id='word_1_375' title='bbox 3060 988 3108 1033; x_wconf 86' lang='lat' dir='ltr'><strong><em>et</em></strong></span> <span class='ocrx_word' id='word_1_376' title='bbox 3160 988 3313 1032; x_wconf 76' lang='lat' dir='ltr'><strong><em>extra</em></strong></span> <span class='ocrx_word' id='word_1_377' title='bbox 3351 990 3475 1032; x_wconf 83' lang='lat' dir='ltr'><strong><em>eum</em></strong></span> 
     </span>
    </p>
   </div>
   <div class='ocr_carea' id='block_1_55' title="bbox 1898 1068 3473 1137">
    <p class='ocr_par' dir='ltr' id='par_1_55' title="bbox 1898 1068 3473 1137">
     <span class='ocr_line' id='line_1_55' title="bbox 1898 1068 3473 1137; baseline -0.001 -17"><span class='ocrx_word' id='word_1_378' title='bbox 1898 1068 2096 1137; x_wconf 77' lang='lat' dir='ltr'><strong><em>factam</em></strong></span> <span class='ocrx_word' id='word_1_379' title='bbox 2128 1085 2257 1132; x_wconf 88' lang='lat' dir='ltr'><strong><em>esse,</em></strong></span> <span class='ocrx_word' id='word_1_380' title='bbox 2310 1080 2444 1136; x_wconf 89' lang='lat' dir='ltr'><strong><em>elc.,</em></strong></span> <span class='ocrx_word' id='word_1_381' title='bbox 2494 1071 2582 1122; x_wconf 88' lang='lat' dir='ltr'><strong><em>ubi</em></strong></span> <span class='ocrx_word' id='word_1_382' title='bbox 2618 1070 2720 1123; x_wconf 88' lang='lat' dir='ltr'><strong><em>duo</em></strong></span> <span class='ocrx_word' id='word_1_383' title='bbox 2754 1077 2984 1136; x_wconf 88' lang='lat' dir='ltr'><strong><em>peccat,</em></strong></span> <span class='ocrx_word' id='word_1_384' title='bbox 3031 1068 3267 1137; x_wconf 89' lang='lat' dir='ltr'><strong><em>primum</em></strong></span> <span class='ocrx_word' id='word_1_385' title='bbox 3304 1069 3473 1136; x_wconf 87' lang='lat' dir='ltr'><strong><em>quod,</em></strong></span> 
     </span>
    </p>
   </div>
   <div class='ocr_carea' id='block_1_56' title="bbox 1899 1159 3476 1231">
    <p class='ocr_par' dir='ltr' id='par_1_56' title="bbox 1899 1159 3476 1231">
     <span class='ocr_line' id='line_1_56' title="bbox 1899 1159 3476 1231; baseline 0.001 -21"><span class='ocrx_word' id='word_1_386' title='bbox 1899 1159 1994 1211; x_wconf 74' lang='grc' dir='ltr'><strong><em>σὺν</em></strong></span> <span class='ocrx_word' id='word_1_387' title='bbox 2019 1159 2097 1229; x_wconf 83' lang='grc' dir='ltr'><strong>τῷ</strong></span> <span class='ocrx_word' id='word_1_388' title='bbox 2124 1160 2485 1231; x_wconf 73' lang='grc' dir='ltr'><strong><em>ἐπιγινομένῳ</em></strong></span> <span class='ocrx_word' id='word_1_389' title='bbox 2533 1159 2735 1226; x_wconf 82' lang='grc' dir='ltr'>πάθει,</span> <span class='ocrx_word' id='word_1_390' title='bbox 2770 1160 2971 1221; x_wconf 76' lang='lat' dir='ltr'><strong><em>vertit,</em></strong></span> <span class='ocrx_word' id='word_1_391' title='bbox 3022 1174 3140 1212; x_wconf 89' lang='lat' dir='ltr'><strong><em>cum</em></strong></span> <span class='ocrx_word' id='word_1_392' title='bbox 3191 1160 3476 1227; x_wconf 63' lang='lat' dir='ltr'><strong><em>appendit-tt</em></strong></span> 
     </span>
    </p>
   </div>
   <div class='ocr_carea' id='block_1_57' title="bbox 1896 1255 3476 1327">
    <p class='ocr_par' dir='ltr' id='par_1_57' title="bbox 1896 1255 3476 1327">
     <span class='ocr_line' id='line_1_57' title="bbox 1896 1255 3476 1327; baseline -0.001 -20"><span class='ocrx_word' id='word_1_393' title='bbox 1896 1255 2140 1327; x_wconf 80' lang='lat' dir='ltr'><strong><em>passione</em></strong></span> <span class='ocrx_word' id='word_1_394' title='bbox 2164 1272 2181 1318; x_wconf 88' lang='lat'><strong><em>;</em></strong></span> <span class='ocrx_word' id='word_1_395' title='bbox 2212 1257 2538 1309; x_wconf 85' lang='lat' dir='ltr'><strong><em>vertendum</em></strong></span> <span class='ocrx_word' id='word_1_396' title='bbox 2566 1266 2707 1318; x_wconf 88' lang='lat' dir='ltr'><strong><em>erat,</em></strong></span> <span class='ocrx_word' id='word_1_397' title='bbox 2737 1271 2854 1308; x_wconf 88' lang='lat' dir='ltr'><strong><em>cum</em></strong></span> <span class='ocrx_word' id='word_1_398' title='bbox 2880 1255 3124 1324; x_wconf 83' lang='lat' dir='ltr'><strong><em>passione</em></strong></span> <span class='ocrx_word' id='word_1_399' title='bbox 3146 1270 3264 1324; x_wconf 78' lang='lat' dir='ltr'><strong><em>qua:</em></strong></span> <span class='ocrx_word' id='word_1_400' title='bbox 3288 1270 3476 1321; x_wconf 77' lang='lat' dir='ltr'><strong><em>super—</em></strong></span> 
     </span>
    </p>
   </div>
   <div class='ocr_carea' id='block_1_58' title="bbox 1896 1346 3476 1418">
    <p class='ocr_par' dir='ltr' id='par_1_58' title="bbox 1896 1346 3476 1418">
     <span class='ocr_line' id='line_1_58' title="bbox 1896 1346 3476 1418; baseline 0.001 -20"><span class='ocrx_word' id='word_1_401' title='bbox 1896 1357 2127 1399; x_wconf 82' lang='lat' dir='ltr'><strong><em>venerat.</em></strong></span> <span class='ocrx_word' id='word_1_402' title='bbox 2176 1346 2520 1411; x_wconf 88' lang='lat' dir='ltr'><strong><em>Secundum,</em></strong></span> <span class='ocrx_word' id='word_1_403' title='bbox 2563 1349 2705 1415; x_wconf 88' lang='lat' dir='ltr'><strong><em>quod</em></strong></span> <span class='ocrx_word' id='word_1_404' title='bbox 2754 1346 3242 1418; x_wconf 74' lang='grc' dir='ltr'><strong><em>ἁποσταυρωθῆναι</em></strong></span> <span class='ocrx_word' id='word_1_405' title='bbox 3286 1348 3476 1409; x_wconf 80' lang='lat' dir='ltr'><strong><em>vertit,</em></strong></span> 
     </span>
    </p>
   </div>
   <div class='ocr_carea' id='block_1_59' title="bbox 1897 1438 3474 1509">
    <p class='ocr_par' dir='ltr' id='par_1_59' title="bbox 1897 1438 3474 1509">
     <span class='ocr_line' id='line_1_59' title="bbox 1897 1438 3474 1509; baseline 0 -20"><span class='ocrx_word' id='word_1_406' title='bbox 1897 1438 2251 1504; x_wconf 76' lang='lat' dir='ltr'><strong><em>cruciﬁxam;</em></strong></span> <span class='ocrx_word' id='word_1_407' title='bbox 2292 1439 2377 1492; x_wconf 88' lang='lat' dir='ltr'><strong><em>hic</em></strong></span> <span class='ocrx_word' id='word_1_408' title='bbox 2415 1440 2706 1509; x_wconf 78' lang='lat' dir='ltr'><strong><em>signiﬁcat,</em></strong></span> <span class='ocrx_word' id='word_1_409' title='bbox 2746 1441 2900 1507; x_wconf 75' lang='lat' dir='ltr'><strong><em>quasi</em></strong></span> <span class='ocrx_word' id='word_1_410' title='bbox 2954 1440 3094 1492; x_wconf 85' lang='lat' dir='ltr'><strong><em>vallo</em></strong></span> <span class='ocrx_word' id='word_1_411' title='bbox 3136 1441 3363 1491; x_wconf 85' lang='lat' dir='ltr'><strong><em>cinctam</em></strong></span> <span class='ocrx_word' id='word_1_412' title='bbox 3424 1442 3474 1490; x_wconf 85' lang='lat' dir='ltr'><strong><em>et</em></strong></span> 
     </span>
    </p>
   </div>
   <div class='ocr_carea' id='block_1_60' title="bbox 1896 1528 3476 1596">
    <p class='ocr_par' dir='ltr' id='par_1_60' title="bbox 1896 1528 3476 1596">
     <span class='ocr_line' id='line_1_60' title="bbox 1896 1528 3476 1596; baseline 0 -16"><span class='ocrx_word' id='word_1_413' title='bbox 1896 1529 2221 1596; x_wconf 80' lang='lat' dir='ltr'><strong><em>disjunctam</em></strong></span> <span class='ocrx_word' id='word_1_414' title='bbox 2249 1545 2279 1583; x_wconf 87' lang='lat' dir='ltr'><strong><em>a</em></strong></span> <span class='ocrx_word' id='word_1_415' title='bbox 2314 1528 2647 1585; x_wconf 87' lang='lat' dir='ltr'><strong><em>Pleromate.</em></strong></span> <span class='ocrx_word' id='word_1_416' title='bbox 2682 1531 2883 1584; x_wconf 85' lang='lat' dir='ltr'><strong><em>Eadem</em></strong></span> <span class='ocrx_word' id='word_1_417' title='bbox 2936 1532 3162 1583; x_wconf 89' lang='lat' dir='ltr'><strong><em>omnino</em></strong></span> <span class='ocrx_word' id='word_1_418' title='bbox 3203 1540 3391 1596; x_wconf 87' lang='lat' dir='ltr'><strong><em>peccat</em></strong></span> <span class='ocrx_word' id='word_1_419' title='bbox 3421 1538 3476 1581; x_wconf 90' lang='lat' dir='ltr'><strong><em>et</em></strong></span> 
     </span>
    </p>
   </div>
   <div class='ocr_carea' id='block_1_61' title="bbox 1897 1616 3473 1691">
    <p class='ocr_par' dir='ltr' id='par_1_61' title="bbox 1897 1616 3473 1691">
     <span class='ocr_line' id='line_1_61' title="bbox 1897 1616 3473 1691; baseline 0.001 -20"><span class='ocrx_word' id='word_1_420' title='bbox 1897 1616 2297 1684; x_wconf 84' lang='lat' dir='ltr'><strong><em>Tertullianus,</em></strong></span> <span class='ocrx_word' id='word_1_421' title='bbox 2349 1621 2641 1676; x_wconf 87' lang='lat' dir='ltr'><strong><em>scribens:</em></strong></span> <span class='ocrx_word' id='word_1_422' title='bbox 2676 1621 3025 1690; x_wconf 71' lang='lat' dir='ltr'><strong><em>Entlrymesin</em></strong></span> <span class='ocrx_word' id='word_1_423' title='bbox 3071 1622 3185 1691; x_wconf 88' lang='lat' dir='ltr'><strong><em>ejus</em></strong></span> <span class='ocrx_word' id='word_1_424' title='bbox 3224 1632 3271 1675; x_wconf 91' lang='lat' dir='ltr'><strong><em>et</em></strong></span> <span class='ocrx_word' id='word_1_425' title='bbox 3325 1622 3473 1673; x_wconf 87' lang='lat' dir='ltr'><strong><em>illam</em></strong></span> 
     </span>
    </p>
   </div>
   <div class='ocr_carea' id='block_1_62' title="bbox 1896 1711 3476 1781">
    <p class='ocr_par' dir='ltr' id='par_1_62' title="bbox 1896 1711 3476 1781">
     <span class='ocr_line' id='line_1_62' title="bbox 1896 1711 3476 1781; baseline -0.001 -19"><span class='ocrx_word' id='word_1_426' title='bbox 1896 1711 2229 1778; x_wconf 77' lang='lat' dir='ltr'><strong><em>appendicem</em></strong></span> <span class='ocrx_word' id='word_1_427' title='bbox 2259 1717 2558 1781; x_wconf 84' lang='lat' dir='ltr'><strong><em>passionem</em></strong></span> <span class='ocrx_word' id='word_1_428' title='bbox 2587 1713 2652 1764; x_wconf 89' lang='lat' dir='ltr'><strong><em>ab</em></strong></span> <span class='ocrx_word' id='word_1_429' title='bbox 2683 1711 2831 1764; x_wconf 84' lang='lat' dir='ltr'><strong><em>Hora</em></strong></span> <span class='ocrx_word' id='word_1_430' title='bbox 2864 1713 3153 1781; x_wconf 85' lang='lat' dir='ltr'><strong><em>relegatum</em></strong></span> <span class='ocrx_word' id='word_1_431' title='bbox 3202 1720 3253 1764; x_wconf 90' lang='lat' dir='ltr'><strong><em>et</em></strong></span> <span class='ocrx_word' id='word_1_432' title='bbox 3298 1712 3476 1763; x_wconf 84' lang='lat' dir='ltr'><strong><em>cruci-</em></strong></span> 
     </span>
    </p>
   </div>
   <div class='ocr_carea' id='block_1_63' title="bbox 1896 1801 3473 1874">
    <p class='ocr_par' dir='ltr' id='par_1_63' title="bbox 1896 1801 3473 1874">
     <span class='ocr_line' id='line_1_63' title="bbox 1896 1801 3473 1874; baseline 0.003 -21"><span class='ocrx_word' id='word_1_433' title='bbox 1896 1801 2079 1868; x_wconf 76' lang='lat' dir='ltr'><strong><em>ﬁxum.</em></strong></span> <span class='ocrx_word' id='word_1_434' title='bbox 2118 1802 2242 1859; x_wconf 68' lang='lat' dir='ltr'><strong><em>Hmc</em></strong></span> <span class='ocrx_word' id='word_1_435' title='bbox 2271 1813 2325 1858; x_wconf 90' lang='lat' dir='ltr'><strong><em>et</em></strong></span> <span class='ocrx_word' id='word_1_436' title='bbox 2352 1804 2507 1874; x_wconf 81' lang='lat' dir='ltr'><strong><em>plura</em></strong></span> <span class='ocrx_word' id='word_1_437' title='bbox 2556 1804 2696 1868; x_wconf 86' lang='lat' dir='ltr'><strong><em>alia,</em></strong></span> <span class='ocrx_word' id='word_1_438' title='bbox 2742 1819 2863 1872; x_wconf 74' lang='lat' dir='ltr'><strong><em>qua:</em></strong></span> <span class='ocrx_word' id='word_1_439' title='bbox 2892 1804 3189 1857; x_wconf 82' lang='lat' dir='ltr'><strong><em>identidem</em></strong></span> <span class='ocrx_word' id='word_1_440' title='bbox 3229 1804 3283 1856; x_wconf 93' lang='lat' dir='ltr'><strong><em>in</em></strong></span> <span class='ocrx_word' id='word_1_441' title='bbox 3333 1806 3473 1857; x_wconf 86' lang='lat' dir='ltr'><strong><em>uotis</em></strong></span> 
     </span>
    </p>
   </div>
   <div class='ocr_carea' id='block_1_64' title="bbox 1820 1872 3471 1965">
    <p class='ocr_par' dir='ltr' id='par_1_64' title="bbox 1820 1872 3471 1965">
     <span class='ocr_line' id='line_1_64' title="bbox 1820 1872 3471 1965; baseline 0.001 -20"><span class='ocrx_word' id='word_1_442' title='bbox 1820 1872 1862 1925; x_wconf 76' lang='grc' dir='ltr'><strong>Β</strong></span> <span class='ocrx_word' id='word_1_443' title='bbox 1892 1894 2203 1956; x_wconf 88' lang='lat' dir='ltr'><strong><em>observavi,</em></strong></span> <span class='ocrx_word' id='word_1_444' title='bbox 2236 1895 2457 1960; x_wconf 75' lang='lat' dir='ltr'><strong><em>invicte,</em></strong></span> <span class='ocrx_word' id='word_1_445' title='bbox 2485 1896 2536 1948; x_wconf 92' lang='lat' dir='ltr'><strong><em>ui</em></strong></span> <span class='ocrx_word' id='word_1_446' title='bbox 2565 1896 2745 1960; x_wconf 84' lang='lat' dir='ltr'><strong><em>fallor,</em></strong></span> <span class='ocrx_word' id='word_1_447' title='bbox 2774 1897 3031 1965; x_wconf 87' lang='lat' dir='ltr'><strong><em>probant,</em></strong></span> <span class='ocrx_word' id='word_1_448' title='bbox 3051 1894 3471 1958; x_wconf 82' lang='lat' dir='ltr'><strong><em>Tcrtullianum,</em></strong></span> 
     </span>
    </p>
   </div>
   <div class='ocr_carea' id='block_1_65' title="bbox 1891 1989 3473 2063">
    <p class='ocr_par' dir='ltr' id='par_1_65' title="bbox 1891 1989 3473 2063">
     <span class='ocr_line' id='line_1_65' title="bbox 1891 1989 3473 2063; baseline 0.001 -22"><span class='ocrx_word' id='word_1_449' title='bbox 1891 2001 1951 2041; x_wconf 89' lang='lat' dir='ltr'><strong><em>ut</em></strong></span> <span class='ocrx_word' id='word_1_450' title='bbox 1979 1989 2227 2045; x_wconf 70' lang='lat' dir='ltr'><strong><em>lirmcum</em></strong></span> <span class='ocrx_word' id='word_1_451' title='bbox 2282 1992 2540 2045; x_wconf 66' lang='lat' dir='ltr'><strong><em>Irenaeum</em></strong></span> <span class='ocrx_word' id='word_1_452' title='bbox 2588 1991 2782 2062; x_wconf 84' lang='lat' dir='ltr'><strong><em>legerit</em></strong></span> <span class='ocrx_word' id='word_1_453' title='bbox 2814 1993 2986 2062; x_wconf 82' lang='lat' dir='ltr'><strong><em>(quod</em></strong></span> <span class='ocrx_word' id='word_1_454' title='bbox 3041 2010 3146 2046; x_wconf 90' lang='lat' dir='ltr'><strong><em>non</em></strong></span> <span class='ocrx_word' id='word_1_455' title='bbox 3188 1994 3375 2063; x_wconf 77' lang='lat' dir='ltr'><strong><em>nego),</em></strong></span> <span class='ocrx_word' id='word_1_456' title='bbox 3405 1992 3473 2044; x_wconf 87' lang='lat' dir='ltr'><strong><em>ab</em></strong></span> 
     </span>
    </p>
   </div>
   <div class='ocr_carea' id='block_1_66' title="bbox 1888 2084 3471 2155">
    <p class='ocr_par' dir='ltr' id='par_1_66' title="bbox 1888 2084 3471 2155">
     <span class='ocr_line' id='line_1_66' title="bbox 1888 2084 3471 2155; baseline 0.004 -22"><span class='ocrx_word' id='word_1_457' title='bbox 1888 2097 1954 2135; x_wconf 90' lang='lat' dir='ltr'><strong><em>eo</em></strong></span> <span class='ocrx_word' id='word_1_458' title='bbox 1984 2092 2163 2135; x_wconf 87' lang='lat' dir='ltr'><strong><em>Iamen</em></strong></span> <span class='ocrx_word' id='word_1_459' title='bbox 2195 2098 2340 2152; x_wconf 70' lang='lat' dir='ltr'><strong><em>stepe</em></strong></span> <span class='ocrx_word' id='word_1_460' title='bbox 2368 2084 2659 2147; x_wconf 78' lang='lat' dir='ltr'><strong><em>defecisse,</em></strong></span> <span class='ocrx_word' id='word_1_461' title='bbox 2692 2094 2749 2138; x_wconf 93' lang='lat' dir='ltr'><strong><em>ut</em></strong></span> <span class='ocrx_word' id='word_1_462' title='bbox 2780 2084 2961 2139; x_wconf 88' lang='lat' dir='ltr'><strong><em>Latini</em></strong></span> <span class='ocrx_word' id='word_1_463' title='bbox 3011 2085 3332 2155; x_wconf 84' lang='lat' dir='ltr'><strong><em>interpretis</em></strong></span> <span class='ocrx_word' id='word_1_464' title='bbox 3353 2124 3368 2149; x_wconf 91' lang='lat'><strong><em>,</em></strong></span> <span class='ocrx_word' id='word_1_465' title='bbox 3416 2096 3471 2139; x_wconf 90' lang='lat' dir='ltr'><strong><em>et</em></strong></span> 
     </span>
    </p>
   </div>
   <div class='ocr_carea' id='block_1_67' title="bbox 1889 2175 3327 2249">
    <p class='ocr_par' dir='ltr' id='par_1_67' title="bbox 1889 2175 3327 2249">
     <span class='ocr_line' id='line_1_67' title="bbox 1889 2175 3327 2249; baseline 0.003 -23"><span class='ocrx_word' id='word_1_466' title='bbox 1889 2175 2106 2244; x_wconf 83' lang='lat' dir='ltr'><strong><em>quidem</em></strong></span> <span class='ocrx_word' id='word_1_467' title='bbox 2138 2177 2414 2231; x_wconf 88' lang='lat' dir='ltr'><strong><em>interdum</em></strong></span> <span class='ocrx_word' id='word_1_468' title='bbox 2447 2179 2692 2233; x_wconf 82' lang='lat' dir='ltr'><strong><em>errantis</em></strong></span> <span class='ocrx_word' id='word_1_469' title='bbox 2729 2180 2959 2249; x_wconf 85' lang='lat' dir='ltr'><strong><em>vestigia</em></strong></span> <span class='ocrx_word' id='word_1_470' title='bbox 2992 2189 3327 2233; x_wconf 84' lang='lat' dir='ltr'><strong><em>sectaretur.</em></strong></span> 
     </span>
    </p>
   </div>
   <div class='ocr_carea' id='block_1_68' title="bbox 1960 2266 3467 2340">
    <p class='ocr_par' dir='ltr' id='par_1_68' title="bbox 1960 2266 3467 2340">
     <span class='ocr_line' id='line_1_68' title="bbox 1960 2266 3467 2340; baseline 0.003 -19"><span class='ocrx_word' id='word_1_471' title='bbox 1960 2266 2047 2322; x_wconf 74' lang='grc'><strong><em>54.</em></strong></span> <span class='ocrx_word' id='word_1_472' title='bbox 2083 2268 2338 2323; x_wconf 84' lang='lat' dir='ltr'><strong><em>Eamdem</em></strong></span> <span class='ocrx_word' id='word_1_473' title='bbox 2369 2270 2616 2325; x_wconf 82' lang='lat' dir='ltr'><strong><em>Latinam</em></strong></span> <span class='ocrx_word' id='word_1_474' title='bbox 2655 2272 3194 2340; x_wconf 83' lang='lat' dir='ltr'><strong><em>interpretationem,</em></strong></span> <span class='ocrx_word' id='word_1_475' title='bbox 3233 2274 3325 2326; x_wconf 89' lang='lat' dir='ltr'><strong><em>sed</em></strong></span> <span class='ocrx_word' id='word_1_476' title='bbox 3352 2270 3467 2339; x_wconf 85' lang='lat' dir='ltr'><strong><em>jam</em></strong></span> 
     </span>
    </p>
   </div>
   <div class='ocr_carea' id='block_1_69' title="bbox 1888 2359 3467 2436">
    <p class='ocr_par' dir='ltr' id='par_1_69' title="bbox 1888 2359 3467 2436">
     <span class='ocr_line' id='line_1_69' title="bbox 1888 2359 3467 2436; baseline 0.005 -25"><span class='ocrx_word' id='word_1_477' title='bbox 1888 2359 2166 2425; x_wconf 82' lang='lat' dir='ltr'><strong><em>vitiosam,</em></strong></span> <span class='ocrx_word' id='word_1_478' title='bbox 2201 2376 2312 2431; x_wconf 69' lang='lat' dir='ltr'><strong><em>pra:</em></strong></span> <span class='ocrx_word' id='word_1_479' title='bbox 2355 2364 2532 2419; x_wconf 89' lang='lat' dir='ltr'><strong><em>oculis</em></strong></span> <span class='ocrx_word' id='word_1_480' title='bbox 2582 2363 2837 2418; x_wconf 80' lang='lat' dir='ltr'><strong><em>habuisse</em></strong></span> <span class='ocrx_word' id='word_1_481' title='bbox 2888 2366 3100 2420; x_wconf 85' lang='lat' dir='ltr'><strong><em>videtur</em></strong></span> <span class='ocrx_word' id='word_1_482' title='bbox 3131 2366 3467 2436; x_wconf 83' lang='lat' dir='ltr'><strong><em>Cyprianus,</em></strong></span> 
     </span>
    </p>
   </div>
   <div class='ocr_carea' id='block_1_70' title="bbox 1890 2452 3469 2528">
    <p class='ocr_par' dir='ltr' id='par_1_70' title="bbox 1890 2452 3469 2528">
     <span class='ocr_line' id='line_1_70' title="bbox 1890 2452 3469 2528; baseline 0.006 -23"><span class='ocrx_word' id='word_1_483' title='bbox 1890 2452 2014 2505; x_wconf 86' lang='lat' dir='ltr'><strong><em>dum</em></strong></span> <span class='ocrx_word' id='word_1_484' title='bbox 2052 2454 2216 2522; x_wconf 89' lang='lat' dir='ltr'><strong><em>epist.</em></strong></span> <span class='ocrx_word' id='word_1_485' title='bbox 2245 2453 2312 2508; x_wconf 67' lang='lat'>74</span> <span class='ocrx_word' id='word_1_486' title='bbox 2340 2456 2494 2523; x_wconf 89' lang='lat' dir='ltr'><strong><em>(edit.</em></strong></span> <span class='ocrx_word' id='word_1_487' title='bbox 2524 2457 2750 2528; x_wconf 78' lang='lat' dir='ltr'><strong><em>Oxon.),</em></strong></span> <span class='ocrx_word' id='word_1_488' title='bbox 2774 2459 2840 2512; x_wconf 88' lang='lat' dir='ltr'><strong><em>ad</em></strong></span> <span class='ocrx_word' id='word_1_489' title='bbox 2866 2457 3207 2527; x_wconf 87' lang='lat' dir='ltr'><strong><em>Pompeium,</em></strong></span> <span class='ocrx_word' id='word_1_490' title='bbox 3238 2459 3305 2513; x_wconf 89' lang='lat' dir='ltr'><strong><em>de</em></strong></span> <span class='ocrx_word' id='word_1_491' title='bbox 3334 2459 3469 2514; x_wconf 85' lang='lat' dir='ltr'><strong><em>Cer-</em></strong></span> 
     </span>
    </p>
   </div>
   <div class='ocr_carea' id='block_1_71' title="bbox 1888 2545 3467 2625">
    <p class='ocr_par' dir='ltr' id='par_1_71' title="bbox 1888 2545 3467 2625">
     <span class='ocr_line' id='line_1_71' title="bbox 1888 2545 3467 2625; baseline 0.008 -29"><span class='ocrx_word' id='word_1_492' title='bbox 1888 2545 2028 2599; x_wconf 88' lang='lat' dir='ltr'><strong><em>doue</em></strong></span> <span class='ocrx_word' id='word_1_493' title='bbox 2074 2555 2129 2600; x_wconf 90' lang='lat' dir='ltr'><strong><em>et</em></strong></span> <span class='ocrx_word' id='word_1_494' title='bbox 2178 2545 2453 2601; x_wconf 83' lang='lat' dir='ltr'><strong><em>Marciane</em></strong></span> <span class='ocrx_word' id='word_1_495' title='bbox 2508 2550 2737 2603; x_wconf 85' lang='lat' dir='ltr'><strong><em>scribit:</em></strong></span> <span class='ocrx_word' id='word_1_496' title='bbox 2770 2548 2937 2619; x_wconf 86' lang='lat' dir='ltr'><strong><em>Cujus</em></strong></span> <span class='ocrx_word' id='word_1_497' title='bbox 2983 2552 3317 2625; x_wconf 75' lang='lat' dir='ltr'><strong><em>(Marcionis)</em></strong></span> <span class='ocrx_word' id='word_1_498' title='bbox 3352 2574 3467 2609; x_wconf 88' lang='lat' dir='ltr'><strong><em>ma-</em></strong></span> 
     </span>
    </p>
   </div>
   <div class='ocr_carea' id='block_1_72' title="bbox 1888 2636 3466 2712">
    <p class='ocr_par' dir='ltr' id='par_1_72' title="bbox 1888 2636 3466 2712">
     <span class='ocr_line' id='line_1_72' title="bbox 1888 2636 3466 2712; baseline 0.008 -24"><span class='ocrx_word' id='word_1_499' title='bbox 1888 2638 2050 2705; x_wconf 87' lang='lat' dir='ltr'><strong><em>gister</em></strong></span> <span class='ocrx_word' id='word_1_500' title='bbox 2073 2636 2275 2691; x_wconf 82' lang='lat' dir='ltr'><strong><em>Cerdon</em></strong></span> <span class='ocrx_word' id='word_1_501' title='bbox 2302 2639 2397 2691; x_wconf 88' lang='lat' dir='ltr'><strong><em>sub</em></strong></span> <span class='ocrx_word' id='word_1_502' title='bbox 2432 2638 2644 2710; x_wconf 83' lang='lat' dir='ltr'><strong><em>Hygino</em></strong></span> <span class='ocrx_word' id='word_1_503' title='bbox 2679 2651 2805 2694; x_wconf 89' lang='lat' dir='ltr'><strong><em>tunc</em></strong></span> <span class='ocrx_word' id='word_1_504' title='bbox 2829 2644 3096 2710; x_wconf 83' lang='lat' dir='ltr'><strong><em>episcopo,</em></strong></span> <span class='ocrx_word' id='word_1_505' title='bbox 3128 2646 3218 2712; x_wconf 80' lang='lat' dir='ltr'><strong><em>qui</em></strong></span> <span class='ocrx_word' id='word_1_506' title='bbox 3252 2647 3305 2699; x_wconf 86' lang='lat' dir='ltr'><strong><em>in</em></strong></span> <span class='ocrx_word' id='word_1_507' title='bbox 3332 2645 3466 2701; x_wconf 83' lang='lat' dir='ltr'><strong><em>Urbe</em></strong></span> 
     </span>
    </p>
   </div>
   <div class='ocr_carea' id='block_1_73' title="bbox 1889 2730 3463 2803">
    <p class='ocr_par' dir='ltr' id='par_1_73' title="bbox 1889 2730 3463 2803">
     <span class='ocr_line' id='line_1_73' title="bbox 1889 2730 3463 2803; baseline 0.007 -22"><span class='ocrx_word' id='word_1_508' title='bbox 1889 2745 2058 2783; x_wconf 88' lang='lat' dir='ltr'><strong><em>nonus</em></strong></span> <span class='ocrx_word' id='word_1_509' title='bbox 2091 2730 2214 2800; x_wconf 81' lang='lat' dir='ltr'><strong><em>fuit,</em></strong></span> <span class='ocrx_word' id='word_1_510' title='bbox 2250 2730 2475 2784; x_wconf 85' lang='lat' dir='ltr'><strong><em>Romam</em></strong></span> <span class='ocrx_word' id='word_1_511' title='bbox 2521 2730 2697 2798; x_wconf 83' lang='lat' dir='ltr'><strong><em>venit;</em></strong></span> <span class='ocrx_word' id='word_1_512' title='bbox 2729 2749 2879 2803; x_wconf 85' lang='lat' dir='ltr'><strong><em>quem</em></strong></span> <span class='ocrx_word' id='word_1_513' title='bbox 2926 2734 3174 2790; x_wconf 76' lang='lat' dir='ltr'><strong><em>Marcion</em></strong></span> <span class='ocrx_word' id='word_1_514' title='bbox 3218 2749 3463 2803; x_wconf 83' lang='lat' dir='ltr'><strong><em>secutus.</em></strong></span> 
     </span>
    </p>
   </div>
   <div class='ocr_carea' id='block_1_74' title="bbox 1886 2822 3463 2895">
    <p class='ocr_par' dir='ltr' id='par_1_74' title="bbox 1886 2822 3463 2895">
     <span class='ocr_line' id='line_1_74' title="bbox 1886 2822 3463 2895; baseline 0.006 -23"><span class='ocrx_word' id='word_1_515' title='bbox 1886 2822 2088 2874; x_wconf 84' lang='lat' dir='ltr'><strong><em>additis</em></strong></span> <span class='ocrx_word' id='word_1_516' title='bbox 2119 2823 2187 2875; x_wconf 85' lang='lat' dir='ltr'><strong><em>ad</em></strong></span> <span class='ocrx_word' id='word_1_517' title='bbox 2205 2824 2403 2877; x_wconf 88' lang='lat' dir='ltr'><strong><em>crimen</em></strong></span> <span class='ocrx_word' id='word_1_518' title='bbox 2434 2827 2747 2894; x_wconf 84' lang='lat' dir='ltr'><strong><em>augmentis,</em></strong></span> <span class='ocrx_word' id='word_1_519' title='bbox 2790 2826 3152 2895; x_wconf 81' lang='lat' dir='ltr'><strong><em>impudentius</em></strong></span> <span class='ocrx_word' id='word_1_520' title='bbox 3178 2832 3381 2883; x_wconf 64' lang='lat' dir='ltr'><strong><em>caneris</em></strong></span> <span class='ocrx_word' id='word_1_521' title='bbox 3413 2839 3463 2881; x_wconf 87' lang='lat' dir='ltr'><strong><em>et</em></strong></span> 
     </span>
    </p>
   </div>
   <div class='ocr_carea' id='block_1_75' title="bbox 1885 2914 3463 2989">
    <p class='ocr_par' dir='ltr' id='par_1_75' title="bbox 1885 2914 3463 2989">
     <span class='ocr_line' id='line_1_75' title="bbox 1885 2914 3463 2989; baseline 0.004 -22"><span class='ocrx_word' id='word_1_522' title='bbox 1885 2914 2158 2982; x_wconf 80' lang='lat' dir='ltr'><strong><em>abruptius</em></strong></span> <span class='ocrx_word' id='word_1_523' title='bbox 2202 2916 2259 2969; x_wconf 86' lang='lat' dir='ltr'><strong><em>in</em></strong></span> <span class='ocrx_word' id='word_1_524' title='bbox 2294 2916 2460 2969; x_wconf 85' lang='lat' dir='ltr'><strong><em>Deum</em></strong></span> <span class='ocrx_word' id='word_1_525' title='bbox 2509 2917 2724 2971; x_wconf 83' lang='lat' dir='ltr'><strong><em>Patrem</em></strong></span> <span class='ocrx_word' id='word_1_526' title='bbox 2759 2929 3049 2970; x_wconf 72' lang='lat' dir='ltr'><strong><em>creatorem</em></strong></span> <span class='ocrx_word' id='word_1_527' title='bbox 3094 2920 3463 2989; x_wconf 82' lang='lat' dir='ltr'><strong><em>blasphemare</em></strong></span> 
     </span>
    </p>
   </div>
   <div class='ocr_carea' id='block_1_76' title="bbox 1885 3005 3459 3079">
    <p class='ocr_par' dir='ltr' id='par_1_76' title="bbox 1885 3005 3459 3079">
     <span class='ocr_line' id='line_1_76' title="bbox 1885 3005 3459 3079; baseline 0.005 -21"><span class='ocrx_word' id='word_1_528' title='bbox 1885 3005 2136 3062; x_wconf 88' lang='lat' dir='ltr'><strong><em>instituit.</em></strong></span> <span class='ocrx_word' id='word_1_529' title='bbox 2162 3006 2292 3074; x_wconf 72' lang='lat' dir='ltr'><strong><em>Qua:</em></strong></span> <span class='ocrx_word' id='word_1_530' title='bbox 2323 3009 2513 3063; x_wconf 88' lang='lat' dir='ltr'><strong><em>iisdem</em></strong></span> <span class='ocrx_word' id='word_1_531' title='bbox 2557 3026 2694 3079; x_wconf 82' lang='lat' dir='ltr'><strong><em>pene</em></strong></span> <span class='ocrx_word' id='word_1_532' title='bbox 2747 3013 2928 3067; x_wconf 80' lang='lat' dir='ltr'><strong><em>verbis</em></strong></span> <span class='ocrx_word' id='word_1_533' title='bbox 2976 3012 3249 3066; x_wconf 80' lang='lat' dir='ltr'><strong><em>habentur</em></strong></span> <span class='ocrx_word' id='word_1_534' title='bbox 3292 3014 3385 3069; x_wconf 88' lang='lat' dir='ltr'><strong><em>lib.</em></strong></span> <span class='ocrx_word' id='word_1_535' title='bbox 3422 3029 3459 3073; x_wconf 87' lang='lat' dir='ltr'><strong><em>I,</em></strong></span> 
     </span>
    </p>
   </div>
   <div class='ocr_carea' id='block_1_77' title="bbox 1885 3095 3461 3171">
    <p class='ocr_par' dir='ltr' id='par_1_77' title="bbox 1885 3095 3461 3171">
     <span class='ocr_line' id='line_1_77' title="bbox 1885 3095 3461 3171; baseline 0.005 -20"><span class='ocrx_word' id='word_1_536' title='bbox 1885 3111 1936 3151; x_wconf 90' lang='lat' dir='ltr'><strong><em>c.</em></strong></span> <span class='ocrx_word' id='word_1_537' title='bbox 1971 3095 2065 3160; x_wconf 76' lang='lat'><strong><em>27,</em></strong></span> <span class='ocrx_word' id='word_1_538' title='bbox 2090 3101 2192 3153; x_wconf 87' lang='grc' dir='ltr'>ιι.1</span> <span class='ocrx_word' id='word_1_539' title='bbox 2244 3110 2299 3154; x_wconf 89' lang='lat' dir='ltr'><strong><em>et</em></strong></span> <span class='ocrx_word' id='word_1_540' title='bbox 2339 3100 2406 3164; x_wconf 73' lang='grc'><strong>2,</strong></span> <span class='ocrx_word' id='word_1_541' title='bbox 2442 3102 2545 3155; x_wconf 85' lang='lat' dir='ltr'><strong><em>nisi</em></strong></span> <span class='ocrx_word' id='word_1_542' title='bbox 2610 3102 2751 3171; x_wconf 87' lang='lat' dir='ltr'><strong><em>quod</em></strong></span> <span class='ocrx_word' id='word_1_543' title='bbox 2792 3105 3051 3158; x_wconf 83' lang='lat' dir='ltr'><strong><em>tuemloso</em></strong></span> <span class='ocrx_word' id='word_1_544' title='bbox 3103 3107 3292 3159; x_wconf 79' lang='lat' dir='ltr'><strong><em>cmlicc</em></strong></span> <span class='ocrx_word' id='word_1_545' title='bbox 3332 3122 3461 3160; x_wconf 82' lang='lat' dir='ltr'><strong><em>usus</em></strong></span> 
     </span>
    </p>
   </div>
   <div class='ocr_carea' id='block_1_78' title="bbox 1886 3187 3459 3269">
    <p class='ocr_par' dir='ltr' id='par_1_78' title="bbox 1886 3187 3459 3269">
     <span class='ocr_line' id='line_1_78' title="bbox 1886 3187 3459 3269; baseline 0.008 -28"><span class='ocrx_word' id='word_1_546' title='bbox 1886 3187 2213 3258; x_wconf 84' lang='lat' dir='ltr'><strong><em>Cyprianus,</em></strong></span> <span class='ocrx_word' id='word_1_547' title='bbox 2243 3209 2412 3246; x_wconf 90' lang='lat' dir='ltr'><strong><em>nonus</em></strong></span> <span class='ocrx_word' id='word_1_548' title='bbox 2471 3193 2665 3263; x_wconf 86' lang='lat' dir='ltr'><strong><em>legerit</em></strong></span> <span class='ocrx_word' id='word_1_549' title='bbox 2719 3210 2818 3264; x_wconf 92' lang='lat' dir='ltr'><strong><em>pro</em></strong></span> <span class='ocrx_word' id='word_1_550' title='bbox 2846 3207 3086 3252; x_wconf 84' lang='lat' dir='ltr'><strong><em>octavus.</em></strong></span> <span class='ocrx_word' id='word_1_551' title='bbox 3125 3197 3459 3269; x_wconf 77' lang='lat' dir='ltr'><strong><em>Cyprianum</em></strong></span> 
     </span>
    </p>
   </div>
   <div class='ocr_carea' id='block_1_79' title="bbox 1883 3285 3459 3360">
    <p class='ocr_par' dir='ltr' id='par_1_79' title="bbox 1883 3285 3459 3360">
     <span class='ocr_line' id='line_1_79' title="bbox 1883 3285 3459 3360; baseline 0.005 -22"><span class='ocrx_word' id='word_1_552' title='bbox 1883 3293 2062 3341; x_wconf 87' lang='lat' dir='ltr'><strong><em>autem</em></strong></span> <span class='ocrx_word' id='word_1_553' title='bbox 2087 3285 2275 3340; x_wconf 65' lang='lat' dir='ltr'><strong><em>Grarce</em></strong></span> <span class='ocrx_word' id='word_1_554' title='bbox 2303 3288 2526 3340; x_wconf 90' lang='lat' dir='ltr'><strong><em>doctum</em></strong></span> <span class='ocrx_word' id='word_1_555' title='bbox 2562 3287 2753 3354; x_wconf 87' lang='lat' dir='ltr'><strong><em>fuisse,</em></strong></span> <span class='ocrx_word' id='word_1_556' title='bbox 2787 3289 2934 3343; x_wconf 89' lang='lat' dir='ltr'><strong><em>nullo</em></strong></span> <span class='ocrx_word' id='word_1_557' title='bbox 2966 3303 3291 3360; x_wconf 86' lang='lat' dir='ltr'><strong><em>argumento</em></strong></span> <span class='ocrx_word' id='word_1_558' title='bbox 3325 3307 3459 3346; x_wconf 80' lang='lat' dir='ltr'><strong><em>cou—</em></strong></span> 
     </span>
    </p>
   </div>
   <div class='ocr_carea' id='block_1_80' title="bbox 1881 3378 3456 3454">
    <p class='ocr_par' dir='ltr' id='par_1_80' title="bbox 1881 3378 3456 3454">
     <span class='ocr_line' id='line_1_80' title="bbox 1881 3378 3456 3454; baseline 0.006 -25"><span class='ocrx_word' id='word_1_559' title='bbox 1881 3386 2024 3430; x_wconf 88' lang='lat' dir='ltr'><strong><em>stat:</em></strong></span> <span class='ocrx_word' id='word_1_560' title='bbox 2058 3379 2193 3431; x_wconf 88' lang='lat' dir='ltr'><strong><em>adeo</em></strong></span> <span class='ocrx_word' id='word_1_561' title='bbox 2224 3386 2281 3431; x_wconf 92' lang='lat' dir='ltr'><strong><em>ut</em></strong></span> <span class='ocrx_word' id='word_1_562' title='bbox 2309 3378 2645 3447; x_wconf 83' lang='lat' dir='ltr'><strong><em>probabilius</em></strong></span> <span class='ocrx_word' id='word_1_563' title='bbox 2678 3381 2750 3435; x_wconf 91' lang='lat' dir='ltr'><strong><em>sit</em></strong></span> <span class='ocrx_word' id='word_1_564' title='bbox 2796 3379 3048 3436; x_wconf 87' lang='lat' dir='ltr'><strong><em>Latinum</em></strong></span> <span class='ocrx_word' id='word_1_565' title='bbox 3098 3383 3456 3454; x_wconf 75' lang='lat' dir='ltr'><strong><em>interpretem</em></strong></span> 
     </span>
    </p>
   </div>
   <div class='ocr_carea' id='block_1_81' title="bbox 1881 3467 3453 3542">
    <p class='ocr_par' dir='ltr' id='par_1_81' title="bbox 1881 3467 3453 3542">
     <span class='ocr_line' id='line_1_81' title="bbox 1881 3467 3453 3542; baseline 0.008 -22"><span class='ocrx_word' id='word_1_566' title='bbox 1881 3467 2100 3537; x_wconf 81' lang='lat' dir='ltr'><strong><em>legisse,</em></strong></span> <span class='ocrx_word' id='word_1_567' title='bbox 2138 3469 2215 3522; x_wconf 92' lang='lat' dir='ltr'><strong><em>uti</em></strong></span> <span class='ocrx_word' id='word_1_568' title='bbox 2263 3481 2319 3525; x_wconf 86' lang='lat' dir='ltr'><strong><em>et</em></strong></span> <span class='ocrx_word' id='word_1_569' title='bbox 2358 3469 2563 3540; x_wconf 78' lang='lat' dir='ltr'><strong><em>legerat</em></strong></span> <span class='ocrx_word' id='word_1_570' title='bbox 2596 3472 2859 3542; x_wconf 84' lang='lat' dir='ltr'><strong><em>magister</em></strong></span> <span class='ocrx_word' id='word_1_571' title='bbox 2891 3474 3009 3539; x_wconf 83' lang='lat' dir='ltr'><strong><em>ejus</em></strong></span> <span class='ocrx_word' id='word_1_572' title='bbox 3056 3474 3453 3533; x_wconf 83' lang='lat' dir='ltr'><strong><em>Tertullianus.</em></strong></span> 
     </span>
    </p>
   </div>
   <div class='ocr_carea' id='block_1_82' title="bbox 1878 3557 3457 3634">
    <p class='ocr_par' dir='ltr' id='par_1_82' title="bbox 1878 3557 3457 3634">
     <span class='ocr_line' id='line_1_82' title="bbox 1878 3557 3457 3634; baseline 0.007 -22"><span class='ocrx_word' id='word_1_573' title='bbox 1878 3557 2034 3630; x_wconf 82' lang='lat' dir='ltr'><strong><em>Legit</em></strong></span> <span class='ocrx_word' id='word_1_574' title='bbox 2066 3570 2119 3614; x_wconf 90' lang='lat' dir='ltr'><strong><em>et</em></strong></span> <span class='ocrx_word' id='word_1_575' title='bbox 2151 3562 2487 3633; x_wconf 80' lang='lat' dir='ltr'><strong><em>Augustinus</em></strong></span> <span class='ocrx_word' id='word_1_576' title='bbox 2517 3576 2621 3619; x_wconf 85' lang='lat' dir='ltr'><strong><em>:ex</em></strong></span> <span class='ocrx_word' id='word_1_577' title='bbox 2652 3578 2717 3618; x_wconf 91' lang='lat' dir='ltr'><strong><em>eo</em></strong></span> <span class='ocrx_word' id='word_1_578' title='bbox 2740 3565 2942 3634; x_wconf 89' lang='lat' dir='ltr'><strong><em>quippe</em></strong></span> <span class='ocrx_word' id='word_1_579' title='bbox 2986 3568 3300 3621; x_wconf 85' lang='lat' dir='ltr'><strong><em>testimonia</em></strong></span> <span class='ocrx_word' id='word_1_580' title='bbox 3350 3572 3457 3623; x_wconf 82' lang='lat' dir='ltr'><strong><em>duo</em></strong></span> 
     </span>
    </p>
   </div>
   <div class='ocr_carea' id='block_1_83' title="bbox 1880 3654 3453 3732">
    <p class='ocr_par' dir='ltr' id='par_1_83' title="bbox 1880 3654 3453 3732">
     <span class='ocr_line' id='line_1_83' title="bbox 1880 3654 3453 3732; baseline 0.004 -26"><span class='ocrx_word' id='word_1_581' title='bbox 1880 3654 2238 3725; x_wconf 83' lang='lat' dir='ltr'><strong><em>deprompsit,</em></strong></span> <span class='ocrx_word' id='word_1_582' title='bbox 2254 3657 2553 3725; x_wconf 86' lang='lat' dir='ltr'><strong><em>citavitque</em></strong></span> <span class='ocrx_word' id='word_1_583' title='bbox 2572 3668 2763 3712; x_wconf 87' lang='lat' dir='ltr'><strong><em>contra</em></strong></span> <span class='ocrx_word' id='word_1_584' title='bbox 2783 3657 3060 3713; x_wconf 84' lang='lat' dir='ltr'><strong><em>Julianqu</em></strong></span> <span class='ocrx_word' id='word_1_585' title='bbox 3081 3659 3453 3732; x_wconf 80' lang='lat' dir='ltr'><strong><em>Pelagianam,</em></strong></span> 
     </span>
    </p>
   </div>
   <div class='ocr_carea' id='block_1_84' title="bbox 1880 3742 3456 3816">
    <p class='ocr_par' dir='ltr' id='par_1_84' title="bbox 1880 3742 3456 3816">
     <span class='ocr_line' id='line_1_84' title="bbox 1880 3742 3456 3816; baseline 0.006 -21"><span class='ocrx_word' id='word_1_586' title='bbox 1880 3742 1974 3799; x_wconf 91' lang='lat' dir='ltr'><strong><em>lib.</em></strong></span> <span class='ocrx_word' id='word_1_587' title='bbox 2008 3759 2047 3807; x_wconf 82' lang='grc' dir='ltr'>ι.</span> <span class='ocrx_word' id='word_1_588' title='bbox 2081 3764 2131 3799; x_wconf 92' lang='lat' dir='ltr'><strong><em>c.</em></strong></span> <span class='ocrx_word' id='word_1_589' title='bbox 2159 3746 2269 3801; x_wconf 74' lang='grc' dir='ltr'><strong><em>ὅθι</em></strong></span> <span class='ocrx_word' id='word_1_590' title='bbox 2302 3747 2355 3812; x_wconf 89' lang='lat'><strong><em>7,</em></strong></span> <span class='ocrx_word' id='word_1_591' title='bbox 2389 3762 2506 3816; x_wconf 73' lang='lat' dir='ltr'><strong><em>quae</em></strong></span> <span class='ocrx_word' id='word_1_592' title='bbox 2541 3749 2842 3802; x_wconf 89' lang='lat' dir='ltr'><strong><em>etiamnum</em></strong></span> <span class='ocrx_word' id='word_1_593' title='bbox 2873 3750 3097 3804; x_wconf 85' lang='lat' dir='ltr'><strong><em>totidem</em></strong></span> <span class='ocrx_word' id='word_1_594' title='bbox 3129 3750 3245 3805; x_wconf 87' lang='lat' dir='ltr'><strong><em>fere</em></strong></span> <span class='ocrx_word' id='word_1_595' title='bbox 3277 3753 3456 3807; x_wconf 71' lang='lat' dir='ltr'><strong><em>verbis</em></strong></span> 
     </span>
    </p>
   </div>
   <div class='ocr_carea' id='block_1_85' title="bbox 1878 3837 3454 3911">
    <p class='ocr_par' dir='ltr' id='par_1_85' title="bbox 1878 3837 3454 3911">
     <span class='ocr_line' id='line_1_85' title="bbox 1878 3837 3454 3911; baseline 0.004 -21"><span class='ocrx_word' id='word_1_596' title='bbox 1878 3846 2099 3891; x_wconf 81' lang='lat' dir='ltr'><strong><em>exstant</em></strong></span> <span class='ocrx_word' id='word_1_597' title='bbox 2127 3838 2269 3905; x_wconf 85' lang='lat' dir='ltr'><strong><em>apud</em></strong></span> <span class='ocrx_word' id='word_1_598' title='bbox 2294 3837 2557 3893; x_wconf 68' lang='lat' dir='ltr'><strong><em>Ireumum</em></strong></span> <span class='ocrx_word' id='word_1_599' title='bbox 2582 3837 2835 3893; x_wconf 88' lang='lat' dir='ltr'><strong><em>Latinum</em></strong></span> <span class='ocrx_word' id='word_1_600' title='bbox 2860 3841 2956 3894; x_wconf 90' lang='lat' dir='ltr'><strong><em>lib.</em></strong></span> <span class='ocrx_word' id='word_1_601' title='bbox 2983 3854 3059 3905; x_wconf 88' lang='lat' dir='ltr'><strong><em>tv,</em></strong></span> <span class='ocrx_word' id='word_1_602' title='bbox 3098 3857 3221 3911; x_wconf 87' lang='lat' dir='ltr'><strong><em>cap.</em></strong></span> <span class='ocrx_word' id='word_1_603' title='bbox 3252 3842 3307 3906; x_wconf 72' lang='lat'><strong><em>2,</em></strong></span> <span class='ocrx_word' id='word_1_604' title='bbox 3326 3862 3380 3897; x_wconf 90' lang='grc' dir='ltr'>ιι.</span> <span class='ocrx_word' id='word_1_605' title='bbox 3401 3846 3454 3907; x_wconf 89' lang='lat'><strong><em>7,</em></strong></span> 
     </span>
    </p>
   </div>
   <div class='ocr_carea' id='block_1_86' title="bbox 1877 3928 3457 4004">
    <p class='ocr_par' dir='ltr' id='par_1_86' title="bbox 1877 3928 3457 4004">
     <span class='ocr_line' id='line_1_86' title="bbox 1877 3928 3457 4004; baseline 0.004 -19"><span class='ocrx_word' id='word_1_606' title='bbox 1877 3941 1931 3985; x_wconf 89' lang='lat' dir='ltr'><strong><em>et</em></strong></span> <span class='ocrx_word' id='word_1_607' title='bbox 1963 3928 2059 3983; x_wconf 93' lang='lat' dir='ltr'><strong><em>lib.</em></strong></span> <span class='ocrx_word' id='word_1_608' title='bbox 2094 3945 2145 3994; x_wconf 92' lang='lat' dir='ltr'><strong><em>v,</em></strong></span> <span class='ocrx_word' id='word_1_609' title='bbox 2173 3946 2221 3983; x_wconf 92' lang='lat' dir='ltr'><strong><em>c.</em></strong></span> <span class='ocrx_word' id='word_1_610' title='bbox 2254 3931 2339 3995; x_wconf 80' lang='lat' dir='ltr'><strong><em>l9,</em></strong></span> <span class='ocrx_word' id='word_1_611' title='bbox 2368 3946 2422 3984; x_wconf 85' lang='grc' dir='ltr'>ιι.</span> <span class='ocrx_word' id='word_1_612' title='bbox 2456 3932 2506 3985; x_wconf 92' lang='grc'><strong>1.</strong></span> <span class='ocrx_word' id='word_1_613' title='bbox 2543 3931 2753 3986; x_wconf 86' lang='lat' dir='ltr'><strong><em>Paucos</em></strong></span> <span class='ocrx_word' id='word_1_614' title='bbox 2783 3932 3040 4004; x_wconf 87' lang='lat' dir='ltr'><strong><em>deinceps</em></strong></span> <span class='ocrx_word' id='word_1_615' title='bbox 3065 3949 3096 3987; x_wconf 91' lang='lat' dir='ltr'><strong><em>e</em></strong></span> <span class='ocrx_word' id='word_1_616' title='bbox 3127 3934 3339 3991; x_wconf 89' lang='lat' dir='ltr'><strong><em>Latinis</em></strong></span> <span class='ocrx_word' id='word_1_617' title='bbox 3372 3954 3457 3991; x_wconf 89' lang='lat' dir='ltr'><strong><em>re-</em></strong></span> 
     </span>
    </p>
   </div>
   <div class='ocr_carea' id='block_1_87' title="bbox 1877 4022 3450 4091">
    <p class='ocr_par' dir='ltr' id='par_1_87' title="bbox 1877 4022 3450 4091">
     <span class='ocr_line' id='line_1_87' title="bbox 1877 4022 3450 4091; baseline 0.004 -16"><span class='ocrx_word' id='word_1_618' title='bbox 1877 4022 2076 4091; x_wconf 85' lang='lat' dir='ltr'><strong><em>perias,</em></strong></span> <span class='ocrx_word' id='word_1_619' title='bbox 2102 4036 2170 4074; x_wconf 82' lang='lat' dir='ltr'><strong><em>ex</em></strong></span> <span class='ocrx_word' id='word_1_620' title='bbox 2201 4022 2265 4075; x_wconf 91' lang='lat' dir='ltr'><strong><em>iis</em></strong></span> <span class='ocrx_word' id='word_1_621' title='bbox 2288 4024 2454 4075; x_wconf 86' lang='lat' dir='ltr'><strong><em>etiam</em></strong></span> <span class='ocrx_word' id='word_1_622' title='bbox 2486 4022 2577 4090; x_wconf 91' lang='lat' dir='ltr'><strong><em>qui</em></strong></span> <span class='ocrx_word' id='word_1_623' title='bbox 2627 4033 2873 4077; x_wconf 82' lang='lat' dir='ltr'><strong><em>veterum</em></strong></span> <span class='ocrx_word' id='word_1_624' title='bbox 2923 4023 3145 4079; x_wconf 85' lang='lat' dir='ltr'><strong><em>Patrum</em></strong></span> <span class='ocrx_word' id='word_1_625' title='bbox 3196 4030 3450 4082; x_wconf 80' lang='lat' dir='ltr'><strong><em>testimo-</em></strong></span> 
     </span>
    </p>
   </div>
   <div class='ocr_carea' id='block_1_88' title="bbox 1878 4113 3451 4183">
    <p class='ocr_par' dir='ltr' id='par_1_88' title="bbox 1878 4113 3451 4183">
     <span class='ocr_line' id='line_1_88' title="bbox 1878 4113 3451 4183; baseline 0.004 -17"><span class='ocrx_word' id='word_1_626' title='bbox 1878 4114 1984 4167; x_wconf 89' lang='lat' dir='ltr'><strong><em>niis</em></strong></span> <span class='ocrx_word' id='word_1_627' title='bbox 2013 4115 2255 4169; x_wconf 88' lang='lat' dir='ltr'><strong><em>studiose</em></strong></span> <span class='ocrx_word' id='word_1_628' title='bbox 2297 4113 2565 4179; x_wconf 85' lang='lat' dir='ltr'><strong><em>collectis,</em></strong></span> <span class='ocrx_word' id='word_1_629' title='bbox 2606 4114 2770 4167; x_wconf 87' lang='lat' dir='ltr'><strong><em>veluti</em></strong></span> <span class='ocrx_word' id='word_1_630' title='bbox 2806 4127 3070 4172; x_wconf 87' lang='lat' dir='ltr'><strong><em>centones</em></strong></span> <span class='ocrx_word' id='word_1_631' title='bbox 3102 4133 3165 4172; x_wconf 84' lang='lat' dir='ltr'><strong><em>ac</em></strong></span> <span class='ocrx_word' id='word_1_632' title='bbox 3204 4130 3451 4183; x_wconf 79' lang='lat' dir='ltr'><strong><em>catenas,</em></strong></span> 
     </span>
    </p>
   </div>
   <div class='ocr_carea' id='block_1_89' title="bbox 1877 4205 3449 4279">
    <p class='ocr_par' dir='ltr' id='par_1_89' title="bbox 1877 4205 3449 4279">
     <span class='ocr_line' id='line_1_89' title="bbox 1877 4205 3449 4279; baseline 0.004 -20"><span class='ocrx_word' id='word_1_633' title='bbox 1877 4220 1935 4259; x_wconf 90' lang='grc' dir='ltr'><strong><em>ιιι</em></strong></span> <span class='ocrx_word' id='word_1_634' title='bbox 1963 4216 2183 4273; x_wconf 86' lang='lat' dir='ltr'><strong><em>vocant,</em></strong></span> <span class='ocrx_word' id='word_1_635' title='bbox 2209 4215 2639 4269; x_wconf 81' lang='lat' dir='ltr'><strong><em>contexueruut,</em></strong></span> <span class='ocrx_word' id='word_1_636' title='bbox 2665 4207 2754 4274; x_wconf 87' lang='lat' dir='ltr'><strong><em>qui</em></strong></span> <span class='ocrx_word' id='word_1_637' title='bbox 2781 4205 3043 4262; x_wconf 65' lang='lat' dir='ltr'><strong><em>Irenaeum</em></strong></span> <span class='ocrx_word' id='word_1_638' title='bbox 3069 4210 3449 4279; x_wconf 65' lang='lat' dir='ltr'><strong><em>allegat-crint.</em></strong></span> 
     </span>
    </p>
   </div>
   <div class='ocr_carea' id='block_1_90' title="bbox 1872 4297 3445 4368">
    <p class='ocr_par' dir='ltr' id='par_1_90' title="bbox 1872 4297 3445 4368">
     <span class='ocr_line' id='line_1_90' title="bbox 1872 4297 3445 4368; baseline 0.003 -16"><span class='ocrx_word' id='word_1_639' title='bbox 1872 4297 2134 4352; x_wconf 84' lang='lat' dir='ltr'><strong><em>Faciebat</em></strong></span> <span class='ocrx_word' id='word_1_640' title='bbox 2161 4299 2557 4366; x_wconf 85' lang='lat' dir='ltr'><strong><em>exemplarium</em></strong></span> <span class='ocrx_word' id='word_1_641' title='bbox 2600 4298 2921 4353; x_wconf 89' lang='lat' dir='ltr'><strong><em>Latinorum</em></strong></span> <span class='ocrx_word' id='word_1_642' title='bbox 2978 4303 3238 4368; x_wconf 88' lang='lat' dir='ltr'><strong><em>penuria,</em></strong></span> <span class='ocrx_word' id='word_1_643' title='bbox 3294 4314 3445 4357; x_wconf 83' lang='lat' dir='ltr'><strong><em>tanta</em></strong></span> 
     </span>
    </p>
   </div>
   <div class='ocr_carea' id='block_1_91' title="bbox 1870 4391 3450 4460">
    <p class='ocr_par' dir='ltr' id='par_1_91' title="bbox 1870 4391 3450 4460">
     <span class='ocr_line' id='line_1_91' title="bbox 1870 4391 3450 4460; baseline 0.003 -17"><span class='ocrx_word' id='word_1_644' title='bbox 1870 4393 1978 4459; x_wconf 85' lang='lat' dir='ltr'><strong><em>jant</em></strong></span> <span class='ocrx_word' id='word_1_645' title='bbox 2013 4391 2080 4445; x_wconf 87' lang='lat' dir='ltr'><strong><em>ab</em></strong></span> <span class='ocrx_word' id='word_1_646' title='bbox 2106 4391 2222 4460; x_wconf 91' lang='lat' dir='ltr'><strong><em>ipso</em></strong></span> <span class='ocrx_word' id='word_1_647' title='bbox 2282 4392 2515 4460; x_wconf 89' lang='lat' dir='ltr'><strong><em>septimo</em></strong></span> <span class='ocrx_word' id='word_1_648' title='bbox 2563 4401 2659 4444; x_wconf 71' lang='lat' dir='ltr'><strong><em>aut</em></strong></span> <span class='ocrx_word' id='word_1_649' title='bbox 2696 4401 2853 4445; x_wconf 75' lang='lat' dir='ltr'><strong><em>sexto</em></strong></span> <span class='ocrx_word' id='word_1_650' title='bbox 2900 4392 3189 4447; x_wconf 86' lang='lat' dir='ltr'><strong><em>desinente</em></strong></span> <span class='ocrx_word' id='word_1_651' title='bbox 3224 4396 3450 4458; x_wconf 67' lang='lat' dir='ltr'><strong><em>saeculo,</em></strong></span> 
     </span>
    </p>
   </div>
   <div class='ocr_carea' id='block_1_92' title="bbox 1875 4480 3447 4554">
    <p class='ocr_par' dir='ltr' id='par_1_92' title="bbox 1875 4480 3447 4554">
     <span class='ocr_line' id='line_1_92' title="bbox 1875 4480 3447 4554; baseline 0.001 -18"><span class='ocrx_word' id='word_1_652' title='bbox 1875 4495 1930 4537; x_wconf 90' lang='lat' dir='ltr'><strong><em>ut</em></strong></span> <span class='ocrx_word' id='word_1_653' title='bbox 1958 4500 2079 4538; x_wconf 90' lang='lat' dir='ltr'><strong><em>cum</em></strong></span> <span class='ocrx_word' id='word_1_654' title='bbox 2098 4482 2381 4537; x_wconf 67' lang='lat' dir='ltr'><strong><em>Etherius</em></strong></span> <span class='ocrx_word' id='word_1_655' title='bbox 2405 4480 2788 4551; x_wconf 78' lang='lat' dir='ltr'><strong><em>Lugdunensis</em></strong></span> <span class='ocrx_word' id='word_1_656' title='bbox 2805 4484 3092 4552; x_wconf 76' lang='lat' dir='ltr'><strong><em>episcopus</em></strong></span> <span class='ocrx_word' id='word_1_657' title='bbox 3126 4482 3268 4537; x_wconf 88' lang='lat' dir='ltr'><strong><em>nulla</em></strong></span> <span class='ocrx_word' id='word_1_658' title='bbox 3304 4488 3447 4554; x_wconf 84' lang='lat' dir='ltr'><strong><em>apud</em></strong></span> 
     </span>
    </p>
   </div>
   <div class='ocr_carea' id='block_1_93' title="bbox 184 4575 3449 4658">
    <p class='ocr_par' dir='ltr' id='par_1_93' title="bbox 184 4575 3449 4658">
     <span class='ocr_line' id='line_1_93' title="bbox 184 4575 3449 4658; baseline -0.002 -21"><span class='ocrx_word' id='word_1_659' title='bbox 184 4588 285 4652; x_wconf 72' lang='lat' dir='ltr'><strong><em>vel,</em></strong></span> <span class='ocrx_word' id='word_1_660' title='bbox 313 4600 375 4643; x_wconf 78' lang='lat' dir='ltr'><strong><em>ut</em></strong></span> <span class='ocrx_word' id='word_1_661' title='bbox 401 4588 500 4641; x_wconf 87' lang='lat' dir='ltr'><strong><em>alii</em></strong></span> <span class='ocrx_word' id='word_1_662' title='bbox 535 4586 744 4651; x_wconf 90' lang='lat' dir='ltr'><strong><em>volunt,</em></strong></span> <span class='ocrx_word' id='word_1_663' title='bbox 772 4586 1147 4658; x_wconf 76' lang='grc' dir='ltr'><strong><em>ἀρῤενοθήλει,</em></strong></span> <span class='ocrx_word' id='word_1_664' title='bbox 1181 4600 1469 4655; x_wconf 87' lang='lat' dir='ltr'><strong><em>perperam</em></strong></span> <span class='ocrx_word' id='word_1_665' title='bbox 1498 4595 1553 4638; x_wconf 89' lang='lat' dir='ltr'><strong><em>et</em></strong></span> <span class='ocrx_word' id='word_1_666' title='bbox 1580 4586 1767 4651; x_wconf 69' lang='lat' dir='ltr'><strong><em>venit,</em></strong></span> <span class='ocrx_word' id='word_1_667' title='bbox 1804 4585 1848 4642; x_wconf 81' lang='grc' dir='ltr'>ι)</span> <span class='ocrx_word' id='word_1_668' title='bbox 1877 4576 2275 4647; x_wconf 83' lang='lat' dir='ltr'><strong><em>Lugdunenses</em></strong></span> <span class='ocrx_word' id='word_1_669' title='bbox 2306 4576 2450 4645; x_wconf 86' lang='lat' dir='ltr'><strong><em>ipsos</em></strong></span> <span class='ocrx_word' id='word_1_670' title='bbox 2476 4575 2720 4629; x_wconf 86' lang='lat' dir='ltr'><strong><em>nancisci</em></strong></span> <span class='ocrx_word' id='word_1_671' title='bbox 2756 4584 2972 4644; x_wconf 86' lang='lat' dir='ltr'><strong><em>posset,</em></strong></span> <span class='ocrx_word' id='word_1_672' title='bbox 3010 4576 3205 4630; x_wconf 86' lang='lat' dir='ltr'><strong><em>litteris</em></strong></span> <span class='ocrx_word' id='word_1_673' title='bbox 3241 4576 3449 4644; x_wconf 67' lang='lat' dir='ltr'><strong><em>Grego«</em></strong></span> 
     </span>
    </p>
   </div>
   <div class='ocr_carea' id='block_1_94' title="bbox 181 4678 1768 4750">
    <p class='ocr_par' dir='ltr' id='par_1_94' title="bbox 181 4678 1768 4750">
     <span class='ocr_line' id='line_1_94' title="bbox 181 4678 1768 4750; baseline -0.001 -15"><span class='ocrx_word' id='word_1_674' title='bbox 181 4683 290 4734; x_wconf 69' lang='lat' dir='ltr'><strong><em>sine</em></strong></span> <span class='ocrx_word' id='word_1_675' title='bbox 318 4681 549 4750; x_wconf 84' lang='lat' dir='ltr'><strong><em>conjuge</em></strong></span> <span class='ocrx_word' id='word_1_676' title='bbox 576 4678 1066 4748; x_wconf 80' lang='lat' dir='ltr'><strong><em>masculo-femina.</em></strong></span> <span class='ocrx_word' id='word_1_677' title='bbox 1105 4680 1306 4733; x_wconf 85' lang='lat' dir='ltr'><strong><em>Eadem</em></strong></span> <span class='ocrx_word' id='word_1_678' title='bbox 1345 4680 1503 4749; x_wconf 89' lang='lat' dir='ltr'><strong><em>culpa</em></strong></span> <span class='ocrx_word' id='word_1_679' title='bbox 1544 4688 1768 4734; x_wconf 90' lang='lat' dir='ltr'><strong><em>tenetur</em></strong></span> 
     </span>
    </p>
   </div>
   <div class='ocr_carea' id='block_1_95' title="bbox 182 4769 1765 4841">
    <p class='ocr_par' dir='ltr' id='par_1_95' title="bbox 182 4769 1765 4841">
     <span class='ocr_line' id='line_1_95' title="bbox 182 4769 1765 4841; baseline -0.001 -16"><span class='ocrx_word' id='word_1_680' title='bbox 182 4785 233 4825; x_wconf 84' lang='lat' dir='ltr'><strong><em>et</em></strong></span> <span class='ocrx_word' id='word_1_681' title='bbox 258 4773 636 4828; x_wconf 79' lang='lat' dir='ltr'><strong><em>Tertullianus</em></strong></span> <span class='ocrx_word' id='word_1_682' title='bbox 653 4787 775 4841; x_wconf 88' lang='lat' dir='ltr'><strong><em>cap.</em></strong></span> <span class='ocrx_word' id='word_1_683' title='bbox 793 4769 1087 4826; x_wconf 84' lang='lat' dir='ltr'><strong><em>cit.:Pater</em></strong></span> <span class='ocrx_word' id='word_1_684' title='bbox 1109 4788 1201 4839; x_wconf 88' lang='lat' dir='ltr'><strong><em>per</em></strong></span> <span class='ocrx_word' id='word_1_685' title='bbox 1235 4769 1576 4839; x_wconf 83' lang='lat' dir='ltr'><strong><em>Managenem</em></strong></span> <span class='ocrx_word' id='word_1_686' title='bbox 1614 4770 1765 4833; x_wconf 83' lang='lat' dir='ltr'><strong><em>Nun,</em></strong></span> 
     </span>
    </p>
   </div>
   <div class='ocr_carea' id='block_1_96' title="bbox 181 4860 1766 4933">
    <p class='ocr_par' dir='ltr' id='par_1_96' title="bbox 181 4860 1766 4933">
     <span class='ocr_line' id='line_1_96' title="bbox 181 4860 1766 4933; baseline -0.002 -14"><span class='ocrx_word' id='word_1_687' title='bbox 181 4880 320 4928; x_wconf 69' lang='lat' dir='ltr'><strong><em>quem</em></strong></span> <span class='ocrx_word' id='word_1_688' title='bbox 348 4880 518 4933; x_wconf 70' lang='lat' dir='ltr'><strong><em>supra</em></strong></span> <span class='ocrx_word' id='word_1_689' title='bbox 547 4863 782 4917; x_wconf 77' lang='lat' dir='ltr'><strong><em>diximus</em></strong></span> <span class='ocrx_word' id='word_1_690' title='bbox 817 4860 1005 4915; x_wconf 77' lang='lat' dir='ltr'><strong><em>Horon</em></strong></span> <span class='ocrx_word' id='word_1_691' title='bbox 1058 4864 1113 4915; x_wconf 88' lang='lat' dir='ltr'><strong><em>in</em></strong></span> <span class='ocrx_word' id='word_1_692' title='bbox 1147 4863 1258 4914; x_wconf 79' lang='lat' dir='ltr'><strong><em>lucc</em></strong></span> <span class='ocrx_word' id='word_1_693' title='bbox 1300 4863 1491 4931; x_wconf 87' lang='lat' dir='ltr'><strong><em>promit</em></strong></span> <span class='ocrx_word' id='word_1_694' title='bbox 1538 4865 1595 4916; x_wconf 90' lang='lat' dir='ltr'><strong><em>in</em></strong></span> <span class='ocrx_word' id='word_1_695' title='bbox 1630 4866 1766 4917; x_wconf 87' lang='lat' dir='ltr'><strong><em>ima-</em></strong></span> 
     </span>
    </p>
   </div>
   <div class='ocr_carea' id='block_1_97' title="bbox 182 4953 1763 5025">
    <p class='ocr_par' dir='ltr' id='par_1_97' title="bbox 182 4953 1763 5025">
     <span class='ocr_line' id='line_1_97' title="bbox 182 4953 1763 5025; baseline -0.001 -15"><span class='ocrx_word' id='word_1_696' title='bbox 182 4960 293 5025; x_wconf 69' lang='lat' dir='ltr'><strong><em>gine</em></strong></span> <span class='ocrx_word' id='word_1_697' title='bbox 318 4973 417 5010; x_wconf 80' lang='lat' dir='ltr'><strong><em>sua</em></strong></span> <span class='ocrx_word' id='word_1_698' title='bbox 439 4955 851 5025; x_wconf 58' lang='lat' dir='ltr'><strong><em>femineamare.</em></strong></span> <span class='ocrx_word' id='word_1_699' title='bbox 892 4953 1096 5023; x_wconf 75' lang='lat' dir='ltr'><strong><em>Nempe</em></strong></span> <span class='ocrx_word' id='word_1_700' title='bbox 1126 4965 1354 5024; x_wconf 86' lang='lat' dir='ltr'><strong><em>uterque</em></strong></span> <span class='ocrx_word' id='word_1_701' title='bbox 1383 4956 1435 5009; x_wconf 86' lang='lat' dir='ltr'><strong><em>id</em></strong></span> <span class='ocrx_word' id='word_1_702' title='bbox 1464 4956 1531 5010; x_wconf 87' lang='lat' dir='ltr'><strong><em>ad</em></strong></span> <span class='ocrx_word' id='word_1_703' title='bbox 1568 4956 1763 5025; x_wconf 85' lang='lat' dir='ltr'><strong><em>imagi-</em></strong></span> 
     </span>
    </p>
   </div>
   <div class='ocr_carea' id='block_1_98' title="bbox 184 5046 1759 5117">
    <p class='ocr_par' dir='ltr' id='par_1_98' title="bbox 184 5046 1759 5117">
     <span class='ocr_line' id='line_1_98' title="bbox 184 5046 1759 5117; baseline -0.003 -14"><span class='ocrx_word' id='word_1_704' title='bbox 184 5064 299 5103; x_wconf 84' lang='lat' dir='ltr'><strong><em>nem</em></strong></span> <span class='ocrx_word' id='word_1_705' title='bbox 323 5050 520 5114; x_wconf 89' lang='lat' dir='ltr'><strong><em>refert,</em></strong></span> <span class='ocrx_word' id='word_1_706' title='bbox 552 5048 697 5117; x_wconf 92' lang='lat' dir='ltr'><strong><em>quod</em></strong></span> <span class='ocrx_word' id='word_1_707' title='bbox 728 5046 876 5101; x_wconf 77' lang='lat' dir='ltr'><strong><em>[loro</em></strong></span> <span class='ocrx_word' id='word_1_708' title='bbox 906 5046 1007 5100; x_wconf 92' lang='lat' dir='ltr'><strong><em>soli</em></strong></span> <span class='ocrx_word' id='word_1_709' title='bbox 1058 5046 1355 5100; x_wconf 87' lang='lat' dir='ltr'><strong><em>convenire</em></strong></span> <span class='ocrx_word' id='word_1_710' title='bbox 1399 5060 1565 5116; x_wconf 83' lang='lat' dir='ltr'><strong><em>posse</em></strong></span> <span class='ocrx_word' id='word_1_711' title='bbox 1610 5056 1759 5100; x_wconf 88' lang='lat' dir='ltr'><strong><em>recta</em></strong></span> 
     </span>
    </p>
   </div>
   <div class='ocr_carea' id='block_1_99' title="bbox 185 5136 1758 5206">
    <p class='ocr_par' dir='ltr' id='par_1_99' title="bbox 185 5136 1758 5206">
     <span class='ocr_line' id='line_1_99' title="bbox 185 5136 1758 5206; baseline -0.002 -14"><span class='ocrx_word' id='word_1_712' title='bbox 185 5141 311 5195; x_wconf 85' lang='lat' dir='ltr'><strong><em>ratio</em></strong></span> <span class='ocrx_word' id='word_1_713' title='bbox 341 5141 715 5195; x_wconf 88' lang='lat' dir='ltr'><strong><em>demonstrat.</em></strong></span> <span class='ocrx_word' id='word_1_714' title='bbox 735 5136 965 5206; x_wconf 89' lang='lat' dir='ltr'><strong><em>Culpam</em></strong></span> <span class='ocrx_word' id='word_1_715' title='bbox 999 5138 1142 5191; x_wconf 87' lang='lat' dir='ltr'><strong><em>hanc</em></strong></span> <span class='ocrx_word' id='word_1_716' title='bbox 1166 5153 1273 5191; x_wconf 93' lang='lat' dir='ltr'><strong><em>non</em></strong></span> <span class='ocrx_word' id='word_1_717' title='bbox 1297 5136 1592 5191; x_wconf 85' lang='lat' dir='ltr'><strong><em>sustineret</em></strong></span> <span class='ocrx_word' id='word_1_718' title='bbox 1622 5136 1758 5190; x_wconf 82' lang='lat' dir='ltr'><strong><em>Ter—</em></strong></span> 
     </span>
    </p>
   </div>
   <div class='ocr_carea' id='block_1_100' title="bbox 183 5229 1757 5299">
    <p class='ocr_par' dir='ltr' id='par_1_100' title="bbox 183 5229 1757 5299">
     <span class='ocr_line' id='line_1_100' title="bbox 183 5229 1757 5299; baseline -0.001 -16"><span class='ocrx_word' id='word_1_719' title='bbox 183 5233 453 5297; x_wconf 80' lang='lat' dir='ltr'><strong><em>tullianus,</em></strong></span> <span class='ocrx_word' id='word_1_720' title='bbox 487 5232 535 5285; x_wconf 90' lang='lat' dir='ltr'><strong><em>si</em></strong></span> <span class='ocrx_word' id='word_1_721' title='bbox 569 5242 777 5284; x_wconf 75' lang='lat' dir='ltr'><strong><em>textum</em></strong></span> <span class='ocrx_word' id='word_1_722' title='bbox 799 5229 1048 5284; x_wconf 75' lang='lat' dir='ltr'><strong><em>Grmcum</em></strong></span> <span class='ocrx_word' id='word_1_723' title='bbox 1069 5229 1158 5284; x_wconf 88' lang='lat' dir='ltr'><strong><em>hic</em></strong></span> <span class='ocrx_word' id='word_1_724' title='bbox 1188 5230 1370 5299; x_wconf 85' lang='lat' dir='ltr'><strong><em>potius</em></strong></span> <span class='ocrx_word' id='word_1_725' title='bbox 1389 5245 1555 5298; x_wconf 88' lang='lat' dir='ltr'><strong><em>quam</em></strong></span> <span class='ocrx_word' id='word_1_726' title='bbox 1586 5230 1757 5284; x_wconf 80' lang='lat' dir='ltr'><strong><em>inter—</em></strong></span> 
     </span>
    </p>
   </div>
   <div class='ocr_carea' id='block_1_101' title="bbox 181 5318 1752 5389">
    <p class='ocr_par' dir='ltr' id='par_1_101' title="bbox 181 5318 1752 5389">
     <span class='ocr_line' id='line_1_101' title="bbox 181 5318 1752 5389; baseline -0.003 -14"><span class='ocrx_word' id='word_1_727' title='bbox 181 5332 375 5388; x_wconf 79' lang='lat' dir='ltr'><strong><em>pretem</em></strong></span> <span class='ocrx_word' id='word_1_728' title='bbox 406 5321 809 5377; x_wconf 85' lang='lat' dir='ltr'><strong><em>consuluisset.</em></strong></span> <span class='ocrx_word' id='word_1_729' title='bbox 846 5320 1009 5381; x_wconf 81' lang='lat' dir='ltr'><strong><em>Paulo</em></strong></span> <span class='ocrx_word' id='word_1_730' title='bbox 1044 5328 1190 5389; x_wconf 86' lang='lat' dir='ltr'><strong><em>post,</em></strong></span> <span class='ocrx_word' id='word_1_731' title='bbox 1226 5320 1467 5389; x_wconf 80' lang='lat' dir='ltr'><strong><em>Saphiau</em></strong></span> <span class='ocrx_word' id='word_1_732' title='bbox 1506 5320 1574 5373; x_wconf 89' lang='lat' dir='ltr'><strong><em>ab</em></strong></span> <span class='ocrx_word' id='word_1_733' title='bbox 1603 5318 1752 5373; x_wconf 78' lang='lat' dir='ltr'><strong><em>lioro</em></strong></span> 
     </span>
    </p>
   </div>
   <div class='ocr_carea' id='block_1_102' title="bbox 182 5412 1755 5480">
    <p class='ocr_par' dir='ltr' id='par_1_102' title="bbox 182 5412 1755 5480">
     <span class='ocr_line' id='line_1_102' title="bbox 182 5412 1755 5480; baseline -0.001 -15"><span class='ocrx_word' id='word_1_734' title='bbox 182 5416 482 5469; x_wconf 76' lang='lat' dir='ltr'><strong><em>mandatam</em></strong></span> <span class='ocrx_word' id='word_1_735' title='bbox 513 5425 571 5468; x_wconf 88' lang='lat' dir='ltr'><strong><em>et</em></strong></span> <span class='ocrx_word' id='word_1_736' title='bbox 598 5415 1007 5480; x_wconf 81' lang='lat' dir='ltr'><strong><em>continuatam,</em></strong></span> <span class='ocrx_word' id='word_1_737' title='bbox 1044 5428 1109 5467; x_wconf 90' lang='lat' dir='ltr'><strong><em>ac</em></strong></span> <span class='ocrx_word' id='word_1_738' title='bbox 1143 5428 1255 5467; x_wconf 72' lang='lat' dir='ltr'><strong><em>sua:</em></strong></span> <span class='ocrx_word' id='word_1_739' title='bbox 1291 5412 1593 5466; x_wconf 86' lang='lat' dir='ltr'><strong><em>restitutam</em></strong></span> <span class='ocrx_word' id='word_1_740' title='bbox 1624 5426 1755 5465; x_wconf 83' lang='lat' dir='ltr'><strong><em>con-</em></strong></span> 
     </span>
    </p>
   </div>
   <div class='ocr_carea' id='block_1_103' title="bbox 182 5502 1750 5577">
    <p class='ocr_par' dir='ltr' id='par_1_103' title="bbox 182 5502 1750 5577">
     <span class='ocr_line' id='line_1_103' title="bbox 182 5502 1750 5577; baseline -0.004 -17"><span class='ocrx_word' id='word_1_741' title='bbox 182 5506 428 5576; x_wconf 73' lang='lat' dir='ltr'><strong><em>iugatioui</em></strong></span> <span class='ocrx_word' id='word_1_742' title='bbox 464 5524 595 5561; x_wconf 88' lang='lat' dir='ltr'><strong><em>cum</em></strong></span> <span class='ocrx_word' id='word_1_743' title='bbox 620 5508 854 5560; x_wconf 72' lang='lat' dir='ltr'><strong><em>dixisset</em></strong></span> <span class='ocrx_word' id='word_1_744' title='bbox 882 5505 1136 5571; x_wconf 75' lang='lat' dir='ltr'><strong><em>Ireuzeus,</em></strong></span> <span class='ocrx_word' id='word_1_745' title='bbox 1155 5505 1303 5559; x_wconf 86' lang='lat' dir='ltr'><strong><em>addit</em></strong></span> <span class='ocrx_word' id='word_1_746' title='bbox 1332 5522 1345 5558; x_wconf 91' lang='lat'><strong>:</strong></span> <span class='ocrx_word' id='word_1_747' title='bbox 1370 5502 1750 5577; x_wconf 77' lang='grc' dir='ltr'><strong><em>Χωρισθεξσης</em></strong></span> 
     </span>
    </p>
   </div>
   <div class='ocr_carea' id='block_1_104' title="bbox 181 5596 1750 5673">
    <p class='ocr_par' dir='ltr' id='par_1_104' title="bbox 181 5596 1750 5673">
     <span class='ocr_line' id='line_1_104' title="bbox 181 5596 1750 5673; baseline -0.006 -17"><span class='ocrx_word' id='word_1_748' title='bbox 181 5602 275 5671; x_wconf 63' lang='grc' dir='ltr'><strong><em>γὰρ</em></strong></span> <span class='ocrx_word' id='word_1_749' title='bbox 301 5602 395 5673; x_wconf 74' lang='grc' dir='ltr'><strong><em>τῆς</em></strong></span> <span class='ocrx_word' id='word_1_750' title='bbox 438 5602 790 5673; x_wconf 74' lang='grc' dir='ltr'><strong><em>ἐνθυμήσεως</em></strong></span> <span class='ocrx_word' id='word_1_751' title='bbox 828 5599 923 5653; x_wconf 82' lang='grc' dir='ltr'><strong><em>ἀπ’</em></strong></span> <span class='ocrx_word' id='word_1_752' title='bbox 953 5599 1122 5670; x_wconf 74' lang='grc' dir='ltr'><strong><em>αὐτῆς</em></strong></span> <span class='ocrx_word' id='word_1_753' title='bbox 1156 5598 1252 5650; x_wconf 74' lang='grc' dir='ltr'>σὺν</span> <span class='ocrx_word' id='word_1_754' title='bbox 1284 5596 1361 5667; x_wconf 77' lang='grc' dir='ltr'><strong><em>τῷ</em></strong></span> <span class='ocrx_word' id='word_1_755' title='bbox 1391 5597 1750 5666; x_wconf 75' lang='grc' dir='ltr'><strong><em>ἐπιγινομὲνῳ</em></strong></span> 
     </span>
    </p>
   </div>
   <div class='ocr_carea' id='block_1_105' title="bbox 182 5688 1748 5766">
    <p class='ocr_par' dir='ltr' id='par_1_105' title="bbox 182 5688 1748 5766">
     <span class='ocr_line' id='line_1_105' title="bbox 182 5688 1748 5766; baseline -0.005 -18"><span class='ocrx_word' id='word_1_756' title='bbox 182 5696 345 5761; x_wconf 65' lang='grc' dir='ltr'><strong><em>πάθει,</em></strong></span> <span class='ocrx_word' id='word_1_757' title='bbox 377 5697 549 5766; x_wconf 72' lang='grc' dir='ltr'><strong>αὐτὴν</strong></span> <span class='ocrx_word' id='word_1_758' title='bbox 594 5696 693 5766; x_wconf 77' lang='grc' dir='ltr'><strong><em>μὲν</em></strong></span> <span class='ocrx_word' id='word_1_759' title='bbox 726 5693 877 5757; x_wconf 79' lang='grc' dir='ltr'><strong>ἐντὸς</strong></span> <span class='ocrx_word' id='word_1_760' title='bbox 915 5692 1287 5764; x_wconf 78' lang='grc' dir='ltr'><strong><em>Πληρώματος</em></strong></span> <span class='ocrx_word' id='word_1_761' title='bbox 1317 5693 1495 5763; x_wconf 78' lang='grc' dir='ltr'><strong><em>μεῖναι</em></strong></span> <span class='ocrx_word' id='word_1_762' title='bbox 1522 5708 1532 5719; x_wconf 92' lang='grc'><strong>·</strong></span> <span class='ocrx_word' id='word_1_763' title='bbox 1563 5690 1662 5760; x_wconf 78' lang='grc' dir='ltr'><strong><em>τὴν</em></strong></span> <span class='ocrx_word' id='word_1_764' title='bbox 1690 5688 1748 5741; x_wconf 77' lang='grc' dir='ltr'><strong><em>δὲ</em></strong></span> 
     </span>
    </p>
   </div>
   <div class='ocr_carea' id='block_1_106' title="bbox 1866 4668 3443 4739">
    <p class='ocr_par' dir='ltr' id='par_1_106' title="bbox 1866 4668 3443 4739">
     <span class='ocr_line' id='line_1_106' title="bbox 1866 4668 3443 4739; baseline 0 -16"><span class='ocrx_word' id='word_1_765' title='bbox 1866 4671 2006 4723; x_wconf 90' lang='lat' dir='ltr'><strong><em>rium</em></strong></span> <span class='ocrx_word' id='word_1_766' title='bbox 2062 4670 2314 4739; x_wconf 67' lang='lat' dir='ltr'><strong><em>Magnum</em></strong></span> <span class='ocrx_word' id='word_1_767' title='bbox 2368 4668 2586 4730; x_wconf 85' lang='lat' dir='ltr'><strong><em>adierit,</em></strong></span> <span class='ocrx_word' id='word_1_768' title='bbox 2621 4678 2679 4721; x_wconf 93' lang='lat' dir='ltr'><strong><em>ut</em></strong></span> <span class='ocrx_word' id='word_1_769' title='bbox 2733 4678 2878 4737; x_wconf 81' lang='lat' dir='ltr'><strong><em>gesta</em></strong></span> <span class='ocrx_word' id='word_1_770' title='bbox 2906 4668 3207 4736; x_wconf 71' lang='lat' dir='ltr'><strong><em>adscripta</em></strong></span> <span class='ocrx_word' id='word_1_771' title='bbox 3239 4669 3302 4721; x_wconf 84' lang='grc' dir='ltr'><strong><em>Β.</em></strong></span> <span class='ocrx_word' id='word_1_772' title='bbox 3327 4668 3443 4723; x_wconf 84' lang='lat' dir='ltr'><strong><em>Ire-</em></strong></span> 
     </span>
    </p>
   </div>
   <div class='ocr_carea' id='block_1_107' title="bbox 1865 4757 3439 4828">
    <p class='ocr_par' dir='ltr' id='par_1_107' title="bbox 1865 4757 3439 4828">
     <span class='ocr_line' id='line_1_107' title="bbox 1865 4757 3439 4828; baseline 0.001 -15"><span class='ocrx_word' id='word_1_773' title='bbox 1865 4762 1968 4813; x_wconf 56' lang='lat' dir='ltr'><strong><em>na&#39;i</em></strong></span> <span class='ocrx_word' id='word_1_774' title='bbox 2006 4762 2073 4813; x_wconf 88' lang='lat' dir='ltr'><strong><em>ab</em></strong></span> <span class='ocrx_word' id='word_1_775' title='bbox 2109 4778 2175 4815; x_wconf 88' lang='lat' dir='ltr'><strong><em>eo</em></strong></span> <span class='ocrx_word' id='word_1_776' title='bbox 2198 4759 2495 4828; x_wconf 86' lang='lat' dir='ltr'><strong><em>acciperet.</em></strong></span> <span class='ocrx_word' id='word_1_777' title='bbox 2540 4757 2640 4813; x_wconf 91' lang='lat' dir='ltr'><strong><em>Cui</em></strong></span> <span class='ocrx_word' id='word_1_778' title='bbox 2682 4759 2977 4826; x_wconf 87' lang='lat' dir='ltr'><strong><em>respondet</em></strong></span> <span class='ocrx_word' id='word_1_779' title='bbox 3021 4757 3323 4828; x_wconf 79' lang='lat' dir='ltr'><strong><em>Gregorius</em></strong></span> <span class='ocrx_word' id='word_1_780' title='bbox 3349 4760 3393 4791; x_wconf 85' lang='grc'>¹⁸</span> <span class='ocrx_word' id='word_1_781' title='bbox 3426 4780 3439 4815; x_wconf 89' lang='lat'><strong>:</strong></span> 
     </span>
    </p>
   </div>
   <div class='ocr_carea' id='block_1_108' title="bbox 1864 4849 3445 4919">
    <p class='ocr_par' dir='ltr' id='par_1_108' title="bbox 1864 4849 3445 4919">
     <span class='ocr_line' id='line_1_108' title="bbox 1864 4849 3445 4919; baseline -0.001 -12"><span class='ocrx_word' id='word_1_782' title='bbox 1864 4851 2022 4907; x_wconf 84' lang='lat' dir='ltr'><strong><em>Gesta</em></strong></span> <span class='ocrx_word' id='word_1_783' title='bbox 2058 4853 2135 4906; x_wconf 84' lang='lat' dir='ltr'><strong><em>vel</em></strong></span> <span class='ocrx_word' id='word_1_784' title='bbox 2156 4852 2349 4917; x_wconf 82' lang='lat' dir='ltr'><strong><em>scripta</em></strong></span> <span class='ocrx_word' id='word_1_785' title='bbox 2379 4849 2444 4904; x_wconf 88' lang='grc' dir='ltr'><strong><em>Β.</em></strong></span> <span class='ocrx_word' id='word_1_786' title='bbox 2484 4849 2806 4919; x_wconf 75' lang='lat' dir='ltr'><strong><em>Irenmijant</em></strong></span> <span class='ocrx_word' id='word_1_787' title='bbox 2838 4850 2929 4903; x_wconf 85' lang='lat' dir='ltr'><strong><em>diu</em></strong></span> <span class='ocrx_word' id='word_1_788' title='bbox 2955 4861 3027 4904; x_wconf 84' lang='lat' dir='ltr'><strong><em>est</em></strong></span> <span class='ocrx_word' id='word_1_789' title='bbox 3052 4852 3192 4919; x_wconf 87' lang='lat' dir='ltr'><strong><em>quod</em></strong></span> <span class='ocrx_word' id='word_1_790' title='bbox 3215 4853 3445 4905; x_wconf 88' lang='lat' dir='ltr'><strong><em>sollicite</em></strong></span> 
     </span>
    </p>
   </div>
   <div class='ocr_carea' id='block_1_109' title="bbox 1859 4942 3441 5015">
    <p class='ocr_par' dir='ltr' id='par_1_109' title="bbox 1859 4942 3441 5015">
     <span class='ocr_line' id='line_1_109' title="bbox 1859 4942 3441 5015; baseline -0.001 -18"><span class='ocrx_word' id='word_1_791' title='bbox 1859 4945 2195 5015; x_wconf 75' lang='lat' dir='ltr'><strong><em>qiuesivimus</em></strong></span> <span class='ocrx_word' id='word_1_792' title='bbox 2222 4962 2241 5008; x_wconf 92' lang='lat'><strong><em>;</em></strong></span> <span class='ocrx_word' id='word_1_793' title='bbox 2277 4948 2368 4997; x_wconf 82' lang='lat' dir='ltr'><strong><em>sed</em></strong></span> <span class='ocrx_word' id='word_1_794' title='bbox 2393 4945 2649 4997; x_wconf 78' lang='lat' dir='ltr'><strong><em>hactenus</em></strong></span> <span class='ocrx_word' id='word_1_795' title='bbox 2676 4958 2740 4995; x_wconf 84' lang='lat' dir='ltr'><strong><em>ea:</em></strong></span> <span class='ocrx_word' id='word_1_796' title='bbox 2760 4943 2835 4995; x_wconf 87' lang='lat' dir='ltr'><strong><em>eis</em></strong></span> <span class='ocrx_word' id='word_1_797' title='bbox 2859 4942 3085 4996; x_wconf 88' lang='lat' dir='ltr'><strong><em>inveniri</em></strong></span> <span class='ocrx_word' id='word_1_798' title='bbox 3110 4943 3311 5013; x_wconf 80' lang='lat' dir='ltr'><strong><em>aliquid</em></strong></span> <span class='ocrx_word' id='word_1_799' title='bbox 3338 4959 3441 4996; x_wconf 89' lang='lat' dir='ltr'><strong><em>non</em></strong></span> 
     </span>
    </p>
   </div>
   <div class='ocr_carea' id='block_1_110' title="bbox 1859 5034 3437 5102">
    <p class='ocr_par' dir='ltr' id='par_1_110' title="bbox 1859 5034 3437 5102">
     <span class='ocr_line' id='line_1_110' title="bbox 1859 5034 3437 5102; baseline -0.003 -11"><span class='ocrx_word' id='word_1_800' title='bbox 1859 5036 2044 5091; x_wconf 71' lang='lat' dir='ltr'><strong><em>stituit.</em></strong></span> <span class='ocrx_word' id='word_1_801' title='bbox 2078 5037 2153 5090; x_wconf 87' lang='lat' dir='ltr'><strong><em>Ea</em></strong></span> <span class='ocrx_word' id='word_1_802' title='bbox 2189 5050 2321 5090; x_wconf 90' lang='lat' dir='ltr'><strong><em>vero</em></strong></span> <span class='ocrx_word' id='word_1_803' title='bbox 2353 5043 2518 5088; x_wconf 73' lang='lat' dir='ltr'><strong><em>tantae</em></strong></span> <span class='ocrx_word' id='word_1_804' title='bbox 2540 5034 2785 5102; x_wconf 72' lang='lat' dir='ltr'><strong><em>penuria:</em></strong></span> <span class='ocrx_word' id='word_1_805' title='bbox 2813 5034 2984 5088; x_wconf 88' lang='lat' dir='ltr'><strong><em>fuisse</em></strong></span> <span class='ocrx_word' id='word_1_806' title='bbox 3011 5034 3228 5088; x_wconf 82' lang='lat' dir='ltr'><strong><em>videtur</em></strong></span> <span class='ocrx_word' id='word_1_807' title='bbox 3250 5050 3437 5100; x_wconf 87' lang='lat' dir='ltr'><strong><em>causa,</em></strong></span> 
     </span>
    </p>
   </div>
   <div class='ocr_carea' id='block_1_111' title="bbox 1864 5124 3441 5197">
    <p class='ocr_par' dir='ltr' id='par_1_111' title="bbox 1864 5124 3441 5197">
     <span class='ocr_line' id='line_1_111' title="bbox 1864 5124 3441 5197; baseline -0.001 -16"><span class='ocrx_word' id='word_1_808' title='bbox 1864 5129 2007 5197; x_wconf 84' lang='lat' dir='ltr'><strong><em>quod</em></strong></span> <span class='ocrx_word' id='word_1_809' title='bbox 2058 5128 2351 5183; x_wconf 82' lang='lat' dir='ltr'><strong><em>exstinctis</em></strong></span> <span class='ocrx_word' id='word_1_810' title='bbox 2373 5125 2483 5194; x_wconf 84' lang='lat' dir='ltr'><strong><em>jam</em></strong></span> <span class='ocrx_word' id='word_1_811' title='bbox 2510 5125 2809 5179; x_wconf 72' lang='lat' dir='ltr'><strong><em>hrcresibus</em></strong></span> <span class='ocrx_word' id='word_1_812' title='bbox 2841 5128 2908 5179; x_wconf 86' lang='lat' dir='ltr'><strong><em>ah</em></strong></span> <span class='ocrx_word' id='word_1_813' title='bbox 2942 5126 3149 5179; x_wconf 65' lang='lat' dir='ltr'><strong><em>Irenaeo</em></strong></span> <span class='ocrx_word' id='word_1_814' title='bbox 3179 5124 3441 5179; x_wconf 87' lang='lat' dir='ltr'><strong><em>confuta-</em></strong></span> 
     </span>
    </p>
   </div>
   <div class='ocr_carea' id='block_1_112' title="bbox 1861 5216 3435 5288">
    <p class='ocr_par' dir='ltr' id='par_1_112' title="bbox 1861 5216 3435 5288">
     <span class='ocr_line' id='line_1_112' title="bbox 1861 5216 3435 5288; baseline -0.003 -13"><span class='ocrx_word' id='word_1_815' title='bbox 1861 5222 1953 5283; x_wconf 89' lang='lat' dir='ltr'><strong><em>tis,</em></strong></span> <span class='ocrx_word' id='word_1_816' title='bbox 1988 5219 2218 5288; x_wconf 81' lang='lat' dir='ltr'><strong><em>aliisque</em></strong></span> <span class='ocrx_word' id='word_1_817' title='bbox 2245 5218 2296 5270; x_wconf 88' lang='lat' dir='ltr'><strong><em>iu</em></strong></span> <span class='ocrx_word' id='word_1_818' title='bbox 2333 5217 2448 5270; x_wconf 87' lang='lat' dir='ltr'><strong><em>dies</em></strong></span> <span class='ocrx_word' id='word_1_819' title='bbox 2494 5216 2923 5285; x_wconf 85' lang='lat' dir='ltr'><strong><em>emergentibus,</em></strong></span> <span class='ocrx_word' id='word_1_820' title='bbox 2976 5232 3097 5285; x_wconf 69' lang='lat' dir='ltr'><strong><em>qtae</em></strong></span> <span class='ocrx_word' id='word_1_821' title='bbox 3141 5216 3278 5269; x_wconf 83' lang='lat' dir='ltr'><strong><em>nihil</em></strong></span> <span class='ocrx_word' id='word_1_822' title='bbox 3310 5233 3435 5271; x_wconf 91' lang='lat' dir='ltr'><strong><em>cum</em></strong></span> 
     </span>
    </p>
   </div>
   <div class='ocr_carea' id='block_1_113' title="bbox 1858 5307 3439 5377">
    <p class='ocr_par' dir='ltr' id='par_1_113' title="bbox 1858 5307 3439 5377">
     <span class='ocr_line' id='line_1_113' title="bbox 1858 5307 3439 5377; baseline -0.003 -13"><span class='ocrx_word' id='word_1_823' title='bbox 1858 5312 2139 5364; x_wconf 77' lang='lat' dir='ltr'><strong><em>veteribus</em></strong></span> <span class='ocrx_word' id='word_1_824' title='bbox 2163 5309 2269 5363; x_wconf 90' lang='lat' dir='ltr'><strong><em>illis</em></strong></span> <span class='ocrx_word' id='word_1_825' title='bbox 2301 5307 2460 5359; x_wconf 84' lang='lat' dir='ltr'><strong><em>alliue</em></strong></span> <span class='ocrx_word' id='word_1_826' title='bbox 2505 5307 2768 5360; x_wconf 86' lang='lat' dir='ltr'><strong><em>haberent</em></strong></span> <span class='ocrx_word' id='word_1_827' title='bbox 2794 5322 2808 5372; x_wconf 90' lang='lat'><strong>;</strong></span> <span class='ocrx_word' id='word_1_828' title='bbox 2837 5322 2899 5360; x_wconf 93' lang='lat' dir='ltr'><strong><em>ac</em></strong></span> <span class='ocrx_word' id='word_1_829' title='bbox 2931 5317 3044 5360; x_wconf 91' lang='lat' dir='ltr'><strong><em>tum</em></strong></span> <span class='ocrx_word' id='word_1_830' title='bbox 3077 5308 3202 5377; x_wconf 69' lang='lat' dir='ltr'><strong><em>BI)&quot;</em></strong></span> <span class='ocrx_word' id='word_1_831' title='bbox 3237 5308 3439 5361; x_wconf 56' lang='lat' dir='ltr'><strong><em>barbae-</em></strong></span> 
     </span>
    </p>
   </div>
   <div class='ocr_carea' id='block_1_114' title="bbox 1860 5398 3438 5469">
    <p class='ocr_par' dir='ltr' id='par_1_114' title="bbox 1860 5398 3438 5469">
     <span class='ocr_line' id='line_1_114' title="bbox 1860 5398 3438 5469; baseline -0.004 -11"><span class='ocrx_word' id='word_1_832' title='bbox 1860 5405 1960 5469; x_wconf 88' lang='lat' dir='ltr'><strong><em>rie,</em></strong></span> <span class='ocrx_word' id='word_1_833' title='bbox 1994 5414 2106 5456; x_wconf 89' lang='lat' dir='ltr'><strong><em>tum</em></strong></span> <span class='ocrx_word' id='word_1_834' title='bbox 2144 5399 2454 5469; x_wconf 85' lang='lat' dir='ltr'><strong><em>argumenti</em></strong></span> <span class='ocrx_word' id='word_1_835' title='bbox 2482 5398 2797 5453; x_wconf 78' lang='lat' dir='ltr'><strong><em>diﬂicultate</em></strong></span> <span class='ocrx_word' id='word_1_836' title='bbox 2824 5400 3105 5454; x_wconf 86' lang='lat' dir='ltr'><strong><em>deterritis</em></strong></span> <span class='ocrx_word' id='word_1_837' title='bbox 3131 5409 3184 5453; x_wconf 87' lang='lat' dir='ltr'><strong><em>et</em></strong></span> <span class='ocrx_word' id='word_1_838' title='bbox 3215 5399 3438 5452; x_wconf 86' lang='lat' dir='ltr'><strong><em>lectori-</em></strong></span> 
     </span>
    </p>
   </div>
   <div class='ocr_carea' id='block_1_115' title="bbox 1857 5493 3432 5562">
    <p class='ocr_par' dir='ltr' id='par_1_115' title="bbox 1857 5493 3432 5562">
     <span class='ocr_line' id='line_1_115' title="bbox 1857 5493 3432 5562; baseline -0.004 -9"><span class='ocrx_word' id='word_1_839' title='bbox 1857 5500 1960 5553; x_wconf 87' lang='lat' dir='ltr'><strong><em>bus</em></strong></span> <span class='ocrx_word' id='word_1_840' title='bbox 1985 5506 2040 5551; x_wconf 85' lang='lat' dir='ltr'><strong><em>et</em></strong></span> <span class='ocrx_word' id='word_1_841' title='bbox 2069 5494 2333 5556; x_wconf 88' lang='lat' dir='ltr'><strong><em>librariis,</em></strong></span> <span class='ocrx_word' id='word_1_842' title='bbox 2362 5494 2446 5547; x_wconf 90' lang='lat' dir='ltr'><strong><em>his</em></strong></span> <span class='ocrx_word' id='word_1_843' title='bbox 2475 5508 2541 5547; x_wconf 89' lang='lat' dir='ltr'><strong><em>ne</em></strong></span> <span class='ocrx_word' id='word_1_844' title='bbox 2571 5493 2968 5556; x_wconf 76' lang='lat' dir='ltr'><strong><em>exscriberent,</em></strong></span> <span class='ocrx_word' id='word_1_845' title='bbox 3016 5493 3125 5546; x_wconf 85' lang='lat' dir='ltr'><strong><em>illis</em></strong></span> <span class='ocrx_word' id='word_1_846' title='bbox 3162 5510 3230 5547; x_wconf 87' lang='lat' dir='ltr'><strong><em>ne</em></strong></span> <span class='ocrx_word' id='word_1_847' title='bbox 3284 5495 3432 5562; x_wconf 55' lang='lat' dir='ltr'><strong><em>lege.</em></strong></span> 
     </span>
    </p>
   </div>
   <div class='ocr_carea' id='block_1_116' title="bbox 1858 5583 3433 5654">
    <p class='ocr_par' dir='ltr' id='par_1_116' title="bbox 1858 5583 3433 5654">
     <span class='ocr_line' id='line_1_116' title="bbox 1858 5583 3433 5654; baseline -0.003 -11"><span class='ocrx_word' id='word_1_848' title='bbox 1858 5598 2003 5653; x_wconf 88' lang='lat' dir='ltr'><strong><em>rent,</em></strong></span> <span class='ocrx_word' id='word_1_849' title='bbox 2031 5586 2221 5640; x_wconf 79' lang='lat' dir='ltr'><strong><em>exituii</em></strong></span> <span class='ocrx_word' id='word_1_850' title='bbox 2247 5583 2578 5654; x_wconf 72' lang='lat' dir='ltr'><strong><em>operisnsus-</em></strong></span> <span class='ocrx_word' id='word_1_851' title='bbox 2602 5599 2736 5651; x_wconf 70' lang='lat' dir='ltr'><strong><em>penne</em></strong></span> <span class='ocrx_word' id='word_1_852' title='bbox 2759 5584 3109 5638; x_wconf 74' lang='lat' dir='ltr'><strong><em>exsoleverit.</em></strong></span> <span class='ocrx_word' id='word_1_853' title='bbox 3146 5584 3315 5653; x_wconf 89' lang='lat' dir='ltr'><strong><em>llujus</em></strong></span> <span class='ocrx_word' id='word_1_854' title='bbox 3350 5598 3433 5639; x_wconf 73' lang='grc' dir='ltr'>ιιι-ι</span> 
     </span>
    </p>
   </div>
   <div class='ocr_carea' id='block_1_117' title="bbox 1858 5675 3435 5749">
    <p class='ocr_par' dir='ltr' id='par_1_117' title="bbox 1858 5675 3435 5749">
     <span class='ocr_line' id='line_1_117' title="bbox 1858 5675 3435 5749; baseline -0.003 -14"><span class='ocrx_word' id='word_1_855' title='bbox 1858 5696 1980 5735; x_wconf 88' lang='lat' dir='ltr'><strong><em>men</em></strong></span> <span class='ocrx_word' id='word_1_856' title='bbox 2007 5676 2332 5749; x_wconf 81' lang='lat' dir='ltr'><strong><em>superfuere</em></strong></span> <span class='ocrx_word' id='word_1_857' title='bbox 2357 5690 2575 5745; x_wconf 76' lang='lat' dir='ltr'><strong><em>seraper</em></strong></span> <span class='ocrx_word' id='word_1_858' title='bbox 2596 5676 2926 5742; x_wconf 77' lang='lat' dir='ltr'><strong><em>exemplaria</em></strong></span> <span class='ocrx_word' id='word_1_859' title='bbox 2958 5675 3169 5745; x_wconf 85' lang='lat' dir='ltr'><strong><em>aliqua;</em></strong></span> <span class='ocrx_word' id='word_1_860' title='bbox 3202 5676 3295 5729; x_wconf 89' lang='lat' dir='ltr'><strong><em>sed</em></strong></span> <span class='ocrx_word' id='word_1_861' title='bbox 3317 5693 3435 5745; x_wconf 71' lang='lat' dir='ltr'><strong><em>qua:</em></strong></span> 
     </span>
    </p>
   </div>
   <div class='ocr_carea' id='block_1_118' title="bbox 259 5842 2227 5919">
    <p class='ocr_par' dir='ltr' id='par_1_118' title="bbox 259 5842 2227 5919">
     <span class='ocr_line' id='line_1_118' title="bbox 259 5842 2227 5919; baseline 0.001 -20"><span class='ocrx_word' id='word_1_862' title='bbox 259 5846 301 5875; x_wconf 86' lang='lat'>“</span> <span class='ocrx_word' id='word_1_863' title='bbox 331 5846 446 5901; x_wconf 87' lang='lat' dir='ltr'><strong><em>Lib.</em></strong></span> <span class='ocrx_word' id='word_1_864' title='bbox 492 5864 549 5909; x_wconf 86' lang='grc' dir='ltr'>ιι,</span> <span class='ocrx_word' id='word_1_865' title='bbox 576 5861 662 5913; x_wconf 83' lang='lat' dir='ltr'><strong><em>ep.</em></strong></span> <span class='ocrx_word' id='word_1_866' title='bbox 702 5846 788 5911; x_wconf 78' lang='lat'><strong><em>56,</em></strong></span> <span class='ocrx_word' id='word_1_867' title='bbox 828 5845 895 5899; x_wconf 87' lang='lat' dir='ltr'><strong><em>ad</em></strong></span> <span class='ocrx_word' id='word_1_868' title='bbox 927 5842 1139 5899; x_wconf 69' lang='lat' dir='ltr'><strong><em>Ether.</em></strong></span> <span class='ocrx_word' id='word_1_869' title='bbox 1174 5845 1421 5917; x_wconf 79' lang='lat' dir='ltr'><strong><em>Lugdun.</em></strong></span> <span class='ocrx_word' id='word_1_870' title='bbox 1452 5847 1647 5919; x_wconf 78' lang='lat' dir='ltr'><strong><em>episc.,</em></strong></span> <span class='ocrx_word' id='word_1_871' title='bbox 1687 5856 1815 5901; x_wconf 84' lang='lat' dir='ltr'><strong><em>tom.</em></strong></span> <span class='ocrx_word' id='word_1_872' title='bbox 1853 5845 1895 5901; x_wconf 90' lang='lat' dir='ltr'><strong><em>ll</em></strong></span> <span class='ocrx_word' id='word_1_873' title='bbox 1936 5864 2056 5901; x_wconf 77' lang='lat' dir='ltr'><strong><em>nov.</em></strong></span> <span class='ocrx_word' id='word_1_874' title='bbox 2098 5848 2227 5903; x_wconf 77' lang='lat' dir='ltr'><strong><em>edit.</em></strong></span> 
     </span>
    </p>
   </div>
   <div class='ocr_carea' id='block_1_119' title="bbox 498 5943 1117 6004">
    <p class='ocr_par' dir='ltr' id='par_1_119' title="bbox 498 5943 1117 6004">
     <span class='ocr_line' id='line_1_119' title="bbox 498 5943 1117 6004; baseline -0.002 0"><span class='ocrx_word' id='word_1_875' title='bbox 498 5946 742 6004; x_wconf 70' lang='grc' dir='ltr'><strong><em>ΡΑτιιοι.</em></strong></span> <span class='ocrx_word' id='word_1_876' title='bbox 813 5944 929 6003; x_wconf 80' lang='lat' dir='ltr'><strong><em>Gn.</em></strong></span> <span class='ocrx_word' id='word_1_877' title='bbox 983 5943 1117 6003; x_wconf 68' lang='lat' dir='ltr'><strong><em>VII.</em></strong></span> 
     </span>
    </p>
   </div>
  </div>
