  <div class='ocr_page' id='page_1' title='image "/cluster/home/n/w/nwhite01/storage/ocr_20150623/7/hvd.32044019206614/125.png"; bbox 0 0 3924 6354; ppageno 0'>
   <div class='ocr_carea' id='block_1_1' title="bbox 463 349 569 405">
    <p class='ocr_par' dir='ltr' id='par_1_1' title="bbox 463 349 569 405">
     <span class='ocr_line' id='line_1_1' title="bbox 463 349 569 405; baseline 0 0"><span class='ocrx_word' id='word_1_1' title='bbox 463 349 569 405; x_wconf 66' lang='grc' dir='ltr'><strong>ἳόὖ</strong></span> 
     </span>
    </p>
   </div>
   <div class='ocr_carea' id='block_1_2' title="bbox 1259 356 2916 420">
    <p class='ocr_par' dir='ltr' id='par_1_2' title="bbox 1259 356 2916 420">
     <span class='ocr_line' id='line_1_2' title="bbox 1259 356 2916 420; baseline 0.005 -8"><span class='ocrx_word' id='word_1_2' title='bbox 1259 356 1856 416; x_wconf 72' lang='grc' dir='ltr'><strong>Β185Ε11ΤΑΤ1οΝΕ5</strong></span> <span class='ocrx_word' id='word_1_3' title='bbox 1894 361 2201 417; x_wconf 53' lang='lat' dir='ltr'><strong>PBH-3&#39;le</strong></span> <span class='ocrx_word' id='word_1_4' title='bbox 2239 361 2308 416; x_wconf 72' lang='grc' dir='ltr'><strong>ΙΝ</strong></span> <span class='ocrx_word' id='word_1_5' title='bbox 2349 361 2604 418; x_wconf 72' lang='grc' dir='ltr'><strong>ΙΒΕΝᾸΞΙ</strong></span> <span class='ocrx_word' id='word_1_6' title='bbox 2645 362 2916 420; x_wconf 75' lang='lat' dir='ltr'><strong>LIBROS.</strong></span> 
     </span>
    </p>
   </div>
   <div class='ocr_carea' id='block_1_3' title="bbox 3623 365 3728 422">
    <p class='ocr_par' dir='ltr' id='par_1_3' title="bbox 3623 365 3728 422">
     <span class='ocr_line' id='line_1_3' title="bbox 3623 365 3728 422; baseline 0.019 -2"><span class='ocrx_word' id='word_1_7' title='bbox 3623 365 3728 422; x_wconf 71' lang='lat'><strong>236</strong></span> 
     </span>
    </p>
   </div>
   <div class='ocr_carea' id='block_1_4' title="bbox 473 478 3725 555">
    <p class='ocr_par' dir='ltr' id='par_1_4' title="bbox 473 478 3725 555">
     <span class='ocr_line' id='line_1_4' title="bbox 473 478 3725 555; baseline 0.002 -23"><span class='ocrx_word' id='word_1_8' title='bbox 473 478 726 548; x_wconf 75' lang='lat' dir='ltr'><strong>Gregorii</strong></span> <span class='ocrx_word' id='word_1_9' title='bbox 763 480 834 534; x_wconf 82' lang='lat' dir='ltr'><strong>M.</strong></span> <span class='ocrx_word' id='word_1_10' title='bbox 881 487 1039 534; x_wconf 78' lang='lat' dir='ltr'><strong>actate</strong></span> <span class='ocrx_word' id='word_1_11' title='bbox 1063 479 1115 533; x_wconf 89' lang='lat' dir='ltr'><strong>in</strong></span> <span class='ocrx_word' id='word_1_12' title='bbox 1159 479 1350 534; x_wconf 86' lang='lat' dir='ltr'><strong>forulis</strong></span> <span class='ocrx_word' id='word_1_13' title='bbox 1408 482 1859 538; x_wconf 89' lang='lat' dir='ltr'><strong>bibliothecarum</strong></span> <span class='ocrx_word' id='word_1_14' title='bbox 1903 483 2041 536; x_wconf 89' lang='lat' dir='ltr'><strong>deli-</strong></span> <span class='ocrx_word' id='word_1_15' title='bbox 2071 491 2116 544; x_wconf 80' lang='grc' dir='ltr'><strong>Α</strong></span> <span class='ocrx_word' id='word_1_16' title='bbox 2143 484 2304 538; x_wconf 88' lang='lat' dir='ltr'><strong>dere:</strong></span> <span class='ocrx_word' id='word_1_17' title='bbox 2325 486 2455 538; x_wconf 90' lang='lat' dir='ltr'><strong>etab</strong></span> <span class='ocrx_word' id='word_1_18' title='bbox 2478 485 2656 537; x_wconf 86' lang='lat' dir='ltr'><strong>eodem</strong></span> <span class='ocrx_word' id='word_1_19' title='bbox 2685 483 2892 548; x_wconf 85' lang='lat' dir='ltr'><strong>Paulo,</strong></span> <span class='ocrx_word' id='word_1_20' title='bbox 2915 501 3092 553; x_wconf 73' lang='lat' dir='ltr'><strong>exquo</strong></span> <span class='ocrx_word' id='word_1_21' title='bbox 3125 485 3274 540; x_wconf 86' lang='lat' dir='ltr'><strong>nobis</strong></span> <span class='ocrx_word' id='word_1_22' title='bbox 3300 484 3615 555; x_wconf 69' lang='lat' dir='ltr'><strong>qumstiones</strong></span> <span class='ocrx_word' id='word_1_23' title='bbox 3635 487 3725 538; x_wconf 86' lang='lat' dir='ltr'><strong>in-</strong></span> 
     </span>
    </p>
   </div>
   <div class='ocr_carea' id='block_1_5' title="bbox 471 572 2042 639">
    <p class='ocr_par' dir='ltr' id='par_1_5' title="bbox 471 572 2042 639">
     <span class='ocr_line' id='line_1_5' title="bbox 471 572 2042 639; baseline 0.005 -16"><span class='ocrx_word' id='word_1_24' title='bbox 471 572 775 638; x_wconf 82' lang='lat' dir='ltr'><strong>tescebaut,</strong></span> <span class='ocrx_word' id='word_1_25' title='bbox 826 572 950 626; x_wconf 87' lang='lat' dir='ltr'><strong>inde</strong></span> <span class='ocrx_word' id='word_1_26' title='bbox 995 572 1212 625; x_wconf 88' lang='lat' dir='ltr'><strong>deumm</strong></span> <span class='ocrx_word' id='word_1_27' title='bbox 1250 574 1566 629; x_wconf 77' lang='lat' dir='ltr'><strong>novissimis</strong></span> <span class='ocrx_word' id='word_1_28' title='bbox 1606 576 1756 630; x_wconf 90' lang='lat' dir='ltr'><strong>hisce</strong></span> <span class='ocrx_word' id='word_1_29' title='bbox 1792 577 2042 639; x_wconf 60' lang='lat' dir='ltr'><strong>sarculis,</strong></span> 
     </span>
    </p>
   </div>
   <div class='ocr_carea' id='block_1_6' title="bbox 469 662 2039 736">
    <p class='ocr_par' dir='ltr' id='par_1_6' title="bbox 469 662 2039 736">
     <span class='ocr_line' id='line_1_6' title="bbox 469 662 2039 736; baseline 0.003 -19"><span class='ocrx_word' id='word_1_30' title='bbox 469 663 565 717; x_wconf 76' lang='lat' dir='ltr'><strong>llui</strong></span> <span class='ocrx_word' id='word_1_31' title='bbox 601 662 890 725; x_wconf 74' lang='lat' dir='ltr'><strong>beneficio,</strong></span> <span class='ocrx_word' id='word_1_32' title='bbox 943 671 1189 716; x_wconf 73' lang='lat' dir='ltr'><strong>extracta</strong></span> <span class='ocrx_word' id='word_1_33' title='bbox 1244 679 1437 719; x_wconf 87' lang='lat' dir='ltr'><strong>novam</strong></span> <span class='ocrx_word' id='word_1_34' title='bbox 1472 666 1644 720; x_wconf 87' lang='lat' dir='ltr'><strong>lucem</strong></span> <span class='ocrx_word' id='word_1_35' title='bbox 1684 678 2039 736; x_wconf 77' lang='lat' dir='ltr'><strong>aspexeruut.</strong></span> 
     </span>
    </p>
   </div>
   <div class='ocr_carea' id='block_1_7' title="bbox 469 752 2041 826">
    <p class='ocr_par' dir='ltr' id='par_1_7' title="bbox 469 752 2041 826">
     <span class='ocr_line' id='line_1_7' title="bbox 469 752 2041 826; baseline 0.001 -20"><span class='ocrx_word' id='word_1_36' title='bbox 469 752 579 807; x_wconf 94' lang='lat' dir='ltr'><strong>Sed</strong></span> <span class='ocrx_word' id='word_1_37' title='bbox 615 752 745 808; x_wconf 90' lang='lat' dir='ltr'><strong>fecit</strong></span> <span class='ocrx_word' id='word_1_38' title='bbox 780 767 865 816; x_wconf 85' lang='lat' dir='ltr'><strong>ea,</strong></span> <span class='ocrx_word' id='word_1_39' title='bbox 897 767 1058 821; x_wconf 89' lang='lat' dir='ltr'><strong>quam</strong></span> <span class='ocrx_word' id='word_1_40' title='bbox 1088 755 1224 819; x_wconf 82' lang='lat' dir='ltr'><strong>dixi,</strong></span> <span class='ocrx_word' id='word_1_41' title='bbox 1276 757 1402 826; x_wconf 84' lang='lat' dir='ltr'><strong>styli</strong></span> <span class='ocrx_word' id='word_1_42' title='bbox 1452 757 1740 812; x_wconf 82' lang='lat' dir='ltr'><strong>barbaries</strong></span> <span class='ocrx_word' id='word_1_43' title='bbox 1771 767 1821 810; x_wconf 93' lang='lat' dir='ltr'><strong>ct</strong></span> <span class='ocrx_word' id='word_1_44' title='bbox 1876 773 2041 825; x_wconf 80' lang='lat' dir='ltr'><strong>argu-</strong></span> 
     </span>
    </p>
   </div>
   <div class='ocr_carea' id='block_1_8' title="bbox 459 845 2038 911">
    <p class='ocr_par' dir='ltr' id='par_1_8' title="bbox 459 845 2038 911">
     <span class='ocr_line' id='line_1_8' title="bbox 459 845 2038 911; baseline 0.001 -11"><span class='ocrx_word' id='word_1_45' title='bbox 459 847 631 900; x_wconf 86' lang='lat' dir='ltr'><strong>menti</strong></span> <span class='ocrx_word' id='word_1_46' title='bbox 680 845 1002 911; x_wconf 82' lang='lat' dir='ltr'><strong>dillicultas,</strong></span> <span class='ocrx_word' id='word_1_47' title='bbox 1029 856 1087 900; x_wconf 93' lang='lat' dir='ltr'><strong>ut</strong></span> <span class='ocrx_word' id='word_1_48' title='bbox 1121 846 1358 901; x_wconf 90' lang='lat' dir='ltr'><strong>librariis</strong></span> <span class='ocrx_word' id='word_1_49' title='bbox 1375 850 1789 904; x_wconf 91' lang='lat' dir='ltr'><strong>scribendorum</strong></span> <span class='ocrx_word' id='word_1_50' title='bbox 1822 865 2038 904; x_wconf 88' lang='lat' dir='ltr'><strong>sensmn</strong></span> 
     </span>
    </p>
   </div>
   <div class='ocr_carea' id='block_1_9' title="bbox 462 939 2038 1008">
    <p class='ocr_par' dir='ltr' id='par_1_9' title="bbox 462 939 2038 1008">
     <span class='ocr_line' id='line_1_9' title="bbox 462 939 2038 1008; baseline 0.003 -17"><span class='ocrx_word' id='word_1_51' title='bbox 462 953 605 1008; x_wconf 83' lang='lat' dir='ltr'><strong>saepe</strong></span> <span class='ocrx_word' id='word_1_52' title='bbox 633 939 812 992; x_wconf 85' lang='lat' dir='ltr'><strong>minus</strong></span> <span class='ocrx_word' id='word_1_53' title='bbox 834 939 1272 1008; x_wconf 77' lang='lat' dir='ltr'><strong>assequeutibus,</strong></span> <span class='ocrx_word' id='word_1_54' title='bbox 1334 956 1442 994; x_wconf 91' lang='lat' dir='ltr'><strong>non</strong></span> <span class='ocrx_word' id='word_1_55' title='bbox 1476 941 1765 994; x_wconf 90' lang='lat' dir='ltr'><strong>admodum</strong></span> <span class='ocrx_word' id='word_1_56' title='bbox 1805 956 1938 995; x_wconf 88' lang='lat' dir='ltr'><strong>sana</strong></span> <span class='ocrx_word' id='word_1_57' title='bbox 1972 945 2038 995; x_wconf 89' lang='lat' dir='ltr'><strong>ad</strong></span> 
     </span>
    </p>
   </div>
   <div class='ocr_carea' id='block_1_10' title="bbox 459 1031 2039 1103">
    <p class='ocr_par' dir='ltr' id='par_1_10' title="bbox 459 1031 2039 1103">
     <span class='ocr_line' id='line_1_10' title="bbox 459 1031 2039 1103; baseline 0.004 -21"><span class='ocrx_word' id='word_1_58' title='bbox 459 1045 563 1083; x_wconf 86' lang='lat' dir='ltr'><strong>nos</strong></span> <span class='ocrx_word' id='word_1_59' title='bbox 591 1034 962 1098; x_wconf 89' lang='lat' dir='ltr'><strong>pervenerint.</strong></span> <span class='ocrx_word' id='word_1_60' title='bbox 1000 1032 1072 1085; x_wconf 84' lang='lat' dir='ltr'><strong>Ea</strong></span> <span class='ocrx_word' id='word_1_61' title='bbox 1105 1032 1267 1086; x_wconf 90' lang='lat' dir='ltr'><strong>etiam</strong></span> <span class='ocrx_word' id='word_1_62' title='bbox 1320 1031 1419 1086; x_wconf 89' lang='lat' dir='ltr'><strong>fttit</strong></span> <span class='ocrx_word' id='word_1_63' title='bbox 1473 1034 1864 1087; x_wconf 89' lang='lat' dir='ltr'><strong>audaculorum</strong></span> <span class='ocrx_word' id='word_1_64' title='bbox 1905 1052 2039 1103; x_wconf 86' lang='lat' dir='ltr'><strong>quo-</strong></span> 
     </span>
    </p>
   </div>
   <div class='ocr_carea' id='block_1_11' title="bbox 459 1125 2035 1196">
    <p class='ocr_par' dir='ltr' id='par_1_11' title="bbox 459 1125 2035 1196">
     <span class='ocr_line' id='line_1_11' title="bbox 459 1125 2035 1196; baseline 0.005 -22"><span class='ocrx_word' id='word_1_65' title='bbox 459 1125 712 1176; x_wconf 82' lang='lat' dir='ltr'><strong>rumdam</strong></span> <span class='ocrx_word' id='word_1_66' title='bbox 777 1125 1090 1188; x_wconf 87' lang='lat' dir='ltr'><strong>temeritas,</strong></span> <span class='ocrx_word' id='word_1_67' title='bbox 1146 1135 1203 1178; x_wconf 90' lang='lat' dir='ltr'><strong>ut</strong></span> <span class='ocrx_word' id='word_1_68' title='bbox 1257 1127 1491 1180; x_wconf 88' lang='lat' dir='ltr'><strong>resectis</strong></span> <span class='ocrx_word' id='word_1_69' title='bbox 1559 1128 1855 1196; x_wconf 77' lang='lat' dir='ltr'><strong>postremis</strong></span> <span class='ocrx_word' id='word_1_70' title='bbox 1907 1129 2035 1182; x_wconf 91' lang='lat' dir='ltr'><strong>libri</strong></span> 
     </span>
    </p>
   </div>
   <div class='ocr_carea' id='block_1_12' title="bbox 459 1213 2034 1282">
    <p class='ocr_par' dir='ltr' id='par_1_12' title="bbox 459 1213 2034 1282">
     <span class='ocr_line' id='line_1_12' title="bbox 459 1213 2034 1282; baseline 0.005 -18"><span class='ocrx_word' id='word_1_71' title='bbox 459 1213 642 1280; x_wconf 87' lang='lat' dir='ltr'><strong>quinti</strong></span> <span class='ocrx_word' id='word_1_72' title='bbox 678 1213 973 1282; x_wconf 89' lang='lat' dir='ltr'><strong>capitibus,</strong></span> <span class='ocrx_word' id='word_1_73' title='bbox 1000 1215 1195 1282; x_wconf 78' lang='lat' dir='ltr'><strong>quibus</strong></span> <span class='ocrx_word' id='word_1_74' title='bbox 1221 1215 1650 1270; x_wconf 84' lang='lat' dir='ltr'><strong>lllillcuariorum</strong></span> <span class='ocrx_word' id='word_1_75' title='bbox 1689 1234 1848 1272; x_wconf 90' lang='lat' dir='ltr'><strong>error</strong></span> <span class='ocrx_word' id='word_1_76' title='bbox 1882 1234 2034 1272; x_wconf 86' lang='lat' dir='ltr'><strong>assc-</strong></span> 
     </span>
    </p>
   </div>
   <div class='ocr_carea' id='block_1_13' title="bbox 459 1307 2038 1378">
    <p class='ocr_par' dir='ltr' id='par_1_13' title="bbox 459 1307 2038 1378">
     <span class='ocr_line' id='line_1_13' title="bbox 459 1307 2038 1378; baseline 0.003 -18"><span class='ocrx_word' id='word_1_77' title='bbox 459 1307 626 1373; x_wconf 85' lang='lat' dir='ltr'><strong>ritur,</strong></span> <span class='ocrx_word' id='word_1_78' title='bbox 655 1309 902 1361; x_wconf 89' lang='lat' dir='ltr'><strong>mutilum</strong></span> <span class='ocrx_word' id='word_1_79' title='bbox 929 1309 1200 1362; x_wconf 83' lang='lat' dir='ltr'><strong>ediderint</strong></span> <span class='ocrx_word' id='word_1_80' title='bbox 1233 1325 1247 1360; x_wconf 89' lang='lat'><strong>:</strong></span> <span class='ocrx_word' id='word_1_81' title='bbox 1282 1311 1422 1364; x_wconf 87' lang='lat' dir='ltr'><strong>adeo</strong></span> <span class='ocrx_word' id='word_1_82' title='bbox 1457 1319 1514 1362; x_wconf 90' lang='lat' dir='ltr'><strong>ut</strong></span> <span class='ocrx_word' id='word_1_83' title='bbox 1551 1311 1910 1378; x_wconf 87' lang='lat' dir='ltr'><strong>paucissimos</strong></span> <span class='ocrx_word' id='word_1_84' title='bbox 1943 1326 2038 1365; x_wconf 81' lang='lat' dir='ltr'><strong>co-</strong></span> 
     </span>
    </p>
   </div>
   <div class='ocr_carea' id='block_1_14' title="bbox 461 1400 2033 1473">
    <p class='ocr_par' dir='ltr' id='par_1_14' title="bbox 461 1400 2033 1473">
     <span class='ocr_line' id='line_1_14' title="bbox 461 1400 2033 1473; baseline 0.002 -19"><span class='ocrx_word' id='word_1_85' title='bbox 461 1400 610 1455; x_wconf 87' lang='lat' dir='ltr'><strong>dices</strong></span> <span class='ocrx_word' id='word_1_86' title='bbox 643 1415 773 1455; x_wconf 89' lang='lat' dir='ltr'><strong>mss.</strong></span> <span class='ocrx_word' id='word_1_87' title='bbox 807 1403 1051 1470; x_wconf 85' lang='lat' dir='ltr'><strong>reperire</strong></span> <span class='ocrx_word' id='word_1_88' title='bbox 1075 1403 1167 1467; x_wconf 90' lang='lat' dir='ltr'><strong>sit,</strong></span> <span class='ocrx_word' id='word_1_89' title='bbox 1202 1403 1253 1455; x_wconf 92' lang='lat' dir='ltr'><strong>in</strong></span> <span class='ocrx_word' id='word_1_90' title='bbox 1283 1404 1481 1471; x_wconf 88' lang='lat' dir='ltr'><strong>quibus</strong></span> <span class='ocrx_word' id='word_1_91' title='bbox 1516 1403 1727 1473; x_wconf 78' lang='lat' dir='ltr'><strong>integer</strong></span> <span class='ocrx_word' id='word_1_92' title='bbox 1751 1414 2033 1473; x_wconf 74' lang='lat' dir='ltr'><strong>appareat,</strong></span> 
     </span>
    </p>
   </div>
   <div class='ocr_carea' id='block_1_15' title="bbox 456 1493 2034 1562">
    <p class='ocr_par' dir='ltr' id='par_1_15' title="bbox 456 1493 2034 1562">
     <span class='ocr_line' id='line_1_15' title="bbox 456 1493 2034 1562; baseline 0.003 -16"><span class='ocrx_word' id='word_1_93' title='bbox 456 1502 518 1546; x_wconf 86' lang='lat' dir='ltr'><strong>ut</strong></span> <span class='ocrx_word' id='word_1_94' title='bbox 546 1494 598 1548; x_wconf 87' lang='lat' dir='ltr'><strong>in</strong></span> <span class='ocrx_word' id='word_1_95' title='bbox 623 1493 953 1549; x_wconf 69' lang='lat' dir='ltr'><strong>Prasfatione</strong></span> <span class='ocrx_word' id='word_1_96' title='bbox 998 1495 1136 1550; x_wconf 80' lang='lat' dir='ltr'><strong>dixi.</strong></span> <span class='ocrx_word' id='word_1_97' title='bbox 1181 1494 1292 1550; x_wconf 91' lang='lat' dir='ltr'><strong>lmo</strong></span> <span class='ocrx_word' id='word_1_98' title='bbox 1320 1497 1601 1562; x_wconf 80' lang='lat' dir='ltr'><strong>existimat</strong></span> <span class='ocrx_word' id='word_1_99' title='bbox 1650 1496 1864 1550; x_wconf 86' lang='lat' dir='ltr'><strong>clariss.</strong></span> <span class='ocrx_word' id='word_1_100' title='bbox 1893 1495 2034 1550; x_wconf 89' lang='lat' dir='ltr'><strong>Gra-</strong></span> 
     </span>
    </p>
   </div>
   <div class='ocr_carea' id='block_1_16' title="bbox 455 1584 2030 1654">
    <p class='ocr_par' dir='ltr' id='par_1_16' title="bbox 455 1584 2030 1654">
     <span class='ocr_line' id='line_1_16' title="bbox 455 1584 2030 1654; baseline 0 -14"><span class='ocrx_word' id='word_1_101' title='bbox 455 1586 581 1641; x_wconf 91' lang='lat' dir='ltr'><strong>bius</strong></span> <span class='ocrx_word' id='word_1_102' title='bbox 646 1587 698 1639; x_wconf 93' lang='lat' dir='ltr'><strong>in</strong></span> <span class='ocrx_word' id='word_1_103' title='bbox 745 1586 862 1640; x_wconf 88' lang='lat' dir='ltr'><strong>suis</strong></span> <span class='ocrx_word' id='word_1_104' title='bbox 908 1586 962 1638; x_wconf 90' lang='lat' dir='ltr'><strong>in</strong></span> <span class='ocrx_word' id='word_1_105' title='bbox 1023 1586 1286 1639; x_wconf 83' lang='lat' dir='ltr'><strong>lrcmeum</strong></span> <span class='ocrx_word' id='word_1_106' title='bbox 1327 1584 1763 1654; x_wconf 78' lang='lat' dir='ltr'><strong>Prolcgomenis,</strong></span> <span class='ocrx_word' id='word_1_107' title='bbox 1797 1597 1932 1641; x_wconf 86' lang='lat' dir='ltr'><strong>sect.</strong></span> <span class='ocrx_word' id='word_1_108' title='bbox 1963 1603 2030 1652; x_wconf 89' lang='lat' dir='ltr'><strong>ll,</strong></span> 
     </span>
    </p>
   </div>
   <div class='ocr_carea' id='block_1_17' title="bbox 457 1677 2030 1752">
    <p class='ocr_par' dir='ltr' id='par_1_17' title="bbox 457 1677 2030 1752">
     <span class='ocr_line' id='line_1_17' title="bbox 457 1677 2030 1752; baseline 0.001 -20"><span class='ocrx_word' id='word_1_109' title='bbox 457 1677 484 1749; x_wconf 85' lang='lat'><strong>§</strong></span> <span class='ocrx_word' id='word_1_110' title='bbox 513 1678 566 1743; x_wconf 84' lang='lat'><strong>6,</strong></span> <span class='ocrx_word' id='word_1_111' title='bbox 608 1677 806 1732; x_wconf 90' lang='lat' dir='ltr'><strong>librum</strong></span> <span class='ocrx_word' id='word_1_112' title='bbox 839 1692 870 1728; x_wconf 84' lang='lat' dir='ltr'><strong>v</strong></span> <span class='ocrx_word' id='word_1_113' title='bbox 909 1678 1089 1732; x_wconf 90' lang='lat' dir='ltr'><strong>adhuc</strong></span> <span class='ocrx_word' id='word_1_114' title='bbox 1122 1678 1174 1731; x_wconf 94' lang='lat' dir='ltr'><strong>iu</strong></span> <span class='ocrx_word' id='word_1_115' title='bbox 1202 1678 1306 1732; x_wconf 85' lang='lat' dir='ltr'><strong>line</strong></span> <span class='ocrx_word' id='word_1_116' title='bbox 1349 1695 1543 1752; x_wconf 84' lang='lat' dir='ltr'><strong>magna</strong></span> <span class='ocrx_word' id='word_1_117' title='bbox 1597 1691 1754 1750; x_wconf 88' lang='lat' dir='ltr'><strong>parte</strong></span> <span class='ocrx_word' id='word_1_118' title='bbox 1783 1682 2030 1734; x_wconf 89' lang='lat' dir='ltr'><strong>mutilmn</strong></span> 
     </span>
    </p>
   </div>
   <div class='ocr_carea' id='block_1_18' title="bbox 455 1770 2028 1842">
    <p class='ocr_par' dir='ltr' id='par_1_18' title="bbox 455 1770 2028 1842">
     <span class='ocr_line' id='line_1_18' title="bbox 455 1770 2028 1842; baseline 0.001 -18"><span class='ocrx_word' id='word_1_119' title='bbox 455 1783 600 1824; x_wconf 80' lang='lat' dir='ltr'><strong>esse.</strong></span> <span class='ocrx_word' id='word_1_120' title='bbox 652 1770 708 1824; x_wconf 87' lang='lat' dir='ltr'><strong>Id</strong></span> <span class='ocrx_word' id='word_1_121' title='bbox 760 1780 939 1825; x_wconf 89' lang='lat' dir='ltr'><strong>autem</strong></span> <span class='ocrx_word' id='word_1_122' title='bbox 1000 1785 1064 1823; x_wconf 80' lang='lat' dir='ltr'><strong>ex</strong></span> <span class='ocrx_word' id='word_1_123' title='bbox 1121 1787 1188 1826; x_wconf 91' lang='lat' dir='ltr'><strong>eo</strong></span> <span class='ocrx_word' id='word_1_124' title='bbox 1235 1771 1467 1840; x_wconf 83' lang='lat' dir='ltr'><strong>probare</strong></span> <span class='ocrx_word' id='word_1_125' title='bbox 1521 1787 1581 1826; x_wconf 90' lang='lat' dir='ltr'><strong>se</strong></span> <span class='ocrx_word' id='word_1_126' title='bbox 1631 1787 1793 1842; x_wconf 88' lang='lat' dir='ltr'><strong>posse</strong></span> <span class='ocrx_word' id='word_1_127' title='bbox 1840 1783 2028 1842; x_wconf 81' lang='lat' dir='ltr'><strong>putat,</strong></span> 
     </span>
    </p>
   </div>
   <div class='ocr_carea' id='block_1_19' title="bbox 2149 575 3723 648">
    <p class='ocr_par' dir='ltr' id='par_1_19' title="bbox 2149 575 3723 648">
     <span class='ocr_line' id='line_1_19' title="bbox 2149 575 3723 648; baseline -0.001 -19"><span class='ocrx_word' id='word_1_128' title='bbox 2149 575 2347 644; x_wconf 80' lang='lat' dir='ltr'><strong>ferunt,</strong></span> <span class='ocrx_word' id='word_1_129' title='bbox 2377 576 2716 646; x_wconf 78' lang='lat' dir='ltr'><strong>manifestare</strong></span> <span class='ocrx_word' id='word_1_130' title='bbox 2743 577 2864 629; x_wconf 89' lang='lat' dir='ltr'><strong>illos</strong></span> <span class='ocrx_word' id='word_1_131' title='bbox 2888 578 3094 648; x_wconf 86' lang='lat' dir='ltr'><strong>quidem</strong></span> <span class='ocrx_word' id='word_1_132' title='bbox 3117 576 3723 645; x_wconf 76' lang='lat' dir='ltr'><strong>mendaces,Apostolum</strong></span> 
     </span>
    </p>
   </div>
   <div class='ocr_carea' id='block_1_20' title="bbox 2146 669 3723 737">
    <p class='ocr_par' dir='ltr' id='par_1_20' title="bbox 2146 669 3723 737">
     <span class='ocr_line' id='line_1_20' title="bbox 2146 669 3723 737; baseline -0.003 -15"><span class='ocrx_word' id='word_1_133' title='bbox 2146 684 2266 722; x_wconf 86' lang='lat' dir='ltr'><strong>vero</strong></span> <span class='ocrx_word' id='word_1_134' title='bbox 2288 669 2686 737; x_wconf 67' lang='lat' dir='ltr'><strong>pra&#39;dicatorem</strong></span> <span class='ocrx_word' id='word_1_135' title='bbox 2701 685 2812 722; x_wconf 89' lang='lat' dir='ltr'><strong>esse</strong></span> <span class='ocrx_word' id='word_1_136' title='bbox 2834 670 3090 734; x_wconf 83' lang='lat' dir='ltr'><strong>veritatis,</strong></span> <span class='ocrx_word' id='word_1_137' title='bbox 3105 677 3155 723; x_wconf 78' lang='lat' dir='ltr'><strong>et</strong></span> <span class='ocrx_word' id='word_1_138' title='bbox 3181 670 3362 722; x_wconf 90' lang='lat' dir='ltr'><strong>omnia</strong></span> <span class='ocrx_word' id='word_1_139' title='bbox 3378 669 3723 722; x_wconf 78' lang='lat' dir='ltr'><strong>consonantia</strong></span> 
     </span>
    </p>
   </div>
   <div class='ocr_carea' id='block_1_21' title="bbox 2146 759 3720 826">
    <p class='ocr_par' dir='ltr' id='par_1_21' title="bbox 2146 759 3720 826">
     <span class='ocr_line' id='line_1_21' title="bbox 2146 759 3720 826; baseline 0.001 -16"><span class='ocrx_word' id='word_1_140' title='bbox 2146 761 2377 813; x_wconf 89' lang='lat' dir='ltr'><strong>veritatis</strong></span> <span class='ocrx_word' id='word_1_141' title='bbox 2411 766 2675 826; x_wconf 73' lang='lat' dir='ltr'><strong>pra&#39;conio</strong></span> <span class='ocrx_word' id='word_1_142' title='bbox 2704 763 2968 826; x_wconf 88' lang='lat' dir='ltr'><strong>docuisse,</strong></span> <span class='ocrx_word' id='word_1_143' title='bbox 2984 777 3146 814; x_wconf 88' lang='lat' dir='ltr'><strong>unum</strong></span> <span class='ocrx_word' id='word_1_144' title='bbox 3165 761 3326 814; x_wconf 88' lang='lat' dir='ltr'><strong>Deum</strong></span> <span class='ocrx_word' id='word_1_145' title='bbox 3344 759 3584 825; x_wconf 91' lang='lat' dir='ltr'><strong>Patrem,</strong></span> <span class='ocrx_word' id='word_1_146' title='bbox 3602 777 3720 813; x_wconf 89' lang='lat' dir='ltr'><strong>eum</strong></span> 
     </span>
    </p>
   </div>
   <div class='ocr_carea' id='block_1_22' title="bbox 2142 850 3721 923">
    <p class='ocr_par' dir='ltr' id='par_1_22' title="bbox 2142 850 3721 923">
     <span class='ocr_line' id='line_1_22' title="bbox 2142 850 3721 923; baseline 0.002 -21"><span class='ocrx_word' id='word_1_147' title='bbox 2142 850 2455 918; x_wconf 88' lang='lat' dir='ltr'><strong>qnilocutus</strong></span> <span class='ocrx_word' id='word_1_148' title='bbox 2488 851 2555 904; x_wconf 89' lang='lat' dir='ltr'><strong>sit</strong></span> <span class='ocrx_word' id='word_1_149' title='bbox 2585 853 2654 903; x_wconf 89' lang='lat' dir='ltr'><strong>ad</strong></span> <span class='ocrx_word' id='word_1_150' title='bbox 2677 852 2941 905; x_wconf 81' lang='lat' dir='ltr'><strong>Abraham</strong></span> <span class='ocrx_word' id='word_1_151' title='bbox 2975 891 2990 917; x_wconf 93' lang='lat'><strong>,</strong></span> <span class='ocrx_word' id='word_1_152' title='bbox 3015 853 3103 923; x_wconf 90' lang='lat' dir='ltr'><strong>qui</strong></span> <span class='ocrx_word' id='word_1_153' title='bbox 3136 852 3534 921; x_wconf 88' lang='lat' dir='ltr'><strong>Iegisdationem</strong></span> <span class='ocrx_word' id='word_1_154' title='bbox 3584 852 3721 922; x_wconf 79' lang='lat' dir='ltr'><strong>[ece-</strong></span> 
     </span>
    </p>
   </div>
   <div class='ocr_carea' id='block_1_23' title="bbox 2144 941 3723 1013">
    <p class='ocr_par' dir='ltr' id='par_1_23' title="bbox 2144 941 3723 1013">
     <span class='ocr_line' id='line_1_23' title="bbox 2144 941 3723 1013; baseline 0.003 -21"><span class='ocrx_word' id='word_1_155' title='bbox 2144 941 2230 1004; x_wconf 85' lang='lat' dir='ltr'><strong>rit,</strong></span> <span class='ocrx_word' id='word_1_156' title='bbox 2259 941 2350 1010; x_wconf 86' lang='lat' dir='ltr'><strong>qui</strong></span> <span class='ocrx_word' id='word_1_157' title='bbox 2397 943 2675 1009; x_wconf 71' lang='lat' dir='ltr'><strong>prophetas</strong></span> <span class='ocrx_word' id='word_1_158' title='bbox 2719 945 3032 1010; x_wconf 73' lang='lat' dir='ltr'><strong>prmmiserit</strong></span> <span class='ocrx_word' id='word_1_159' title='bbox 3062 983 3078 1010; x_wconf 93' lang='lat'><strong>,</strong></span> <span class='ocrx_word' id='word_1_160' title='bbox 3115 946 3204 1013; x_wconf 86' lang='lat' dir='ltr'><strong>qui</strong></span> <span class='ocrx_word' id='word_1_161' title='bbox 3235 945 3530 998; x_wconf 74' lang='lat' dir='ltr'><strong>novissimis</strong></span> <span class='ocrx_word' id='word_1_162' title='bbox 3594 953 3723 998; x_wconf 85' lang='lat' dir='ltr'><strong>tem-</strong></span> 
     </span>
    </p>
   </div>
   <div class='ocr_carea' id='block_1_24' title="bbox 2141 1029 3722 1101">
    <p class='ocr_par' dir='ltr' id='par_1_24' title="bbox 2141 1029 3722 1101">
     <span class='ocr_line' id='line_1_24' title="bbox 2141 1029 3722 1101; baseline 0.004 -22"><span class='ocrx_word' id='word_1_163' title='bbox 2141 1031 2357 1098; x_wconf 85' lang='lat' dir='ltr'><strong>poribus</strong></span> <span class='ocrx_word' id='word_1_164' title='bbox 2408 1029 2608 1084; x_wconf 81' lang='lat' dir='ltr'><strong>Filium</strong></span> <span class='ocrx_word' id='word_1_165' title='bbox 2672 1050 2824 1086; x_wconf 89' lang='lat' dir='ltr'><strong>suum</strong></span> <span class='ocrx_word' id='word_1_166' title='bbox 2868 1034 3046 1098; x_wconf 88' lang='lat' dir='ltr'><strong>misit,</strong></span> <span class='ocrx_word' id='word_1_167' title='bbox 3099 1047 3146 1088; x_wconf 85' lang='lat' dir='ltr'><strong>et</strong></span> <span class='ocrx_word' id='word_1_168' title='bbox 3189 1035 3411 1088; x_wconf 73' lang='lat' dir='ltr'><strong>salutent</strong></span> <span class='ocrx_word' id='word_1_169' title='bbox 3464 1049 3561 1086; x_wconf 89' lang='lat' dir='ltr'><strong>suo</strong></span> <span class='ocrx_word' id='word_1_170' title='bbox 3602 1033 3722 1101; x_wconf 80' lang='lat' dir='ltr'><strong>pla-</strong></span> 
     </span>
    </p>
   </div>
   <div class='ocr_carea' id='block_1_25' title="bbox 2141 1122 3720 1196">
    <p class='ocr_par' dir='ltr' id='par_1_25' title="bbox 2141 1122 3720 1196">
     <span class='ocr_line' id='line_1_25' title="bbox 2141 1122 3720 1196; baseline 0.004 -23"><span class='ocrx_word' id='word_1_171' title='bbox 2141 1122 2298 1174; x_wconf 90' lang='lat' dir='ltr'><strong>smati</strong></span> <span class='ocrx_word' id='word_1_172' title='bbox 2337 1123 2521 1187; x_wconf 85' lang='lat' dir='ltr'><strong>donat,</strong></span> <span class='ocrx_word' id='word_1_173' title='bbox 2561 1124 2699 1192; x_wconf 88' lang='lat' dir='ltr'><strong>quod</strong></span> <span class='ocrx_word' id='word_1_174' title='bbox 2748 1139 2820 1177; x_wconf 83' lang='lat' dir='ltr'><strong>est</strong></span> <span class='ocrx_word' id='word_1_175' title='bbox 2871 1127 3049 1179; x_wconf 88' lang='lat' dir='ltr'><strong>carnis</strong></span> <span class='ocrx_word' id='word_1_176' title='bbox 3098 1126 3416 1181; x_wconf 82' lang='lat' dir='ltr'><strong>substantia.</strong></span> <span class='ocrx_word' id='word_1_177' title='bbox 3473 1125 3532 1180; x_wconf 84' lang='lat' dir='ltr'><strong>ld</strong></span> <span class='ocrx_word' id='word_1_178' title='bbox 3584 1141 3720 1196; x_wconf 76' lang='lat' dir='ltr'><strong>ergo</strong></span> 
     </span>
    </p>
   </div>
   <div class='ocr_carea' id='block_1_26' title="bbox 2140 1197 3785 1288">
    <p class='ocr_par' dir='ltr' id='par_1_26' title="bbox 2140 1197 3785 1288">
     <span class='ocr_line' id='line_1_26' title="bbox 2140 1197 3785 1288; baseline 0.005 -26"><span class='ocrx_word' id='word_1_179' title='bbox 2140 1211 2374 1280; x_wconf 88' lang='lat' dir='ltr'><strong>priuqu</strong></span> <span class='ocrx_word' id='word_1_180' title='bbox 2415 1212 2517 1266; x_wconf 88' lang='lat' dir='ltr'><strong>sibi</strong></span> <span class='ocrx_word' id='word_1_181' title='bbox 2574 1218 2911 1284; x_wconf 83' lang='lat' dir='ltr'><strong>proponebat</strong></span> <span class='ocrx_word' id='word_1_182' title='bbox 2963 1217 3200 1272; x_wconf 71' lang='lat' dir='ltr'><strong>lrenteus</strong></span> <span class='ocrx_word' id='word_1_183' title='bbox 3231 1257 3247 1282; x_wconf 96' lang='lat'><strong>,</strong></span> <span class='ocrx_word' id='word_1_184' title='bbox 3300 1232 3524 1287; x_wconf 85' lang='lat' dir='ltr'><strong>pravas,</strong></span> <span class='ocrx_word' id='word_1_185' title='bbox 3577 1232 3720 1288; x_wconf 89' lang='lat' dir='ltr'><strong>quas</strong></span> <span class='ocrx_word' id='word_1_186' title='bbox 3771 1197 3785 1214; x_wconf 69' lang='grc'>’</span> 
     </span>
    </p>
   </div>
   <div class='ocr_carea' id='block_1_27' title="bbox 2137 1301 3719 1378">
    <p class='ocr_par' dir='ltr' id='par_1_27' title="bbox 2137 1301 3719 1378">
     <span class='ocr_line' id='line_1_27' title="bbox 2137 1301 3719 1378; baseline 0.005 -24"><span class='ocrx_word' id='word_1_187' title='bbox 2137 1301 2383 1371; x_wconf 84' lang='lat' dir='ltr'><strong>Apostoli</strong></span> <span class='ocrx_word' id='word_1_188' title='bbox 2419 1305 2600 1360; x_wconf 87' lang='lat' dir='ltr'><strong>verbis</strong></span> <span class='ocrx_word' id='word_1_189' title='bbox 2630 1306 2872 1361; x_wconf 72' lang='lat' dir='ltr'><strong>hazretici</strong></span> <span class='ocrx_word' id='word_1_190' title='bbox 2901 1309 3282 1378; x_wconf 87' lang='lat' dir='ltr'><strong>subjiciebant,</strong></span> <span class='ocrx_word' id='word_1_191' title='bbox 3313 1309 3719 1377; x_wconf 68' lang='lat' dir='ltr'><strong>esplicationes</strong></span> 
     </span>
    </p>
   </div>
   <div class='ocr_carea' id='block_1_28' title="bbox 2136 1392 3720 1468">
    <p class='ocr_par' dir='ltr' id='par_1_28' title="bbox 2136 1392 3720 1468">
     <span class='ocr_line' id='line_1_28' title="bbox 2136 1392 3720 1468; baseline 0.003 -21"><span class='ocrx_word' id='word_1_192' title='bbox 2136 1392 2460 1450; x_wconf 89' lang='lat' dir='ltr'><strong>confutare:</strong></span> <span class='ocrx_word' id='word_1_193' title='bbox 2495 1412 2594 1451; x_wconf 89' lang='lat' dir='ltr'><strong>nec</strong></span> <span class='ocrx_word' id='word_1_194' title='bbox 2626 1398 2730 1452; x_wconf 91' lang='lat' dir='ltr'><strong>hoc</strong></span> <span class='ocrx_word' id='word_1_195' title='bbox 2753 1409 2989 1463; x_wconf 83' lang='lat' dir='ltr'><strong>tantum,</strong></span> <span class='ocrx_word' id='word_1_196' title='bbox 3024 1401 3118 1454; x_wconf 89' lang='lat' dir='ltr'><strong>sed</strong></span> <span class='ocrx_word' id='word_1_197' title='bbox 3164 1409 3219 1454; x_wconf 88' lang='lat' dir='ltr'><strong>et</strong></span> <span class='ocrx_word' id='word_1_198' title='bbox 3251 1401 3543 1455; x_wconf 87' lang='lat' dir='ltr'><strong>ostendere</strong></span> <span class='ocrx_word' id='word_1_199' title='bbox 3565 1401 3720 1468; x_wconf 84' lang='lat' dir='ltr'><strong>Apo-</strong></span> 
     </span>
    </p>
   </div>
   <div class='ocr_carea' id='block_1_29' title="bbox 2138 1483 3716 1561">
    <p class='ocr_par' dir='ltr' id='par_1_29' title="bbox 2138 1483 3716 1561">
     <span class='ocr_line' id='line_1_29' title="bbox 2138 1483 3716 1561; baseline 0.004 -26"><span class='ocrx_word' id='word_1_200' title='bbox 2138 1483 2337 1538; x_wconf 87' lang='lat' dir='ltr'><strong>stolum</strong></span> <span class='ocrx_word' id='word_1_201' title='bbox 2356 1487 2628 1554; x_wconf 84' lang='lat' dir='ltr'><strong>docuisse,</strong></span> <span class='ocrx_word' id='word_1_202' title='bbox 2667 1503 2772 1542; x_wconf 91' lang='lat' dir='ltr'><strong>non</strong></span> <span class='ocrx_word' id='word_1_203' title='bbox 2824 1491 3067 1558; x_wconf 87' lang='lat' dir='ltr'><strong>quidem.</strong></span> <span class='ocrx_word' id='word_1_204' title='bbox 3103 1501 3161 1543; x_wconf 93' lang='lat' dir='ltr'><strong>ut</strong></span> <span class='ocrx_word' id='word_1_205' title='bbox 3195 1505 3480 1561; x_wconf 85' lang='lat' dir='ltr'><strong>perperam</strong></span> <span class='ocrx_word' id='word_1_206' title='bbox 3513 1490 3716 1544; x_wconf 82' lang='lat' dir='ltr'><strong>existi-</strong></span> 
     </span>
    </p>
   </div>
   <div class='ocr_carea' id='block_1_30' title="bbox 2137 1578 3716 1654">
    <p class='ocr_par' dir='ltr' id='par_1_30' title="bbox 2137 1578 3716 1654">
     <span class='ocr_line' id='line_1_30' title="bbox 2137 1578 3716 1654; baseline 0.004 -22"><span class='ocrx_word' id='word_1_207' title='bbox 2137 1579 2305 1632; x_wconf 87' lang='lat' dir='ltr'><strong>mavit</strong></span> <span class='ocrx_word' id='word_1_208' title='bbox 2328 1578 2585 1647; x_wconf 86' lang='lat' dir='ltr'><strong>Grabius,</strong></span> <span class='ocrx_word' id='word_1_209' title='bbox 2621 1597 2786 1636; x_wconf 88' lang='lat' dir='ltr'><strong>unum</strong></span> <span class='ocrx_word' id='word_1_210' title='bbox 2813 1598 2936 1638; x_wconf 81' lang='lat' dir='ltr'><strong>esse</strong></span> <span class='ocrx_word' id='word_1_211' title='bbox 2970 1586 3136 1639; x_wconf 88' lang='lat' dir='ltr'><strong>Deum</strong></span> <span class='ocrx_word' id='word_1_212' title='bbox 3174 1585 3391 1639; x_wconf 89' lang='lat' dir='ltr'><strong>Patrem</strong></span> <span class='ocrx_word' id='word_1_213' title='bbox 3423 1585 3514 1654; x_wconf 88' lang='lat' dir='ltr'><strong>qui</strong></span> <span class='ocrx_word' id='word_1_214' title='bbox 3552 1584 3716 1639; x_wconf 86' lang='lat' dir='ltr'><strong>locu-</strong></span> 
     </span>
    </p>
   </div>
   <div class='ocr_carea' id='block_1_31' title="bbox 2135 1672 3718 1748">
    <p class='ocr_par' dir='ltr' id='par_1_31' title="bbox 2135 1672 3718 1748">
     <span class='ocr_line' id='line_1_31' title="bbox 2135 1672 3718 1748; baseline 0.004 -24"><span class='ocrx_word' id='word_1_215' title='bbox 2135 1679 2222 1726; x_wconf 89' lang='lat' dir='ltr'><strong>tus</strong></span> <span class='ocrx_word' id='word_1_216' title='bbox 2248 1672 2318 1726; x_wconf 89' lang='lat' dir='ltr'><strong>sit</strong></span> <span class='ocrx_word' id='word_1_217' title='bbox 2347 1672 2414 1726; x_wconf 88' lang='lat' dir='ltr'><strong>ad</strong></span> <span class='ocrx_word' id='word_1_218' title='bbox 2440 1672 2715 1728; x_wconf 79' lang='lat' dir='ltr'><strong>Abraham</strong></span> <span class='ocrx_word' id='word_1_219' title='bbox 2744 1715 2758 1738; x_wconf 92' lang='lat'><strong>,</strong></span> <span class='ocrx_word' id='word_1_220' title='bbox 2788 1689 2923 1739; x_wconf 90' lang='lat' dir='ltr'><strong>etc.,</strong></span> <span class='ocrx_word' id='word_1_221' title='bbox 2955 1678 3007 1730; x_wconf 88' lang='lat' dir='ltr'><strong>id</strong></span> <span class='ocrx_word' id='word_1_222' title='bbox 3067 1678 3212 1732; x_wconf 91' lang='lat' dir='ltr'><strong>enim</strong></span> <span class='ocrx_word' id='word_1_223' title='bbox 3244 1679 3458 1732; x_wconf 86' lang='lat' dir='ltr'><strong>abunde</strong></span> <span class='ocrx_word' id='word_1_224' title='bbox 3495 1679 3718 1748; x_wconf 66' lang='lat' dir='ltr'><strong>praesti-</strong></span> 
     </span>
    </p>
   </div>
   <div class='ocr_carea' id='block_1_32' title="bbox 2137 1767 3717 1839">
    <p class='ocr_par' dir='ltr' id='par_1_32' title="bbox 2137 1767 3717 1839">
     <span class='ocr_line' id='line_1_32' title="bbox 2137 1767 3717 1839; baseline 0.004 -21"><span class='ocrx_word' id='word_1_225' title='bbox 2137 1775 2274 1820; x_wconf 91' lang='lat' dir='ltr'><strong>terat</strong></span> <span class='ocrx_word' id='word_1_226' title='bbox 2323 1767 2461 1820; x_wconf 91' lang='lat' dir='ltr'><strong>libro</strong></span> <span class='ocrx_word' id='word_1_227' title='bbox 2510 1767 2692 1833; x_wconf 92' lang='lat' dir='ltr'><strong>tertio,</strong></span> <span class='ocrx_word' id='word_1_228' title='bbox 2728 1770 2842 1828; x_wconf 83' lang='lat' dir='ltr'><strong>tibi.</strong></span> <span class='ocrx_word' id='word_1_229' title='bbox 2901 1780 2958 1822; x_wconf 93' lang='lat' dir='ltr'><strong>ut</strong></span> <span class='ocrx_word' id='word_1_230' title='bbox 2997 1770 3114 1839; x_wconf 88' lang='lat' dir='ltr'><strong>ipse</strong></span> <span class='ocrx_word' id='word_1_231' title='bbox 3175 1773 3252 1824; x_wconf 88' lang='lat' dir='ltr'><strong>ait</strong></span> <span class='ocrx_word' id='word_1_232' title='bbox 3298 1772 3348 1825; x_wconf 91' lang='lat' dir='ltr'><strong>in</strong></span> <span class='ocrx_word' id='word_1_233' title='bbox 3382 1767 3717 1826; x_wconf 68' lang='lat' dir='ltr'><strong>Praefatioue</strong></span> 
     </span>
    </p>
   </div>
   <div class='ocr_carea' id='block_1_33' title="bbox 456 1837 3713 1932">
    <p class='ocr_par' dir='ltr' id='par_1_33' title="bbox 456 1837 3713 1932">
     <span class='ocr_line' id='line_1_33' title="bbox 456 1837 3713 1932; baseline 0.002 -18"><span class='ocrx_word' id='word_1_234' title='bbox 456 1861 603 1930; x_wconf 87' lang='lat' dir='ltr'><strong>quod</strong></span> <span class='ocrx_word' id='word_1_235' title='bbox 641 1861 876 1915; x_wconf 69' lang='lat' dir='ltr'><strong>lreuzcus</strong></span> <span class='ocrx_word' id='word_1_236' title='bbox 919 1869 1030 1915; x_wconf 89' lang='lat' dir='ltr'><strong>tum</strong></span> <span class='ocrx_word' id='word_1_237' title='bbox 1083 1861 1135 1914; x_wconf 92' lang='lat' dir='ltr'><strong>in</strong></span> <span class='ocrx_word' id='word_1_238' title='bbox 1178 1837 1284 1915; x_wconf 79' lang='lat' dir='ltr'><strong>line</strong></span> <span class='ocrx_word' id='word_1_239' title='bbox 1321 1862 1440 1915; x_wconf 89' lang='lat' dir='ltr'><strong>libri</strong></span> <span class='ocrx_word' id='word_1_240' title='bbox 1489 1879 1570 1929; x_wconf 83' lang='lat' dir='ltr'><strong>tv,</strong></span> <span class='ocrx_word' id='word_1_241' title='bbox 1621 1872 1735 1918; x_wconf 88' lang='lat' dir='ltr'><strong>tum</strong></span> <span class='ocrx_word' id='word_1_242' title='bbox 1787 1865 1840 1918; x_wconf 89' lang='lat' dir='ltr'><strong>in</strong></span> <span class='ocrx_word' id='word_1_243' title='bbox 1881 1863 2028 1919; x_wconf 71' lang='lat' dir='ltr'><strong>Pra:~</strong></span> <span class='ocrx_word' id='word_1_244' title='bbox 2065 1837 2105 1891; x_wconf 77' lang='grc' dir='ltr'><strong>Β</strong></span> <span class='ocrx_word' id='word_1_245' title='bbox 2137 1859 2257 1912; x_wconf 90' lang='lat' dir='ltr'><strong>libri</strong></span> <span class='ocrx_word' id='word_1_246' title='bbox 2293 1876 2346 1924; x_wconf 83' lang='grc' dir='ltr'><strong>ν,</strong></span> <span class='ocrx_word' id='word_1_247' title='bbox 2375 1861 2736 1928; x_wconf 80' lang='lat' dir='ltr'><strong>apostolorum</strong></span> <span class='ocrx_word' id='word_1_248' title='bbox 2773 1864 3017 1918; x_wconf 86' lang='lat' dir='ltr'><strong>doctrina</strong></span> <span class='ocrx_word' id='word_1_249' title='bbox 3059 1866 3341 1932; x_wconf 69' lang='lat' dir='ltr'><strong>explanata</strong></span> <span class='ocrx_word' id='word_1_250' title='bbox 3373 1866 3586 1930; x_wconf 81' lang='lat' dir='ltr'><strong>fuerat;</strong></span> <span class='ocrx_word' id='word_1_251' title='bbox 3613 1868 3713 1920; x_wconf 87' lang='lat' dir='ltr'><strong>sed</strong></span> 
     </span>
    </p>
   </div>
   <div class='ocr_carea' id='block_1_34' title="bbox 458 1953 2031 2026">
    <p class='ocr_par' dir='ltr' id='par_1_34' title="bbox 458 1953 2031 2026">
     <span class='ocr_line' id='line_1_34' title="bbox 458 1953 2031 2026; baseline 0 -16"><span class='ocrx_word' id='word_1_252' title='bbox 458 1955 664 2010; x_wconf 86' lang='lat' dir='ltr'><strong>l&#39;atione</strong></span> <span class='ocrx_word' id='word_1_253' title='bbox 699 1953 821 2006; x_wconf 90' lang='lat' dir='ltr'><strong>libri</strong></span> <span class='ocrx_word' id='word_1_254' title='bbox 856 1967 932 2023; x_wconf 38' lang='grc' dir='ltr'><strong>ην,</strong></span> <span class='ocrx_word' id='word_1_255' title='bbox 984 1953 1277 2022; x_wconf 87' lang='lat' dir='ltr'><strong>pollicetur</strong></span> <span class='ocrx_word' id='word_1_256' title='bbox 1326 1969 1384 2008; x_wconf 87' lang='lat' dir='ltr'><strong>sc</strong></span> <span class='ocrx_word' id='word_1_257' title='bbox 1419 1971 1484 2008; x_wconf 82' lang='lat' dir='ltr'><strong>ea:</strong></span> <span class='ocrx_word' id='word_1_258' title='bbox 1524 1955 1743 2026; x_wconf 72' lang='lat' dir='ltr'><strong>reliquis</strong></span> <span class='ocrx_word' id='word_1_259' title='bbox 1776 1958 2031 2010; x_wconf 78' lang='lat' dir='ltr'><strong>doctrina:</strong></span> 
     </span>
    </p>
   </div>
   <div class='ocr_carea' id='block_1_35' title="bbox 459 2044 2028 2116">
    <p class='ocr_par' dir='ltr' id='par_1_35' title="bbox 459 2044 2028 2116">
     <span class='ocr_line' id='line_1_35' title="bbox 459 2044 2028 2116; baseline 0.001 -15"><span class='ocrx_word' id='word_1_260' title='bbox 459 2048 709 2113; x_wconf 81' lang='lat' dir='ltr'><strong>Domini,</strong></span> <span class='ocrx_word' id='word_1_261' title='bbox 779 2057 824 2098; x_wconf 89' lang='lat' dir='ltr'><strong>et</strong></span> <span class='ocrx_word' id='word_1_262' title='bbox 901 2061 966 2098; x_wconf 74' lang='lat' dir='ltr'><strong>ex</strong></span> <span class='ocrx_word' id='word_1_263' title='bbox 1033 2044 1337 2114; x_wconf 82' lang='lat' dir='ltr'><strong>apostolicis</strong></span> <span class='ocrx_word' id='word_1_264' title='bbox 1406 2048 1641 2116; x_wconf 83' lang='lat' dir='ltr'><strong>epistolis</strong></span> <span class='ocrx_word' id='word_1_265' title='bbox 1711 2059 2028 2103; x_wconf 83' lang='lat' dir='ltr'><strong>conaturam</strong></span> 
     </span>
    </p>
   </div>
   <div class='ocr_carea' id='block_1_36' title="bbox 456 2138 2033 2206">
    <p class='ocr_par' dir='ltr' id='par_1_36' title="bbox 456 2138 2033 2206">
     <span class='ocr_line' id='line_1_36' title="bbox 456 2138 2033 2206; baseline 0.001 -14"><span class='ocrx_word' id='word_1_266' title='bbox 456 2142 776 2194; x_wconf 82' lang='lat' dir='ltr'><strong>ustensiones</strong></span> <span class='ocrx_word' id='word_1_267' title='bbox 829 2138 1056 2206; x_wconf 80' lang='lat' dir='ltr'><strong>facere,</strong></span> <span class='ocrx_word' id='word_1_268' title='bbox 1135 2139 1391 2193; x_wconf 86' lang='lat' dir='ltr'><strong>videlicet</strong></span> <span class='ocrx_word' id='word_1_269' title='bbox 1455 2155 1619 2192; x_wconf 89' lang='lat' dir='ltr'><strong>unum</strong></span> <span class='ocrx_word' id='word_1_270' title='bbox 1682 2150 1729 2192; x_wconf 92' lang='lat' dir='ltr'><strong>et</strong></span> <span class='ocrx_word' id='word_1_271' title='bbox 1792 2141 2033 2194; x_wconf 88' lang='lat' dir='ltr'><strong>eumdem</strong></span> 
     </span>
    </p>
   </div>
   <div class='ocr_carea' id='block_1_37' title="bbox 458 2231 2031 2305">
    <p class='ocr_par' dir='ltr' id='par_1_37' title="bbox 458 2231 2031 2305">
     <span class='ocr_line' id='line_1_37' title="bbox 458 2231 2031 2305; baseline -0.001 -18"><span class='ocrx_word' id='word_1_272' title='bbox 458 2232 618 2305; x_wconf 73' lang='lat' dir='ltr'><strong>[Clll]</strong></span> <span class='ocrx_word' id='word_1_273' title='bbox 648 2249 758 2286; x_wconf 81' lang='lat' dir='ltr'><strong>esse</strong></span> <span class='ocrx_word' id='word_1_274' title='bbox 799 2231 1039 2295; x_wconf 80' lang='lat' dir='ltr'><strong>Patrem,</strong></span> <span class='ocrx_word' id='word_1_275' title='bbox 1065 2231 1322 2299; x_wconf 78' lang='lat' dir='ltr'><strong>[actorem</strong></span> <span class='ocrx_word' id='word_1_276' title='bbox 1351 2231 1534 2284; x_wconf 88' lang='lat' dir='ltr'><strong>mundi</strong></span> <span class='ocrx_word' id='word_1_277' title='bbox 1567 2231 1748 2301; x_wconf 88' lang='lat' dir='ltr'><strong>hujus,</strong></span> <span class='ocrx_word' id='word_1_278' title='bbox 1784 2248 1901 2286; x_wconf 90' lang='lat' dir='ltr'><strong>eum</strong></span> <span class='ocrx_word' id='word_1_279' title='bbox 1938 2233 2031 2303; x_wconf 88' lang='lat' dir='ltr'><strong>qui</strong></span> 
     </span>
    </p>
   </div>
   <div class='ocr_carea' id='block_1_38' title="bbox 453 2323 2031 2396">
    <p class='ocr_par' dir='ltr' id='par_1_38' title="bbox 453 2323 2031 2396">
     <span class='ocr_line' id='line_1_38' title="bbox 453 2323 2031 2396; baseline 0 -15"><span class='ocrx_word' id='word_1_280' title='bbox 453 2331 662 2381; x_wconf 87' lang='lat' dir='ltr'><strong>locutus</strong></span> <span class='ocrx_word' id='word_1_281' title='bbox 687 2327 755 2380; x_wconf 87' lang='lat' dir='ltr'><strong>sit</strong></span> <span class='ocrx_word' id='word_1_282' title='bbox 786 2327 854 2378; x_wconf 88' lang='lat' dir='ltr'><strong>ad</strong></span> <span class='ocrx_word' id='word_1_283' title='bbox 878 2326 1167 2389; x_wconf 80' lang='lat' dir='ltr'><strong>Abraham,</strong></span> <span class='ocrx_word' id='word_1_284' title='bbox 1187 2323 1276 2388; x_wconf 87' lang='lat' dir='ltr'><strong>qui</strong></span> <span class='ocrx_word' id='word_1_285' title='bbox 1295 2324 1692 2392; x_wconf 86' lang='lat' dir='ltr'><strong>legisdationem</strong></span> <span class='ocrx_word' id='word_1_286' title='bbox 1718 2326 2031 2396; x_wconf 86' lang='lat' dir='ltr'><strong>[ccerit,qui</strong></span> 
     </span>
    </p>
   </div>
   <div class='ocr_carea' id='block_1_39' title="bbox 453 2413 2033 2491">
    <p class='ocr_par' dir='ltr' id='par_1_39' title="bbox 453 2413 2033 2491">
     <span class='ocr_line' id='line_1_39' title="bbox 453 2413 2033 2491; baseline 0.004 -25"><span class='ocrx_word' id='word_1_287' title='bbox 453 2423 733 2491; x_wconf 74' lang='lat' dir='ltr'><strong>praphetas</strong></span> <span class='ocrx_word' id='word_1_288' title='bbox 763 2419 1102 2490; x_wconf 64' lang='lat' dir='ltr'><strong>praemiserit,</strong></span> <span class='ocrx_word' id='word_1_289' title='bbox 1123 2417 1212 2487; x_wconf 86' lang='lat' dir='ltr'><strong>qui</strong></span> <span class='ocrx_word' id='word_1_290' title='bbox 1238 2413 1438 2468; x_wconf 83' lang='lat' dir='ltr'><strong>Filium</strong></span> <span class='ocrx_word' id='word_1_291' title='bbox 1462 2433 1615 2470; x_wconf 84' lang='lat' dir='ltr'><strong>suum</strong></span> <span class='ocrx_word' id='word_1_292' title='bbox 1641 2420 1860 2484; x_wconf 85' lang='lat' dir='ltr'><strong>miserit,</strong></span> <span class='ocrx_word' id='word_1_293' title='bbox 1887 2419 2033 2473; x_wconf 89' lang='lat' dir='ltr'><strong>salu-</strong></span> 
     </span>
    </p>
   </div>
   <div class='ocr_carea' id='block_1_40' title="bbox 453 2510 2026 2581">
    <p class='ocr_par' dir='ltr' id='par_1_40' title="bbox 453 2510 2026 2581">
     <span class='ocr_line' id='line_1_40' title="bbox 453 2510 2026 2581; baseline 0 -13"><span class='ocrx_word' id='word_1_294' title='bbox 453 2527 553 2568; x_wconf 90' lang='lat' dir='ltr'><strong>tem</strong></span> <span class='ocrx_word' id='word_1_295' title='bbox 581 2530 676 2565; x_wconf 90' lang='lat' dir='ltr'><strong>suo</strong></span> <span class='ocrx_word' id='word_1_296' title='bbox 701 2511 1196 2581; x_wconf 87' lang='lat' dir='ltr'><strong>plasmatidonans,</strong></span> <span class='ocrx_word' id='word_1_297' title='bbox 1226 2510 1366 2577; x_wconf 84' lang='lat' dir='ltr'><strong>quod</strong></span> <span class='ocrx_word' id='word_1_298' title='bbox 1394 2519 1468 2561; x_wconf 90' lang='lat' dir='ltr'><strong>est</strong></span> <span class='ocrx_word' id='word_1_299' title='bbox 1501 2511 1676 2564; x_wconf 86' lang='lat' dir='ltr'><strong>carnis</strong></span> <span class='ocrx_word' id='word_1_300' title='bbox 1703 2512 2026 2570; x_wconf 84' lang='lat' dir='ltr'><strong>substantia.</strong></span> 
     </span>
    </p>
   </div>
   <div class='ocr_carea' id='block_1_41' title="bbox 450 2606 2027 2678">
    <p class='ocr_par' dir='ltr' id='par_1_41' title="bbox 450 2606 2027 2678">
     <span class='ocr_line' id='line_1_41' title="bbox 450 2606 2027 2678; baseline 0.001 -18"><span class='ocrx_word' id='word_1_301' title='bbox 450 2639 523 2650; x_wconf 92' lang='lat'><strong>—-</strong></span> <span class='ocrx_word' id='word_1_302' title='bbox 553 2608 736 2678; x_wconf 84' lang='lat' dir='ltr'><strong>Atqui,</strong></span> <span class='ocrx_word' id='word_1_303' title='bbox 769 2607 944 2676; x_wconf 89' lang='lat' dir='ltr'><strong>inquit</strong></span> <span class='ocrx_word' id='word_1_304' title='bbox 972 2606 1231 2671; x_wconf 82' lang='lat' dir='ltr'><strong>Grabius,</strong></span> <span class='ocrx_word' id='word_1_305' title='bbox 1267 2617 1322 2660; x_wconf 88' lang='lat' dir='ltr'><strong>ut</strong></span> <span class='ocrx_word' id='word_1_306' title='bbox 1367 2607 1543 2659; x_wconf 78' lang='lat' dir='ltr'><strong>carnis</strong></span> <span class='ocrx_word' id='word_1_307' title='bbox 1591 2607 2027 2661; x_wconf 83' lang='lat' dir='ltr'><strong>resurrectionem</strong></span> 
     </span>
    </p>
   </div>
   <div class='ocr_carea' id='block_1_42' title="bbox 449 2699 2028 2769">
    <p class='ocr_par' dir='ltr' id='par_1_42' title="bbox 449 2699 2028 2769">
     <span class='ocr_line' id='line_1_42' title="bbox 449 2699 2028 2769; baseline -0.003 -12"><span class='ocrx_word' id='word_1_308' title='bbox 449 2703 631 2757; x_wconf 85' lang='lat' dir='ltr'><strong>multis</strong></span> <span class='ocrx_word' id='word_1_309' title='bbox 653 2700 970 2769; x_wconf 83' lang='lat' dir='ltr'><strong>argumentis</strong></span> <span class='ocrx_word' id='word_1_310' title='bbox 1004 2699 1299 2768; x_wconf 82' lang='lat' dir='ltr'><strong>probaverit</strong></span> <span class='ocrx_word' id='word_1_311' title='bbox 1324 2701 1583 2764; x_wconf 80' lang='lat' dir='ltr'><strong>Iremeus,</strong></span> <span class='ocrx_word' id='word_1_312' title='bbox 1616 2701 1858 2753; x_wconf 86' lang='lat' dir='ltr'><strong>utetiam</strong></span> <span class='ocrx_word' id='word_1_313' title='bbox 1906 2717 2028 2769; x_wconf 87' lang='lat' dir='ltr'><strong>pro-</strong></span> 
     </span>
    </p>
   </div>
   <div class='ocr_carea' id='block_1_43' title="bbox 450 2792 2028 2865">
    <p class='ocr_par' dir='ltr' id='par_1_43' title="bbox 450 2792 2028 2865">
     <span class='ocr_line' id='line_1_43' title="bbox 450 2792 2028 2865; baseline -0.002 -16"><span class='ocrx_word' id='word_1_314' title='bbox 450 2796 670 2850; x_wconf 84' lang='lat' dir='ltr'><strong>missam</strong></span> <span class='ocrx_word' id='word_1_315' title='bbox 695 2810 760 2849; x_wconf 68' lang='grc' dir='ltr'><strong>επ</strong></span> <span class='ocrx_word' id='word_1_316' title='bbox 785 2795 951 2847; x_wconf 83' lang='lat' dir='ltr'><strong>verbis</strong></span> <span class='ocrx_word' id='word_1_317' title='bbox 983 2792 1203 2856; x_wconf 87' lang='lat' dir='ltr'><strong>Christi,</strong></span> <span class='ocrx_word' id='word_1_318' title='bbox 1226 2794 1360 2846; x_wconf 90' lang='lat' dir='ltr'><strong>citra</strong></span> <span class='ocrx_word' id='word_1_319' title='bbox 1389 2793 1764 2860; x_wconf 87' lang='lat' dir='ltr'><strong>parabolarum</strong></span> <span class='ocrx_word' id='word_1_320' title='bbox 1817 2794 2028 2865; x_wconf 87' lang='lat' dir='ltr'><strong>involu-_</strong></span> 
     </span>
    </p>
   </div>
   <div class='ocr_carea' id='block_1_44' title="bbox 447 2884 2026 2957">
    <p class='ocr_par' dir='ltr' id='par_1_44' title="bbox 447 2884 2026 2957">
     <span class='ocr_line' id='line_1_44' title="bbox 447 2884 2026 2957; baseline -0.002 -16"><span class='ocrx_word' id='word_1_321' title='bbox 447 2905 596 2942; x_wconf 80' lang='lat' dir='ltr'><strong>crum</strong></span> <span class='ocrx_word' id='word_1_322' title='bbox 621 2886 868 2957; x_wconf 87' lang='lat' dir='ltr'><strong>prolatis,</strong></span> <span class='ocrx_word' id='word_1_323' title='bbox 897 2885 1397 2938; x_wconf 84' lang='lat' dir='ltr'><strong>demonstrationem</strong></span> <span class='ocrx_word' id='word_1_324' title='bbox 1430 2885 1492 2936; x_wconf 84' lang='lat' dir='ltr'><strong>de</strong></span> <span class='ocrx_word' id='word_1_325' title='bbox 1541 2900 1646 2938; x_wconf 88' lang='lat' dir='ltr'><strong>uno</strong></span> <span class='ocrx_word' id='word_1_326' title='bbox 1691 2884 1800 2938; x_wconf 89' lang='lat' dir='ltr'><strong>Deo</strong></span> <span class='ocrx_word' id='word_1_327' title='bbox 1841 2886 2026 2939; x_wconf 87' lang='lat' dir='ltr'><strong>mundi</strong></span> 
     </span>
    </p>
   </div>
   <div class='ocr_carea' id='block_1_45' title="bbox 448 2971 2019 3041">
    <p class='ocr_par' dir='ltr' id='par_1_45' title="bbox 448 2971 2019 3041">
     <span class='ocr_line' id='line_1_45' title="bbox 448 2971 2019 3041; baseline -0.003 -11"><span class='ocrx_word' id='word_1_328' title='bbox 448 2987 709 3041; x_wconf 82' lang='lat' dir='ltr'><strong>creatore,</strong></span> <span class='ocrx_word' id='word_1_329' title='bbox 739 2977 1023 3041; x_wconf 86' lang='lat' dir='ltr'><strong>eodemque</strong></span> <span class='ocrx_word' id='word_1_330' title='bbox 1058 2971 1222 3027; x_wconf 87' lang='lat' dir='ltr'><strong>Patre</strong></span> <span class='ocrx_word' id='word_1_331' title='bbox 1248 2972 1546 3027; x_wconf 87' lang='lat' dir='ltr'><strong>Servatoris</strong></span> <span class='ocrx_word' id='word_1_332' title='bbox 1595 2973 1767 3026; x_wconf 87' lang='lat' dir='ltr'><strong>nostri</strong></span> <span class='ocrx_word' id='word_1_333' title='bbox 1827 2989 1922 3040; x_wconf 91' lang='lat' dir='ltr'><strong>cap</strong></span> <span class='ocrx_word' id='word_1_334' title='bbox 1955 2972 2019 3026; x_wconf 72' lang='lat'><strong>9.1</strong></span> 
     </span>
    </p>
   </div>
   <div class='ocr_carea' id='block_1_46' title="bbox 447 3064 2024 3144">
    <p class='ocr_par' dir='ltr' id='par_1_46' title="bbox 447 3064 2024 3144">
     <span class='ocr_line' id='line_1_46' title="bbox 447 3064 2024 3144; baseline -0.003 -22"><span class='ocrx_word' id='word_1_335' title='bbox 447 3072 658 3122; x_wconf 82' lang='lat' dir='ltr'><strong>demum</strong></span> <span class='ocrx_word' id='word_1_336' title='bbox 691 3084 968 3138; x_wconf 83' lang='lat' dir='ltr'><strong>aggressus</strong></span> <span class='ocrx_word' id='word_1_337' title='bbox 1003 3065 1198 3136; x_wconf 75' lang='lat' dir='ltr'><strong>fuerit;</strong></span> <span class='ocrx_word' id='word_1_338' title='bbox 1232 3081 1290 3119; x_wconf 89' lang='lat' dir='ltr'><strong>eo</strong></span> <span class='ocrx_word' id='word_1_339' title='bbox 1314 3075 1489 3117; x_wconf 86' lang='lat' dir='ltr'><strong>tamen</strong></span> <span class='ocrx_word' id='word_1_340' title='bbox 1511 3065 1789 3134; x_wconf 79' lang='lat' dir='ltr'><strong>confestim</strong></span> <span class='ocrx_word' id='word_1_341' title='bbox 1811 3064 2024 3144; x_wconf 80' lang='lat' dir='ltr'><strong>longius</strong></span> 
     </span>
    </p>
   </div>
   <div class='ocr_carea' id='block_1_47' title="bbox 445 3157 2023 3233">
    <p class='ocr_par' dir='ltr' id='par_1_47' title="bbox 445 3157 2023 3233">
     <span class='ocr_line' id='line_1_47' title="bbox 445 3157 2023 3233; baseline -0.002 -16"><span class='ocrx_word' id='word_1_342' title='bbox 445 3165 572 3218; x_wconf 86' lang='lat' dir='ltr'><strong>inde</strong></span> <span class='ocrx_word' id='word_1_343' title='bbox 603 3165 862 3233; x_wconf 86' lang='lat' dir='ltr'><strong>digresso,</strong></span> <span class='ocrx_word' id='word_1_344' title='bbox 907 3160 1123 3230; x_wconf 71' lang='lat' dir='ltr'><strong>reliquie</strong></span> <span class='ocrx_word' id='word_1_345' title='bbox 1171 3174 1236 3212; x_wconf 80' lang='lat' dir='ltr'><strong>ea:</strong></span> <span class='ocrx_word' id='word_1_346' title='bbox 1274 3159 1444 3212; x_wconf 87' lang='lat' dir='ltr'><strong>verbis</strong></span> <span class='ocrx_word' id='word_1_347' title='bbox 1474 3157 1672 3212; x_wconf 86' lang='lat' dir='ltr'><strong>Christi</strong></span> <span class='ocrx_word' id='word_1_348' title='bbox 1714 3170 1761 3212; x_wconf 92' lang='lat' dir='ltr'><strong>et</strong></span> <span class='ocrx_word' id='word_1_349' title='bbox 1793 3160 2023 3229; x_wconf 85' lang='lat' dir='ltr'><strong>apostoli</strong></span> 
     </span>
    </p>
   </div>
   <div class='ocr_carea' id='block_1_48' title="bbox 447 3251 2025 3322">
    <p class='ocr_par' dir='ltr' id='par_1_48' title="bbox 447 3251 2025 3322">
     <span class='ocr_line' id='line_1_48' title="bbox 447 3251 2025 3322; baseline -0.001 -13"><span class='ocrx_word' id='word_1_350' title='bbox 447 3255 612 3310; x_wconf 79' lang='lat' dir='ltr'><strong>Pauli</strong></span> <span class='ocrx_word' id='word_1_351' title='bbox 641 3256 848 3322; x_wconf 87' lang='lat' dir='ltr'><strong>scriptis</strong></span> <span class='ocrx_word' id='word_1_352' title='bbox 889 3254 1064 3322; x_wconf 69' lang='lat' dir='ltr'><strong>petita&#39;</strong></span> <span class='ocrx_word' id='word_1_353' title='bbox 1095 3251 1570 3304; x_wconf 89' lang='lat' dir='ltr'><strong>demonstrationes</strong></span> <span class='ocrx_word' id='word_1_354' title='bbox 1617 3252 1773 3305; x_wconf 84' lang='lat' dir='ltr'><strong>unius</strong></span> <span class='ocrx_word' id='word_1_355' title='bbox 1805 3261 1854 3306; x_wconf 90' lang='lat' dir='ltr'><strong>et</strong></span> <span class='ocrx_word' id='word_1_356' title='bbox 1879 3253 2025 3322; x_wconf 85' lang='lat' dir='ltr'><strong>ejus-</strong></span> 
     </span>
    </p>
   </div>
   <div class='ocr_carea' id='block_1_49' title="bbox 448 3343 2025 3412">
    <p class='ocr_par' dir='ltr' id='par_1_49' title="bbox 448 3343 2025 3412">
     <span class='ocr_line' id='line_1_49' title="bbox 448 3343 2025 3412; baseline -0.004 -8"><span class='ocrx_word' id='word_1_357' title='bbox 448 3352 566 3404; x_wconf 89' lang='lat' dir='ltr'><strong>dem</strong></span> <span class='ocrx_word' id='word_1_358' title='bbox 605 3352 660 3402; x_wconf 91' lang='lat' dir='ltr'><strong>in</strong></span> <span class='ocrx_word' id='word_1_359' title='bbox 693 3347 862 3402; x_wconf 82' lang='lat' dir='ltr'><strong>Veteri</strong></span> <span class='ocrx_word' id='word_1_360' title='bbox 899 3355 947 3398; x_wconf 90' lang='lat' dir='ltr'><strong>et</strong></span> <span class='ocrx_word' id='word_1_361' title='bbox 992 3344 1145 3399; x_wconf 86' lang='lat' dir='ltr'><strong>Novo</strong></span> <span class='ocrx_word' id='word_1_362' title='bbox 1203 3343 1538 3398; x_wconf 86' lang='lat' dir='ltr'><strong>Testamento</strong></span> <span class='ocrx_word' id='word_1_363' title='bbox 1582 3343 1680 3398; x_wconf 89' lang='lat' dir='ltr'><strong>Dei</strong></span> <span class='ocrx_word' id='word_1_364' title='bbox 1720 3345 2025 3412; x_wconf 84' lang='lat' dir='ltr'><strong>perierunt;</strong></span> 
     </span>
    </p>
   </div>
   <div class='ocr_carea' id='block_1_50' title="bbox 442 3437 2024 3517">
    <p class='ocr_par' dir='ltr' id='par_1_50' title="bbox 442 3437 2024 3517">
     <span class='ocr_line' id='line_1_50' title="bbox 442 3437 2024 3517; baseline -0.004 -19"><span class='ocrx_word' id='word_1_365' title='bbox 442 3445 586 3517; x_wconf 83' lang='lat' dir='ltr'><strong>quod</strong></span> <span class='ocrx_word' id='word_1_366' title='bbox 615 3442 822 3496; x_wconf 87' lang='lat' dir='ltr'><strong>librarii</strong></span> <span class='ocrx_word' id='word_1_367' title='bbox 845 3455 1062 3494; x_wconf 74' lang='lat' dir='ltr'><strong>exosam</strong></span> <span class='ocrx_word' id='word_1_368' title='bbox 1089 3439 1320 3508; x_wconf 87' lang='lat' dir='ltr'><strong>sequiori</strong></span> <span class='ocrx_word' id='word_1_369' title='bbox 1350 3446 1505 3492; x_wconf 71' lang='lat' dir='ltr'><strong>artate</strong></span> <span class='ocrx_word' id='word_1_370' title='bbox 1543 3437 1830 3492; x_wconf 87' lang='lat' dir='ltr'><strong>millenarii</strong></span> <span class='ocrx_word' id='word_1_371' title='bbox 1876 3441 2024 3509; x_wconf 89' lang='lat' dir='ltr'><strong>regni</strong></span> 
     </span>
    </p>
   </div>
   <div class='ocr_carea' id='block_1_51' title="bbox 448 3531 2024 3603">
    <p class='ocr_par' dir='ltr' id='par_1_51' title="bbox 448 3531 2024 3603">
     <span class='ocr_line' id='line_1_51' title="bbox 448 3531 2024 3603; baseline -0.006 -9"><span class='ocrx_word' id='word_1_372' title='bbox 448 3540 744 3594; x_wconf 83' lang='lat' dir='ltr'><strong>doctrinam</strong></span> <span class='ocrx_word' id='word_1_373' title='bbox 784 3535 1006 3589; x_wconf 83' lang='lat' dir='ltr'><strong>ulterius</strong></span> <span class='ocrx_word' id='word_1_374' title='bbox 1035 3531 1327 3586; x_wconf 88' lang='lat' dir='ltr'><strong>describere</strong></span> <span class='ocrx_word' id='word_1_375' title='bbox 1349 3531 1580 3598; x_wconf 88' lang='lat' dir='ltr'><strong>nollent,</strong></span> <span class='ocrx_word' id='word_1_376' title='bbox 1606 3533 1825 3603; x_wconf 86' lang='lat' dir='ltr'><strong>ideoque</strong></span> <span class='ocrx_word' id='word_1_377' title='bbox 1873 3534 2024 3600; x_wconf 85' lang='lat' dir='ltr'><strong>ﬁlum</strong></span> 
     </span>
    </p>
   </div>
   <div class='ocr_carea' id='block_1_52' title="bbox 447 3626 2025 3698">
    <p class='ocr_par' dir='ltr' id='par_1_52' title="bbox 447 3626 2025 3698">
     <span class='ocr_line' id='line_1_52' title="bbox 447 3626 2025 3698; baseline -0.001 -13"><span class='ocrx_word' id='word_1_378' title='bbox 447 3633 774 3697; x_wconf 83' lang='lat' dir='ltr'><strong>abruperint.</strong></span> <span class='ocrx_word' id='word_1_379' title='bbox 802 3630 895 3684; x_wconf 90' lang='lat' dir='ltr'><strong>Sic</strong></span> <span class='ocrx_word' id='word_1_380' title='bbox 930 3629 1042 3682; x_wconf 89' lang='lat' dir='ltr'><strong>ille.</strong></span> <span class='ocrx_word' id='word_1_381' title='bbox 1083 3626 1190 3680; x_wconf 88' lang='lat' dir='ltr'><strong>Sed</strong></span> <span class='ocrx_word' id='word_1_382' title='bbox 1240 3627 1434 3680; x_wconf 88' lang='lat' dir='ltr'><strong>mirari</strong></span> <span class='ocrx_word' id='word_1_383' title='bbox 1489 3628 1657 3693; x_wconf 90' lang='lat' dir='ltr'><strong>subit,</strong></span> <span class='ocrx_word' id='word_1_384' title='bbox 1717 3630 1859 3698; x_wconf 90' lang='lat' dir='ltr'><strong>quod</strong></span> <span class='ocrx_word' id='word_1_385' title='bbox 1901 3640 2025 3698; x_wconf 81' lang='lat' dir='ltr'><strong>post</strong></span> 
     </span>
    </p>
   </div>
   <div class='ocr_carea' id='block_1_53' title="bbox 447 3721 2022 3794">
    <p class='ocr_par' dir='ltr' id='par_1_53' title="bbox 447 3721 2022 3794">
     <span class='ocr_line' id='line_1_53' title="bbox 447 3721 2022 3794; baseline 0 -18"><span class='ocrx_word' id='word_1_386' title='bbox 447 3726 784 3794; x_wconf 78' lang='lat' dir='ltr'><strong>descriptam</strong></span> <span class='ocrx_word' id='word_1_387' title='bbox 817 3737 1042 3777; x_wconf 81' lang='lat' dir='ltr'><strong>exosam</strong></span> <span class='ocrx_word' id='word_1_388' title='bbox 1082 3721 1230 3778; x_wconf 84' lang='lat' dir='ltr'><strong>illam</strong></span> <span class='ocrx_word' id='word_1_389' title='bbox 1287 3722 1581 3776; x_wconf 90' lang='lat' dir='ltr'><strong>millenarii</strong></span> <span class='ocrx_word' id='word_1_390' title='bbox 1629 3724 1780 3790; x_wconf 80' lang='lat' dir='ltr'><strong>regni</strong></span> <span class='ocrx_word' id='word_1_391' title='bbox 1814 3721 2022 3777; x_wconf 87' lang='lat' dir='ltr'><strong>doctri-</strong></span> 
     </span>
    </p>
   </div>
   <div class='ocr_carea' id='block_1_54' title="bbox 447 3815 2024 3884">
    <p class='ocr_par' dir='ltr' id='par_1_54' title="bbox 447 3815 2024 3884">
     <span class='ocr_line' id='line_1_54' title="bbox 447 3815 2024 3884; baseline 0 -14"><span class='ocrx_word' id='word_1_392' title='bbox 447 3833 596 3881; x_wconf 88' lang='lat' dir='ltr'><strong>nam,</strong></span> <span class='ocrx_word' id='word_1_393' title='bbox 634 3816 1017 3884; x_wconf 80' lang='lat' dir='ltr'><strong>prolixamque</strong></span> <span class='ocrx_word' id='word_1_394' title='bbox 1062 3829 1126 3870; x_wconf 88' lang='lat' dir='ltr'><strong>ea</strong></span> <span class='ocrx_word' id='word_1_395' title='bbox 1153 3815 1221 3868; x_wconf 89' lang='lat' dir='ltr'><strong>de</strong></span> <span class='ocrx_word' id='word_1_396' title='bbox 1265 3828 1324 3868; x_wconf 91' lang='lat' dir='ltr'><strong>re</strong></span> <span class='ocrx_word' id='word_1_397' title='bbox 1368 3815 1562 3870; x_wconf 71' lang='lat' dir='ltr'><strong>lrcumi</strong></span> <span class='ocrx_word' id='word_1_398' title='bbox 1596 3815 2024 3884; x_wconf 81' lang='lat' dir='ltr'><strong>argumentatio-</strong></span> 
     </span>
    </p>
   </div>
   <div class='ocr_carea' id='block_1_55' title="bbox 447 3905 2023 3978">
    <p class='ocr_par' dir='ltr' id='par_1_55' title="bbox 447 3905 2023 3978">
     <span class='ocr_line' id='line_1_55' title="bbox 447 3905 2023 3978; baseline 0.001 -16"><span class='ocrx_word' id='word_1_399' title='bbox 447 3925 594 3973; x_wconf 81' lang='lat' dir='ltr'><strong>nem,</strong></span> <span class='ocrx_word' id='word_1_400' title='bbox 659 3922 779 3975; x_wconf 78' lang='lat' dir='ltr'><strong>qua:</strong></span> <span class='ocrx_word' id='word_1_401' title='bbox 825 3905 940 3975; x_wconf 86' lang='lat' dir='ltr'><strong>jam</strong></span> <span class='ocrx_word' id='word_1_402' title='bbox 984 3906 1239 3960; x_wconf 90' lang='lat' dir='ltr'><strong>absoluta</strong></span> <span class='ocrx_word' id='word_1_403' title='bbox 1288 3907 1598 3974; x_wconf 87' lang='lat' dir='ltr'><strong>videbatur,</strong></span> <span class='ocrx_word' id='word_1_404' title='bbox 1659 3918 2023 3978; x_wconf 68' lang='lat' dir='ltr'><strong>praeposterus</strong></span> 
     </span>
    </p>
   </div>
   <div class='ocr_carea' id='block_1_56' title="bbox 445 3997 2025 4067">
    <p class='ocr_par' dir='ltr' id='par_1_56' title="bbox 445 3997 2025 4067">
     <span class='ocr_line' id='line_1_56' title="bbox 445 3997 2025 4067; baseline -0.001 -11"><span class='ocrx_word' id='word_1_405' title='bbox 445 4001 706 4057; x_wconf 84' lang='lat' dir='ltr'><strong>librarios</strong></span> <span class='ocrx_word' id='word_1_406' title='bbox 752 4013 942 4053; x_wconf 88' lang='lat' dir='ltr'><strong>omnes</strong></span> <span class='ocrx_word' id='word_1_407' title='bbox 980 3999 1260 4052; x_wconf 89' lang='lat' dir='ltr'><strong>incessere</strong></span> <span class='ocrx_word' id='word_1_408' title='bbox 1311 3997 1540 4066; x_wconf 81' lang='lat' dir='ltr'><strong>cteperit</strong></span> <span class='ocrx_word' id='word_1_409' title='bbox 1585 3999 1898 4067; x_wconf 89' lang='lat' dir='ltr'><strong>scrupulus,</strong></span> <span class='ocrx_word' id='word_1_410' title='bbox 1949 4000 2025 4055; x_wconf 90' lang='lat' dir='ltr'><strong>id-</strong></span> 
     </span>
    </p>
   </div>
   <div class='ocr_carea' id='block_1_57' title="bbox 448 4089 2022 4166">
    <p class='ocr_par' dir='ltr' id='par_1_57' title="bbox 448 4089 2022 4166">
     <span class='ocr_line' id='line_1_57' title="bbox 448 4089 2022 4166; baseline -0.001 -18"><span class='ocrx_word' id='word_1_411' title='bbox 448 4111 555 4166; x_wconf 88' lang='lat' dir='ltr'><strong>que</strong></span> <span class='ocrx_word' id='word_1_412' title='bbox 603 4094 832 4148; x_wconf 89' lang='lat' dir='ltr'><strong>ulterius</strong></span> <span class='ocrx_word' id='word_1_413' title='bbox 889 4089 1206 4146; x_wconf 87' lang='lat' dir='ltr'><strong>describere</strong></span> <span class='ocrx_word' id='word_1_414' title='bbox 1258 4089 1537 4144; x_wconf 85' lang='lat' dir='ltr'><strong>noluerint</strong></span> <span class='ocrx_word' id='word_1_415' title='bbox 1592 4091 1734 4154; x_wconf 89' lang='lat' dir='ltr'><strong>quod</strong></span> <span class='ocrx_word' id='word_1_416' title='bbox 1792 4091 1861 4145; x_wconf 89' lang='lat' dir='ltr'><strong>ad</strong></span> <span class='ocrx_word' id='word_1_417' title='bbox 1902 4107 2022 4146; x_wconf 89' lang='lat' dir='ltr'><strong>eam</strong></span> 
     </span>
    </p>
   </div>
   <div class='ocr_carea' id='block_1_58' title="bbox 447 4183 2020 4254">
    <p class='ocr_par' dir='ltr' id='par_1_58' title="bbox 447 4183 2020 4254">
     <span class='ocr_line' id='line_1_58' title="bbox 447 4183 2020 4254; baseline 0 -16"><span class='ocrx_word' id='word_1_418' title='bbox 447 4189 756 4242; x_wconf 79' lang='lat' dir='ltr'><strong>doctrinam</strong></span> <span class='ocrx_word' id='word_1_419' title='bbox 824 4184 959 4238; x_wconf 90' lang='lat' dir='ltr'><strong>nihil</strong></span> <span class='ocrx_word' id='word_1_420' title='bbox 1005 4192 1097 4238; x_wconf 89' lang='lat' dir='ltr'><strong>aut</strong></span> <span class='ocrx_word' id='word_1_421' title='bbox 1167 4199 1358 4254; x_wconf 87' lang='lat' dir='ltr'><strong>parum</strong></span> <span class='ocrx_word' id='word_1_422' title='bbox 1414 4193 1664 4252; x_wconf 88' lang='lat' dir='ltr'><strong>spectare</strong></span> <span class='ocrx_word' id='word_1_423' title='bbox 1713 4183 2020 4238; x_wconf 85' lang='lat' dir='ltr'><strong>videbatur.</strong></span> 
     </span>
    </p>
   </div>
   <div class='ocr_carea' id='block_1_59' title="bbox 449 4276 2025 4343">
    <p class='ocr_par' dir='ltr' id='par_1_59' title="bbox 449 4276 2025 4343">
     <span class='ocr_line' id='line_1_59' title="bbox 449 4276 2025 4343; baseline -0.003 -8"><span class='ocrx_word' id='word_1_424' title='bbox 449 4281 607 4336; x_wconf 87' lang='lat' dir='ltr'><strong>llaud</strong></span> <span class='ocrx_word' id='word_1_425' title='bbox 631 4289 780 4333; x_wconf 90' lang='lat' dir='ltr'><strong>certe</strong></span> <span class='ocrx_word' id='word_1_426' title='bbox 842 4277 1077 4330; x_wconf 88' lang='lat' dir='ltr'><strong>attendit</strong></span> <span class='ocrx_word' id='word_1_427' title='bbox 1111 4278 1194 4330; x_wconf 93' lang='lat' dir='ltr'><strong>vir</strong></span> <span class='ocrx_word' id='word_1_428' title='bbox 1235 4276 1615 4343; x_wconf 89' lang='lat' dir='ltr'><strong>doctissimus,</strong></span> <span class='ocrx_word' id='word_1_429' title='bbox 1660 4276 1850 4330; x_wconf 74' lang='lat' dir='ltr'><strong>lrentei</strong></span> <span class='ocrx_word' id='word_1_430' title='bbox 1904 4291 2025 4331; x_wconf 90' lang='lat' dir='ltr'><strong>sco-</strong></span> 
     </span>
    </p>
   </div>
   <div class='ocr_carea' id='block_1_60' title="bbox 446 4365 2022 4443">
    <p class='ocr_par' dir='ltr' id='par_1_60' title="bbox 446 4365 2022 4443">
     <span class='ocr_line' id='line_1_60' title="bbox 446 4365 2022 4443; baseline 0 -20"><span class='ocrx_word' id='word_1_431' title='bbox 446 4388 573 4443; x_wconf 87' lang='lat' dir='ltr'><strong>pum</strong></span> <span class='ocrx_word' id='word_1_432' title='bbox 601 4371 651 4423; x_wconf 90' lang='lat' dir='ltr'><strong>in</strong></span> <span class='ocrx_word' id='word_1_433' title='bbox 680 4369 785 4422; x_wconf 91' lang='lat' dir='ltr'><strong>hoc</strong></span> <span class='ocrx_word' id='word_1_434' title='bbox 819 4367 958 4421; x_wconf 91' lang='lat' dir='ltr'><strong>libro</strong></span> <span class='ocrx_word' id='word_1_435' title='bbox 987 4381 1018 4418; x_wconf 81' lang='grc' dir='ltr'><strong>ν</strong></span> <span class='ocrx_word' id='word_1_436' title='bbox 1061 4382 1160 4420; x_wconf 88' lang='lat' dir='ltr'><strong>nec</strong></span> <span class='ocrx_word' id='word_1_437' title='bbox 1212 4365 1404 4432; x_wconf 85' lang='lat' dir='ltr'><strong>fuisse,</strong></span> <span class='ocrx_word' id='word_1_438' title='bbox 1453 4378 1554 4420; x_wconf 90' lang='lat' dir='ltr'><strong>nec</strong></span> <span class='ocrx_word' id='word_1_439' title='bbox 1602 4379 1724 4420; x_wconf 89' lang='lat' dir='ltr'><strong>esse</strong></span> <span class='ocrx_word' id='word_1_440' title='bbox 1757 4368 2022 4436; x_wconf 83' lang='lat' dir='ltr'><strong>potuisse,</strong></span> 
     </span>
    </p>
   </div>
   <div class='ocr_carea' id='block_1_61' title="bbox 448 4457 2024 4528">
    <p class='ocr_par' dir='ltr' id='par_1_61' title="bbox 448 4457 2024 4528">
     <span class='ocr_line' id='line_1_61' title="bbox 448 4457 2024 4528; baseline -0.003 -10"><span class='ocrx_word' id='word_1_441' title='bbox 448 4481 516 4518; x_wconf 77' lang='lat' dir='ltr'><strong>ex</strong></span> <span class='ocrx_word' id='word_1_442' title='bbox 575 4462 756 4517; x_wconf 87' lang='lat' dir='ltr'><strong>verbis</strong></span> <span class='ocrx_word' id='word_1_443' title='bbox 799 4459 1002 4515; x_wconf 88' lang='lat' dir='ltr'><strong>Christi</strong></span> <span class='ocrx_word' id='word_1_444' title='bbox 1045 4467 1098 4512; x_wconf 92' lang='lat' dir='ltr'><strong>et</strong></span> <span class='ocrx_word' id='word_1_445' title='bbox 1127 4457 1359 4528; x_wconf 88' lang='lat' dir='ltr'><strong>apostoli</strong></span> <span class='ocrx_word' id='word_1_446' title='bbox 1397 4457 1552 4511; x_wconf 86' lang='lat' dir='ltr'><strong>Pauli</strong></span> <span class='ocrx_word' id='word_1_447' title='bbox 1610 4457 1830 4525; x_wconf 89' lang='lat' dir='ltr'><strong>scriptis</strong></span> <span class='ocrx_word' id='word_1_448' title='bbox 1861 4475 2024 4526; x_wconf 56' lang='lat' dir='ltr'><strong>genes</strong></span> 
     </span>
    </p>
   </div>
   <div class='ocr_carea' id='block_1_62' title="bbox 2138 1952 3712 2027">
    <p class='ocr_par' dir='ltr' id='par_1_62' title="bbox 2138 1952 3712 2027">
     <span class='ocr_line' id='line_1_62' title="bbox 2138 1952 3712 2027; baseline 0.006 -26"><span class='ocrx_word' id='word_1_449' title='bbox 2138 1966 2302 2005; x_wconf 92' lang='lat' dir='ltr'><strong>unum</strong></span> <span class='ocrx_word' id='word_1_450' title='bbox 2336 1963 2390 2005; x_wconf 90' lang='lat' dir='ltr'><strong>et</strong></span> <span class='ocrx_word' id='word_1_451' title='bbox 2435 1954 2686 2007; x_wconf 87' lang='lat' dir='ltr'><strong>eumdem</strong></span> <span class='ocrx_word' id='word_1_452' title='bbox 2742 1952 2911 2008; x_wconf 86' lang='lat' dir='ltr'><strong>Deum</strong></span> <span class='ocrx_word' id='word_1_453' title='bbox 2973 1956 3220 2020; x_wconf 84' lang='lat' dir='ltr'><strong>Patrem,</strong></span> <span class='ocrx_word' id='word_1_454' title='bbox 3256 1973 3379 2011; x_wconf 90' lang='lat' dir='ltr'><strong>cum</strong></span> <span class='ocrx_word' id='word_1_455' title='bbox 3428 1973 3590 2027; x_wconf 88' lang='lat' dir='ltr'><strong>quem</strong></span> <span class='ocrx_word' id='word_1_456' title='bbox 3638 1959 3712 2010; x_wconf 85' lang='lat' dir='ltr'><strong>ad</strong></span> 
     </span>
    </p>
   </div>
   <div class='ocr_carea' id='block_1_63' title="bbox 2134 2045 3713 2120">
    <p class='ocr_par' dir='ltr' id='par_1_63' title="bbox 2134 2045 3713 2120">
     <span class='ocr_line' id='line_1_63' title="bbox 2134 2045 3713 2120; baseline 0.006 -24"><span class='ocrx_word' id='word_1_457' title='bbox 2134 2045 2410 2099; x_wconf 83' lang='lat' dir='ltr'><strong>Abraham</strong></span> <span class='ocrx_word' id='word_1_458' title='bbox 2452 2045 2691 2101; x_wconf 87' lang='lat' dir='ltr'><strong>locutmn</strong></span> <span class='ocrx_word' id='word_1_459' title='bbox 2727 2048 2918 2112; x_wconf 86' lang='lat' dir='ltr'><strong>fuisse,</strong></span> <span class='ocrx_word' id='word_1_460' title='bbox 2957 2061 3011 2104; x_wconf 85' lang='lat' dir='ltr'><strong>et</strong></span> <span class='ocrx_word' id='word_1_461' title='bbox 3052 2049 3464 2120; x_wconf 83' lang='lat' dir='ltr'><strong>legisdationem</strong></span> <span class='ocrx_word' id='word_1_462' title='bbox 3509 2050 3713 2106; x_wconf 83' lang='lat' dir='ltr'><strong>fecisse</strong></span> 
     </span>
    </p>
   </div>
   <div class='ocr_carea' id='block_1_64' title="bbox 2125 2135 3712 2215">
    <p class='ocr_par' dir='ltr' id='par_1_64' title="bbox 2125 2135 3712 2215">
     <span class='ocr_line' id='line_1_64' title="bbox 2125 2135 3712 2215; baseline 0.004 -26"><span class='ocrx_word' id='word_1_463' title='bbox 2125 2135 2237 2203; x_wconf 88' lang='lat' dir='ltr'><strong>jam</strong></span> <span class='ocrx_word' id='word_1_464' title='bbox 2289 2141 2722 2194; x_wconf 84' lang='lat' dir='ltr'><strong>demonstratum</strong></span> <span class='ocrx_word' id='word_1_465' title='bbox 2777 2139 2975 2207; x_wconf 84' lang='lat' dir='ltr'><strong>fuerat,</strong></span> <span class='ocrx_word' id='word_1_466' title='bbox 3033 2145 3332 2198; x_wconf 80' lang='lat' dir='ltr'><strong>novissimis</strong></span> <span class='ocrx_word' id='word_1_467' title='bbox 3384 2147 3712 2215; x_wconf 82' lang='lat' dir='ltr'><strong>temporibus</strong></span> 
     </span>
    </p>
   </div>
   <div class='ocr_carea' id='block_1_65' title="bbox 2134 2229 3717 2305">
    <p class='ocr_par' dir='ltr' id='par_1_65' title="bbox 2134 2229 3717 2305">
     <span class='ocr_line' id='line_1_65' title="bbox 2134 2229 3717 2305; baseline 0.005 -24"><span class='ocrx_word' id='word_1_468' title='bbox 2134 2229 2334 2283; x_wconf 82' lang='lat' dir='ltr'><strong>Filium</strong></span> <span class='ocrx_word' id='word_1_469' title='bbox 2359 2247 2515 2284; x_wconf 87' lang='lat' dir='ltr'><strong>suum</strong></span> <span class='ocrx_word' id='word_1_470' title='bbox 2555 2233 2781 2298; x_wconf 87' lang='lat' dir='ltr'><strong>misisse,</strong></span> <span class='ocrx_word' id='word_1_471' title='bbox 2826 2243 2883 2286; x_wconf 90' lang='lat' dir='ltr'><strong>ut</strong></span> <span class='ocrx_word' id='word_1_472' title='bbox 2926 2235 3146 2289; x_wconf 81' lang='lat' dir='ltr'><strong>salutent</strong></span> <span class='ocrx_word' id='word_1_473' title='bbox 3182 2254 3280 2290; x_wconf 92' lang='lat' dir='ltr'><strong>sno</strong></span> <span class='ocrx_word' id='word_1_474' title='bbox 3333 2240 3583 2305; x_wconf 86' lang='lat' dir='ltr'><strong>plusntati</strong></span> <span class='ocrx_word' id='word_1_475' title='bbox 3611 2241 3717 2290; x_wconf 89' lang='lat' dir='ltr'><strong>du-</strong></span> 
     </span>
    </p>
   </div>
   <div class='ocr_carea' id='block_1_66' title="bbox 2132 2325 3716 2399">
    <p class='ocr_par' dir='ltr' id='par_1_66' title="bbox 2132 2325 3716 2399">
     <span class='ocr_line' id='line_1_66' title="bbox 2132 2325 3716 2399; baseline 0.004 -22"><span class='ocrx_word' id='word_1_476' title='bbox 2132 2333 2300 2387; x_wconf 88' lang='lat' dir='ltr'><strong>naret,</strong></span> <span class='ocrx_word' id='word_1_477' title='bbox 2323 2325 2458 2393; x_wconf 86' lang='lat' dir='ltr'><strong>quod</strong></span> <span class='ocrx_word' id='word_1_478' title='bbox 2484 2332 2562 2376; x_wconf 84' lang='lat' dir='ltr'><strong>est</strong></span> <span class='ocrx_word' id='word_1_479' title='bbox 2614 2329 2792 2383; x_wconf 85' lang='lat' dir='ltr'><strong>carnis</strong></span> <span class='ocrx_word' id='word_1_480' title='bbox 2845 2331 3162 2384; x_wconf 84' lang='lat' dir='ltr'><strong>substantia.</strong></span> <span class='ocrx_word' id='word_1_481' title='bbox 3202 2330 3315 2385; x_wconf 89' lang='lat' dir='ltr'><strong>lloc</strong></span> <span class='ocrx_word' id='word_1_482' title='bbox 3347 2331 3490 2385; x_wconf 84' lang='lat' dir='ltr'><strong>enim</strong></span> <span class='ocrx_word' id='word_1_483' title='bbox 3543 2348 3716 2399; x_wconf 76' lang='lat' dir='ltr'><strong>argu-</strong></span> 
     </span>
    </p>
   </div>
   <div class='ocr_carea' id='block_1_67' title="bbox 2135 2422 3710 2485">
    <p class='ocr_par' dir='ltr' id='par_1_67' title="bbox 2135 2422 3710 2485">
     <span class='ocr_line' id='line_1_67' title="bbox 2135 2422 3710 2485; baseline 0.004 -15"><span class='ocrx_word' id='word_1_484' title='bbox 2135 2428 2395 2483; x_wconf 82' lang='lat' dir='ltr'><strong>mentum,</strong></span> <span class='ocrx_word' id='word_1_485' title='bbox 2430 2433 2553 2472; x_wconf 90' lang='lat' dir='ltr'><strong>cum</strong></span> <span class='ocrx_word' id='word_1_486' title='bbox 2583 2422 2820 2474; x_wconf 90' lang='lat' dir='ltr'><strong>nondum</strong></span> <span class='ocrx_word' id='word_1_487' title='bbox 2847 2424 2980 2478; x_wconf 88' lang='lat' dir='ltr'><strong>satis</strong></span> <span class='ocrx_word' id='word_1_488' title='bbox 3012 2425 3276 2479; x_wconf 81' lang='lat' dir='ltr'><strong>hactenus</strong></span> <span class='ocrx_word' id='word_1_489' title='bbox 3301 2425 3710 2485; x_wconf 70' lang='lat' dir='ltr'><strong>edisseruissct,</strong></span> 
     </span>
    </p>
   </div>
   <div class='ocr_carea' id='block_1_68' title="bbox 2132 2510 3714 2590">
    <p class='ocr_par' dir='ltr' id='par_1_68' title="bbox 2132 2510 3714 2590">
     <span class='ocr_line' id='line_1_68' title="bbox 2132 2510 3714 2590; baseline 0.005 -29"><span class='ocrx_word' id='word_1_490' title='bbox 2132 2511 2352 2565; x_wconf 88' lang='lat' dir='ltr'><strong>uberius</strong></span> <span class='ocrx_word' id='word_1_491' title='bbox 2404 2510 2543 2565; x_wconf 91' lang='lat' dir='ltr'><strong>libro</strong></span> <span class='ocrx_word' id='word_1_492' title='bbox 2576 2527 2608 2564; x_wconf 78' lang='grc' dir='ltr'><strong>ν</strong></span> <span class='ocrx_word' id='word_1_493' title='bbox 2645 2516 3083 2590; x_wconf 83' lang='lat' dir='ltr'><strong>pertractandum</strong></span> <span class='ocrx_word' id='word_1_494' title='bbox 3131 2526 3528 2568; x_wconf 82' lang='lat' dir='ltr'><strong>reservaverat.</strong></span> <span class='ocrx_word' id='word_1_495' title='bbox 3564 2514 3714 2568; x_wconf 76' lang='lat' dir='ltr'><strong>Fuse</strong></span> 
     </span>
    </p>
   </div>
   <div class='ocr_carea' id='block_1_69' title="bbox 2132 2607 3712 2676">
    <p class='ocr_par' dir='ltr' id='par_1_69' title="bbox 2132 2607 3712 2676">
     <span class='ocr_line' id='line_1_69' title="bbox 2132 2607 3712 2676; baseline 0.004 -21"><span class='ocrx_word' id='word_1_496' title='bbox 2132 2617 2263 2656; x_wconf 81' lang='lat' dir='ltr'><strong>vero</strong></span> <span class='ocrx_word' id='word_1_497' title='bbox 2315 2607 2668 2673; x_wconf 82' lang='lat' dir='ltr'><strong>pertractavit</strong></span> <span class='ocrx_word' id='word_1_498' title='bbox 2720 2609 2789 2662; x_wconf 90' lang='lat' dir='ltr'><strong>ab</strong></span> <span class='ocrx_word' id='word_1_499' title='bbox 2851 2607 3007 2664; x_wconf 90' lang='lat' dir='ltr'><strong>initio</strong></span> <span class='ocrx_word' id='word_1_500' title='bbox 3064 2623 3236 2676; x_wconf 84' lang='lat' dir='ltr'><strong>usque</strong></span> <span class='ocrx_word' id='word_1_501' title='bbox 3291 2609 3358 2660; x_wconf 87' lang='lat' dir='ltr'><strong>ad</strong></span> <span class='ocrx_word' id='word_1_502' title='bbox 3403 2617 3565 2676; x_wconf 87' lang='lat' dir='ltr'><strong>caput</strong></span> <span class='ocrx_word' id='word_1_503' title='bbox 3624 2609 3712 2661; x_wconf 84' lang='grc' dir='ltr'><strong>Π.</strong></span> 
     </span>
    </p>
   </div>
   <div class='ocr_carea' id='block_1_70' title="bbox 2128 2694 3709 2768">
    <p class='ocr_par' dir='ltr' id='par_1_70' title="bbox 2128 2694 3709 2768">
     <span class='ocr_line' id='line_1_70' title="bbox 2128 2694 3709 2768; baseline 0.003 -22"><span class='ocrx_word' id='word_1_504' title='bbox 2128 2694 2373 2748; x_wconf 83' lang='lat' dir='ltr'><strong>Alterum</strong></span> <span class='ocrx_word' id='word_1_505' title='bbox 2418 2706 2536 2750; x_wconf 90' lang='lat' dir='ltr'><strong>erat</strong></span> <span class='ocrx_word' id='word_1_506' title='bbox 2615 2701 2758 2768; x_wconf 90' lang='lat' dir='ltr'><strong>quod</strong></span> <span class='ocrx_word' id='word_1_507' title='bbox 2832 2700 3038 2754; x_wconf 70' lang='lat' dir='ltr'><strong>lrcuwo</strong></span> <span class='ocrx_word' id='word_1_508' title='bbox 3081 2701 3348 2768; x_wconf 83' lang='lat' dir='ltr'><strong>agendum</strong></span> <span class='ocrx_word' id='word_1_509' title='bbox 3435 2702 3709 2762; x_wconf 82' lang='lat' dir='ltr'><strong>restabat,</strong></span> 
     </span>
    </p>
   </div>
   <div class='ocr_carea' id='block_1_71' title="bbox 2128 2783 3711 2860">
    <p class='ocr_par' dir='ltr' id='par_1_71' title="bbox 2128 2783 3711 2860">
     <span class='ocr_line' id='line_1_71' title="bbox 2128 2783 3711 2860; baseline 0.004 -23"><span class='ocrx_word' id='word_1_510' title='bbox 2128 2783 2338 2838; x_wconf 87' lang='lat' dir='ltr'><strong>scilicet</strong></span> <span class='ocrx_word' id='word_1_511' title='bbox 2363 2785 2595 2855; x_wconf 89' lang='lat' dir='ltr'><strong>reliquos</strong></span> <span class='ocrx_word' id='word_1_512' title='bbox 2625 2805 2892 2843; x_wconf 87' lang='lat' dir='ltr'><strong>sermones</strong></span> <span class='ocrx_word' id='word_1_513' title='bbox 2929 2790 3167 2855; x_wconf 88' lang='lat' dir='ltr'><strong>Domini,</strong></span> <span class='ocrx_word' id='word_1_514' title='bbox 3192 2806 3321 2860; x_wconf 89' lang='lat' dir='ltr'><strong>quos</strong></span> <span class='ocrx_word' id='word_1_515' title='bbox 3356 2791 3566 2860; x_wconf 87' lang='lat' dir='ltr'><strong>quidem</strong></span> <span class='ocrx_word' id='word_1_516' title='bbox 3600 2806 3711 2844; x_wconf 83' lang='lat' dir='ltr'><strong>non</strong></span> 
     </span>
    </p>
   </div>
   <div class='ocr_carea' id='block_1_72' title="bbox 2126 2879 3712 2953">
    <p class='ocr_par' dir='ltr' id='par_1_72' title="bbox 2126 2879 3712 2953">
     <span class='ocr_line' id='line_1_72' title="bbox 2126 2879 3712 2953; baseline 0.005 -25"><span class='ocrx_word' id='word_1_517' title='bbox 2126 2893 2220 2944; x_wconf 88' lang='lat' dir='ltr'><strong>per</strong></span> <span class='ocrx_word' id='word_1_518' title='bbox 2249 2879 2553 2944; x_wconf 86' lang='lat' dir='ltr'><strong>parabolas,</strong></span> <span class='ocrx_word' id='word_1_519' title='bbox 2590 2881 2680 2934; x_wconf 86' lang='lat' dir='ltr'><strong>sed</strong></span> <span class='ocrx_word' id='word_1_520' title='bbox 2695 2883 3003 2944; x_wconf 86' lang='lat' dir='ltr'><strong>simpliciter</strong></span> <span class='ocrx_word' id='word_1_521' title='bbox 3025 2885 3154 2953; x_wconf 88' lang='lat' dir='ltr'><strong>ipsis</strong></span> <span class='ocrx_word' id='word_1_522' title='bbox 3182 2885 3501 2937; x_wconf 88' lang='lat' dir='ltr'><strong>dictionibus</strong></span> <span class='ocrx_word' id='word_1_523' title='bbox 3525 2886 3712 2936; x_wconf 81' lang='lat' dir='ltr'><strong>docuit</strong></span> 
     </span>
    </p>
   </div>
   <div class='ocr_carea' id='block_1_73' title="bbox 2127 2969 3710 3045">
    <p class='ocr_par' dir='ltr' id='par_1_73' title="bbox 2127 2969 3710 3045">
     <span class='ocr_line' id='line_1_73' title="bbox 2127 2969 3710 3045; baseline 0.005 -23"><span class='ocrx_word' id='word_1_524' title='bbox 2127 2974 2191 3022; x_wconf 89' lang='lat' dir='ltr'><strong>de</strong></span> <span class='ocrx_word' id='word_1_525' title='bbox 2215 2969 2400 3037; x_wconf 89' lang='lat' dir='ltr'><strong>Patre,</strong></span> <span class='ocrx_word' id='word_1_526' title='bbox 2435 2973 2735 3040; x_wconf 85' lang='lat' dir='ltr'><strong>disponere.</strong></span> <span class='ocrx_word' id='word_1_527' title='bbox 2782 2977 2936 3042; x_wconf 74' lang='lat' dir='ltr'><strong>Quod</strong></span> <span class='ocrx_word' id='word_1_528' title='bbox 2982 2977 3241 3044; x_wconf 76' lang='lat' dir='ltr'><strong>pnestitit</strong></span> <span class='ocrx_word' id='word_1_529' title='bbox 3286 2995 3312 3030; x_wconf 87' lang='lat' dir='ltr'><strong>a</strong></span> <span class='ocrx_word' id='word_1_530' title='bbox 3356 2992 3478 3045; x_wconf 86' lang='lat' dir='ltr'><strong>cap.</strong></span> <span class='ocrx_word' id='word_1_531' title='bbox 3515 2977 3577 3030; x_wconf 83' lang='lat' dir='ltr'><strong>l7</strong></span> <span class='ocrx_word' id='word_1_532' title='bbox 3612 2994 3710 3030; x_wconf 88' lang='lat' dir='ltr'><strong>us—</strong></span> 
     </span>
    </p>
   </div>
   <div class='ocr_carea' id='block_1_74' title="bbox 2129 3066 3714 3138">
    <p class='ocr_par' dir='ltr' id='par_1_74' title="bbox 2129 3066 3714 3138">
     <span class='ocr_line' id='line_1_74' title="bbox 2129 3066 3714 3138; baseline 0.002 -21"><span class='ocrx_word' id='word_1_533' title='bbox 2129 3079 2236 3133; x_wconf 86' lang='lat' dir='ltr'><strong>que</strong></span> <span class='ocrx_word' id='word_1_534' title='bbox 2266 3067 2336 3120; x_wconf 86' lang='lat' dir='ltr'><strong>ad</strong></span> <span class='ocrx_word' id='word_1_535' title='bbox 2367 3066 2456 3132; x_wconf 70' lang='lat'><strong>25,</strong></span> <span class='ocrx_word' id='word_1_536' title='bbox 2491 3084 2520 3122; x_wconf 87' lang='lat' dir='ltr'><strong>a</strong></span> <span class='ocrx_word' id='word_1_537' title='bbox 2545 3085 2652 3138; x_wconf 89' lang='lat' dir='ltr'><strong>quo</strong></span> <span class='ocrx_word' id='word_1_538' title='bbox 2679 3070 2745 3123; x_wconf 87' lang='lat' dir='ltr'><strong>de</strong></span> <span class='ocrx_word' id='word_1_539' title='bbox 2774 3069 3137 3132; x_wconf 85' lang='lat' dir='ltr'><strong>Antichristo,</strong></span> <span class='ocrx_word' id='word_1_540' title='bbox 3190 3081 3300 3122; x_wconf 90' lang='lat' dir='ltr'><strong>tum</strong></span> <span class='ocrx_word' id='word_1_541' title='bbox 3336 3069 3401 3123; x_wconf 86' lang='lat' dir='ltr'><strong>de</strong></span> <span class='ocrx_word' id='word_1_542' title='bbox 3455 3071 3714 3122; x_wconf 84' lang='lat' dir='ltr'><strong>millcna-</strong></span> 
     </span>
    </p>
   </div>
   <div class='ocr_carea' id='block_1_75' title="bbox 2133 3161 3713 3234">
    <p class='ocr_par' dir='ltr' id='par_1_75' title="bbox 2133 3161 3713 3234">
     <span class='ocr_line' id='line_1_75' title="bbox 2133 3161 3713 3234; baseline 0.001 -20"><span class='ocrx_word' id='word_1_543' title='bbox 2133 3162 2213 3215; x_wconf 89' lang='lat' dir='ltr'><strong>rio</strong></span> <span class='ocrx_word' id='word_1_544' title='bbox 2243 3161 2443 3218; x_wconf 85' lang='lat' dir='ltr'><strong>Christi</strong></span> <span class='ocrx_word' id='word_1_545' title='bbox 2493 3180 2662 3234; x_wconf 78' lang='lat' dir='ltr'><strong>regno</strong></span> <span class='ocrx_word' id='word_1_546' title='bbox 2691 3180 2863 3234; x_wconf 86' lang='lat' dir='ltr'><strong>usque</strong></span> <span class='ocrx_word' id='word_1_547' title='bbox 2906 3165 2972 3218; x_wconf 87' lang='lat' dir='ltr'><strong>ad</strong></span> <span class='ocrx_word' id='word_1_548' title='bbox 3027 3165 3152 3218; x_wconf 92' lang='lat' dir='ltr'><strong>libri</strong></span> <span class='ocrx_word' id='word_1_549' title='bbox 3215 3167 3378 3217; x_wconf 84' lang='lat' dir='ltr'><strong>tinem</strong></span> <span class='ocrx_word' id='word_1_550' title='bbox 3427 3165 3713 3218; x_wconf 67' lang='lat' dir='ltr'><strong>dissert-re</strong></span> 
     </span>
    </p>
   </div>
   <div class='ocr_carea' id='block_1_76' title="bbox 2130 3253 3714 3329">
    <p class='ocr_par' dir='ltr' id='par_1_76' title="bbox 2130 3253 3714 3329">
     <span class='ocr_line' id='line_1_76' title="bbox 2130 3253 3714 3329; baseline 0.004 -22"><span class='ocrx_word' id='word_1_551' title='bbox 2130 3253 2339 3324; x_wconf 86' lang='lat' dir='ltr'><strong>incipit.</strong></span> <span class='ocrx_word' id='word_1_552' title='bbox 2374 3256 2609 3325; x_wconf 90' lang='lat' dir='ltr'><strong>Scopmn</strong></span> <span class='ocrx_word' id='word_1_553' title='bbox 2631 3258 2799 3328; x_wconf 82' lang='lat' dir='ltr'><strong>igitur</strong></span> <span class='ocrx_word' id='word_1_554' title='bbox 2823 3275 2945 3313; x_wconf 90' lang='lat' dir='ltr'><strong>cum</strong></span> <span class='ocrx_word' id='word_1_555' title='bbox 2967 3260 3217 3329; x_wconf 83' lang='lat' dir='ltr'><strong>attigerit</strong></span> <span class='ocrx_word' id='word_1_556' title='bbox 3241 3258 3495 3324; x_wconf 81' lang='lat' dir='ltr'><strong>lremeus,</strong></span> <span class='ocrx_word' id='word_1_557' title='bbox 3513 3262 3714 3314; x_wconf 88' lang='lat' dir='ltr'><strong>tidem-</strong></span> 
     </span>
    </p>
   </div>
   <div class='ocr_carea' id='block_1_77' title="bbox 2129 3345 3714 3421">
    <p class='ocr_par' dir='ltr' id='par_1_77' title="bbox 2129 3345 3714 3421">
     <span class='ocr_line' id='line_1_77' title="bbox 2129 3345 3714 3421; baseline 0.008 -26"><span class='ocrx_word' id='word_1_558' title='bbox 2129 3359 2234 3414; x_wconf 90' lang='lat' dir='ltr'><strong>que</strong></span> <span class='ocrx_word' id='word_1_559' title='bbox 2264 3345 2599 3415; x_wconf 87' lang='lat' dir='ltr'><strong>liberaverit,</strong></span> <span class='ocrx_word' id='word_1_560' title='bbox 2634 3347 2836 3403; x_wconf 80' lang='lat' dir='ltr'><strong>frustra</strong></span> <span class='ocrx_word' id='word_1_561' title='bbox 2853 3350 3049 3403; x_wconf 89' lang='lat' dir='ltr'><strong>librum</strong></span> <span class='ocrx_word' id='word_1_562' title='bbox 3068 3351 3318 3420; x_wconf 89' lang='lat' dir='ltr'><strong>quintum</strong></span> <span class='ocrx_word' id='word_1_563' title='bbox 3343 3367 3534 3421; x_wconf 76' lang='lat' dir='ltr'><strong>magna</strong></span> <span class='ocrx_word' id='word_1_564' title='bbox 3551 3363 3714 3420; x_wconf 86' lang='lat' dir='ltr'><strong>parte</strong></span> 
     </span>
    </p>
   </div>
   <div class='ocr_carea' id='block_1_78' title="bbox 2129 3437 3120 3498">
    <p class='ocr_par' dir='ltr' id='par_1_78' title="bbox 2129 3437 3120 3498">
     <span class='ocr_line' id='line_1_78' title="bbox 2129 3437 3120 3498; baseline 0.008 -8"><span class='ocrx_word' id='word_1_565' title='bbox 2129 3437 2375 3490; x_wconf 88' lang='lat' dir='ltr'><strong>mutilum</strong></span> <span class='ocrx_word' id='word_1_566' title='bbox 2398 3453 2518 3494; x_wconf 90' lang='lat' dir='ltr'><strong>esse</strong></span> <span class='ocrx_word' id='word_1_567' title='bbox 2556 3442 2837 3495; x_wconf 82' lang='lat' dir='ltr'><strong>contendit</strong></span> <span class='ocrx_word' id='word_1_568' title='bbox 2862 3441 3120 3498; x_wconf 88' lang='lat' dir='ltr'><strong>Grabius.</strong></span> 
     </span>
    </p>
   </div>
   <div class='ocr_carea' id='block_1_79' title="bbox 2197 3527 3714 3604">
    <p class='ocr_par' dir='ltr' id='par_1_79' title="bbox 2197 3527 3714 3604">
     <span class='ocr_line' id='line_1_79' title="bbox 2197 3527 3714 3604; baseline 0.008 -22"><span class='ocrx_word' id='word_1_569' title='bbox 2197 3527 2287 3582; x_wconf 85' lang='lat'><strong>55.</strong></span> <span class='ocrx_word' id='word_1_570' title='bbox 2322 3527 2398 3584; x_wconf 90' lang='lat' dir='ltr'><strong>De</strong></span> <span class='ocrx_word' id='word_1_571' title='bbox 2454 3528 2665 3586; x_wconf 90' lang='lat' dir='ltr'><strong>Latinis</strong></span> <span class='ocrx_word' id='word_1_572' title='bbox 2709 3534 2800 3603; x_wconf 89' lang='lat' dir='ltr'><strong>qui</strong></span> <span class='ocrx_word' id='word_1_573' title='bbox 2845 3546 3137 3604; x_wconf 89' lang='lat' dir='ltr'><strong>supersunt</strong></span> <span class='ocrx_word' id='word_1_574' title='bbox 3186 3535 3374 3588; x_wconf 82' lang='lat' dir='ltr'><strong>lreuaci</strong></span> <span class='ocrx_word' id='word_1_575' title='bbox 3422 3537 3714 3594; x_wconf 86' lang='lat' dir='ltr'><strong>codicibus</strong></span> 
     </span>
    </p>
   </div>
   <div class='ocr_carea' id='block_1_80' title="bbox 2129 3619 3710 3684">
    <p class='ocr_par' dir='ltr' id='par_1_80' title="bbox 2129 3619 3710 3684">
     <span class='ocr_line' id='line_1_80' title="bbox 2129 3619 3710 3684; baseline 0.008 -12"><span class='ocrx_word' id='word_1_576' title='bbox 2129 3634 2259 3674; x_wconf 86' lang='lat' dir='ltr'><strong>mss.</strong></span> <span class='ocrx_word' id='word_1_577' title='bbox 2287 3620 2338 3674; x_wconf 89' lang='lat' dir='ltr'><strong>in</strong></span> <span class='ocrx_word' id='word_1_578' title='bbox 2378 3619 2707 3678; x_wconf 66' lang='lat' dir='ltr'><strong>Praefatione</strong></span> <span class='ocrx_word' id='word_1_579' title='bbox 2751 3625 3010 3680; x_wconf 88' lang='lat' dir='ltr'><strong>disserui.</strong></span> <span class='ocrx_word' id='word_1_580' title='bbox 3057 3627 3132 3682; x_wconf 87' lang='lat' dir='ltr'><strong>De</strong></span> <span class='ocrx_word' id='word_1_581' title='bbox 3189 3626 3396 3682; x_wconf 66' lang='lat' dir='ltr'><strong>Graecis</strong></span> <span class='ocrx_word' id='word_1_582' title='bbox 3447 3630 3582 3684; x_wconf 90' lang='lat' dir='ltr'><strong>nihil</strong></span> <span class='ocrx_word' id='word_1_583' title='bbox 3619 3641 3710 3684; x_wconf 90' lang='lat' dir='ltr'><strong>est</strong></span> 
     </span>
    </p>
   </div>
   <div class='ocr_carea' id='block_1_81' title="bbox 2126 3713 3710 3789">
    <p class='ocr_par' dir='ltr' id='par_1_81' title="bbox 2126 3713 3710 3789">
     <span class='ocr_line' id='line_1_81' title="bbox 2126 3713 3710 3789; baseline 0.008 -24"><span class='ocrx_word' id='word_1_584' title='bbox 2126 3713 2268 3780; x_wconf 89' lang='lat' dir='ltr'><strong>quod</strong></span> <span class='ocrx_word' id='word_1_585' title='bbox 2312 3714 2525 3779; x_wconf 89' lang='lat' dir='ltr'><strong>dicam;</strong></span> <span class='ocrx_word' id='word_1_586' title='bbox 2590 3715 2717 3769; x_wconf 89' lang='lat' dir='ltr'><strong>nulli</strong></span> <span class='ocrx_word' id='word_1_587' title='bbox 2767 3719 2911 3771; x_wconf 90' lang='lat' dir='ltr'><strong>enim</strong></span> <span class='ocrx_word' id='word_1_588' title='bbox 2942 3758 2957 3782; x_wconf 94' lang='lat'><strong>,</strong></span> <span class='ocrx_word' id='word_1_589' title='bbox 3013 3719 3104 3789; x_wconf 86' lang='lat' dir='ltr'><strong>qui</strong></span> <span class='ocrx_word' id='word_1_590' title='bbox 3159 3720 3348 3775; x_wconf 87' lang='lat' dir='ltr'><strong>saltem</strong></span> <span class='ocrx_word' id='word_1_591' title='bbox 3388 3722 3500 3774; x_wconf 89' lang='lat' dir='ltr'><strong>noti</strong></span> <span class='ocrx_word' id='word_1_592' title='bbox 3564 3722 3710 3787; x_wconf 85' lang='lat' dir='ltr'><strong>sint,</strong></span> 
     </span>
    </p>
   </div>
   <div class='ocr_carea' id='block_1_82' title="bbox 2129 3805 3711 3876">
    <p class='ocr_par' dir='ltr' id='par_1_82' title="bbox 2129 3805 3711 3876">
     <span class='ocr_line' id='line_1_82' title="bbox 2129 3805 3711 3876; baseline 0.009 -18"><span class='ocrx_word' id='word_1_593' title='bbox 2129 3805 2292 3859; x_wconf 91' lang='lat' dir='ltr'><strong>hodie</strong></span> <span class='ocrx_word' id='word_1_594' title='bbox 2342 3817 2656 3874; x_wconf 89' lang='lat' dir='ltr'><strong>supersunt.</strong></span> <span class='ocrx_word' id='word_1_595' title='bbox 2707 3807 3031 3876; x_wconf 87' lang='lat' dir='ltr'><strong>Testantur,</strong></span> <span class='ocrx_word' id='word_1_596' title='bbox 3089 3813 3167 3866; x_wconf 90' lang='lat' dir='ltr'><strong>ait</strong></span> <span class='ocrx_word' id='word_1_597' title='bbox 3219 3813 3619 3868; x_wconf 82' lang='lat' dir='ltr'><strong>Feuardentius</strong></span> <span class='ocrx_word' id='word_1_598' title='bbox 3650 3816 3711 3872; x_wconf 91' lang='lat' dir='ltr'><strong>iu</strong></span> 
     </span>
    </p>
   </div>
   <div class='ocr_carea' id='block_1_83' title="bbox 2125 3899 3708 3977">
    <p class='ocr_par' dir='ltr' id='par_1_83' title="bbox 2125 3899 3708 3977">
     <span class='ocr_line' id='line_1_83' title="bbox 2125 3899 3708 3977; baseline 0.003 -23"><span class='ocrx_word' id='word_1_599' title='bbox 2125 3899 2566 3958; x_wconf 88' lang='lat' dir='ltr'><strong>Commonitione</strong></span> <span class='ocrx_word' id='word_1_600' title='bbox 2618 3904 2684 3956; x_wconf 89' lang='lat' dir='ltr'><strong>ad</strong></span> <span class='ocrx_word' id='word_1_601' title='bbox 2739 3905 2971 3960; x_wconf 87' lang='lat' dir='ltr'><strong>lectores</strong></span> <span class='ocrx_word' id='word_1_602' title='bbox 3010 3923 3120 3960; x_wconf 71' lang='lat' dir='ltr'><strong>sua:</strong></span> <span class='ocrx_word' id='word_1_603' title='bbox 3162 3907 3387 3962; x_wconf 88' lang='lat' dir='ltr'><strong>editioni</strong></span> <span class='ocrx_word' id='word_1_604' title='bbox 3450 3909 3708 3977; x_wconf 79' lang='lat' dir='ltr'><strong>pra-lixa,</strong></span> 
     </span>
    </p>
   </div>
   <div class='ocr_carea' id='block_1_84' title="bbox 2127 3993 3712 4066">
    <p class='ocr_par' dir='ltr' id='par_1_84' title="bbox 2127 3993 3712 4066">
     <span class='ocr_line' id='line_1_84' title="bbox 2127 3993 3712 4066; baseline 0.004 -19"><span class='ocrx_word' id='word_1_605' title='bbox 2127 3993 2368 4047; x_wconf 89' lang='lat' dir='ltr'><strong>nonnulli</strong></span> <span class='ocrx_word' id='word_1_606' title='bbox 2389 3996 2464 4063; x_wconf 88' lang='lat' dir='ltr'><strong>pii</strong></span> <span class='ocrx_word' id='word_1_607' title='bbox 2497 4005 2545 4046; x_wconf 91' lang='lat' dir='ltr'><strong>et</strong></span> <span class='ocrx_word' id='word_1_608' title='bbox 2598 3995 2739 4048; x_wconf 85' lang='lat' dir='ltr'><strong>docti</strong></span> <span class='ocrx_word' id='word_1_609' title='bbox 2783 3999 2906 4058; x_wconf 71' lang='lat' dir='ltr'><strong>viri,</strong></span> <span class='ocrx_word' id='word_1_610' title='bbox 2950 4015 3004 4050; x_wconf 90' lang='lat' dir='ltr'><strong>se</strong></span> <span class='ocrx_word' id='word_1_611' title='bbox 3049 3997 3294 4052; x_wconf 65' lang='lat' dir='ltr'><strong>Gra&#39;cum</strong></span> <span class='ocrx_word' id='word_1_612' title='bbox 3340 4001 3610 4066; x_wconf 80' lang='lat' dir='ltr'><strong>exemplar</strong></span> <span class='ocrx_word' id='word_1_613' title='bbox 3651 4001 3712 4054; x_wconf 81' lang='lat' dir='ltr'><strong>in</strong></span> 
     </span>
    </p>
   </div>
   <div class='ocr_carea' id='block_1_85' title="bbox 2141 4083 3705 4162">
    <p class='ocr_par' dir='ltr' id='par_1_85' title="bbox 2141 4083 3705 4162">
     <span class='ocr_line' id='line_1_85' title="bbox 2141 4083 3705 4162; baseline 0.004 -25"><span class='ocrx_word' id='word_1_614' title='bbox 2141 4083 2426 4140; x_wconf 81' lang='lat' dir='ltr'><strong>Venetiana</strong></span> <span class='ocrx_word' id='word_1_615' title='bbox 2485 4086 2800 4141; x_wconf 74' lang='lat' dir='ltr'><strong>bibliotheca</strong></span> <span class='ocrx_word' id='word_1_616' title='bbox 2836 4089 3052 4159; x_wconf 86' lang='lat' dir='ltr'><strong>legisse;</strong></span> <span class='ocrx_word' id='word_1_617' title='bbox 3085 4091 3180 4143; x_wconf 88' lang='lat' dir='ltr'><strong>alii</strong></span> <span class='ocrx_word' id='word_1_618' title='bbox 3224 4107 3429 4162; x_wconf 88' lang='lat' dir='ltr'><strong>quoque</strong></span> <span class='ocrx_word' id='word_1_619' title='bbox 3456 4093 3508 4145; x_wconf 88' lang='lat' dir='ltr'><strong>in</strong></span> <span class='ocrx_word' id='word_1_620' title='bbox 3545 4090 3705 4144; x_wconf 77' lang='lat' dir='ltr'><strong>Vati-</strong></span> 
     </span>
    </p>
   </div>
   <div class='ocr_carea' id='block_1_86' title="bbox 2127 4175 3708 4249">
    <p class='ocr_par' dir='ltr' id='par_1_86' title="bbox 2127 4175 3708 4249">
     <span class='ocr_line' id='line_1_86' title="bbox 2127 4175 3708 4249; baseline 0.008 -23"><span class='ocrx_word' id='word_1_621' title='bbox 2127 4191 2262 4227; x_wconf 89' lang='lat' dir='ltr'><strong>cana</strong></span> <span class='ocrx_word' id='word_1_622' title='bbox 2289 4175 2457 4228; x_wconf 80' lang='lat' dir='ltr'><strong>visum</strong></span> <span class='ocrx_word' id='word_1_623' title='bbox 2507 4176 2728 4245; x_wconf 80' lang='lat' dir='ltr'><strong>ferunt;</strong></span> <span class='ocrx_word' id='word_1_624' title='bbox 2771 4195 2888 4248; x_wconf 79' lang='lat' dir='ltr'><strong>qua:</strong></span> <span class='ocrx_word' id='word_1_625' title='bbox 2941 4190 3138 4244; x_wconf 85' lang='lat' dir='ltr'><strong>tamen,</strong></span> <span class='ocrx_word' id='word_1_626' title='bbox 3189 4181 3360 4247; x_wconf 84' lang='lat' dir='ltr'><strong>addit,</strong></span> <span class='ocrx_word' id='word_1_627' title='bbox 3393 4183 3464 4236; x_wconf 86' lang='lat' dir='ltr'><strong>ibi</strong></span> <span class='ocrx_word' id='word_1_628' title='bbox 3518 4195 3708 4249; x_wconf 72' lang='lat' dir='ltr'><strong>postea</strong></span> 
     </span>
    </p>
   </div>
   <div class='ocr_carea' id='block_1_87' title="bbox 2126 4267 3712 4342">
    <p class='ocr_par' dir='ltr' id='par_1_87' title="bbox 2126 4267 3712 4342">
     <span class='ocr_line' id='line_1_87' title="bbox 2126 4267 3712 4342; baseline 0.006 -23"><span class='ocrx_word' id='word_1_629' title='bbox 2126 4267 2328 4336; x_wconf 81' lang='lat' dir='ltr'><strong>frustra</strong></span> <span class='ocrx_word' id='word_1_630' title='bbox 2354 4270 2573 4338; x_wconf 73' lang='lat' dir='ltr'><strong>qua’sita</strong></span> <span class='ocrx_word' id='word_1_631' title='bbox 2603 4278 2746 4326; x_wconf 83' lang='lat' dir='ltr'><strong>sunt.</strong></span> <span class='ocrx_word' id='word_1_632' title='bbox 2804 4273 2860 4326; x_wconf 91' lang='lat' dir='ltr'><strong>In</strong></span> <span class='ocrx_word' id='word_1_633' title='bbox 2914 4270 3242 4327; x_wconf 85' lang='lat' dir='ltr'><strong>bibli0tbeca</strong></span> <span class='ocrx_word' id='word_1_634' title='bbox 3277 4275 3495 4342; x_wconf 84' lang='lat' dir='ltr'><strong>quidem</strong></span> <span class='ocrx_word' id='word_1_635' title='bbox 3547 4275 3712 4329; x_wconf 77' lang='lat' dir='ltr'><strong>Vati-</strong></span> 
     </span>
    </p>
   </div>
   <div class='ocr_carea' id='block_1_88' title="bbox 2125 4359 3711 4435">
    <p class='ocr_par' dir='ltr' id='par_1_88' title="bbox 2125 4359 3711 4435">
     <span class='ocr_line' id='line_1_88' title="bbox 2125 4359 3711 4435; baseline 0.006 -22"><span class='ocrx_word' id='word_1_636' title='bbox 2125 4374 2261 4413; x_wconf 90' lang='lat' dir='ltr'><strong>cana</strong></span> <span class='ocrx_word' id='word_1_637' title='bbox 2312 4359 2514 4413; x_wconf 89' lang='lat' dir='ltr'><strong>nullum</strong></span> <span class='ocrx_word' id='word_1_638' title='bbox 2547 4371 2767 4416; x_wconf 82' lang='lat' dir='ltr'><strong>exstare</strong></span> <span class='ocrx_word' id='word_1_639' title='bbox 2794 4380 2894 4419; x_wconf 88' lang='lat' dir='ltr'><strong>ms.</strong></span> <span class='ocrx_word' id='word_1_640' title='bbox 2937 4365 3125 4419; x_wconf 81' lang='lat' dir='ltr'><strong>lremei</strong></span> <span class='ocrx_word' id='word_1_641' title='bbox 3148 4367 3391 4421; x_wconf 87' lang='lat' dir='ltr'><strong>codicem</strong></span> <span class='ocrx_word' id='word_1_642' title='bbox 3425 4361 3711 4435; x_wconf 70' lang='lat' dir='ltr'><strong>(lt-tecum,</strong></span> 
     </span>
    </p>
   </div>
   <div class='ocr_carea' id='block_1_89' title="bbox 2127 4452 3707 4522">
    <p class='ocr_par' dir='ltr' id='par_1_89' title="bbox 2127 4452 3707 4522">
     <span class='ocr_line' id='line_1_89' title="bbox 2127 4452 3707 4522; baseline 0.008 -18"><span class='ocrx_word' id='word_1_643' title='bbox 2127 4452 2234 4506; x_wconf 88' lang='lat' dir='ltr'><strong>imo</strong></span> <span class='ocrx_word' id='word_1_644' title='bbox 2262 4453 2490 4522; x_wconf 84' lang='lat' dir='ltr'><strong>uecjam</strong></span> <span class='ocrx_word' id='word_1_645' title='bbox 2531 4456 2805 4522; x_wconf 89' lang='lat' dir='ltr'><strong>Latinum,</strong></span> <span class='ocrx_word' id='word_1_646' title='bbox 2854 4467 3092 4512; x_wconf 88' lang='lat' dir='ltr'><strong>constat.</strong></span> <span class='ocrx_word' id='word_1_647' title='bbox 3131 4457 3186 4512; x_wconf 87' lang='lat' dir='ltr'><strong>In</strong></span> <span class='ocrx_word' id='word_1_648' title='bbox 3238 4458 3447 4513; x_wconf 75' lang='lat' dir='ltr'><strong>Veneta</strong></span> <span class='ocrx_word' id='word_1_649' title='bbox 3478 4476 3612 4516; x_wconf 85' lang='lat' dir='ltr'><strong>vero</strong></span> <span class='ocrx_word' id='word_1_650' title='bbox 3654 4463 3707 4516; x_wconf 81' lang='lat' dir='ltr'><strong>si</strong></span> 
     </span>
    </p>
   </div>
   <div class='ocr_carea' id='block_1_90' title="bbox 444 4543 2026 4618">
    <p class='ocr_par' dir='ltr' id='par_1_90' title="bbox 444 4550 2017 4617">
     <span class='ocr_line' id='line_1_90' title="bbox 444 4550 2017 4617; baseline -0.003 -8"><span class='ocrx_word' id='word_1_651' title='bbox 444 4556 608 4610; x_wconf 85' lang='lat' dir='ltr'><strong>ratim</strong></span> <span class='ocrx_word' id='word_1_652' title='bbox 642 4555 1046 4617; x_wconf 89' lang='lat' dir='ltr'><strong>demonstrare,</strong></span> <span class='ocrx_word' id='word_1_653' title='bbox 1071 4565 1234 4603; x_wconf 81' lang='lat' dir='ltr'><strong>unum</strong></span> <span class='ocrx_word' id='word_1_654' title='bbox 1259 4563 1382 4604; x_wconf 90' lang='lat' dir='ltr'><strong>esse</strong></span> <span class='ocrx_word' id='word_1_655' title='bbox 1400 4550 1568 4602; x_wconf 88' lang='lat' dir='ltr'><strong>Deum</strong></span> <span class='ocrx_word' id='word_1_656' title='bbox 1599 4550 1788 4604; x_wconf 88' lang='lat' dir='ltr'><strong>mundi</strong></span> <span class='ocrx_word' id='word_1_657' title='bbox 1808 4561 2017 4605; x_wconf 83' lang='lat' dir='ltr'><strong>creato-</strong></span> 
     </span>
    </p>
   </div>
   <div class='ocr_carea' id='block_1_91' title="bbox 2132 4543 3710 4618">
    <p class='ocr_par' dir='ltr' id='par_1_91' title="bbox 2132 4543 3710 4618">
     <span class='ocr_line' id='line_1_91' title="bbox 2132 4543 3710 4618; baseline 0.008 -24"><span class='ocrx_word' id='word_1_658' title='bbox 2132 4544 2247 4611; x_wconf 81' lang='lat' dir='ltr'><strong>quis</strong></span> <span class='ocrx_word' id='word_1_659' title='bbox 2272 4543 2503 4599; x_wconf 82' lang='lat' dir='ltr'><strong>forsitan</strong></span> <span class='ocrx_word' id='word_1_660' title='bbox 2536 4555 2704 4612; x_wconf 82' lang='lat' dir='ltr'><strong>esset,</strong></span> <span class='ocrx_word' id='word_1_661' title='bbox 2735 4543 2904 4617; x_wconf 86' lang='lat' dir='ltr'><strong>&#39;quod</strong></span> <span class='ocrx_word' id='word_1_662' title='bbox 2956 4563 3064 4602; x_wconf 91' lang='lat' dir='ltr'><strong>non</strong></span> <span class='ocrx_word' id='word_1_663' title='bbox 3115 4557 3283 4618; x_wconf 91' lang='lat' dir='ltr'><strong>puto,</strong></span> <span class='ocrx_word' id='word_1_664' title='bbox 3331 4564 3428 4603; x_wconf 91' lang='lat' dir='ltr'><strong>suo</strong></span> <span class='ocrx_word' id='word_1_665' title='bbox 3477 4551 3710 4618; x_wconf 88' lang='lat' dir='ltr'><strong>pulvere</strong></span> 
     </span>
    </p>
   </div>
   <div class='ocr_carea' id='block_1_92' title="bbox 443 4641 2022 4715">
    <p class='ocr_par' dir='ltr' id='par_1_92' title="bbox 443 4641 2022 4715">
     <span class='ocr_line' id='line_1_92' title="bbox 443 4641 2022 4715; baseline -0.003 -12"><span class='ocrx_word' id='word_1_666' title='bbox 443 4665 580 4714; x_wconf 80' lang='lat' dir='ltr'><strong>rem,</strong></span> <span class='ocrx_word' id='word_1_667' title='bbox 610 4648 976 4715; x_wconf 87' lang='lat' dir='ltr'><strong>eumdemque</strong></span> <span class='ocrx_word' id='word_1_668' title='bbox 1004 4644 1220 4698; x_wconf 82' lang='lat' dir='ltr'><strong>Patrem</strong></span> <span class='ocrx_word' id='word_1_669' title='bbox 1253 4641 1562 4696; x_wconf 87' lang='lat' dir='ltr'><strong>Servatoris</strong></span> <span class='ocrx_word' id='word_1_670' title='bbox 1609 4643 1805 4706; x_wconf 88' lang='lat' dir='ltr'><strong>nostri,</strong></span> <span class='ocrx_word' id='word_1_671' title='bbox 1843 4660 1909 4698; x_wconf 90' lang='lat' dir='ltr'><strong>ne</strong></span> <span class='ocrx_word' id='word_1_672' title='bbox 1931 4659 2022 4699; x_wconf 90' lang='lat' dir='ltr'><strong>ac-</strong></span> 
     </span>
    </p>
   </div>
   <div class='ocr_carea' id='block_1_93' title="bbox 446 4736 2022 4809">
    <p class='ocr_par' dir='ltr' id='par_1_93' title="bbox 446 4736 2022 4809">
     <span class='ocr_line' id='line_1_93' title="bbox 446 4736 2022 4809; baseline 0 -18"><span class='ocrx_word' id='word_1_673' title='bbox 446 4753 560 4795; x_wconf 89' lang='lat' dir='ltr'><strong>tum</strong></span> <span class='ocrx_word' id='word_1_674' title='bbox 587 4740 966 4809; x_wconf 88' lang='lat' dir='ltr'><strong>superioribus</strong></span> <span class='ocrx_word' id='word_1_675' title='bbox 983 4738 1138 4793; x_wconf 90' lang='lat' dir='ltr'><strong>libris</strong></span> <span class='ocrx_word' id='word_1_676' title='bbox 1155 4746 1363 4806; x_wconf 77' lang='lat' dir='ltr'><strong>ageret.</strong></span> <span class='ocrx_word' id='word_1_677' title='bbox 1391 4736 1439 4788; x_wconf 93' lang='lat' dir='ltr'><strong>ld</strong></span> <span class='ocrx_word' id='word_1_678' title='bbox 1459 4737 1573 4806; x_wconf 90' lang='lat' dir='ltr'><strong>ipse</strong></span> <span class='ocrx_word' id='word_1_679' title='bbox 1587 4736 1896 4790; x_wconf 89' lang='lat' dir='ltr'><strong>declaratin</strong></span> <span class='ocrx_word' id='word_1_680' title='bbox 1917 4737 2022 4792; x_wconf 89' lang='lat' dir='ltr'><strong>llue</strong></span> 
     </span>
    </p>
   </div>
   <div class='ocr_carea' id='block_1_94' title="bbox 443 4829 2024 4900">
    <p class='ocr_par' dir='ltr' id='par_1_94' title="bbox 443 4829 2024 4900">
     <span class='ocr_line' id='line_1_94' title="bbox 443 4829 2024 4900; baseline -0.004 -12"><span class='ocrx_word' id='word_1_681' title='bbox 443 4835 572 4889; x_wconf 81' lang='lat' dir='ltr'><strong>libri</strong></span> <span class='ocrx_word' id='word_1_682' title='bbox 599 4850 648 4887; x_wconf 88' lang='lat' dir='ltr'><strong>tv</strong></span> <span class='ocrx_word' id='word_1_683' title='bbox 680 4848 694 4886; x_wconf 89' lang='lat'><strong>:</strong></span> <span class='ocrx_word' id='word_1_684' title='bbox 723 4833 1011 4898; x_wconf 85' lang='lat' dir='ltr'><strong>Quoniam,</strong></span> <span class='ocrx_word' id='word_1_685' title='bbox 1038 4832 1236 4899; x_wconf 88' lang='lat' dir='ltr'><strong>inquit,</strong></span> <span class='ocrx_word' id='word_1_686' title='bbox 1262 4830 1415 4883; x_wconf 88' lang='lat' dir='ltr'><strong>multi</strong></span> <span class='ocrx_word' id='word_1_687' title='bbox 1439 4829 1648 4900; x_wconf 86' lang='lat' dir='ltr'><strong>quidem</strong></span> <span class='ocrx_word' id='word_1_688' title='bbox 1677 4829 1892 4883; x_wconf 87' lang='lat' dir='ltr'><strong>Domini</strong></span> <span class='ocrx_word' id='word_1_689' title='bbox 1915 4846 2024 4883; x_wconf 89' lang='lat' dir='ltr'><strong>ser-</strong></span> 
     </span>
    </p>
   </div>
   <div class='ocr_carea' id='block_1_95' title="bbox 447 4921 2020 4990">
    <p class='ocr_par' dir='ltr' id='par_1_95' title="bbox 447 4921 2020 4990">
     <span class='ocr_line' id='line_1_95' title="bbox 447 4921 2020 4990; baseline -0.002 -10"><span class='ocrx_word' id='word_1_690' title='bbox 447 4943 628 4980; x_wconf 88' lang='lat' dir='ltr'><strong>mones</strong></span> <span class='ocrx_word' id='word_1_691' title='bbox 651 4967 666 4990; x_wconf 94' lang='lat'><strong>,</strong></span> <span class='ocrx_word' id='word_1_692' title='bbox 693 4941 858 4978; x_wconf 89' lang='lat' dir='ltr'><strong>unum</strong></span> <span class='ocrx_word' id='word_1_693' title='bbox 889 4936 1064 4976; x_wconf 91' lang='lat' dir='ltr'><strong>autem</strong></span> <span class='ocrx_word' id='word_1_694' title='bbox 1094 4925 1397 4978; x_wconf 84' lang='lat' dir='ltr'><strong>etcumdem</strong></span> <span class='ocrx_word' id='word_1_695' title='bbox 1427 4925 1748 4976; x_wconf 89' lang='lat' dir='ltr'><strong>annuntiant</strong></span> <span class='ocrx_word' id='word_1_696' title='bbox 1780 4921 2020 4988; x_wconf 86' lang='lat' dir='ltr'><strong>Patrem,</strong></span> 
     </span>
    </p>
   </div>
   <div class='ocr_carea' id='block_1_96' title="bbox 445 5015 2022 5088">
    <p class='ocr_par' dir='ltr' id='par_1_96' title="bbox 445 5015 2022 5088">
     <span class='ocr_line' id='line_1_96' title="bbox 445 5015 2022 5088; baseline -0.003 -15"><span class='ocrx_word' id='word_1_697' title='bbox 445 5022 704 5088; x_wconf 72' lang='lat' dir='ltr'><strong>factorem</strong></span> <span class='ocrx_word' id='word_1_698' title='bbox 728 5017 915 5068; x_wconf 85' lang='lat' dir='ltr'><strong>mundi</strong></span> <span class='ocrx_word' id='word_1_699' title='bbox 937 5015 1096 5084; x_wconf 88' lang='lat' dir='ltr'><strong>hujus</strong></span> <span class='ocrx_word' id='word_1_700' title='bbox 1125 5033 1144 5080; x_wconf 87' lang='lat'><strong><em>;</em></strong></span> <span class='ocrx_word' id='word_1_701' title='bbox 1179 5016 1508 5085; x_wconf 87' lang='lat' dir='ltr'><strong>oportebatet</strong></span> <span class='ocrx_word' id='word_1_702' title='bbox 1529 5032 1626 5069; x_wconf 89' lang='lat' dir='ltr'><strong>nos</strong></span> <span class='ocrx_word' id='word_1_703' title='bbox 1661 5025 1874 5082; x_wconf 86' lang='lat' dir='ltr'><strong>prapter</strong></span> <span class='ocrx_word' id='word_1_704' title='bbox 1909 5033 2022 5078; x_wconf 85' lang='lat' dir='ltr'><strong>eos,</strong></span> 
     </span>
    </p>
   </div>
   <div class='ocr_carea' id='block_1_97' title="bbox 443 5108 2024 5182">
    <p class='ocr_par' dir='ltr' id='par_1_97' title="bbox 443 5108 2024 5182">
     <span class='ocr_line' id='line_1_97' title="bbox 443 5108 2024 5182; baseline -0.003 -17"><span class='ocrx_word' id='word_1_705' title='bbox 443 5114 534 5182; x_wconf 85' lang='lat' dir='ltr'><strong>qui</strong></span> <span class='ocrx_word' id='word_1_706' title='bbox 566 5111 621 5163; x_wconf 90' lang='lat' dir='ltr'><strong>in</strong></span> <span class='ocrx_word' id='word_1_707' title='bbox 657 5108 836 5162; x_wconf 87' lang='lat' dir='ltr'><strong>multis</strong></span> <span class='ocrx_word' id='word_1_708' title='bbox 872 5108 1141 5160; x_wconf 87' lang='lat' dir='ltr'><strong>erroribus</strong></span> <span class='ocrx_word' id='word_1_709' title='bbox 1178 5109 1536 5170; x_wconf 80' lang='lat' dir='ltr'><strong>continentur,</strong></span> <span class='ocrx_word' id='word_1_710' title='bbox 1573 5123 1669 5176; x_wconf 84' lang='lat' dir='ltr'><strong>per</strong></span> <span class='ocrx_word' id='word_1_711' title='bbox 1695 5108 1864 5161; x_wconf 90' lang='lat' dir='ltr'><strong>multa</strong></span> <span class='ocrx_word' id='word_1_712' title='bbox 1899 5125 2024 5161; x_wconf 82' lang='lat' dir='ltr'><strong>con-</strong></span> 
     </span>
    </p>
   </div>
   <div class='ocr_carea' id='block_1_98' title="bbox 440 5200 2022 5275">
    <p class='ocr_par' dir='ltr' id='par_1_98' title="bbox 440 5200 2022 5275">
     <span class='ocr_line' id='line_1_98' title="bbox 440 5200 2022 5275; baseline -0.002 -17"><span class='ocrx_word' id='word_1_713' title='bbox 440 5209 644 5275; x_wconf 64' lang='lat' dir='ltr'><strong>tutare,</strong></span> <span class='ocrx_word' id='word_1_714' title='bbox 676 5204 723 5256; x_wconf 91' lang='lat' dir='ltr'><strong>si</strong></span> <span class='ocrx_word' id='word_1_715' title='bbox 749 5219 852 5273; x_wconf 90' lang='lat' dir='ltr'><strong>quo</strong></span> <span class='ocrx_word' id='word_1_716' title='bbox 881 5200 1035 5254; x_wconf 88' lang='lat' dir='ltr'><strong>modo</strong></span> <span class='ocrx_word' id='word_1_717' title='bbox 1069 5213 1276 5268; x_wconf 80' lang='lat' dir='ltr'><strong>possent</strong></span> <span class='ocrx_word' id='word_1_718' title='bbox 1322 5219 1416 5269; x_wconf 87' lang='lat' dir='ltr'><strong>per</strong></span> <span class='ocrx_word' id='word_1_719' title='bbox 1445 5202 1614 5256; x_wconf 86' lang='lat' dir='ltr'><strong>multa</strong></span> <span class='ocrx_word' id='word_1_720' title='bbox 1651 5204 1913 5272; x_wconf 79' lang='lat' dir='ltr'><strong>confutati</strong></span> <span class='ocrx_word' id='word_1_721' title='bbox 1953 5204 2022 5256; x_wconf 86' lang='lat' dir='ltr'><strong>ad</strong></span> 
     </span>
    </p>
   </div>
   <div class='ocr_carea' id='block_1_99' title="bbox 443 5293 2020 5364">
    <p class='ocr_par' dir='ltr' id='par_1_99' title="bbox 443 5293 2020 5364">
     <span class='ocr_line' id='line_1_99' title="bbox 443 5293 2020 5364; baseline -0.002 -13"><span class='ocrx_word' id='word_1_722' title='bbox 443 5297 714 5350; x_wconf 83' lang='lat' dir='ltr'><strong>veritatem</strong></span> <span class='ocrx_word' id='word_1_723' title='bbox 762 5295 1023 5356; x_wconf 82' lang='lat' dir='ltr'><strong>converti,</strong></span> <span class='ocrx_word' id='word_1_724' title='bbox 1062 5304 1110 5345; x_wconf 89' lang='lat' dir='ltr'><strong>et</strong></span> <span class='ocrx_word' id='word_1_725' title='bbox 1142 5293 1362 5347; x_wconf 81' lang='lat' dir='ltr'><strong>salvari.</strong></span> <span class='ocrx_word' id='word_1_726' title='bbox 1416 5294 1548 5360; x_wconf 74' lang='lat' dir='ltr'><strong>Qum</strong></span> <span class='ocrx_word' id='word_1_727' title='bbox 1590 5296 1757 5364; x_wconf 78' lang='lat' dir='ltr'><strong>igitur</strong></span> <span class='ocrx_word' id='word_1_728' title='bbox 1809 5295 2020 5364; x_wconf 81' lang='lat' dir='ltr'><strong>agenda</strong></span> 
     </span>
    </p>
   </div>
   <div class='ocr_carea' id='block_1_100' title="bbox 442 5385 2020 5458">
    <p class='ocr_par' dir='ltr' id='par_1_100' title="bbox 442 5385 2020 5458">
     <span class='ocr_line' id='line_1_100' title="bbox 442 5385 2020 5458; baseline 0 -16"><span class='ocrx_word' id='word_1_729' title='bbox 442 5388 824 5458; x_wconf 89' lang='lat' dir='ltr'><strong>supererant?</strong></span> <span class='ocrx_word' id='word_1_730' title='bbox 871 5389 985 5441; x_wconf 88' lang='lat' dir='ltr'><strong>Duo</strong></span> <span class='ocrx_word' id='word_1_731' title='bbox 1034 5385 1194 5438; x_wconf 73' lang='lat' dir='ltr'><strong>hace:</strong></span> <span class='ocrx_word' id='word_1_732' title='bbox 1248 5387 1299 5438; x_wconf 85' lang='lat' dir='ltr'><strong>l°</strong></span> <span class='ocrx_word' id='word_1_733' title='bbox 1347 5399 1461 5454; x_wconf 90' lang='lat' dir='ltr'><strong>post</strong></span> <span class='ocrx_word' id='word_1_734' title='bbox 1497 5387 1711 5442; x_wconf 89' lang='lat' dir='ltr'><strong>Domini</strong></span> <span class='ocrx_word' id='word_1_735' title='bbox 1754 5404 2020 5442; x_wconf 89' lang='lat' dir='ltr'><strong>sermones</strong></span> 
     </span>
    </p>
   </div>
   <div class='ocr_carea' id='block_1_101' title="bbox 437 5477 2022 5551">
    <p class='ocr_par' dir='ltr' id='par_1_101' title="bbox 437 5477 2022 5551">
     <span class='ocr_line' id='line_1_101' title="bbox 437 5477 2022 5551; baseline -0.004 -14"><span class='ocrx_word' id='word_1_736' title='bbox 437 5483 760 5551; x_wconf 85' lang='lat' dir='ltr'><strong>subjungere</strong></span> <span class='ocrx_word' id='word_1_737' title='bbox 814 5495 1018 5551; x_wconf 81' lang='lat' dir='ltr'><strong>quoque</strong></span> <span class='ocrx_word' id='word_1_738' title='bbox 1056 5477 1216 5531; x_wconf 89' lang='lat' dir='ltr'><strong>Pauli</strong></span> <span class='ocrx_word' id='word_1_739' title='bbox 1259 5479 1589 5544; x_wconf 89' lang='lat' dir='ltr'><strong>doctrinam,</strong></span> <span class='ocrx_word' id='word_1_740' title='bbox 1629 5491 1677 5534; x_wconf 89' lang='lat' dir='ltr'><strong>et</strong></span> <span class='ocrx_word' id='word_1_741' title='bbox 1715 5483 2022 5536; x_wconf 73' lang='lat' dir='ltr'><strong>examinare</strong></span> 
     </span>
    </p>
   </div>
   <div class='ocr_carea' id='block_1_102' title="bbox 439 5568 2022 5638">
    <p class='ocr_par' dir='ltr' id='par_1_102' title="bbox 439 5568 2022 5638">
     <span class='ocr_line' id='line_1_102' title="bbox 439 5568 2022 5638; baseline -0.001 -16"><span class='ocrx_word' id='word_1_742' title='bbox 439 5573 754 5624; x_wconf 72' lang='lat' dir='ltr'><strong>sententiam</strong></span> <span class='ocrx_word' id='word_1_743' title='bbox 775 5572 908 5638; x_wconf 86' lang='lat' dir='ltr'><strong>ejus,</strong></span> <span class='ocrx_word' id='word_1_744' title='bbox 935 5578 984 5623; x_wconf 91' lang='lat' dir='ltr'><strong>et</strong></span> <span class='ocrx_word' id='word_1_745' title='bbox 1000 5568 1307 5636; x_wconf 78' lang='lat' dir='ltr'><strong>Apostolum</strong></span> <span class='ocrx_word' id='word_1_746' title='bbox 1326 5583 1605 5636; x_wconf 78' lang='lat' dir='ltr'><strong>exponere,</strong></span> <span class='ocrx_word' id='word_1_747' title='bbox 1630 5577 1679 5622; x_wconf 86' lang='lat' dir='ltr'><strong>et</strong></span> <span class='ocrx_word' id='word_1_748' title='bbox 1700 5583 2022 5637; x_wconf 79' lang='lat' dir='ltr'><strong>quwcunque</strong></span> 
     </span>
    </p>
   </div>
   <div class='ocr_carea' id='block_1_103' title="bbox 439 5659 2020 5727">
    <p class='ocr_par' dir='ltr' id='par_1_103' title="bbox 439 5659 2020 5727">
     <span class='ocr_line' id='line_1_103' title="bbox 439 5659 2020 5727; baseline -0.004 -11"><span class='ocrx_word' id='word_1_749' title='bbox 439 5665 503 5716; x_wconf 90' lang='lat' dir='ltr'><strong>ab</strong></span> <span class='ocrx_word' id='word_1_750' title='bbox 533 5662 795 5715; x_wconf 78' lang='lat' dir='ltr'><strong>lttereticis</strong></span> <span class='ocrx_word' id='word_1_751' title='bbox 855 5661 911 5713; x_wconf 87' lang='lat' dir='ltr'><strong>in</strong></span> <span class='ocrx_word' id='word_1_752' title='bbox 967 5670 1137 5712; x_wconf 90' lang='lat' dir='ltr'><strong>totum</strong></span> <span class='ocrx_word' id='word_1_753' title='bbox 1188 5675 1292 5711; x_wconf 89' lang='lat' dir='ltr'><strong>non</strong></span> <span class='ocrx_word' id='word_1_754' title='bbox 1355 5659 1768 5726; x_wconf 87' lang='lat' dir='ltr'><strong>intelligentibus</strong></span> <span class='ocrx_word' id='word_1_755' title='bbox 1821 5676 1940 5727; x_wconf 73' lang='lat' dir='ltr'><strong>qua:</strong></span> <span class='ocrx_word' id='word_1_756' title='bbox 1989 5676 2020 5710; x_wconf 89' lang='lat' dir='ltr'><strong>a</strong></span> 
     </span>
    </p>
   </div>
   <div class='ocr_carea' id='block_1_104' title="bbox 444 5751 2016 5820">
    <p class='ocr_par' dir='ltr' id='par_1_104' title="bbox 444 5751 2016 5820">
     <span class='ocr_line' id='line_1_104' title="bbox 444 5751 2016 5820; baseline -0.004 -12"><span class='ocrx_word' id='word_1_757' title='bbox 444 5755 618 5808; x_wconf 87' lang='lat' dir='ltr'><strong>l’aulo</strong></span> <span class='ocrx_word' id='word_1_758' title='bbox 650 5755 792 5807; x_wconf 86' lang='lat' dir='ltr'><strong>dicta</strong></span> <span class='ocrx_word' id='word_1_759' title='bbox 827 5763 972 5816; x_wconf 89' lang='lat' dir='ltr'><strong>sunt,</strong></span> <span class='ocrx_word' id='word_1_760' title='bbox 1023 5753 1160 5804; x_wconf 90' lang='lat' dir='ltr'><strong>alias</strong></span> <span class='ocrx_word' id='word_1_761' title='bbox 1187 5761 1498 5818; x_wconf 82' lang='lat' dir='ltr'><strong>acreperunt</strong></span> <span class='ocrx_word' id='word_1_762' title='bbox 1535 5751 2016 5820; x_wconf 76' lang='lat' dir='ltr'><strong>interpretationes,</strong></span> 
     </span>
    </p>
   </div>
   <div class='ocr_carea' id='block_1_105' title="bbox 435 5845 2016 5917">
    <p class='ocr_par' dir='ltr' id='par_1_105' title="bbox 435 5845 2016 5917">
     <span class='ocr_line' id='line_1_105' title="bbox 435 5845 2016 5917; baseline -0.003 -13"><span class='ocrx_word' id='word_1_763' title='bbox 435 5850 747 5917; x_wconf 57' lang='lat' dir='ltr'><strong>explanare,</strong></span> <span class='ocrx_word' id='word_1_764' title='bbox 774 5859 818 5902; x_wconf 88' lang='lat' dir='ltr'><strong>et</strong></span> <span class='ocrx_word' id='word_1_765' title='bbox 851 5847 1171 5902; x_wconf 86' lang='lat' dir='ltr'><strong>dementiam</strong></span> <span class='ocrx_word' id='word_1_766' title='bbox 1204 5845 1578 5900; x_wconf 83' lang='lat' dir='ltr'><strong>insensationis</strong></span> <span class='ocrx_word' id='word_1_767' title='bbox 1627 5861 1809 5900; x_wconf 77' lang='lat' dir='ltr'><strong>eorum</strong></span> <span class='ocrx_word' id='word_1_768' title='bbox 1839 5858 2016 5900; x_wconf 82' lang='lat' dir='ltr'><strong>osten-</strong></span> 
     </span>
    </p>
   </div>
   <div class='ocr_carea' id='block_1_106' title="bbox 2125 4636 3712 4707">
    <p class='ocr_par' dir='ltr' id='par_1_106' title="bbox 2125 4636 3712 4707">
     <span class='ocr_line' id='line_1_106' title="bbox 2125 4636 3712 4707; baseline 0.006 -19"><span class='ocrx_word' id='word_1_769' title='bbox 2125 4636 2366 4705; x_wconf 86' lang='lat' dir='ltr'><strong>scpultus</strong></span> <span class='ocrx_word' id='word_1_770' title='bbox 2405 4647 2671 4693; x_wconf 64' lang='lat' dir='ltr'><strong>aeternum</strong></span> <span class='ocrx_word' id='word_1_771' title='bbox 2706 4637 2938 4707; x_wconf 83' lang='lat' dir='ltr'><strong>iaceret.</strong></span> <span class='ocrx_word' id='word_1_772' title='bbox 2987 4640 3176 4705; x_wconf 79' lang='lat' dir='ltr'><strong>Neque</strong></span> <span class='ocrx_word' id='word_1_773' title='bbox 3241 4641 3382 4695; x_wconf 90' lang='lat' dir='ltr'><strong>enim</strong></span> <span class='ocrx_word' id='word_1_774' title='bbox 3424 4642 3583 4698; x_wconf 90' lang='lat' dir='ltr'><strong>istius</strong></span> <span class='ocrx_word' id='word_1_775' title='bbox 3620 4641 3712 4697; x_wconf 88' lang='lat' dir='ltr'><strong>bi-</strong></span> 
     </span>
    </p>
   </div>
   <div class='ocr_carea' id='block_1_107' title="bbox 2124 4728 3711 4800">
    <p class='ocr_par' dir='ltr' id='par_1_107' title="bbox 2124 4728 3711 4800">
     <span class='ocr_line' id='line_1_107' title="bbox 2124 4728 3711 4800; baseline 0.004 -18"><span class='ocrx_word' id='word_1_776' title='bbox 2124 4728 2410 4782; x_wconf 62' lang='lat' dir='ltr'><strong>bliothecae</strong></span> <span class='ocrx_word' id='word_1_777' title='bbox 2439 4729 2723 4785; x_wconf 89' lang='lat' dir='ltr'><strong>codicibus</strong></span> <span class='ocrx_word' id='word_1_778' title='bbox 2755 4730 2928 4785; x_wconf 87' lang='lat' dir='ltr'><strong>lucem</strong></span> <span class='ocrx_word' id='word_1_779' title='bbox 2957 4731 3202 4800; x_wconf 89' lang='lat' dir='ltr'><strong>aspicere</strong></span> <span class='ocrx_word' id='word_1_780' title='bbox 3226 4730 3584 4799; x_wconf 86' lang='lat' dir='ltr'><strong>permittitur.</strong></span> <span class='ocrx_word' id='word_1_781' title='bbox 3606 4732 3711 4789; x_wconf 88' lang='lat' dir='ltr'><strong>Sic</strong></span> 
     </span>
    </p>
   </div>
   <div class='ocr_carea' id='block_1_108' title="bbox 2127 4821 3709 4894">
    <p class='ocr_par' dir='ltr' id='par_1_108' title="bbox 2127 4821 3709 4894">
     <span class='ocr_line' id='line_1_108' title="bbox 2127 4821 3709 4894; baseline 0.004 -21"><span class='ocrx_word' id='word_1_782' title='bbox 2127 4821 2332 4875; x_wconf 82' lang='lat' dir='ltr'><strong>factum</strong></span> <span class='ocrx_word' id='word_1_783' title='bbox 2386 4833 2490 4890; x_wconf 88' lang='lat' dir='ltr'><strong>est,</strong></span> <span class='ocrx_word' id='word_1_784' title='bbox 2553 4831 2613 4877; x_wconf 88' lang='lat' dir='ltr'><strong>ut</strong></span> <span class='ocrx_word' id='word_1_785' title='bbox 2670 4823 3005 4894; x_wconf 75' lang='lat' dir='ltr'><strong>archetypas</strong></span> <span class='ocrx_word' id='word_1_786' title='bbox 3060 4824 3152 4879; x_wconf 86' lang='lat' dir='ltr'><strong>ille</strong></span> <span class='ocrx_word' id='word_1_787' title='bbox 3211 4824 3438 4880; x_wconf 74' lang='lat' dir='ltr'><strong>Grzecus</strong></span> <span class='ocrx_word' id='word_1_788' title='bbox 3490 4834 3709 4891; x_wconf 79' lang='lat' dir='ltr'><strong>textus,</strong></span> 
     </span>
    </p>
   </div>
   <div class='ocr_carea' id='block_1_109' title="bbox 2127 4915 3709 4987">
    <p class='ocr_par' dir='ltr' id='par_1_109' title="bbox 2127 4915 3709 4987">
     <span class='ocr_line' id='line_1_109' title="bbox 2127 4915 3709 4987; baseline 0.004 -21"><span class='ocrx_word' id='word_1_789' title='bbox 2127 4915 2281 4986; x_wconf 79' lang='lat' dir='ltr'><strong>longe</strong></span> <span class='ocrx_word' id='word_1_790' title='bbox 2311 4915 2614 4984; x_wconf 81' lang='lat' dir='ltr'><strong>elegantior</strong></span> <span class='ocrx_word' id='word_1_791' title='bbox 2657 4925 2714 4973; x_wconf 91' lang='lat' dir='ltr'><strong>et</strong></span> <span class='ocrx_word' id='word_1_792' title='bbox 2752 4915 2946 4985; x_wconf 89' lang='lat' dir='ltr'><strong>majori</strong></span> <span class='ocrx_word' id='word_1_793' title='bbox 2981 4919 3034 4971; x_wconf 93' lang='lat' dir='ltr'><strong>in</strong></span> <span class='ocrx_word' id='word_1_794' title='bbox 3073 4919 3253 4986; x_wconf 89' lang='lat' dir='ltr'><strong>pretio</strong></span> <span class='ocrx_word' id='word_1_795' title='bbox 3302 4919 3445 4987; x_wconf 91' lang='lat' dir='ltr'><strong>apud</strong></span> <span class='ocrx_word' id='word_1_796' title='bbox 3484 4929 3709 4973; x_wconf 74' lang='lat' dir='ltr'><strong>veteres</strong></span> 
     </span>
    </p>
   </div>
   <div class='ocr_carea' id='block_1_110' title="bbox 2125 5005 3710 5079">
    <p class='ocr_par' dir='ltr' id='par_1_110' title="bbox 2125 5005 3710 5079">
     <span class='ocr_line' id='line_1_110' title="bbox 2125 5005 3710 5079; baseline 0.006 -23"><span class='ocrx_word' id='word_1_797' title='bbox 2125 5022 2288 5071; x_wconf 88' lang='lat' dir='ltr'><strong>quam</strong></span> <span class='ocrx_word' id='word_1_798' title='bbox 2315 5005 2562 5072; x_wconf 84' lang='lat' dir='ltr'><strong>Latinus,</strong></span> <span class='ocrx_word' id='word_1_799' title='bbox 2589 5008 2746 5078; x_wconf 86' lang='lat' dir='ltr'><strong>longe</strong></span> <span class='ocrx_word' id='word_1_800' title='bbox 2772 5008 2996 5078; x_wconf 65' lang='lat' dir='ltr'><strong>saepius,</strong></span> <span class='ocrx_word' id='word_1_801' title='bbox 3029 5009 3253 5074; x_wconf 89' lang='lat' dir='ltr'><strong>diutius,</strong></span> <span class='ocrx_word' id='word_1_802' title='bbox 3295 5018 3349 5063; x_wconf 89' lang='lat' dir='ltr'><strong>et</strong></span> <span class='ocrx_word' id='word_1_803' title='bbox 3372 5025 3402 5063; x_wconf 92' lang='lat' dir='ltr'><strong>a</strong></span> <span class='ocrx_word' id='word_1_804' title='bbox 3451 5009 3710 5079; x_wconf 82' lang='lat' dir='ltr'><strong>pluribus</strong></span> 
     </span>
    </p>
   </div>
   <div class='ocr_carea' id='block_1_111' title="bbox 2125 5099 3710 5172">
    <p class='ocr_par' dir='ltr' id='par_1_111' title="bbox 2125 5099 3710 5172">
     <span class='ocr_line' id='line_1_111' title="bbox 2125 5099 3710 5172; baseline 0.004 -19"><span class='ocrx_word' id='word_1_805' title='bbox 2125 5099 2331 5154; x_wconf 71' lang='lat' dir='ltr'><strong>Grazcis</strong></span> <span class='ocrx_word' id='word_1_806' title='bbox 2373 5105 2752 5170; x_wconf 88' lang='lat' dir='ltr'><strong>transcriptus,</strong></span> <span class='ocrx_word' id='word_1_807' title='bbox 2804 5104 2963 5158; x_wconf 89' lang='lat' dir='ltr'><strong>tritus</strong></span> <span class='ocrx_word' id='word_1_808' title='bbox 3012 5111 3066 5157; x_wconf 87' lang='lat' dir='ltr'><strong>et</strong></span> <span class='ocrx_word' id='word_1_809' title='bbox 3111 5104 3332 5167; x_wconf 89' lang='lat' dir='ltr'><strong>citatus,</strong></span> <span class='ocrx_word' id='word_1_810' title='bbox 3389 5119 3556 5172; x_wconf 89' lang='lat' dir='ltr'><strong>quam</strong></span> <span class='ocrx_word' id='word_1_811' title='bbox 3605 5120 3710 5160; x_wconf 86' lang='lat' dir='ltr'><strong>us-</strong></span> 
     </span>
    </p>
   </div>
   <div class='ocr_carea' id='block_1_112' title="bbox 2125 5192 3713 5267">
    <p class='ocr_par' dir='ltr' id='par_1_112' title="bbox 2125 5192 3713 5267">
     <span class='ocr_line' id='line_1_112' title="bbox 2125 5192 3713 5267; baseline 0.008 -25"><span class='ocrx_word' id='word_1_812' title='bbox 2125 5207 2286 5259; x_wconf 86' lang='lat' dir='ltr'><strong>quam</strong></span> <span class='ocrx_word' id='word_1_813' title='bbox 2319 5192 2484 5248; x_wconf 82' lang='lat' dir='ltr'><strong>l&#39;uerit</strong></span> <span class='ocrx_word' id='word_1_814' title='bbox 2537 5210 2566 5247; x_wconf 90' lang='lat' dir='ltr'><strong>a</strong></span> <span class='ocrx_word' id='word_1_815' title='bbox 2613 5193 2827 5250; x_wconf 88' lang='lat' dir='ltr'><strong>Latinis</strong></span> <span class='ocrx_word' id='word_1_816' title='bbox 2890 5196 3269 5264; x_wconf 89' lang='lat' dir='ltr'><strong>interpretatio</strong></span> <span class='ocrx_word' id='word_1_817' title='bbox 3302 5195 3520 5262; x_wconf 87' lang='lat' dir='ltr'><strong>Latina,</strong></span> <span class='ocrx_word' id='word_1_818' title='bbox 3579 5212 3713 5267; x_wconf 62' lang='lat' dir='ltr'><strong>quae</strong></span> 
     </span>
    </p>
   </div>
   <div class='ocr_carea' id='block_1_113' title="bbox 2125 5284 3711 5358">
    <p class='ocr_par' dir='ltr' id='par_1_113' title="bbox 2125 5284 3711 5358">
     <span class='ocr_line' id='line_1_113' title="bbox 2125 5284 3711 5358; baseline 0.004 -19"><span class='ocrx_word' id='word_1_819' title='bbox 2125 5284 2376 5354; x_wconf 78' lang='lat' dir='ltr'><strong>Gregorii</strong></span> <span class='ocrx_word' id='word_1_820' title='bbox 2401 5286 2466 5339; x_wconf 82' lang='grc' dir='ltr'><strong>Μ.</strong></span> <span class='ocrx_word' id='word_1_821' title='bbox 2496 5297 2660 5342; x_wconf 54' lang='lat' dir='ltr'><strong>astate</strong></span> <span class='ocrx_word' id='word_1_822' title='bbox 2688 5290 2826 5343; x_wconf 89' lang='lat' dir='ltr'><strong>adeo</strong></span> <span class='ocrx_word' id='word_1_823' title='bbox 2858 5305 2984 5342; x_wconf 89' lang='lat' dir='ltr'><strong>rara</strong></span> <span class='ocrx_word' id='word_1_824' title='bbox 3017 5298 3156 5355; x_wconf 88' lang='lat' dir='ltr'><strong>erat,</strong></span> <span class='ocrx_word' id='word_1_825' title='bbox 3190 5298 3249 5343; x_wconf 90' lang='lat' dir='ltr'><strong>ut</strong></span> <span class='ocrx_word' id='word_1_826' title='bbox 3290 5289 3420 5344; x_wconf 89' lang='lat' dir='ltr'><strong>nulli</strong></span> <span class='ocrx_word' id='word_1_827' title='bbox 3453 5291 3711 5358; x_wconf 86' lang='lat' dir='ltr'><strong>ejusdem</strong></span> 
     </span>
    </p>
   </div>
   <div class='ocr_carea' id='block_1_114' title="bbox 2126 5376 3715 5447">
    <p class='ocr_par' dir='ltr' id='par_1_114' title="bbox 2126 5376 3715 5447">
     <span class='ocr_line' id='line_1_114' title="bbox 2126 5376 3715 5447; baseline 0.006 -19"><span class='ocrx_word' id='word_1_828' title='bbox 2126 5376 2340 5428; x_wconf 82' lang='lat' dir='ltr'><strong>codices</strong></span> <span class='ocrx_word' id='word_1_829' title='bbox 2390 5379 2617 5446; x_wconf 89' lang='lat' dir='ltr'><strong>reperiri</strong></span> <span class='ocrx_word' id='word_1_830' title='bbox 2675 5379 2988 5447; x_wconf 88' lang='lat' dir='ltr'><strong>potuerint,</strong></span> <span class='ocrx_word' id='word_1_831' title='bbox 3033 5379 3137 5432; x_wconf 90' lang='lat' dir='ltr'><strong>hac</strong></span> <span class='ocrx_word' id='word_1_832' title='bbox 3200 5386 3376 5432; x_wconf 85' lang='lat' dir='ltr'><strong>tamen</strong></span> <span class='ocrx_word' id='word_1_833' title='bbox 3435 5379 3583 5434; x_wconf 86' lang='lat' dir='ltr'><strong>salva</strong></span> <span class='ocrx_word' id='word_1_834' title='bbox 3648 5391 3715 5437; x_wconf 77' lang='lat' dir='ltr'><strong>et:</strong></span> 
     </span>
    </p>
   </div>
   <div class='ocr_carea' id='block_1_115' title="bbox 2127 5469 3765 5541">
    <p class='ocr_par' dir='ltr' id='par_1_115' title="bbox 2127 5469 3765 5541">
     <span class='ocr_line' id='line_1_115' title="bbox 2127 5469 3765 5541; baseline 0.003 -20"><span class='ocrx_word' id='word_1_835' title='bbox 2127 5470 2421 5537; x_wconf 79' lang='lat' dir='ltr'><strong>Superstite</strong></span> <span class='ocrx_word' id='word_1_836' title='bbox 2455 5471 2699 5538; x_wconf 90' lang='lat' dir='ltr'><strong>perierit.</strong></span> <span class='ocrx_word' id='word_1_837' title='bbox 2737 5469 2887 5525; x_wconf 86' lang='lat' dir='ltr'><strong>Illius</strong></span> <span class='ocrx_word' id='word_1_838' title='bbox 2942 5471 3218 5526; x_wconf 89' lang='lat' dir='ltr'><strong>enimnon</strong></span> <span class='ocrx_word' id='word_1_839' title='bbox 3253 5482 3458 5525; x_wconf 88' lang='lat' dir='ltr'><strong>tantum</strong></span> <span class='ocrx_word' id='word_1_840' title='bbox 3492 5470 3713 5541; x_wconf 77' lang='lat' dir='ltr'><strong>Grego-</strong></span> <span class='ocrx_word' id='word_1_841' title='bbox 3755 5476 3765 5484; x_wconf 86' lang='lat'>&#39;</span> 
     </span>
    </p>
   </div>
   <div class='ocr_carea' id='block_1_116' title="bbox 2126 5563 3709 5640">
    <p class='ocr_par' dir='ltr' id='par_1_116' title="bbox 2126 5563 3709 5640">
     <span class='ocr_line' id='line_1_116' title="bbox 2126 5563 3709 5640; baseline 0.002 -25"><span class='ocrx_word' id='word_1_842' title='bbox 2126 5563 2190 5616; x_wconf 87' lang='lat' dir='ltr'><strong>rii</strong></span> <span class='ocrx_word' id='word_1_843' title='bbox 2226 5577 2360 5629; x_wconf 66' lang='lat' dir='ltr'><strong>aevo,</strong></span> <span class='ocrx_word' id='word_1_844' title='bbox 2386 5571 2480 5640; x_wconf 88' lang='lat' dir='ltr'><strong>sed</strong></span> <span class='ocrx_word' id='word_1_845' title='bbox 2505 5566 2594 5619; x_wconf 90' lang='lat' dir='ltr'><strong>diu</strong></span> <span class='ocrx_word' id='word_1_846' title='bbox 2627 5575 2769 5634; x_wconf 90' lang='lat' dir='ltr'><strong>post,</strong></span> <span class='ocrx_word' id='word_1_847' title='bbox 2806 5563 3122 5634; x_wconf 87' lang='lat' dir='ltr'><strong>frequentes</strong></span> <span class='ocrx_word' id='word_1_848' title='bbox 3171 5567 3433 5621; x_wconf 82' lang='lat' dir='ltr'><strong>exstitere</strong></span> <span class='ocrx_word' id='word_1_849' title='bbox 3460 5566 3709 5633; x_wconf 79' lang='lat' dir='ltr'><strong>codices,</strong></span> 
     </span>
    </p>
   </div>
   <div class='ocr_carea' id='block_1_117' title="bbox 2125 5657 3710 5734">
    <p class='ocr_par' dir='ltr' id='par_1_117' title="bbox 2125 5657 3710 5734">
     <span class='ocr_line' id='line_1_117' title="bbox 2125 5657 3710 5734; baseline 0.003 -28"><span class='ocrx_word' id='word_1_850' title='bbox 2125 5663 2183 5706; x_wconf 89' lang='lat' dir='ltr'><strong>ut</strong></span> <span class='ocrx_word' id='word_1_851' title='bbox 2207 5665 2358 5724; x_wconf 87' lang='lat' dir='ltr'><strong>patet</strong></span> <span class='ocrx_word' id='word_1_852' title='bbox 2395 5671 2462 5710; x_wconf 81' lang='lat' dir='ltr'><strong>ex</strong></span> <span class='ocrx_word' id='word_1_853' title='bbox 2493 5657 2765 5713; x_wconf 85' lang='lat' dir='ltr'><strong>Germano</strong></span> <span class='ocrx_word' id='word_1_854' title='bbox 2819 5658 3444 5734; x_wconf 80' lang='lat' dir='ltr'><strong>Constantinopolitano,</strong></span> <span class='ocrx_word' id='word_1_855' title='bbox 3474 5657 3710 5724; x_wconf 78' lang='lat' dir='ltr'><strong>Photio,</strong></span> 
     </span>
    </p>
   </div>
   <div class='ocr_carea' id='block_1_118' title="bbox 2125 5749 3713 5821">
    <p class='ocr_par' dir='ltr' id='par_1_118' title="bbox 2125 5749 3713 5821">
     <span class='ocr_line' id='line_1_118' title="bbox 2125 5749 3713 5821; baseline 0.003 -17"><span class='ocrx_word' id='word_1_856' title='bbox 2125 5749 2338 5806; x_wconf 81' lang='lat' dir='ltr'><strong>Joanne</strong></span> <span class='ocrx_word' id='word_1_857' title='bbox 2373 5750 2716 5806; x_wconf 88' lang='lat' dir='ltr'><strong>Damasceno</strong></span> <span class='ocrx_word' id='word_1_858' title='bbox 2745 5761 2798 5806; x_wconf 87' lang='lat' dir='ltr'><strong>et</strong></span> <span class='ocrx_word' id='word_1_859' title='bbox 2829 5752 2948 5805; x_wconf 90' lang='lat' dir='ltr'><strong>aliis</strong></span> <span class='ocrx_word' id='word_1_860' title='bbox 2974 5753 3243 5821; x_wconf 90' lang='lat' dir='ltr'><strong>pluribus,</strong></span> <span class='ocrx_word' id='word_1_861' title='bbox 3275 5753 3364 5821; x_wconf 93' lang='lat' dir='ltr'><strong>qui</strong></span> <span class='ocrx_word' id='word_1_862' title='bbox 3396 5753 3544 5806; x_wconf 88' lang='lat' dir='ltr'><strong>hunc</strong></span> <span class='ocrx_word' id='word_1_863' title='bbox 3567 5753 3713 5808; x_wconf 75' lang='lat' dir='ltr'><strong>olle-</strong></span> 
     </span>
    </p>
   </div>
   <div class='ocr_carea' id='block_1_119' title="bbox 2124 5846 3712 5915">
    <p class='ocr_par' dir='ltr' id='par_1_119' title="bbox 2124 5846 3712 5915">
     <span class='ocr_line' id='line_1_119' title="bbox 2124 5846 3712 5915; baseline 0.002 -18"><span class='ocrx_word' id='word_1_864' title='bbox 2124 5853 2326 5912; x_wconf 78' lang='lat' dir='ltr'><strong>garunt</strong></span> <span class='ocrx_word' id='word_1_865' title='bbox 2361 5861 2374 5899; x_wconf 90' lang='lat'><strong>:</strong></span> <span class='ocrx_word' id='word_1_866' title='bbox 2402 5860 2714 5915; x_wconf 89' lang='lat' dir='ltr'><strong>quanquam</strong></span> <span class='ocrx_word' id='word_1_867' title='bbox 2784 5856 2961 5902; x_wconf 86' lang='lat' dir='ltr'><strong>tamen</strong></span> <span class='ocrx_word' id='word_1_868' title='bbox 3012 5860 3119 5900; x_wconf 90' lang='lat' dir='ltr'><strong>non</strong></span> <span class='ocrx_word' id='word_1_869' title='bbox 3153 5846 3459 5902; x_wconf 75' lang='lat' dir='ltr'><strong>cxisdmem</strong></span> <span class='ocrx_word' id='word_1_870' title='bbox 3492 5859 3556 5900; x_wconf 86' lang='lat' dir='ltr'><strong>ea</strong></span> <span class='ocrx_word' id='word_1_871' title='bbox 3587 5861 3712 5901; x_wconf 87' lang='lat' dir='ltr'><strong>om-</strong></span> 
     </span>
    </p>
   </div>
  </div>
