  <div class='ocr_page' id='page_1' title='image "/cluster/home/n/w/nwhite01/storage/ocr_20150623/7/hvd.32044019206614/126.png"; bbox 0 0 3924 6354; ppageno 0'>
   <div class='ocr_carea' id='block_1_1' title="bbox 254 226 367 283">
    <p class='ocr_par' dir='ltr' id='par_1_1' title="bbox 254 226 367 283">
     <span class='ocr_line' id='line_1_1' title="bbox 254 226 367 283; baseline 0 -3"><span class='ocrx_word' id='word_1_1' title='bbox 254 226 367 283; x_wconf 67' lang='lat'><strong>9.37</strong></span> 
     </span>
    </p>
   </div>
   <div class='ocr_carea' id='block_1_2' title="bbox 828 216 3537 289">
    <p class='ocr_par' dir='ltr' id='par_1_2' title="bbox 828 216 3537 289">
     <span class='ocr_line' id='line_1_2' title="bbox 828 216 3537 289; baseline -0.002 -10"><span class='ocrx_word' id='word_1_2' title='bbox 828 223 1290 282; x_wconf 80' lang='lat' dir='ltr'><strong>DISSERTATIO</strong></span> <span class='ocrx_word' id='word_1_3' title='bbox 1330 223 1394 289; x_wconf 89' lang='lat' dir='ltr'><strong>ll,</strong></span> <span class='ocrx_word' id='word_1_4' title='bbox 1437 223 1599 279; x_wconf 76' lang='grc' dir='ltr'><strong>Αῐὶτ.</strong></span> <span class='ocrx_word' id='word_1_5' title='bbox 1639 222 1705 284; x_wconf 88' lang='grc' dir='ltr'>ιι,</span> <span class='ocrx_word' id='word_1_6' title='bbox 1748 220 1836 275; x_wconf 83' lang='lat' dir='ltr'><strong>DE</strong></span> <span class='ocrx_word' id='word_1_7' title='bbox 1862 216 2125 274; x_wconf 77' lang='lat' dir='ltr'><strong>lREN/El</strong></span> <span class='ocrx_word' id='word_1_8' title='bbox 2157 217 2386 274; x_wconf 80' lang='lat' dir='ltr'><strong>LlBRlS</strong></span> <span class='ocrx_word' id='word_1_9' title='bbox 2426 220 2584 276; x_wconf 77' lang='lat' dir='ltr'><strong>ADV.</strong></span> <span class='ocrx_word' id='word_1_10' title='bbox 2624 220 2992 278; x_wconf 68' lang='lat' dir='ltr'><strong>HERESES.</strong></span> <span class='ocrx_word' id='word_1_11' title='bbox 3429 221 3537 275; x_wconf 65' lang='lat'><strong>27-8</strong></span> 
     </span>
    </p>
   </div>
   <div class='ocr_carea' id='block_1_3' title="bbox 254 338 3541 415">
    <p class='ocr_par' dir='ltr' id='par_1_3' title="bbox 254 338 3541 415">
     <span class='ocr_line' id='line_1_3' title="bbox 254 338 3541 415; baseline -0.003 -12"><span class='ocrx_word' id='word_1_12' title='bbox 254 350 344 403; x_wconf 80' lang='lat' dir='ltr'><strong>nia</strong></span> <span class='ocrx_word' id='word_1_13' title='bbox 410 347 597 403; x_wconf 72' lang='lat' dir='ltr'><strong>Graeca</strong></span> <span class='ocrx_word' id='word_1_14' title='bbox 680 345 872 401; x_wconf 67' lang='lat' dir='ltr'><strong>lrenaei</strong></span> <span class='ocrx_word' id='word_1_15' title='bbox 932 346 1233 415; x_wconf 80' lang='lat' dir='ltr'><strong>fragmenta</strong></span> <span class='ocrx_word' id='word_1_16' title='bbox 1313 358 1435 412; x_wconf 71' lang='lat' dir='ltr'><strong>qum</strong></span> <span class='ocrx_word' id='word_1_17' title='bbox 1492 343 1544 396; x_wconf 91' lang='lat' dir='ltr'><strong>in</strong></span> <span class='ocrx_word' id='word_1_18' title='bbox 1627 339 2073 405; x_wconf 77' lang='lat' dir='ltr'><strong>JoannisAqnze</strong></span> <span class='ocrx_word' id='word_1_19' title='bbox 2121 338 2380 391; x_wconf 85' lang='lat' dir='ltr'><strong>continua</strong></span> <span class='ocrx_word' id='word_1_20' title='bbox 2441 353 2564 391; x_wconf 84' lang='lat' dir='ltr'><strong>esse</strong></span> <span class='ocrx_word' id='word_1_21' title='bbox 2601 338 2900 395; x_wconf 78' lang='lat' dir='ltr'><strong>debebant.</strong></span> <span class='ocrx_word' id='word_1_22' title='bbox 2929 349 2983 392; x_wconf 84' lang='lat' dir='ltr'><strong>et</strong></span> <span class='ocrx_word' id='word_1_23' title='bbox 3015 339 3319 410; x_wconf 66' lang='lat' dir='ltr'><strong>smpissime</strong></span> <span class='ocrx_word' id='word_1_24' title='bbox 3373 342 3442 395; x_wconf 89' lang='lat' dir='ltr'><strong>ab</strong></span> <span class='ocrx_word' id='word_1_25' title='bbox 3475 343 3541 395; x_wconf 81' lang='lat' dir='ltr'><strong>iis</strong></span> 
     </span>
    </p>
   </div>
   <div class='ocr_carea' id='block_1_4' title="bbox 256 433 1842 493">
    <p class='ocr_par' dir='ltr' id='par_1_4' title="bbox 256 433 1842 493">
     <span class='ocr_line' id='line_1_4' title="bbox 256 433 1842 493; baseline -0.004 0"><span class='ocrx_word' id='word_1_26' title='bbox 256 438 581 493; x_wconf 80' lang='lat' dir='ltr'><strong>Damasceni</strong></span> <span class='ocrx_word' id='word_1_27' title='bbox 644 454 749 492; x_wconf 91' lang='lat' dir='ltr'><strong>ms.</strong></span> <span class='ocrx_word' id='word_1_28' title='bbox 814 439 939 492; x_wconf 90' lang='lat' dir='ltr'><strong>cod.</strong></span> <span class='ocrx_word' id='word_1_29' title='bbox 1009 438 1436 492; x_wconf 87' lang='lat' dir='ltr'><strong>Claromontano</strong></span> <span class='ocrx_word' id='word_1_30' title='bbox 1510 436 1711 490; x_wconf 89' lang='lat' dir='ltr'><strong>inserta</strong></span> <span class='ocrx_word' id='word_1_31' title='bbox 1764 433 1842 487; x_wconf 88' lang='lat' dir='ltr'><strong>le-</strong></span> 
     </span>
    </p>
   </div>
   <div class='ocr_carea' id='block_1_5' title="bbox 251 526 1843 599">
    <p class='ocr_par' dir='ltr' id='par_1_5' title="bbox 251 526 1843 599">
     <span class='ocr_line' id='line_1_5' title="bbox 251 526 1843 599; baseline -0.002 -17"><span class='ocrx_word' id='word_1_32' title='bbox 251 541 480 598; x_wconf 79' lang='lat' dir='ltr'><strong>guntur,</strong></span> <span class='ocrx_word' id='word_1_33' title='bbox 504 530 575 584; x_wconf 84' lang='lat' dir='ltr'><strong>ab</strong></span> <span class='ocrx_word' id='word_1_34' title='bbox 601 531 718 599; x_wconf 92' lang='lat' dir='ltr'><strong>ipso</strong></span> <span class='ocrx_word' id='word_1_35' title='bbox 736 531 946 585; x_wconf 80' lang='lat' dir='ltr'><strong>Joanne</strong></span> <span class='ocrx_word' id='word_1_36' title='bbox 977 531 1317 585; x_wconf 89' lang='lat' dir='ltr'><strong>Damasceno</strong></span> <span class='ocrx_word' id='word_1_37' title='bbox 1347 530 1623 596; x_wconf 77' lang='lat' dir='ltr'><strong>exscripta</strong></span> <span class='ocrx_word' id='word_1_38' title='bbox 1654 526 1843 580; x_wconf 82' lang='lat' dir='ltr'><strong>fuisse.</strong></span> 
     </span>
    </p>
   </div>
   <div class='ocr_carea' id='block_1_6' title="bbox 247 619 1842 679">
    <p class='ocr_par' dir='ltr' id='par_1_6' title="bbox 247 619 1842 679">
     <span class='ocr_line' id='line_1_6' title="bbox 247 619 1842 679; baseline -0.003 -2"><span class='ocrx_word' id='word_1_39' title='bbox 247 622 293 677; x_wconf 75' lang='grc' dir='ltr'><strong>Α</strong></span> <span class='ocrx_word' id='word_1_40' title='bbox 324 622 521 678; x_wconf 65' lang='grc' dir='ltr'><strong>(ΣΙ-ιιιεο</strong></span> <span class='ocrx_word' id='word_1_41' title='bbox 552 624 849 679; x_wconf 78' lang='lat' dir='ltr'><strong>recentiori</strong></span> <span class='ocrx_word' id='word_1_42' title='bbox 876 623 1104 678; x_wconf 87' lang='lat' dir='ltr'><strong>collecta</strong></span> <span class='ocrx_word' id='word_1_43' title='bbox 1164 623 1331 677; x_wconf 81' lang='lat' dir='ltr'><strong>fuisse</strong></span> <span class='ocrx_word' id='word_1_44' title='bbox 1390 622 1668 675; x_wconf 80' lang='lat' dir='ltr'><strong>videnlur.</strong></span> <span class='ocrx_word' id='word_1_45' title='bbox 1731 619 1842 673; x_wconf 86' lang='lat' dir='ltr'><strong>Sed</strong></span> 
     </span>
    </p>
   </div>
   <div class='ocr_carea' id='block_1_7' title="bbox 250 712 1843 784">
    <p class='ocr_par' dir='ltr' id='par_1_7' title="bbox 250 712 1843 784">
     <span class='ocr_line' id='line_1_7' title="bbox 250 712 1843 784; baseline -0.003 -16"><span class='ocrx_word' id='word_1_46' title='bbox 250 715 455 769; x_wconf 85' lang='lat' dir='ltr'><strong>dehoc</strong></span> <span class='ocrx_word' id='word_1_47' title='bbox 516 714 696 770; x_wconf 84' lang='lat' dir='ltr'><strong>fusius</strong></span> <span class='ocrx_word' id='word_1_48' title='bbox 754 716 981 770; x_wconf 83' lang='lat' dir='ltr'><strong>disserit</strong></span> <span class='ocrx_word' id='word_1_49' title='bbox 1039 716 1086 769; x_wconf 90' lang='lat' dir='ltr'><strong>is</strong></span> <span class='ocrx_word' id='word_1_50' title='bbox 1144 715 1238 784; x_wconf 89' lang='lat' dir='ltr'><strong>qtti</strong></span> <span class='ocrx_word' id='word_1_51' title='bbox 1295 729 1496 769; x_wconf 86' lang='lat' dir='ltr'><strong>novam</strong></span> <span class='ocrx_word' id='word_1_52' title='bbox 1548 712 1843 767; x_wconf 76' lang='lat' dir='ltr'><strong>editionem</strong></span> 
     </span>
    </p>
   </div>
   <div class='ocr_carea' id='block_1_8' title="bbox 246 806 1844 874">
    <p class='ocr_par' dir='ltr' id='par_1_8' title="bbox 246 806 1844 874">
     <span class='ocr_line' id='line_1_8' title="bbox 246 806 1844 874; baseline -0.004 -13"><span class='ocrx_word' id='word_1_53' title='bbox 246 821 476 874; x_wconf 82' lang='lat' dir='ltr'><strong>operum</strong></span> <span class='ocrx_word' id='word_1_54' title='bbox 512 807 576 862; x_wconf 91' lang='lat' dir='ltr'><strong>S.</strong></span> <span class='ocrx_word' id='word_1_55' title='bbox 605 806 837 862; x_wconf 80' lang='lat' dir='ltr'><strong>Joannis</strong></span> <span class='ocrx_word' id='word_1_56' title='bbox 862 808 1187 863; x_wconf 88' lang='lat' dir='ltr'><strong>Damasceni</strong></span> <span class='ocrx_word' id='word_1_57' title='bbox 1250 809 1560 866; x_wconf 88' lang='lat' dir='ltr'><strong>adornavit,</strong></span> <span class='ocrx_word' id='word_1_58' title='bbox 1597 806 1682 859; x_wconf 89' lang='lat' dir='ltr'><strong>vir</strong></span> <span class='ocrx_word' id='word_1_59' title='bbox 1712 819 1844 859; x_wconf 90' lang='lat' dir='ltr'><strong>eru-</strong></span> 
     </span>
    </p>
   </div>
   <div class='ocr_carea' id='block_1_9' title="bbox 248 896 1843 969">
    <p class='ocr_par' dir='ltr' id='par_1_9' title="bbox 248 896 1843 969">
     <span class='ocr_line' id='line_1_9' title="bbox 248 896 1843 969; baseline -0.001 -20"><span class='ocrx_word' id='word_1_60' title='bbox 248 899 462 952; x_wconf 90' lang='lat' dir='ltr'><strong>ditione</strong></span> <span class='ocrx_word' id='word_1_61' title='bbox 488 899 805 969; x_wconf 84' lang='lat' dir='ltr'><strong>singulari,</strong></span> <span class='ocrx_word' id='word_1_62' title='bbox 832 916 935 955; x_wconf 90' lang='lat' dir='ltr'><strong>nec</strong></span> <span class='ocrx_word' id='word_1_63' title='bbox 967 899 1163 953; x_wconf 91' lang='lat' dir='ltr'><strong>minori</strong></span> <span class='ocrx_word' id='word_1_64' title='bbox 1216 899 1561 952; x_wconf 74' lang='lat' dir='ltr'><strong>humanitate</strong></span> <span class='ocrx_word' id='word_1_65' title='bbox 1613 896 1843 965; x_wconf 78' lang='lat' dir='ltr'><strong>conspi-</strong></span> 
     </span>
    </p>
   </div>
   <div class='ocr_carea' id='block_1_10' title="bbox 248 990 1843 1061">
    <p class='ocr_par' dir='ltr' id='par_1_10' title="bbox 248 990 1843 1061">
     <span class='ocr_line' id='line_1_10' title="bbox 248 990 1843 1061; baseline -0.001 -16"><span class='ocrx_word' id='word_1_66' title='bbox 248 1007 407 1055; x_wconf 85' lang='lat' dir='ltr'><strong>cuus,</strong></span> <span class='ocrx_word' id='word_1_67' title='bbox 427 992 495 1046; x_wconf 75' lang='grc' dir='ltr'><strong>Β.</strong></span> <span class='ocrx_word' id='word_1_68' title='bbox 529 992 595 1046; x_wconf 86' lang='grc' dir='ltr'><strong>Ρ.</strong></span> <span class='ocrx_word' id='word_1_69' title='bbox 621 992 850 1048; x_wconf 78' lang='lat' dir='ltr'><strong>Michael</strong></span> <span class='ocrx_word' id='word_1_70' title='bbox 884 993 1372 1061; x_wconf 87' lang='lat' dir='ltr'><strong>Lequien,ordinis</strong></span> <span class='ocrx_word' id='word_1_71' title='bbox 1389 990 1843 1053; x_wconf 75' lang='lat' dir='ltr'><strong>Przedicatorum,</strong></span> 
     </span>
    </p>
   </div>
   <div class='ocr_carea' id='block_1_11' title="bbox 251 1078 1846 1152">
    <p class='ocr_par' dir='ltr' id='par_1_11' title="bbox 251 1078 1846 1152">
     <span class='ocr_line' id='line_1_11' title="bbox 251 1078 1846 1152; baseline -0.001 -18"><span class='ocrx_word' id='word_1_72' title='bbox 251 1091 291 1135; x_wconf 89' lang='grc' dir='ltr'>ι.</span> <span class='ocrx_word' id='word_1_73' title='bbox 322 1078 364 1132; x_wconf 82' lang='lat' dir='ltr'><strong>ll</strong></span> <span class='ocrx_word' id='word_1_74' title='bbox 398 1082 653 1151; x_wconf 78' lang='lat' dir='ltr'><strong>ejusdem</strong></span> <span class='ocrx_word' id='word_1_75' title='bbox 675 1084 953 1138; x_wconf 73' lang='lat' dir='ltr'><strong>editionis.</strong></span> <span class='ocrx_word' id='word_1_76' title='bbox 999 1083 1142 1137; x_wconf 86' lang='lat' dir='ltr'><strong>Sunt</strong></span> <span class='ocrx_word' id='word_1_77' title='bbox 1196 1084 1287 1152; x_wconf 91' lang='lat' dir='ltr'><strong>qui</strong></span> <span class='ocrx_word' id='word_1_78' title='bbox 1332 1091 1567 1152; x_wconf 90' lang='lat' dir='ltr'><strong>putant,</strong></span> <span class='ocrx_word' id='word_1_79' title='bbox 1598 1097 1698 1136; x_wconf 92' lang='lat' dir='ltr'><strong>nec</strong></span> <span class='ocrx_word' id='word_1_80' title='bbox 1746 1082 1846 1135; x_wconf 91' lang='lat' dir='ltr'><strong>im-</strong></span> 
     </span>
    </p>
   </div>
   <div class='ocr_carea' id='block_1_12' title="bbox 248 1172 1845 1244">
    <p class='ocr_par' dir='ltr' id='par_1_12' title="bbox 248 1172 1845 1244">
     <span class='ocr_line' id='line_1_12' title="bbox 248 1172 1845 1244; baseline 0 -19"><span class='ocrx_word' id='word_1_81' title='bbox 248 1174 640 1243; x_wconf 90' lang='lat' dir='ltr'><strong>probabiliter,</strong></span> <span class='ocrx_word' id='word_1_82' title='bbox 688 1186 890 1244; x_wconf 59' lang='lat' dir='ltr'><strong>praeter</strong></span> <span class='ocrx_word' id='word_1_83' title='bbox 923 1176 1175 1231; x_wconf 84' lang='lat' dir='ltr'><strong>Latinam</strong></span> <span class='ocrx_word' id='word_1_84' title='bbox 1235 1176 1480 1244; x_wconf 90' lang='lat' dir='ltr'><strong>quinque</strong></span> <span class='ocrx_word' id='word_1_85' title='bbox 1529 1173 1718 1228; x_wconf 66' lang='lat' dir='ltr'><strong>lrenmi</strong></span> <span class='ocrx_word' id='word_1_86' title='bbox 1774 1172 1845 1226; x_wconf 90' lang='lat' dir='ltr'><strong>li-</strong></span> 
     </span>
    </p>
   </div>
   <div class='ocr_carea' id='block_1_13' title="bbox 251 1267 1842 1339">
    <p class='ocr_par' dir='ltr' id='par_1_13' title="bbox 251 1267 1842 1339">
     <span class='ocr_line' id='line_1_13' title="bbox 251 1267 1842 1339; baseline -0.002 -17"><span class='ocrx_word' id='word_1_87' title='bbox 251 1269 479 1322; x_wconf 89' lang='lat' dir='ltr'><strong>brorum</strong></span> <span class='ocrx_word' id='word_1_88' title='bbox 535 1270 1072 1337; x_wconf 85' lang='lat' dir='ltr'><strong>interpretationem,</strong></span> <span class='ocrx_word' id='word_1_89' title='bbox 1123 1269 1353 1324; x_wconf 85' lang='lat' dir='ltr'><strong>alteram</strong></span> <span class='ocrx_word' id='word_1_90' title='bbox 1405 1267 1693 1339; x_wconf 79' lang='lat' dir='ltr'><strong>Syriacam</strong></span> <span class='ocrx_word' id='word_1_91' title='bbox 1744 1281 1842 1320; x_wconf 81' lang='lat' dir='ltr'><strong>ex-</strong></span> 
     </span>
    </p>
   </div>
   <div class='ocr_carea' id='block_1_14' title="bbox 250 1360 1842 1431">
    <p class='ocr_par' dir='ltr' id='par_1_14' title="bbox 250 1360 1842 1431">
     <span class='ocr_line' id='line_1_14' title="bbox 250 1360 1842 1431; baseline 0.001 -18"><span class='ocrx_word' id='word_1_92' title='bbox 250 1362 480 1415; x_wconf 68' lang='lat' dir='ltr'><strong>stitisse.</strong></span> <span class='ocrx_word' id='word_1_93' title='bbox 535 1360 672 1414; x_wconf 74' lang='lat' dir='ltr'><strong>Nam</strong></span> <span class='ocrx_word' id='word_1_94' title='bbox 728 1363 966 1431; x_wconf 83' lang='lat' dir='ltr'><strong>Ephrem</strong></span> <span class='ocrx_word' id='word_1_95' title='bbox 1030 1362 1298 1416; x_wconf 87' lang='lat' dir='ltr'><strong>diaconus</strong></span> <span class='ocrx_word' id='word_1_96' title='bbox 1362 1362 1704 1427; x_wconf 86' lang='lat' dir='ltr'><strong>Edessenus,</strong></span> <span class='ocrx_word' id='word_1_97' title='bbox 1749 1360 1842 1428; x_wconf 98' lang='lat' dir='ltr'><strong>qui</strong></span> 
     </span>
    </p>
   </div>
   <div class='ocr_carea' id='block_1_15' title="bbox 252 1454 1842 1525">
    <p class='ocr_par' dir='ltr' id='par_1_15' title="bbox 252 1454 1842 1525">
     <span class='ocr_line' id='line_1_15' title="bbox 252 1454 1842 1525; baseline 0.001 -15"><span class='ocrx_word' id='word_1_98' title='bbox 252 1454 440 1510; x_wconf 62' lang='lat' dir='ltr'><strong>Graece</strong></span> <span class='ocrx_word' id='word_1_99' title='bbox 487 1457 795 1517; x_wconf 85' lang='lat' dir='ltr'><strong>nesciebat,</strong></span> <span class='ocrx_word' id='word_1_100' title='bbox 857 1456 1128 1525; x_wconf 86' lang='lat' dir='ltr'><strong>integrum</strong></span> <span class='ocrx_word' id='word_1_101' title='bbox 1174 1470 1244 1510; x_wconf 80' lang='lat' dir='ltr'><strong>ex</strong></span> <span class='ocrx_word' id='word_1_102' title='bbox 1301 1454 1400 1508; x_wconf 90' lang='lat' dir='ltr'><strong>lib.</strong></span> <span class='ocrx_word' id='word_1_103' title='bbox 1450 1469 1487 1519; x_wconf 88' lang='grc' dir='ltr'>ι,</span> <span class='ocrx_word' id='word_1_104' title='bbox 1537 1469 1589 1508; x_wconf 90' lang='lat' dir='ltr'><strong>c.</strong></span> <span class='ocrx_word' id='word_1_105' title='bbox 1621 1454 1676 1519; x_wconf 88' lang='lat'><strong>8,</strong></span> <span class='ocrx_word' id='word_1_106' title='bbox 1712 1454 1842 1512; x_wconf 72' lang='lat' dir='ltr'><strong>n.l.</strong></span> 
     </span>
    </p>
   </div>
   <div class='ocr_carea' id='block_1_16' title="bbox 252 1544 1846 1618">
    <p class='ocr_par' dir='ltr' id='par_1_16' title="bbox 252 1544 1846 1618">
     <span class='ocr_line' id='line_1_16' title="bbox 252 1544 1846 1618; baseline 0 -19"><span class='ocrx_word' id='word_1_107' title='bbox 252 1546 428 1601; x_wconf 78' lang='lat' dir='ltr'><strong>locum</strong></span> <span class='ocrx_word' id='word_1_108' title='bbox 454 1547 779 1618; x_wconf 77' lang='lat' dir='ltr'><strong>exscripsit,</strong></span> <span class='ocrx_word' id='word_1_109' title='bbox 830 1548 1169 1615; x_wconf 90' lang='lat' dir='ltr'><strong>inseruitque</strong></span> <span class='ocrx_word' id='word_1_110' title='bbox 1198 1547 1442 1617; x_wconf 91' lang='lat' dir='ltr'><strong>capitulo</strong></span> <span class='ocrx_word' id='word_1_111' title='bbox 1468 1548 1502 1602; x_wconf 78' lang='lat'><strong>8</strong></span> <span class='ocrx_word' id='word_1_112' title='bbox 1550 1544 1846 1599; x_wconf 88' lang='lat' dir='ltr'><strong>Tractatus</strong></span> 
     </span>
    </p>
   </div>
   <div class='ocr_carea' id='block_1_17' title="bbox 254 1638 1846 1710">
    <p class='ocr_par' dir='ltr' id='par_1_17' title="bbox 254 1638 1846 1710">
     <span class='ocr_line' id='line_1_17' title="bbox 254 1638 1846 1710; baseline -0.002 -18"><span class='ocrx_word' id='word_1_113' title='bbox 254 1639 328 1693; x_wconf 85' lang='lat' dir='ltr'><strong>De</strong></span> <span class='ocrx_word' id='word_1_114' title='bbox 358 1641 593 1706; x_wconf 77' lang='lat' dir='ltr'><strong>virtute;</strong></span> <span class='ocrx_word' id='word_1_115' title='bbox 627 1641 717 1710; x_wconf 86' lang='lat' dir='ltr'><strong>qui</strong></span> <span class='ocrx_word' id='word_1_116' title='bbox 757 1641 976 1709; x_wconf 79' lang='lat' dir='ltr'><strong>quidem</strong></span> <span class='ocrx_word' id='word_1_117' title='bbox 1032 1640 1329 1694; x_wconf 88' lang='lat' dir='ltr'><strong>Tractatus</strong></span> <span class='ocrx_word' id='word_1_118' title='bbox 1376 1640 1424 1692; x_wconf 86' lang='lat' dir='ltr'><strong>ei</strong></span> <span class='ocrx_word' id='word_1_119' title='bbox 1466 1638 1628 1707; x_wconf 91' lang='lat' dir='ltr'><strong>vulgo</strong></span> <span class='ocrx_word' id='word_1_120' title='bbox 1674 1638 1846 1690; x_wconf 87' lang='lat' dir='ltr'><strong>ascri-</strong></span> 
     </span>
    </p>
   </div>
   <div class='ocr_carea' id='block_1_18' title="bbox 254 1734 1845 1803">
    <p class='ocr_par' dir='ltr' id='par_1_18' title="bbox 254 1734 1845 1803">
     <span class='ocr_line' id='line_1_18' title="bbox 254 1734 1845 1803; baseline -0.003 -15"><span class='ocrx_word' id='word_1_121' title='bbox 254 1734 425 1796; x_wconf 81' lang='lat' dir='ltr'><strong>bitnr,</strong></span> <span class='ocrx_word' id='word_1_122' title='bbox 462 1750 591 1797; x_wconf 87' lang='lat' dir='ltr'><strong>nec,</strong></span> <span class='ocrx_word' id='word_1_123' title='bbox 624 1734 755 1801; x_wconf 90' lang='lat' dir='ltr'><strong>quin</strong></span> <span class='ocrx_word' id='word_1_124' title='bbox 814 1734 1142 1798; x_wconf 87' lang='lat' dir='ltr'><strong>ascribatur,</strong></span> <span class='ocrx_word' id='word_1_125' title='bbox 1181 1734 1486 1803; x_wconf 85' lang='lat' dir='ltr'><strong>quidquam</strong></span> <span class='ocrx_word' id='word_1_126' title='bbox 1550 1741 1845 1801; x_wconf 74' lang='lat' dir='ltr'><strong>repugnat.</strong></span> 
     </span>
    </p>
   </div>
   <div class='ocr_carea' id='block_1_19' title="bbox 321 1823 1846 1893">
    <p class='ocr_par' dir='ltr' id='par_1_19' title="bbox 321 1823 1846 1893">
     <span class='ocr_line' id='line_1_19' title="bbox 321 1823 1846 1893; baseline -0.004 -13"><span class='ocrx_word' id='word_1_127' title='bbox 321 1825 414 1880; x_wconf 82' lang='lat'><strong>56.</strong></span> <span class='ocrx_word' id='word_1_128' title='bbox 454 1823 514 1879; x_wconf 88' lang='lat' dir='ltr'><strong>ld</strong></span> <span class='ocrx_word' id='word_1_129' title='bbox 562 1839 693 1879; x_wconf 89' lang='lat' dir='ltr'><strong>vero</strong></span> <span class='ocrx_word' id='word_1_130' title='bbox 740 1826 959 1893; x_wconf 85' lang='lat' dir='ltr'><strong>utrique</strong></span> <span class='ocrx_word' id='word_1_131' title='bbox 1008 1826 1222 1889; x_wconf 81' lang='lat' dir='ltr'><strong>textui,</strong></span> <span class='ocrx_word' id='word_1_132' title='bbox 1276 1836 1389 1877; x_wconf 90' lang='lat' dir='ltr'><strong>tum</strong></span> <span class='ocrx_word' id='word_1_133' title='bbox 1439 1823 1673 1888; x_wconf 59' lang='lat' dir='ltr'><strong>Graeco,</strong></span> <span class='ocrx_word' id='word_1_134' title='bbox 1732 1833 1846 1875; x_wconf 92' lang='lat' dir='ltr'><strong>tum</strong></span> 
     </span>
    </p>
   </div>
   <div class='ocr_carea' id='block_1_20' title="bbox 253 1916 1848 1985">
    <p class='ocr_par' dir='ltr' id='par_1_20' title="bbox 253 1916 1848 1985">
     <span class='ocr_line' id='line_1_20' title="bbox 253 1916 1848 1985; baseline -0.002 -13"><span class='ocrx_word' id='word_1_135' title='bbox 253 1916 451 1972; x_wconf 84' lang='lat' dir='ltr'><strong>Latino</strong></span> <span class='ocrx_word' id='word_1_136' title='bbox 474 1931 771 1972; x_wconf 91' lang='lat' dir='ltr'><strong>commune</strong></span> <span class='ocrx_word' id='word_1_137' title='bbox 803 1916 925 1982; x_wconf 81' lang='lat' dir='ltr'><strong>fuit,</strong></span> <span class='ocrx_word' id='word_1_138' title='bbox 980 1928 1041 1970; x_wconf 86' lang='grc' dir='ltr'><strong>ιιι</strong></span> <span class='ocrx_word' id='word_1_139' title='bbox 1078 1917 1286 1971; x_wconf 90' lang='lat' dir='ltr'><strong>divisus</strong></span> <span class='ocrx_word' id='word_1_140' title='bbox 1318 1917 1539 1985; x_wconf 89' lang='lat' dir='ltr'><strong>quidem</strong></span> <span class='ocrx_word' id='word_1_141' title='bbox 1581 1917 1635 1970; x_wconf 93' lang='lat' dir='ltr'><strong>in</strong></span> <span class='ocrx_word' id='word_1_142' title='bbox 1678 1916 1848 1969; x_wconf 90' lang='lat' dir='ltr'><strong>libros</strong></span> 
     </span>
    </p>
   </div>
   <div class='ocr_carea' id='block_1_21' title="bbox 251 2009 1848 2080">
    <p class='ocr_par' dir='ltr' id='par_1_21' title="bbox 251 2009 1848 2080">
     <span class='ocr_line' id='line_1_21' title="bbox 251 2009 1848 2080; baseline -0.002 -17"><span class='ocrx_word' id='word_1_143' title='bbox 251 2012 519 2080; x_wconf 83' lang='lat' dir='ltr'><strong>quinque,</strong></span> <span class='ocrx_word' id='word_1_144' title='bbox 553 2010 723 2063; x_wconf 91' lang='lat' dir='ltr'><strong>nullis</strong></span> <span class='ocrx_word' id='word_1_145' title='bbox 748 2025 880 2064; x_wconf 89' lang='lat' dir='ltr'><strong>vero</strong></span> <span class='ocrx_word' id='word_1_146' title='bbox 908 2009 1206 2077; x_wconf 89' lang='lat' dir='ltr'><strong>capitibus,</strong></span> <span class='ocrx_word' id='word_1_147' title='bbox 1263 2015 1355 2061; x_wconf 90' lang='lat' dir='ltr'><strong>aut</strong></span> <span class='ocrx_word' id='word_1_148' title='bbox 1394 2010 1641 2078; x_wconf 90' lang='lat' dir='ltr'><strong>capitum</strong></span> <span class='ocrx_word' id='word_1_149' title='bbox 1684 2023 1848 2077; x_wconf 80' lang='lat' dir='ltr'><strong>argn-</strong></span> 
     </span>
    </p>
   </div>
   <div class='ocr_carea' id='block_1_22' title="bbox 253 2101 1847 2170">
    <p class='ocr_par' dir='ltr' id='par_1_22' title="bbox 253 2101 1847 2170">
     <span class='ocr_line' id='line_1_22' title="bbox 253 2101 1847 2170; baseline -0.002 -13"><span class='ocrx_word' id='word_1_150' title='bbox 253 2104 458 2158; x_wconf 85' lang='lat' dir='ltr'><strong>mentis</strong></span> <span class='ocrx_word' id='word_1_151' title='bbox 497 2104 797 2158; x_wconf 86' lang='lat' dir='ltr'><strong>distinctus</strong></span> <span class='ocrx_word' id='word_1_152' title='bbox 855 2103 1146 2170; x_wconf 83' lang='lat' dir='ltr'><strong>prodierit.</strong></span> <span class='ocrx_word' id='word_1_153' title='bbox 1201 2102 1539 2156; x_wconf 88' lang='lat' dir='ltr'><strong>Divisionem</strong></span> <span class='ocrx_word' id='word_1_154' title='bbox 1597 2102 1647 2154; x_wconf 93' lang='lat' dir='ltr'><strong>in</strong></span> <span class='ocrx_word' id='word_1_155' title='bbox 1678 2101 1847 2154; x_wconf 83' lang='lat' dir='ltr'><strong>libros</strong></span> 
     </span>
    </p>
   </div>
   <div class='ocr_carea' id='block_1_23' title="bbox 254 2194 1847 2265">
    <p class='ocr_par' dir='ltr' id='par_1_23' title="bbox 254 2194 1847 2265">
     <span class='ocr_line' id='line_1_23' title="bbox 254 2194 1847 2265; baseline -0.003 -15"><span class='ocrx_word' id='word_1_156' title='bbox 254 2198 497 2265; x_wconf 86' lang='lat' dir='ltr'><strong>quinque</strong></span> <span class='ocrx_word' id='word_1_157' title='bbox 524 2197 737 2251; x_wconf 89' lang='lat' dir='ltr'><strong>indicat</strong></span> <span class='ocrx_word' id='word_1_158' title='bbox 784 2196 902 2265; x_wconf 80' lang='lat' dir='ltr'><strong>ipse</strong></span> <span class='ocrx_word' id='word_1_159' title='bbox 935 2196 1171 2250; x_wconf 77' lang='lat' dir='ltr'><strong>lrenaeus</strong></span> <span class='ocrx_word' id='word_1_160' title='bbox 1224 2197 1276 2249; x_wconf 93' lang='lat' dir='ltr'><strong>in</strong></span> <span class='ocrx_word' id='word_1_161' title='bbox 1323 2196 1427 2249; x_wconf 83' lang='lat' dir='ltr'><strong>line</strong></span> <span class='ocrx_word' id='word_1_162' title='bbox 1483 2206 1533 2249; x_wconf 90' lang='lat' dir='ltr'><strong>et</strong></span> <span class='ocrx_word' id='word_1_163' title='bbox 1561 2194 1719 2247; x_wconf 92' lang='lat' dir='ltr'><strong>initio</strong></span> <span class='ocrx_word' id='word_1_164' title='bbox 1748 2212 1847 2247; x_wconf 87' lang='lat' dir='ltr'><strong>cn-</strong></span> 
     </span>
    </p>
   </div>
   <div class='ocr_carea' id='block_1_24' title="bbox 246 2284 1846 2361">
    <p class='ocr_par' dir='ltr' id='par_1_24' title="bbox 246 2284 1846 2361">
     <span class='ocr_line' id='line_1_24' title="bbox 246 2284 1846 2361; baseline -0.003 -20"><span class='ocrx_word' id='word_1_165' title='bbox 246 2286 446 2361; x_wconf 80' lang='lat' dir='ltr'><strong>jnsqpe</strong></span> <span class='ocrx_word' id='word_1_166' title='bbox 477 2287 628 2353; x_wconf 87' lang='lat' dir='ltr'><strong>libri,</strong></span> <span class='ocrx_word' id='word_1_167' title='bbox 654 2286 744 2341; x_wconf 91' lang='lat' dir='ltr'><strong>ubi</strong></span> <span class='ocrx_word' id='word_1_168' title='bbox 772 2286 994 2355; x_wconf 87' lang='lat' dir='ltr'><strong>insuper</strong></span> <span class='ocrx_word' id='word_1_169' title='bbox 1017 2287 1330 2340; x_wconf 86' lang='lat' dir='ltr'><strong>summatim</strong></span> <span class='ocrx_word' id='word_1_170' title='bbox 1360 2284 1605 2353; x_wconf 86' lang='lat' dir='ltr'><strong>repetitis</strong></span> <span class='ocrx_word' id='word_1_171' title='bbox 1630 2284 1697 2338; x_wconf 91' lang='lat' dir='ltr'><strong>iis</strong></span> <span class='ocrx_word' id='word_1_172' title='bbox 1723 2299 1846 2353; x_wconf 79' lang='lat' dir='ltr'><strong>quae</strong></span> 
     </span>
    </p>
   </div>
   <div class='ocr_carea' id='block_1_25' title="bbox 249 2376 1844 2450">
    <p class='ocr_par' dir='ltr' id='par_1_25' title="bbox 249 2376 1844 2450">
     <span class='ocr_line' id='line_1_25' title="bbox 249 2376 1844 2450; baseline -0.004 -16"><span class='ocrx_word' id='word_1_173' title='bbox 249 2380 587 2450; x_wconf 72' lang='lat' dir='ltr'><strong>praecedenti</strong></span> <span class='ocrx_word' id='word_1_174' title='bbox 619 2378 761 2434; x_wconf 92' lang='lat' dir='ltr'><strong>libro</strong></span> <span class='ocrx_word' id='word_1_175' title='bbox 785 2387 1241 2449; x_wconf 82' lang='lat' dir='ltr'><strong>pertractaverat,</strong></span> <span class='ocrx_word' id='word_1_176' title='bbox 1260 2376 1541 2447; x_wconf 87' lang='lat' dir='ltr'><strong>sequentis</strong></span> <span class='ocrx_word' id='word_1_177' title='bbox 1554 2390 1844 2445; x_wconf 82' lang='lat' dir='ltr'><strong>argumen-</strong></span> 
     </span>
    </p>
   </div>
   <div class='ocr_carea' id='block_1_26' title="bbox 254 2469 1846 2540">
    <p class='ocr_par' dir='ltr' id='par_1_26' title="bbox 254 2469 1846 2540">
     <span class='ocr_line' id='line_1_26' title="bbox 254 2469 1846 2540; baseline -0.004 -14"><span class='ocrx_word' id='word_1_178' title='bbox 254 2485 365 2527; x_wconf 84' lang='lat' dir='ltr'><strong>tum</strong></span> <span class='ocrx_word' id='word_1_179' title='bbox 394 2472 644 2527; x_wconf 89' lang='lat' dir='ltr'><strong>dilucide</strong></span> <span class='ocrx_word' id='word_1_180' title='bbox 670 2486 735 2526; x_wconf 89' lang='lat' dir='ltr'><strong>ac</strong></span> <span class='ocrx_word' id='word_1_181' title='bbox 768 2471 1007 2527; x_wconf 84' lang='lat' dir='ltr'><strong>breviter</strong></span> <span class='ocrx_word' id='word_1_182' title='bbox 1040 2470 1238 2540; x_wconf 88' lang='lat' dir='ltr'><strong>aperit.</strong></span> <span class='ocrx_word' id='word_1_183' title='bbox 1288 2469 1395 2523; x_wconf 86' lang='lat' dir='ltr'><strong>Sed</strong></span> <span class='ocrx_word' id='word_1_184' title='bbox 1426 2469 1685 2536; x_wconf 89' lang='lat' dir='ltr'><strong>deinceps</strong></span> <span class='ocrx_word' id='word_1_185' title='bbox 1709 2482 1846 2523; x_wconf 92' lang='lat' dir='ltr'><strong>con-</strong></span> 
     </span>
    </p>
   </div>
   <div class='ocr_carea' id='block_1_27' title="bbox 253 2561 1840 2634">
    <p class='ocr_par' dir='ltr' id='par_1_27' title="bbox 253 2561 1840 2634">
     <span class='ocr_line' id='line_1_27' title="bbox 253 2561 1840 2634; baseline -0.003 -17"><span class='ocrx_word' id='word_1_186' title='bbox 253 2565 466 2619; x_wconf 89' lang='lat' dir='ltr'><strong>tinuum</strong></span> <span class='ocrx_word' id='word_1_187' title='bbox 499 2563 1038 2634; x_wconf 87' lang='lat' dir='ltr'><strong>proceditorationis</strong></span> <span class='ocrx_word' id='word_1_188' title='bbox 1083 2561 1254 2628; x_wconf 84' lang='lat' dir='ltr'><strong>(ilum,</strong></span> <span class='ocrx_word' id='word_1_189' title='bbox 1285 2563 1472 2629; x_wconf 90' lang='lat' dir='ltr'><strong>sicque</strong></span> <span class='ocrx_word' id='word_1_190' title='bbox 1501 2570 1840 2625; x_wconf 83' lang='lat' dir='ltr'><strong>contextum,</strong></span> 
     </span>
    </p>
   </div>
   <div class='ocr_carea' id='block_1_28' title="bbox 250 2654 1845 2726">
    <p class='ocr_par' dir='ltr' id='par_1_28' title="bbox 250 2654 1845 2726">
     <span class='ocr_line' id='line_1_28' title="bbox 250 2654 1845 2726; baseline -0.001 -17"><span class='ocrx_word' id='word_1_191' title='bbox 250 2657 489 2711; x_wconf 87' lang='lat' dir='ltr'><strong>utnulla</strong></span> <span class='ocrx_word' id='word_1_192' title='bbox 522 2658 842 2726; x_wconf 86' lang='lat' dir='ltr'><strong>partitionis</strong></span> <span class='ocrx_word' id='word_1_193' title='bbox 868 2655 1240 2724; x_wconf 87' lang='lat' dir='ltr'><strong>cujuscunque</strong></span> <span class='ocrx_word' id='word_1_194' title='bbox 1292 2668 1353 2707; x_wconf 88' lang='lat' dir='ltr'><strong>se</strong></span> <span class='ocrx_word' id='word_1_195' title='bbox 1396 2654 1633 2724; x_wconf 84' lang='lat' dir='ltr'><strong>prodant</strong></span> <span class='ocrx_word' id='word_1_196' title='bbox 1677 2656 1845 2709; x_wconf 83' lang='lat' dir='ltr'><strong>v‘esti-</strong></span> 
     </span>
    </p>
   </div>
   <div class='ocr_carea' id='block_1_29' title="bbox 250 2745 1845 2818">
    <p class='ocr_par' dir='ltr' id='par_1_29' title="bbox 250 2745 1845 2818">
     <span class='ocr_line' id='line_1_29' title="bbox 250 2745 1845 2818; baseline 0 -17"><span class='ocrx_word' id='word_1_197' title='bbox 250 2751 358 2818; x_wconf 81' lang='lat' dir='ltr'><strong>gia,</strong></span> <span class='ocrx_word' id='word_1_198' title='bbox 414 2746 581 2801; x_wconf 75' lang='lat' dir='ltr'><strong>nulla:</strong></span> <span class='ocrx_word' id='word_1_199' title='bbox 634 2747 1009 2811; x_wconf 83' lang='lat' dir='ltr'><strong>transitiones,</strong></span> <span class='ocrx_word' id='word_1_200' title='bbox 1047 2755 1142 2800; x_wconf 87' lang='lat' dir='ltr'><strong>aut</strong></span> <span class='ocrx_word' id='word_1_201' title='bbox 1176 2745 1324 2799; x_wconf 86' lang='lat' dir='ltr'><strong>aliud</strong></span> <span class='ocrx_word' id='word_1_202' title='bbox 1363 2746 1643 2815; x_wconf 84' lang='lat' dir='ltr'><strong>quidpiam</strong></span> <span class='ocrx_word' id='word_1_203' title='bbox 1696 2747 1845 2816; x_wconf 88' lang='lat' dir='ltr'><strong>quod</strong></span> 
     </span>
    </p>
   </div>
   <div class='ocr_carea' id='block_1_30' title="bbox 251 2838 1844 2910">
    <p class='ocr_par' dir='ltr' id='par_1_30' title="bbox 251 2838 1844 2910">
     <span class='ocr_line' id='line_1_30' title="bbox 251 2838 1844 2910; baseline -0.001 -15"><span class='ocrx_word' id='word_1_204' title='bbox 251 2840 449 2908; x_wconf 84' lang='lat' dir='ltr'><strong>capitis</strong></span> <span class='ocrx_word' id='word_1_205' title='bbox 483 2840 654 2893; x_wconf 89' lang='lat' dir='ltr'><strong>unius</strong></span> <span class='ocrx_word' id='word_1_206' title='bbox 705 2839 868 2893; x_wconf 87' lang='lat' dir='ltr'><strong>linem</strong></span> <span class='ocrx_word' id='word_1_207' title='bbox 896 2848 951 2892; x_wconf 90' lang='lat' dir='ltr'><strong>et</strong></span> <span class='ocrx_word' id='word_1_208' title='bbox 980 2838 1223 2899; x_wconf 90' lang='lat' dir='ltr'><strong>initium,</strong></span> <span class='ocrx_word' id='word_1_209' title='bbox 1276 2848 1371 2891; x_wconf 91' lang='lat' dir='ltr'><strong>aut</strong></span> <span class='ocrx_word' id='word_1_210' title='bbox 1415 2839 1619 2910; x_wconf 80' lang='lat' dir='ltr'><strong>stylutn</strong></span> <span class='ocrx_word' id='word_1_211' title='bbox 1664 2838 1844 2893; x_wconf 88' lang='lat' dir='ltr'><strong>inter-</strong></span> 
     </span>
    </p>
   </div>
   <div class='ocr_carea' id='block_1_31' title="bbox 253 2930 1841 3002">
    <p class='ocr_par' dir='ltr' id='par_1_31' title="bbox 253 2930 1841 3002">
     <span class='ocr_line' id='line_1_31' title="bbox 253 2930 1841 3002; baseline -0.001 -16"><span class='ocrx_word' id='word_1_212' title='bbox 253 2942 471 3002; x_wconf 88' lang='lat' dir='ltr'><strong>ruptum</strong></span> <span class='ocrx_word' id='word_1_213' title='bbox 544 2932 759 3000; x_wconf 90' lang='lat' dir='ltr'><strong>probet.</strong></span> <span class='ocrx_word' id='word_1_214' title='bbox 816 2930 957 2985; x_wconf 81' lang='lat' dir='ltr'><strong>Hinc</strong></span> <span class='ocrx_word' id='word_1_215' title='bbox 1007 2931 1100 3000; x_wconf 90' lang='lat' dir='ltr'><strong>qui</strong></span> <span class='ocrx_word' id='word_1_216' title='bbox 1154 2946 1186 2985; x_wconf 87' lang='lat' dir='ltr'><strong>e</strong></span> <span class='ocrx_word' id='word_1_217' title='bbox 1237 2930 1518 2985; x_wconf 81' lang='lat' dir='ltr'><strong>veteribus</strong></span> <span class='ocrx_word' id='word_1_218' title='bbox 1576 2930 1841 2987; x_wconf 72' lang='lat' dir='ltr'><strong>lrenmum</strong></span> 
     </span>
    </p>
   </div>
   <div class='ocr_carea' id='block_1_32' title="bbox 1949 428 3540 501">
    <p class='ocr_par' dir='ltr' id='par_1_32' title="bbox 1949 428 3540 501">
     <span class='ocr_line' id='line_1_32' title="bbox 1949 428 3540 501; baseline 0.004 -21"><span class='ocrx_word' id='word_1_219' title='bbox 1949 431 2133 484; x_wconf 86' lang='lat' dir='ltr'><strong>verbis</strong></span> <span class='ocrx_word' id='word_1_220' title='bbox 2164 446 2359 483; x_wconf 90' lang='lat' dir='ltr'><strong>novum</strong></span> <span class='ocrx_word' id='word_1_221' title='bbox 2392 441 2557 499; x_wconf 90' lang='lat' dir='ltr'><strong>caput</strong></span> <span class='ocrx_word' id='word_1_222' title='bbox 2606 428 2932 501; x_wconf 90' lang='lat' dir='ltr'><strong>inceperint,</strong></span> <span class='ocrx_word' id='word_1_223' title='bbox 2971 448 3092 501; x_wconf 66' lang='lat' dir='ltr'><strong>quae</strong></span> <span class='ocrx_word' id='word_1_224' title='bbox 3135 434 3224 488; x_wconf 82' lang='lat' dir='ltr'><strong>vix</strong></span> <span class='ocrx_word' id='word_1_225' title='bbox 3256 435 3376 488; x_wconf 90' lang='lat' dir='ltr'><strong>colo</strong></span> <span class='ocrx_word' id='word_1_226' title='bbox 3422 434 3540 487; x_wconf 86' lang='lat' dir='ltr'><strong>dis-</strong></span> 
     </span>
    </p>
   </div>
   <div class='ocr_carea' id='block_1_33' title="bbox 1956 523 3540 592">
    <p class='ocr_par' dir='ltr' id='par_1_33' title="bbox 1956 523 3540 592">
     <span class='ocr_line' id='line_1_33' title="bbox 1956 523 3540 592; baseline 0.004 -17"><span class='ocrx_word' id='word_1_227' title='bbox 1956 523 2254 592; x_wconf 83' lang='lat' dir='ltr'><strong>tinguenda</strong></span> <span class='ocrx_word' id='word_1_228' title='bbox 2310 531 2465 575; x_wconf 84' lang='lat' dir='ltr'><strong>erant</strong></span> <span class='ocrx_word' id='word_1_229' title='bbox 2504 537 2531 574; x_wconf 92' lang='lat' dir='ltr'><strong>a</strong></span> <span class='ocrx_word' id='word_1_230' title='bbox 2560 526 3022 591; x_wconf 74' lang='lat' dir='ltr'><strong>prmcedentihus.</strong></span> <span class='ocrx_word' id='word_1_231' title='bbox 3057 523 3177 580; x_wconf 90' lang='lat' dir='ltr'><strong>Uno</strong></span> <span class='ocrx_word' id='word_1_232' title='bbox 3211 528 3382 581; x_wconf 86' lang='lat' dir='ltr'><strong>verbo</strong></span> <span class='ocrx_word' id='word_1_233' title='bbox 3419 537 3540 582; x_wconf 85' lang='lat' dir='ltr'><strong>tex-</strong></span> 
     </span>
    </p>
   </div>
   <div class='ocr_carea' id='block_1_34' title="bbox 1948 616 3536 687">
    <p class='ocr_par' dir='ltr' id='par_1_34' title="bbox 1948 616 3536 687">
     <span class='ocr_line' id='line_1_34' title="bbox 1948 616 3536 687; baseline 0.005 -20"><span class='ocrx_word' id='word_1_234' title='bbox 1948 624 2062 667; x_wconf 90' lang='lat' dir='ltr'><strong>tum</strong></span> <span class='ocrx_word' id='word_1_235' title='bbox 2093 616 2295 670; x_wconf 85' lang='lat' dir='ltr'><strong>misere</strong></span> <span class='ocrx_word' id='word_1_236' title='bbox 2352 616 2688 677; x_wconf 80' lang='lat' dir='ltr'><strong>lacerarunt,</strong></span> <span class='ocrx_word' id='word_1_237' title='bbox 2745 618 2928 685; x_wconf 81' lang='lat' dir='ltr'><strong>potius</strong></span> <span class='ocrx_word' id='word_1_238' title='bbox 2981 634 3143 687; x_wconf 87' lang='lat' dir='ltr'><strong>quam</strong></span> <span class='ocrx_word' id='word_1_239' title='bbox 3197 621 3536 675; x_wconf 80' lang='lat' dir='ltr'><strong>diviserunt.</strong></span> 
     </span>
    </p>
   </div>
   <div class='ocr_carea' id='block_1_35' title="bbox 1948 707 3537 779">
    <p class='ocr_par' dir='ltr' id='par_1_35' title="bbox 1948 707 3537 779">
     <span class='ocr_line' id='line_1_35' title="bbox 1948 707 3537 779; baseline 0.005 -18"><span class='ocrx_word' id='word_1_240' title='bbox 1948 707 2121 775; x_wconf 78' lang='lat' dir='ltr'><strong>Hujus</strong></span> <span class='ocrx_word' id='word_1_241' title='bbox 2152 708 2227 761; x_wconf 91' lang='lat' dir='ltr'><strong>rei</strong></span> <span class='ocrx_word' id='word_1_242' title='bbox 2274 709 2710 775; x_wconf 80' lang='lat' dir='ltr'><strong>experimentum</strong></span> <span class='ocrx_word' id='word_1_243' title='bbox 2769 710 2887 762; x_wconf 85' lang='lat' dir='ltr'><strong>lieri</strong></span> <span class='ocrx_word' id='word_1_244' title='bbox 2947 721 3124 779; x_wconf 82' lang='lat' dir='ltr'><strong>potest</strong></span> <span class='ocrx_word' id='word_1_245' title='bbox 3173 713 3224 766; x_wconf 92' lang='lat' dir='ltr'><strong>in</strong></span> <span class='ocrx_word' id='word_1_246' title='bbox 3279 715 3537 769; x_wconf 83' lang='lat' dir='ltr'><strong>omnibus</strong></span> 
     </span>
    </p>
   </div>
   <div class='ocr_carea' id='block_1_36' title="bbox 1948 801 3535 868">
    <p class='ocr_par' dir='ltr' id='par_1_36' title="bbox 1948 801 3535 868">
     <span class='ocr_line' id='line_1_36' title="bbox 1948 801 3535 868; baseline 0.007 -17"><span class='ocrx_word' id='word_1_247' title='bbox 1948 815 2069 867; x_wconf 63' lang='lat' dir='ltr'><strong>quae</strong></span> <span class='ocrx_word' id='word_1_248' title='bbox 2112 801 2378 854; x_wconf 87' lang='lat' dir='ltr'><strong>hactenus</strong></span> <span class='ocrx_word' id='word_1_249' title='bbox 2434 801 2761 868; x_wconf 84' lang='lat' dir='ltr'><strong>prodierunt</strong></span> <span class='ocrx_word' id='word_1_250' title='bbox 2793 801 2986 855; x_wconf 73' lang='lat' dir='ltr'><strong>Irentei</strong></span> <span class='ocrx_word' id='word_1_251' title='bbox 3030 804 3387 859; x_wconf 88' lang='lat' dir='ltr'><strong>editionibus.</strong></span> <span class='ocrx_word' id='word_1_252' title='bbox 3424 806 3535 862; x_wconf 84' lang='lat' dir='ltr'><strong>Ea-</strong></span> 
     </span>
    </p>
   </div>
   <div class='ocr_carea' id='block_1_37' title="bbox 1950 891 3531 965">
    <p class='ocr_par' dir='ltr' id='par_1_37' title="bbox 1950 891 3531 965">
     <span class='ocr_line' id='line_1_37' title="bbox 1950 891 3531 965; baseline 0.007 -21"><span class='ocrx_word' id='word_1_253' title='bbox 1950 892 2073 945; x_wconf 89' lang='lat' dir='ltr'><strong>dem</strong></span> <span class='ocrx_word' id='word_1_254' title='bbox 2126 891 2318 958; x_wconf 90' lang='lat' dir='ltr'><strong>judicii</strong></span> <span class='ocrx_word' id='word_1_255' title='bbox 2356 894 2676 947; x_wconf 84' lang='lat' dir='ltr'><strong>maturitate</strong></span> <span class='ocrx_word' id='word_1_256' title='bbox 2707 902 2869 961; x_wconf 90' lang='lat' dir='ltr'><strong>atque</strong></span> <span class='ocrx_word' id='word_1_257' title='bbox 2900 896 3121 949; x_wconf 86' lang='lat' dir='ltr'><strong>solertia</strong></span> <span class='ocrx_word' id='word_1_258' title='bbox 3178 899 3531 965; x_wconf 87' lang='lat' dir='ltr'><strong>concinnata,</strong></span> 
     </span>
    </p>
   </div>
   <div class='ocr_carea' id='block_1_38' title="bbox 1951 985 3535 1059">
    <p class='ocr_par' dir='ltr' id='par_1_38' title="bbox 1951 985 3535 1059">
     <span class='ocr_line' id='line_1_38' title="bbox 1951 985 3535 1059; baseline 0.006 -23"><span class='ocrx_word' id='word_1_259' title='bbox 1951 1000 2071 1054; x_wconf 66' lang='lat' dir='ltr'><strong>quae</strong></span> <span class='ocrx_word' id='word_1_260' title='bbox 2100 985 2330 1055; x_wconf 78' lang='lat' dir='ltr'><strong>singulis</strong></span> <span class='ocrx_word' id='word_1_261' title='bbox 2390 996 2628 1055; x_wconf 91' lang='lat' dir='ltr'><strong>quatuor</strong></span> <span class='ocrx_word' id='word_1_262' title='bbox 2657 986 2901 1054; x_wconf 87' lang='lat' dir='ltr'><strong>priorum</strong></span> <span class='ocrx_word' id='word_1_263' title='bbox 2959 988 3222 1043; x_wconf 89' lang='lat' dir='ltr'><strong>librorum</strong></span> <span class='ocrx_word' id='word_1_264' title='bbox 3259 993 3535 1059; x_wconf 83' lang='lat' dir='ltr'><strong>capitibus</strong></span> 
     </span>
    </p>
   </div>
   <div class='ocr_carea' id='block_1_39' title="bbox 1951 1078 3533 1154">
    <p class='ocr_par' dir='ltr' id='par_1_39' title="bbox 1951 1078 3533 1154">
     <span class='ocr_line' id='line_1_39' title="bbox 1951 1078 3533 1154; baseline 0.001 -24"><span class='ocrx_word' id='word_1_265' title='bbox 1951 1078 2169 1145; x_wconf 72' lang='lat' dir='ltr'><strong>pradixa</strong></span> <span class='ocrx_word' id='word_1_266' title='bbox 2207 1078 2462 1146; x_wconf 84' lang='lat' dir='ltr'><strong>leguntur</strong></span> <span class='ocrx_word' id='word_1_267' title='bbox 2504 1089 2853 1146; x_wconf 79' lang='lat' dir='ltr'><strong>argumenta.</strong></span> <span class='ocrx_word' id='word_1_268' title='bbox 2913 1078 2991 1133; x_wconf 69' lang='lat' dir='ltr'><strong>Ex</strong></span> <span class='ocrx_word' id='word_1_269' title='bbox 3051 1083 3254 1137; x_wconf 81' lang='lat' dir='ltr'><strong>veteris</strong></span> <span class='ocrx_word' id='word_1_270' title='bbox 3309 1085 3533 1154; x_wconf 77' lang='lat' dir='ltr'><strong>quidem</strong></span> 
     </span>
    </p>
   </div>
   <div class='ocr_carea' id='block_1_40' title="bbox 1950 1170 3534 1245">
    <p class='ocr_par' dir='ltr' id='par_1_40' title="bbox 1950 1170 3534 1245">
     <span class='ocr_line' id='line_1_40' title="bbox 1950 1170 3534 1245; baseline 0.006 -24"><span class='ocrx_word' id='word_1_271' title='bbox 1950 1170 2268 1239; x_wconf 88' lang='lat' dir='ltr'><strong>interpretis</strong></span> <span class='ocrx_word' id='word_1_272' title='bbox 2311 1173 2494 1226; x_wconf 80' lang='lat' dir='ltr'><strong>verbis</strong></span> <span class='ocrx_word' id='word_1_273' title='bbox 2525 1174 2852 1245; x_wconf 87' lang='lat' dir='ltr'><strong>plerumque</strong></span> <span class='ocrx_word' id='word_1_274' title='bbox 2882 1175 3101 1229; x_wconf 87' lang='lat' dir='ltr'><strong>condita</strong></span> <span class='ocrx_word' id='word_1_275' title='bbox 3165 1188 3314 1244; x_wconf 87' lang='lat' dir='ltr'><strong>sunt,</strong></span> <span class='ocrx_word' id='word_1_276' title='bbox 3369 1180 3534 1233; x_wconf 85' lang='lat' dir='ltr'><strong>novis</strong></span> 
     </span>
    </p>
   </div>
   <div class='ocr_carea' id='block_1_41' title="bbox 1947 1266 3533 1339">
    <p class='ocr_par' dir='ltr' id='par_1_41' title="bbox 1947 1266 3533 1339">
     <span class='ocr_line' id='line_1_41' title="bbox 1947 1266 3533 1339; baseline 0.006 -22"><span class='ocrx_word' id='word_1_277' title='bbox 1947 1272 2130 1319; x_wconf 90' lang='lat' dir='ltr'><strong>tamen</strong></span> <span class='ocrx_word' id='word_1_278' title='bbox 2162 1281 2269 1318; x_wconf 93' lang='lat' dir='ltr'><strong>non</strong></span> <span class='ocrx_word' id='word_1_279' title='bbox 2298 1280 2422 1319; x_wconf 88' lang='lat' dir='ltr'><strong>raro</strong></span> <span class='ocrx_word' id='word_1_280' title='bbox 2454 1266 2738 1323; x_wconf 80' lang='lat' dir='ltr'><strong>fabricatis</strong></span> <span class='ocrx_word' id='word_1_281' title='bbox 2768 1309 2783 1330; x_wconf 92' lang='lat'><strong>,</strong></span> <span class='ocrx_word' id='word_1_282' title='bbox 2814 1271 2975 1339; x_wconf 90' lang='lat' dir='ltr'><strong>quasi</strong></span> <span class='ocrx_word' id='word_1_283' title='bbox 3014 1270 3079 1322; x_wconf 90' lang='lat' dir='ltr'><strong>de</strong></span> <span class='ocrx_word' id='word_1_284' title='bbox 3130 1270 3387 1327; x_wconf 88' lang='lat' dir='ltr'><strong>barbarie</strong></span> <span class='ocrx_word' id='word_1_285' title='bbox 3413 1287 3533 1326; x_wconf 89' lang='lat' dir='ltr'><strong>ser-</strong></span> 
     </span>
    </p>
   </div>
   <div class='ocr_carea' id='block_1_42' title="bbox 1949 1356 3536 1434">
    <p class='ocr_par' dir='ltr' id='par_1_42' title="bbox 1949 1356 3536 1434">
     <span class='ocr_line' id='line_1_42' title="bbox 1949 1356 3536 1434; baseline 0.007 -26"><span class='ocrx_word' id='word_1_286' title='bbox 1949 1356 2128 1411; x_wconf 92' lang='lat' dir='ltr'><strong>monis</strong></span> <span class='ocrx_word' id='word_1_287' title='bbox 2173 1358 2457 1413; x_wconf 89' lang='lat' dir='ltr'><strong>contentio</strong></span> <span class='ocrx_word' id='word_1_288' title='bbox 2493 1358 2722 1423; x_wconf 79' lang='lat' dir='ltr'><strong>fuisset;</strong></span> <span class='ocrx_word' id='word_1_289' title='bbox 2771 1360 2863 1415; x_wconf 90' lang='lat' dir='ltr'><strong>sed</strong></span> <span class='ocrx_word' id='word_1_290' title='bbox 2922 1363 3059 1415; x_wconf 87' lang='lat' dir='ltr'><strong>adeo</strong></span> <span class='ocrx_word' id='word_1_291' title='bbox 3100 1362 3306 1416; x_wconf 88' lang='lat' dir='ltr'><strong>insulse</strong></span> <span class='ocrx_word' id='word_1_292' title='bbox 3366 1374 3536 1434; x_wconf 89' lang='lat' dir='ltr'><strong>atque</strong></span> 
     </span>
    </p>
   </div>
   <div class='ocr_carea' id='block_1_43' title="bbox 1951 1447 3536 1527">
    <p class='ocr_par' dir='ltr' id='par_1_43' title="bbox 1951 1447 3536 1527">
     <span class='ocr_line' id='line_1_43' title="bbox 1951 1447 3536 1527; baseline 0.007 -25"><span class='ocrx_word' id='word_1_293' title='bbox 1951 1447 2133 1517; x_wconf 91' lang='lat' dir='ltr'><strong>inepte</strong></span> <span class='ocrx_word' id='word_1_294' title='bbox 2166 1450 2453 1521; x_wconf 90' lang='lat' dir='ltr'><strong>disposita,</strong></span> <span class='ocrx_word' id='word_1_295' title='bbox 2485 1460 2544 1505; x_wconf 89' lang='lat' dir='ltr'><strong>ut</strong></span> <span class='ocrx_word' id='word_1_296' title='bbox 2569 1454 2872 1522; x_wconf 63' lang='lat' dir='ltr'><strong>saepissime</strong></span> <span class='ocrx_word' id='word_1_297' title='bbox 2904 1454 2986 1507; x_wconf 90' lang='lat' dir='ltr'><strong>vel</strong></span> <span class='ocrx_word' id='word_1_298' title='bbox 3014 1456 3148 1509; x_wconf 89' lang='lat' dir='ltr'><strong>nihil</strong></span> <span class='ocrx_word' id='word_1_299' title='bbox 3172 1458 3350 1510; x_wconf 90' lang='lat' dir='ltr'><strong>minus</strong></span> <span class='ocrx_word' id='word_1_300' title='bbox 3369 1473 3536 1527; x_wconf 88' lang='lat' dir='ltr'><strong>quam</strong></span> 
     </span>
    </p>
   </div>
   <div class='ocr_carea' id='block_1_44' title="bbox 1950 1542 3536 1616">
    <p class='ocr_par' dir='ltr' id='par_1_44' title="bbox 1950 1542 3536 1616">
     <span class='ocr_line' id='line_1_44' title="bbox 1950 1542 3536 1616; baseline 0.009 -21"><span class='ocrx_word' id='word_1_301' title='bbox 1950 1542 2181 1609; x_wconf 88' lang='lat' dir='ltr'><strong>subjecti</strong></span> <span class='ocrx_word' id='word_1_302' title='bbox 2235 1546 2432 1614; x_wconf 85' lang='lat' dir='ltr'><strong>capitis</strong></span> <span class='ocrx_word' id='word_1_303' title='bbox 2490 1561 2714 1616; x_wconf 88' lang='lat' dir='ltr'><strong>scopum</strong></span> <span class='ocrx_word' id='word_1_304' title='bbox 2764 1556 2929 1616; x_wconf 83' lang='lat' dir='ltr'><strong>atque</strong></span> <span class='ocrx_word' id='word_1_305' title='bbox 2979 1550 3275 1604; x_wconf 88' lang='lat' dir='ltr'><strong>consilium</strong></span> <span class='ocrx_word' id='word_1_306' title='bbox 3309 1574 3325 1613; x_wconf 56' lang='grc' dir='ltr'>δ</span> <span class='ocrx_word' id='word_1_307' title='bbox 3363 1552 3448 1607; x_wconf 85' lang='lat' dir='ltr'><strong>vel</strong></span> <span class='ocrx_word' id='word_1_308' title='bbox 3478 1551 3536 1609; x_wconf 88' lang='lat' dir='ltr'><strong>id</strong></span> 
     </span>
    </p>
   </div>
   <div class='ocr_carea' id='block_1_45' title="bbox 1951 1635 3539 1710">
    <p class='ocr_par' dir='ltr' id='par_1_45' title="bbox 1951 1635 3539 1710">
     <span class='ocr_line' id='line_1_45' title="bbox 1951 1635 3539 1710; baseline 0.006 -24"><span class='ocrx_word' id='word_1_309' title='bbox 1951 1648 2262 1703; x_wconf 88' lang='lat' dir='ltr'><strong>perperam,</strong></span> <span class='ocrx_word' id='word_1_310' title='bbox 2294 1635 2376 1690; x_wconf 86' lang='lat' dir='ltr'><strong>vel</strong></span> <span class='ocrx_word' id='word_1_311' title='bbox 2408 1636 2737 1691; x_wconf 88' lang='lat' dir='ltr'><strong>levissimam</strong></span> <span class='ocrx_word' id='word_1_312' title='bbox 2770 1639 3039 1693; x_wconf 81' lang='lat' dir='ltr'><strong>duntaxat</strong></span> <span class='ocrx_word' id='word_1_313' title='bbox 3094 1641 3340 1710; x_wconf 82' lang='lat' dir='ltr'><strong>ejusdem</strong></span> <span class='ocrx_word' id='word_1_314' title='bbox 3361 1642 3539 1709; x_wconf 85' lang='lat' dir='ltr'><strong>parti-</strong></span> 
     </span>
    </p>
   </div>
   <div class='ocr_carea' id='block_1_46' title="bbox 1952 1727 3537 1799">
    <p class='ocr_par' dir='ltr' id='par_1_46' title="bbox 1952 1727 3537 1799">
     <span class='ocr_line' id='line_1_46' title="bbox 1952 1727 3537 1799; baseline 0.006 -20"><span class='ocrx_word' id='word_1_315' title='bbox 1952 1727 2152 1791; x_wconf 90' lang='lat' dir='ltr'><strong>culam,</strong></span> <span class='ocrx_word' id='word_1_316' title='bbox 2183 1742 2415 1798; x_wconf 88' lang='lat' dir='ltr'><strong>eamque</strong></span> <span class='ocrx_word' id='word_1_317' title='bbox 2446 1730 2627 1784; x_wconf 91' lang='lat' dir='ltr'><strong>minus</strong></span> <span class='ocrx_word' id='word_1_318' title='bbox 2672 1732 3022 1799; x_wconf 73' lang='lat' dir='ltr'><strong>prmcipuam,</strong></span> <span class='ocrx_word' id='word_1_319' title='bbox 3049 1732 3344 1787; x_wconf 88' lang='lat' dir='ltr'><strong>lectoribus</strong></span> <span class='ocrx_word' id='word_1_320' title='bbox 3381 1734 3537 1791; x_wconf 77' lang='lat' dir='ltr'><strong>exhi-</strong></span> 
     </span>
    </p>
   </div>
   <div class='ocr_carea' id='block_1_47' title="bbox 1950 1820 3533 1897">
    <p class='ocr_par' dir='ltr' id='par_1_47' title="bbox 1950 1820 3533 1897">
     <span class='ocr_line' id='line_1_47' title="bbox 1950 1820 3533 1897; baseline 0.005 -23"><span class='ocrx_word' id='word_1_321' title='bbox 1950 1820 2134 1875; x_wconf 89' lang='lat' dir='ltr'><strong>beant.</strong></span> <span class='ocrx_word' id='word_1_322' title='bbox 2167 1821 2563 1889; x_wconf 87' lang='lat' dir='ltr'><strong>Antiquissima</strong></span> <span class='ocrx_word' id='word_1_323' title='bbox 2597 1823 2816 1890; x_wconf 91' lang='lat' dir='ltr'><strong>quidem</strong></span> <span class='ocrx_word' id='word_1_324' title='bbox 2848 1839 2910 1877; x_wconf 91' lang='lat' dir='ltr'><strong>ea</strong></span> <span class='ocrx_word' id='word_1_325' title='bbox 2955 1839 3080 1879; x_wconf 91' lang='lat' dir='ltr'><strong>esse</strong></span> <span class='ocrx_word' id='word_1_326' title='bbox 3128 1840 3235 1878; x_wconf 91' lang='lat' dir='ltr'><strong>non</strong></span> <span class='ocrx_word' id='word_1_327' title='bbox 3290 1841 3533 1897; x_wconf 69' lang='lat' dir='ltr'><strong>negave-</strong></span> 
     </span>
    </p>
   </div>
   <div class='ocr_carea' id='block_1_48' title="bbox 1950 1914 3532 1987">
    <p class='ocr_par' dir='ltr' id='par_1_48' title="bbox 1950 1914 3532 1987">
     <span class='ocr_line' id='line_1_48' title="bbox 1950 1914 3532 1987; baseline 0.006 -20"><span class='ocrx_word' id='word_1_328' title='bbox 1950 1915 2076 1975; x_wconf 89' lang='lat' dir='ltr'><strong>rim,</strong></span> <span class='ocrx_word' id='word_1_329' title='bbox 2111 1921 2300 1981; x_wconf 89' lang='lat' dir='ltr'><strong>utpote</strong></span> <span class='ocrx_word' id='word_1_330' title='bbox 2330 1929 2453 1984; x_wconf 71' lang='lat' dir='ltr'><strong>qua:</strong></span> <span class='ocrx_word' id='word_1_331' title='bbox 2494 1914 2546 1967; x_wconf 92' lang='lat' dir='ltr'><strong>in</strong></span> <span class='ocrx_word' id='word_1_332' title='bbox 2602 1916 2998 1971; x_wconf 88' lang='lat' dir='ltr'><strong>vetustioribus</strong></span> <span class='ocrx_word' id='word_1_333' title='bbox 3047 1916 3354 1987; x_wconf 81' lang='lat' dir='ltr'><strong>quibusque</strong></span> <span class='ocrx_word' id='word_1_334' title='bbox 3398 1935 3532 1976; x_wconf 83' lang='lat' dir='ltr'><strong>mss.</strong></span> 
     </span>
    </p>
   </div>
   <div class='ocr_carea' id='block_1_49' title="bbox 1950 2006 3535 2078">
    <p class='ocr_par' dir='ltr' id='par_1_49' title="bbox 1950 2006 3535 2078">
     <span class='ocr_line' id='line_1_49' title="bbox 1950 2006 3535 2078; baseline 0.006 -20"><span class='ocrx_word' id='word_1_335' title='bbox 1950 2006 2261 2068; x_wconf 86' lang='lat' dir='ltr'><strong>codicibus,</strong></span> <span class='ocrx_word' id='word_1_336' title='bbox 2288 2021 2603 2076; x_wconf 81' lang='lat' dir='ltr'><strong>quanquam</strong></span> <span class='ocrx_word' id='word_1_337' title='bbox 2640 2008 2745 2062; x_wconf 89' lang='lat' dir='ltr'><strong>alia</strong></span> <span class='ocrx_word' id='word_1_338' title='bbox 2774 2019 2941 2078; x_wconf 89' lang='lat' dir='ltr'><strong>atque</strong></span> <span class='ocrx_word' id='word_1_339' title='bbox 2963 2010 3068 2063; x_wconf 89' lang='lat' dir='ltr'><strong>alia</strong></span> <span class='ocrx_word' id='word_1_340' title='bbox 3115 2012 3333 2066; x_wconf 76' lang='lat' dir='ltr'><strong>ratione</strong></span> <span class='ocrx_word' id='word_1_341' title='bbox 3363 2013 3535 2067; x_wconf 88' lang='lat' dir='ltr'><strong>collo—</strong></span> 
     </span>
    </p>
   </div>
   <div class='ocr_carea' id='block_1_50' title="bbox 1950 2095 3534 2169">
    <p class='ocr_par' dir='ltr' id='par_1_50' title="bbox 1950 2095 3534 2169">
     <span class='ocr_line' id='line_1_50' title="bbox 1950 2095 3534 2169; baseline 0.006 -23"><span class='ocrx_word' id='word_1_342' title='bbox 1950 2103 2451 2157; x_wconf 87' lang='lat' dir='ltr'><strong>cata,occurrant.</strong></span> <span class='ocrx_word' id='word_1_343' title='bbox 2507 2095 2616 2151; x_wconf 92' lang='lat' dir='ltr'><strong>Sed</strong></span> <span class='ocrx_word' id='word_1_344' title='bbox 2670 2101 3042 2167; x_wconf 87' lang='lat' dir='ltr'><strong>quamtumvis</strong></span> <span class='ocrx_word' id='word_1_345' title='bbox 3098 2102 3327 2169; x_wconf 90' lang='lat' dir='ltr'><strong>antiqua</strong></span> <span class='ocrx_word' id='word_1_346' title='bbox 3382 2105 3534 2164; x_wconf 91' lang='lat' dir='ltr'><strong>sint,</strong></span> 
     </span>
    </p>
   </div>
   <div class='ocr_carea' id='block_1_51' title="bbox 1951 2189 3532 2261">
    <p class='ocr_par' dir='ltr' id='par_1_51' title="bbox 1951 2189 3532 2261">
     <span class='ocr_line' id='line_1_51' title="bbox 1951 2189 3532 2261; baseline 0.006 -22"><span class='ocrx_word' id='word_1_347' title='bbox 1951 2202 2015 2239; x_wconf 77' lang='lat' dir='ltr'><strong>ex</strong></span> <span class='ocrx_word' id='word_1_348' title='bbox 2048 2200 2156 2254; x_wconf 90' lang='lat' dir='ltr'><strong>quo</strong></span> <span class='ocrx_word' id='word_1_349' title='bbox 2186 2197 2398 2241; x_wconf 88' lang='lat' dir='ltr'><strong>certum</strong></span> <span class='ocrx_word' id='word_1_350' title='bbox 2447 2200 2531 2242; x_wconf 88' lang='lat' dir='ltr'><strong>est</strong></span> <span class='ocrx_word' id='word_1_351' title='bbox 2575 2189 2841 2244; x_wconf 74' lang='lat' dir='ltr'><strong>lrenzrum</strong></span> <span class='ocrx_word' id='word_1_352' title='bbox 2894 2192 3069 2261; x_wconf 92' lang='lat' dir='ltr'><strong>ipsum</strong></span> <span class='ocrx_word' id='word_1_353' title='bbox 3105 2203 3387 2248; x_wconf 89' lang='lat' dir='ltr'><strong>auctorem</strong></span> <span class='ocrx_word' id='word_1_354' title='bbox 3427 2212 3532 2248; x_wconf 87' lang='lat' dir='ltr'><strong>non</strong></span> 
     </span>
    </p>
   </div>
   <div class='ocr_carea' id='block_1_52' title="bbox 1954 2277 3532 2355">
    <p class='ocr_par' dir='ltr' id='par_1_52' title="bbox 1954 2277 3532 2355">
     <span class='ocr_line' id='line_1_52' title="bbox 1954 2277 3532 2355; baseline 0.007 -27"><span class='ocrx_word' id='word_1_355' title='bbox 1954 2277 2184 2340; x_wconf 88' lang='lat' dir='ltr'><strong>habere,</strong></span> <span class='ocrx_word' id='word_1_356' title='bbox 2231 2278 2642 2350; x_wconf 85' lang='lat' dir='ltr'><strong>lectoribusque</strong></span> <span class='ocrx_word' id='word_1_357' title='bbox 2718 2285 3063 2338; x_wconf 88' lang='lat' dir='ltr'><strong>incommodo</strong></span> <span class='ocrx_word' id='word_1_358' title='bbox 3133 2287 3318 2354; x_wconf 87' lang='lat' dir='ltr'><strong>potius</strong></span> <span class='ocrx_word' id='word_1_359' title='bbox 3367 2304 3532 2355; x_wconf 88' lang='lat' dir='ltr'><strong>quam</strong></span> 
     </span>
    </p>
   </div>
   <div class='ocr_carea' id='block_1_53' title="bbox 1953 2366 3537 2444">
    <p class='ocr_par' dir='ltr' id='par_1_53' title="bbox 1953 2366 3537 2444">
     <span class='ocr_line' id='line_1_53' title="bbox 1953 2366 3537 2444; baseline 0.006 -24"><span class='ocrx_word' id='word_1_360' title='bbox 1953 2366 2262 2423; x_wconf 88' lang='lat' dir='ltr'><strong>levamento</strong></span> <span class='ocrx_word' id='word_1_361' title='bbox 2293 2385 2435 2433; x_wconf 88' lang='lat' dir='ltr'><strong>esse,</strong></span> <span class='ocrx_word' id='word_1_362' title='bbox 2463 2371 2607 2425; x_wconf 89' lang='lat' dir='ltr'><strong>haud</strong></span> <span class='ocrx_word' id='word_1_363' title='bbox 2640 2372 2800 2426; x_wconf 85' lang='lat' dir='ltr'><strong>aliter</strong></span> <span class='ocrx_word' id='word_1_364' title='bbox 2829 2374 3124 2440; x_wconf 83' lang='lat' dir='ltr'><strong>spectanda</strong></span> <span class='ocrx_word' id='word_1_365' title='bbox 3156 2390 3320 2444; x_wconf 84' lang='lat' dir='ltr'><strong>quam</strong></span> <span class='ocrx_word' id='word_1_366' title='bbox 3348 2386 3405 2429; x_wconf 89' lang='lat' dir='ltr'><strong>ut</strong></span> <span class='ocrx_word' id='word_1_367' title='bbox 3432 2378 3537 2430; x_wconf 63' lang='lat' dir='ltr'><strong>imo</strong></span> 
     </span>
    </p>
   </div>
   <div class='ocr_carea' id='block_1_54' title="bbox 1954 2461 3534 2537">
    <p class='ocr_par' dir='ltr' id='par_1_54' title="bbox 1954 2461 3534 2537">
     <span class='ocr_line' id='line_1_54' title="bbox 1954 2461 3534 2537; baseline 0.004 -22"><span class='ocrx_word' id='word_1_368' title='bbox 1954 2461 2115 2531; x_wconf 88' lang='lat' dir='ltr'><strong>periti</strong></span> <span class='ocrx_word' id='word_1_369' title='bbox 2146 2463 2453 2532; x_wconf 89' lang='lat' dir='ltr'><strong>cujuspiam</strong></span> <span class='ocrx_word' id='word_1_370' title='bbox 2474 2480 2611 2533; x_wconf 90' lang='lat' dir='ltr'><strong>opus</strong></span> <span class='ocrx_word' id='word_1_371' title='bbox 2630 2465 2705 2518; x_wconf 91' lang='lat' dir='ltr'><strong>illi</strong></span> <span class='ocrx_word' id='word_1_372' title='bbox 2732 2465 2919 2519; x_wconf 71' lang='lat' dir='ltr'><strong>lrentei</strong></span> <span class='ocrx_word' id='word_1_373' title='bbox 2952 2481 3238 2537; x_wconf 87' lang='lat' dir='ltr'><strong>perperam</strong></span> <span class='ocrx_word' id='word_1_374' title='bbox 3266 2469 3534 2522; x_wconf 90' lang='lat' dir='ltr'><strong>additum.</strong></span> 
     </span>
    </p>
   </div>
   <div class='ocr_carea' id='block_1_55' title="bbox 2022 2554 3534 2628">
    <p class='ocr_par' dir='ltr' id='par_1_55' title="bbox 2022 2554 3534 2628">
     <span class='ocr_line' id='line_1_55' title="bbox 2022 2554 3534 2628; baseline 0.005 -19"><span class='ocrx_word' id='word_1_375' title='bbox 2022 2554 2113 2609; x_wconf 82' lang='lat'><strong>57.</strong></span> <span class='ocrx_word' id='word_1_376' title='bbox 2158 2555 2390 2623; x_wconf 89' lang='lat' dir='ltr'><strong>Utrique</strong></span> <span class='ocrx_word' id='word_1_377' title='bbox 2419 2558 2584 2623; x_wconf 88' lang='lat' dir='ltr'><strong>malo,</strong></span> <span class='ocrx_word' id='word_1_378' title='bbox 2623 2559 2818 2628; x_wconf 72' lang='lat' dir='ltr'><strong>ineptze</strong></span> <span class='ocrx_word' id='word_1_379' title='bbox 2851 2560 3104 2615; x_wconf 90' lang='lat' dir='ltr'><strong>videlicet</strong></span> <span class='ocrx_word' id='word_1_380' title='bbox 3124 2560 3313 2615; x_wconf 69' lang='lat' dir='ltr'><strong>lrenrei</strong></span> <span class='ocrx_word' id='word_1_381' title='bbox 3345 2571 3534 2617; x_wconf 76' lang='lat' dir='ltr'><strong>textus</strong></span> 
     </span>
    </p>
   </div>
   <div class='ocr_carea' id='block_1_56' title="bbox 1950 2647 3537 2722">
    <p class='ocr_par' dir='ltr' id='par_1_56' title="bbox 1950 2647 3537 2722">
     <span class='ocr_line' id='line_1_56' title="bbox 1950 2647 3537 2722; baseline 0.005 -22"><span class='ocrx_word' id='word_1_382' title='bbox 1950 2647 2316 2711; x_wconf 87' lang='lat' dir='ltr'><strong>divisioni,et</strong></span> <span class='ocrx_word' id='word_1_383' title='bbox 2355 2648 2721 2717; x_wconf 89' lang='lat' dir='ltr'><strong>incptioribus</strong></span> <span class='ocrx_word' id='word_1_384' title='bbox 2774 2650 2955 2705; x_wconf 90' lang='lat' dir='ltr'><strong>adhuc</strong></span> <span class='ocrx_word' id='word_1_385' title='bbox 3010 2655 3352 2722; x_wconf 82' lang='lat' dir='ltr'><strong>argumentis</strong></span> <span class='ocrx_word' id='word_1_386' title='bbox 3406 2668 3537 2709; x_wconf 89' lang='lat' dir='ltr'><strong>con-</strong></span> 
     </span>
    </p>
   </div>
   <div class='ocr_carea' id='block_1_57' title="bbox 1948 2739 3531 2803">
    <p class='ocr_par' dir='ltr' id='par_1_57' title="bbox 1948 2739 3531 2803">
     <span class='ocr_line' id='line_1_57' title="bbox 1948 2739 3531 2803; baseline 0.006 -10"><span class='ocrx_word' id='word_1_387' title='bbox 1948 2739 2237 2794; x_wconf 88' lang='lat' dir='ltr'><strong>sulemlum</strong></span> <span class='ocrx_word' id='word_1_388' title='bbox 2268 2756 2391 2796; x_wconf 91' lang='lat' dir='ltr'><strong>esse</strong></span> <span class='ocrx_word' id='word_1_389' title='bbox 2443 2742 2647 2795; x_wconf 89' lang='lat' dir='ltr'><strong>dudum</strong></span> <span class='ocrx_word' id='word_1_390' title='bbox 2704 2756 2934 2797; x_wconf 89' lang='lat' dir='ltr'><strong>censent</strong></span> <span class='ocrx_word' id='word_1_391' title='bbox 2961 2746 3186 2800; x_wconf 80' lang='lat' dir='ltr'><strong>eruditi.</strong></span> <span class='ocrx_word' id='word_1_392' title='bbox 3224 2746 3531 2803; x_wconf 87' lang='lat' dir='ltr'><strong>Posteriori</strong></span> 
     </span>
    </p>
   </div>
   <div class='ocr_carea' id='block_1_58' title="bbox 1940 2833 3535 2908">
    <p class='ocr_par' dir='ltr' id='par_1_58' title="bbox 1940 2833 3535 2908">
     <span class='ocr_line' id='line_1_58' title="bbox 1940 2833 3535 2908; baseline 0.004 -20"><span class='ocrx_word' id='word_1_393' title='bbox 1940 2833 2056 2905; x_wconf 90' lang='lat' dir='ltr'><strong>jam</strong></span> <span class='ocrx_word' id='word_1_394' title='bbox 2086 2835 2441 2890; x_wconf 89' lang='lat' dir='ltr'><strong>consuluerat</strong></span> <span class='ocrx_word' id='word_1_395' title='bbox 2469 2834 2709 2890; x_wconf 89' lang='lat' dir='ltr'><strong>Joannes</strong></span> <span class='ocrx_word' id='word_1_396' title='bbox 2763 2834 3003 2890; x_wconf 81' lang='lat' dir='ltr'><strong>Jacobus</strong></span> <span class='ocrx_word' id='word_1_397' title='bbox 3035 2836 3302 2908; x_wconf 68' lang='lat' dir='ltr'><strong>Grynaeus</strong></span> <span class='ocrx_word' id='word_1_398' title='bbox 3344 2839 3398 2891; x_wconf 92' lang='lat' dir='ltr'><strong>in</strong></span> <span class='ocrx_word' id='word_1_399' title='bbox 3435 2856 3535 2894; x_wconf 85' lang='lat' dir='ltr'><strong>sua</strong></span> 
     </span>
    </p>
   </div>
   <div class='ocr_carea' id='block_1_59' title="bbox 1947 2928 3533 3002">
    <p class='ocr_par' dir='ltr' id='par_1_59' title="bbox 1947 2928 3533 3002">
     <span class='ocr_line' id='line_1_59' title="bbox 1947 2928 3533 3002; baseline 0.004 -21"><span class='ocrx_word' id='word_1_400' title='bbox 1947 2928 2134 2982; x_wconf 72' lang='lat' dir='ltr'><strong>lrenaei</strong></span> <span class='ocrx_word' id='word_1_401' title='bbox 2173 2929 2445 2993; x_wconf 87' lang='lat' dir='ltr'><strong>editione;</strong></span> <span class='ocrx_word' id='word_1_402' title='bbox 2486 2945 2609 2982; x_wconf 89' lang='lat' dir='ltr'><strong>nam</strong></span> <span class='ocrx_word' id='word_1_403' title='bbox 2668 2930 2951 2985; x_wconf 91' lang='lat' dir='ltr'><strong>veteribus</strong></span> <span class='ocrx_word' id='word_1_404' title='bbox 2987 2934 3224 2986; x_wconf 74' lang='lat' dir='ltr'><strong>maxima</strong></span> <span class='ocrx_word' id='word_1_405' title='bbox 3278 2948 3343 2986; x_wconf 83' lang='lat' dir='ltr'><strong>ex</strong></span> <span class='ocrx_word' id='word_1_406' title='bbox 3375 2945 3533 3002; x_wconf 90' lang='lat' dir='ltr'><strong>parte</strong></span> 
     </span>
    </p>
   </div>
   <div class='ocr_carea' id='block_1_60' title="bbox 255 3020 3536 3117">
    <p class='ocr_par' dir='ltr' id='par_1_60' title="bbox 255 3020 3536 3117">
     <span class='ocr_line' id='line_1_60' title="bbox 255 3020 3536 3117; baseline -0 -39"><span class='ocrx_word' id='word_1_407' title='bbox 255 3026 582 3095; x_wconf 85' lang='lat' dir='ltr'><strong>allegarunt,</strong></span> <span class='ocrx_word' id='word_1_408' title='bbox 640 3024 933 3087; x_wconf 83' lang='lat' dir='ltr'><strong>Eusebius,</strong></span> <span class='ocrx_word' id='word_1_409' title='bbox 985 3023 1329 3094; x_wconf 83' lang='lat' dir='ltr'><strong>Epiphanius</strong></span> <span class='ocrx_word' id='word_1_410' title='bbox 1361 3064 1376 3088; x_wconf 96' lang='lat'><strong>,</strong></span> <span class='ocrx_word' id='word_1_411' title='bbox 1432 3022 1841 3091; x_wconf 85' lang='lat' dir='ltr'><strong>Theodorctus,</strong></span> <span class='ocrx_word' id='word_1_412' title='bbox 1872 3056 1916 3117; x_wconf 78' lang='lat' dir='ltr'><strong>C</strong></span> <span class='ocrx_word' id='word_1_413' title='bbox 1948 3020 2199 3085; x_wconf 83' lang='lat' dir='ltr'><strong>sublatis,</strong></span> <span class='ocrx_word' id='word_1_414' title='bbox 2231 3036 2419 3083; x_wconf 88' lang='lat' dir='ltr'><strong>novas,</strong></span> <span class='ocrx_word' id='word_1_415' title='bbox 2456 3035 2661 3089; x_wconf 88' lang='lat' dir='ltr'><strong>easque</strong></span> <span class='ocrx_word' id='word_1_416' title='bbox 2688 3023 2931 3090; x_wconf 90' lang='lat' dir='ltr'><strong>aptiores</strong></span> <span class='ocrx_word' id='word_1_417' title='bbox 2977 3024 3217 3092; x_wconf 89' lang='lat' dir='ltr'><strong>capitum</strong></span> <span class='ocrx_word' id='word_1_418' title='bbox 3269 3026 3536 3098; x_wconf 74' lang='grc' dir='ltr'><strong>περιοχὰς</strong></span> 
     </span>
    </p>
   </div>
   <div class='ocr_carea' id='block_1_61' title="bbox 255 3116 1846 3189">
    <p class='ocr_par' dir='ltr' id='par_1_61' title="bbox 255 3116 1846 3189">
     <span class='ocr_line' id='line_1_61' title="bbox 255 3116 1846 3189; baseline 0.002 -18"><span class='ocrx_word' id='word_1_419' title='bbox 255 3118 594 3188; x_wconf 78' lang='lat' dir='ltr'><strong>Augustinus</strong></span> <span class='ocrx_word' id='word_1_420' title='bbox 620 3126 677 3171; x_wconf 91' lang='lat' dir='ltr'><strong>et</strong></span> <span class='ocrx_word' id='word_1_421' title='bbox 704 3117 795 3170; x_wconf 92' lang='lat' dir='ltr'><strong>alii</strong></span> <span class='ocrx_word' id='word_1_422' title='bbox 851 3116 1049 3171; x_wconf 90' lang='lat' dir='ltr'><strong>librum</strong></span> <span class='ocrx_word' id='word_1_423' title='bbox 1107 3132 1250 3187; x_wconf 67' lang='lat' dir='ltr'><strong>sarpe</strong></span> <span class='ocrx_word' id='word_1_424' title='bbox 1316 3116 1846 3189; x_wconf 83' lang='lat' dir='ltr'><strong>designant,caput</strong></span> 
     </span>
    </p>
   </div>
   <div class='ocr_carea' id='block_1_62' title="bbox 258 3211 1842 3285">
    <p class='ocr_par' dir='ltr' id='par_1_62' title="bbox 258 3211 1842 3285">
     <span class='ocr_line' id='line_1_62' title="bbox 258 3211 1842 3285; baseline 0.004 -24"><span class='ocrx_word' id='word_1_425' title='bbox 258 3227 382 3268; x_wconf 87' lang='lat' dir='ltr'><strong>vero</strong></span> <span class='ocrx_word' id='word_1_426' title='bbox 408 3222 506 3267; x_wconf 89' lang='lat' dir='ltr'><strong>aut</strong></span> <span class='ocrx_word' id='word_1_427' title='bbox 541 3211 779 3281; x_wconf 86' lang='lat' dir='ltr'><strong>quodvis</strong></span> <span class='ocrx_word' id='word_1_428' title='bbox 820 3211 959 3265; x_wconf 91' lang='lat' dir='ltr'><strong>alius</strong></span> <span class='ocrx_word' id='word_1_429' title='bbox 985 3211 1277 3267; x_wconf 88' lang='lat' dir='ltr'><strong>divisionis</strong></span> <span class='ocrx_word' id='word_1_430' title='bbox 1313 3228 1510 3279; x_wconf 75' lang='lat' dir='ltr'><strong>genus,</strong></span> <span class='ocrx_word' id='word_1_431' title='bbox 1542 3230 1842 3285; x_wconf 90' lang='lat' dir='ltr'><strong>nusquam.</strong></span> 
     </span>
    </p>
   </div>
   <div class='ocr_carea' id='block_1_63' title="bbox 259 3303 1845 3361">
    <p class='ocr_par' dir='ltr' id='par_1_63' title="bbox 259 3303 1845 3361">
     <span class='ocr_line' id='line_1_63' title="bbox 259 3303 1845 3361; baseline 0.002 -3"><span class='ocrx_word' id='word_1_432' title='bbox 259 3303 389 3360; x_wconf 82' lang='lat' dir='ltr'><strong>Hinc</strong></span> <span class='ocrx_word' id='word_1_433' title='bbox 416 3306 590 3359; x_wconf 87' lang='lat' dir='ltr'><strong>etiam</strong></span> <span class='ocrx_word' id='word_1_434' title='bbox 623 3303 677 3357; x_wconf 92' lang='lat' dir='ltr'><strong>in</strong></span> <span class='ocrx_word' id='word_1_435' title='bbox 705 3303 964 3357; x_wconf 89' lang='lat' dir='ltr'><strong>omnibus</strong></span> <span class='ocrx_word' id='word_1_436' title='bbox 992 3318 1126 3357; x_wconf 89' lang='lat' dir='ltr'><strong>mss.</strong></span> <span class='ocrx_word' id='word_1_437' title='bbox 1149 3304 1434 3359; x_wconf 87' lang='lat' dir='ltr'><strong>codicibus</strong></span> <span class='ocrx_word' id='word_1_438' title='bbox 1460 3304 1678 3361; x_wconf 88' lang='lat' dir='ltr'><strong>Latinis</strong></span> <span class='ocrx_word' id='word_1_439' title='bbox 1704 3306 1845 3361; x_wconf 84' lang='lat' dir='ltr'><strong>liber</strong></span> 
     </span>
    </p>
   </div>
   <div class='ocr_carea' id='block_1_64' title="bbox 256 3396 1842 3467">
    <p class='ocr_par' dir='ltr' id='par_1_64' title="bbox 256 3396 1842 3467">
     <span class='ocr_line' id='line_1_64' title="bbox 256 3396 1842 3467; baseline 0.002 -18"><span class='ocrx_word' id='word_1_440' title='bbox 256 3398 476 3466; x_wconf 88' lang='lat' dir='ltr'><strong>quintus</strong></span> <span class='ocrx_word' id='word_1_441' title='bbox 508 3396 774 3450; x_wconf 90' lang='lat' dir='ltr'><strong>continuo</strong></span> <span class='ocrx_word' id='word_1_442' title='bbox 802 3409 907 3449; x_wconf 90' lang='lat' dir='ltr'><strong>nec</strong></span> <span class='ocrx_word' id='word_1_443' title='bbox 940 3397 1249 3464; x_wconf 88' lang='lat' dir='ltr'><strong>interrupto</strong></span> <span class='ocrx_word' id='word_1_444' title='bbox 1284 3396 1427 3467; x_wconf 84' lang='lat' dir='ltr'><strong>stylo</strong></span> <span class='ocrx_word' id='word_1_445' title='bbox 1481 3401 1550 3452; x_wconf 92' lang='lat' dir='ltr'><strong>ab</strong></span> <span class='ocrx_word' id='word_1_446' title='bbox 1580 3399 1741 3453; x_wconf 92' lang='lat' dir='ltr'><strong>initio</strong></span> <span class='ocrx_word' id='word_1_447' title='bbox 1775 3400 1842 3452; x_wconf 91' lang='lat' dir='ltr'><strong>ad</strong></span> 
     </span>
    </p>
   </div>
   <div class='ocr_carea' id='block_1_65' title="bbox 262 3484 1839 3558">
    <p class='ocr_par' dir='ltr' id='par_1_65' title="bbox 262 3484 1839 3558">
     <span class='ocr_line' id='line_1_65' title="bbox 262 3484 1839 3558; baseline 0.003 -20"><span class='ocrx_word' id='word_1_448' title='bbox 262 3485 417 3541; x_wconf 82' lang='lat' dir='ltr'><strong>linem</strong></span> <span class='ocrx_word' id='word_1_449' title='bbox 479 3501 659 3555; x_wconf 86' lang='lat' dir='ltr'><strong>usque</strong></span> <span class='ocrx_word' id='word_1_450' title='bbox 712 3486 986 3554; x_wconf 89' lang='lat' dir='ltr'><strong>procedit,</strong></span> <span class='ocrx_word' id='word_1_451' title='bbox 1018 3484 1276 3555; x_wconf 89' lang='lat' dir='ltr'><strong>nullaque</strong></span> <span class='ocrx_word' id='word_1_452' title='bbox 1308 3484 1577 3557; x_wconf 87' lang='lat' dir='ltr'><strong>apparent</strong></span> <span class='ocrx_word' id='word_1_453' title='bbox 1634 3489 1839 3558; x_wconf 85' lang='lat' dir='ltr'><strong>capita,</strong></span> 
     </span>
    </p>
   </div>
   <div class='ocr_carea' id='block_1_66' title="bbox 258 3575 1842 3649">
    <p class='ocr_par' dir='ltr' id='par_1_66' title="bbox 258 3575 1842 3649">
     <span class='ocr_line' id='line_1_66' title="bbox 258 3575 1842 3649; baseline 0.001 -17"><span class='ocrx_word' id='word_1_454' title='bbox 258 3580 604 3648; x_wconf 85' lang='lat' dir='ltr'><strong>capitumque</strong></span> <span class='ocrx_word' id='word_1_455' title='bbox 629 3584 972 3645; x_wconf 87' lang='lat' dir='ltr'><strong>argumenta.</strong></span> <span class='ocrx_word' id='word_1_456' title='bbox 1004 3575 1162 3649; x_wconf 73' lang='grc' dir='ltr'><strong>[ριν]</strong></span> <span class='ocrx_word' id='word_1_457' title='bbox 1197 3577 1368 3631; x_wconf 84' lang='lat' dir='ltr'><strong>Primi</strong></span> <span class='ocrx_word' id='word_1_458' title='bbox 1400 3579 1647 3633; x_wconf 90' lang='lat' dir='ltr'><strong>omnium</strong></span> <span class='ocrx_word' id='word_1_459' title='bbox 1698 3580 1842 3635; x_wconf 90' lang='lat' dir='ltr'><strong>hunc</strong></span> 
     </span>
    </p>
   </div>
   <div class='ocr_carea' id='block_1_67' title="bbox 258 3670 1840 3741">
    <p class='ocr_par' dir='ltr' id='par_1_67' title="bbox 258 3670 1840 3741">
     <span class='ocr_line' id='line_1_67' title="bbox 258 3670 1840 3741; baseline 0.001 -17"><span class='ocrx_word' id='word_1_460' title='bbox 258 3672 309 3726; x_wconf 90' lang='lat' dir='ltr'><strong>in</strong></span> <span class='ocrx_word' id='word_1_461' title='bbox 373 3672 560 3741; x_wconf 88' lang='lat' dir='ltr'><strong>capita</strong></span> <span class='ocrx_word' id='word_1_462' title='bbox 617 3678 920 3724; x_wconf 86' lang='lat' dir='ltr'><strong>secuerunt</strong></span> <span class='ocrx_word' id='word_1_463' title='bbox 973 3670 1246 3725; x_wconf 85' lang='lat' dir='ltr'><strong>Gallasius</strong></span> <span class='ocrx_word' id='word_1_464' title='bbox 1295 3680 1353 3724; x_wconf 88' lang='lat' dir='ltr'><strong>et</strong></span> <span class='ocrx_word' id='word_1_465' title='bbox 1408 3671 1840 3735; x_wconf 87' lang='lat' dir='ltr'><strong>Feuardentius,</strong></span> 
     </span>
    </p>
   </div>
   <div class='ocr_carea' id='block_1_68' title="bbox 258 3764 1843 3837">
    <p class='ocr_par' dir='ltr' id='par_1_68' title="bbox 258 3764 1843 3837">
     <span class='ocr_line' id='line_1_68' title="bbox 258 3764 1843 3837; baseline 0.001 -18"><span class='ocrx_word' id='word_1_466' title='bbox 258 3780 573 3837; x_wconf 85' lang='lat' dir='ltr'><strong>quanquam</strong></span> <span class='ocrx_word' id='word_1_467' title='bbox 604 3781 709 3820; x_wconf 85' lang='lat' dir='ltr'><strong>nec</strong></span> <span class='ocrx_word' id='word_1_468' title='bbox 765 3764 957 3820; x_wconf 91' lang='lat' dir='ltr'><strong>eodem</strong></span> <span class='ocrx_word' id='word_1_469' title='bbox 1004 3764 1201 3829; x_wconf 85' lang='lat' dir='ltr'><strong>modo,</strong></span> <span class='ocrx_word' id='word_1_470' title='bbox 1258 3764 1482 3834; x_wconf 66' lang='lat' dir='ltr'><strong>praeﬁxo</strong></span> <span class='ocrx_word' id='word_1_471' title='bbox 1542 3767 1843 3837; x_wconf 90' lang='lat' dir='ltr'><strong>unicuique</strong></span> 
     </span>
    </p>
   </div>
   <div class='ocr_carea' id='block_1_69' title="bbox 259 3857 1842 3932">
    <p class='ocr_par' dir='ltr' id='par_1_69' title="bbox 259 3857 1842 3932">
     <span class='ocr_line' id='line_1_69' title="bbox 259 3857 1842 3932; baseline 0.001 -21"><span class='ocrx_word' id='word_1_472' title='bbox 259 3860 411 3927; x_wconf 84' lang='lat' dir='ltr'><strong>capiti</strong></span> <span class='ocrx_word' id='word_1_473' title='bbox 440 3873 543 3913; x_wconf 79' lang='lat' dir='ltr'><strong>suo</strong></span> <span class='ocrx_word' id='word_1_474' title='bbox 578 3864 933 3928; x_wconf 88' lang='lat' dir='ltr'><strong>argumento.</strong></span> <span class='ocrx_word' id='word_1_475' title='bbox 965 3858 1099 3910; x_wconf 81' lang='lat' dir='ltr'><strong>Nam</strong></span> <span class='ocrx_word' id='word_1_476' title='bbox 1130 3868 1291 3911; x_wconf 88' lang='lat' dir='ltr'><strong>antea</strong></span> <span class='ocrx_word' id='word_1_477' title='bbox 1327 3857 1589 3913; x_wconf 85' lang='lat' dir='ltr'><strong>Erasmus</strong></span> <span class='ocrx_word' id='word_1_478' title='bbox 1615 3869 1670 3913; x_wconf 90' lang='lat' dir='ltr'><strong>et</strong></span> <span class='ocrx_word' id='word_1_479' title='bbox 1696 3858 1842 3932; x_wconf 86' lang='lat' dir='ltr'><strong>Gry-</strong></span> 
     </span>
    </p>
   </div>
   <div class='ocr_carea' id='block_1_70' title="bbox 259 3950 1818 4018">
    <p class='ocr_par' dir='ltr' id='par_1_70' title="bbox 259 3950 1818 4018">
     <span class='ocr_line' id='line_1_70' title="bbox 259 3950 1818 4018; baseline 0.001 -13"><span class='ocrx_word' id='word_1_480' title='bbox 259 3966 397 4006; x_wconf 67' lang='lat' dir='ltr'><strong>naeus</strong></span> <span class='ocrx_word' id='word_1_481' title='bbox 426 3952 633 4006; x_wconf 90' lang='lat' dir='ltr'><strong>librum</strong></span> <span class='ocrx_word' id='word_1_482' title='bbox 666 3951 811 4004; x_wconf 89' lang='lat' dir='ltr'><strong>hunc</strong></span> <span class='ocrx_word' id='word_1_483' title='bbox 837 3950 1148 4013; x_wconf 84' lang='lat' dir='ltr'><strong>ediderant,</strong></span> <span class='ocrx_word' id='word_1_484' title='bbox 1178 3950 1396 4018; x_wconf 90' lang='lat' dir='ltr'><strong>qualem</strong></span> <span class='ocrx_word' id='word_1_485' title='bbox 1435 3967 1565 4009; x_wconf 90' lang='lat' dir='ltr'><strong>mss.</strong></span> <span class='ocrx_word' id='word_1_486' title='bbox 1598 3955 1818 4008; x_wconf 82' lang='lat' dir='ltr'><strong>codices</strong></span> 
     </span>
    </p>
   </div>
   <div class='ocr_carea' id='block_1_71' title="bbox 259 4043 1837 4112">
    <p class='ocr_par' dir='ltr' id='par_1_71' title="bbox 259 4043 1837 4112">
     <span class='ocr_line' id='line_1_71' title="bbox 259 4043 1837 4112; baseline 0.001 -13"><span class='ocrx_word' id='word_1_487' title='bbox 259 4046 607 4100; x_wconf 80' lang='lat' dir='ltr'><strong>exhibebant.</strong></span> <span class='ocrx_word' id='word_1_488' title='bbox 664 4044 803 4098; x_wconf 89' lang='lat' dir='ltr'><strong>Hinc</strong></span> <span class='ocrx_word' id='word_1_489' title='bbox 846 4043 1081 4112; x_wconf 88' lang='lat' dir='ltr'><strong>denique</strong></span> <span class='ocrx_word' id='word_1_490' title='bbox 1128 4057 1230 4097; x_wconf 91' lang='lat' dir='ltr'><strong>nec</strong></span> <span class='ocrx_word' id='word_1_491' title='bbox 1280 4044 1332 4098; x_wconf 92' lang='lat' dir='ltr'><strong>in</strong></span> <span class='ocrx_word' id='word_1_492' title='bbox 1366 4044 1491 4099; x_wconf 90' lang='lat' dir='ltr'><strong>aliis</strong></span> <span class='ocrx_word' id='word_1_493' title='bbox 1540 4045 1714 4112; x_wconf 80' lang='lat' dir='ltr'><strong>libris,</strong></span> <span class='ocrx_word' id='word_1_494' title='bbox 1784 4048 1837 4101; x_wconf 90' lang='lat' dir='ltr'><strong>in</strong></span> 
     </span>
    </p>
   </div>
   <div class='ocr_carea' id='block_1_72' title="bbox 259 4136 1836 4206">
    <p class='ocr_par' dir='ltr' id='par_1_72' title="bbox 259 4136 1836 4206">
     <span class='ocr_line' id='line_1_72' title="bbox 259 4136 1836 4206; baseline 0.001 -15"><span class='ocrx_word' id='word_1_495' title='bbox 259 4139 491 4191; x_wconf 73' lang='lat' dir='ltr'><strong>secundo</strong></span> <span class='ocrx_word' id='word_1_496' title='bbox 510 4136 850 4206; x_wconf 60' lang='lat' dir='ltr'><strong>prasertim,</strong></span> <span class='ocrx_word' id='word_1_497' title='bbox 872 4150 1057 4190; x_wconf 89' lang='lat' dir='ltr'><strong>secum</strong></span> <span class='ocrx_word' id='word_1_498' title='bbox 1078 4136 1311 4191; x_wconf 89' lang='lat' dir='ltr'><strong>invicem</strong></span> <span class='ocrx_word' id='word_1_499' title='bbox 1334 4138 1688 4192; x_wconf 89' lang='lat' dir='ltr'><strong>consentiunt</strong></span> <span class='ocrx_word' id='word_1_500' title='bbox 1708 4154 1836 4192; x_wconf 90' lang='lat' dir='ltr'><strong>mss.</strong></span> 
     </span>
    </p>
   </div>
   <div class='ocr_carea' id='block_1_73' title="bbox 259 4226 1837 4296">
    <p class='ocr_par' dir='ltr' id='par_1_73' title="bbox 259 4226 1837 4296">
     <span class='ocr_line' id='line_1_73' title="bbox 259 4226 1837 4296; baseline 0.001 -13"><span class='ocrx_word' id='word_1_501' title='bbox 259 4229 467 4283; x_wconf 83' lang='lat' dir='ltr'><strong>codices</strong></span> <span class='ocrx_word' id='word_1_502' title='bbox 489 4268 505 4290; x_wconf 95' lang='lat'><strong>,</strong></span> <span class='ocrx_word' id='word_1_503' title='bbox 536 4228 593 4281; x_wconf 88' lang='lat' dir='ltr'><strong>in</strong></span> <span class='ocrx_word' id='word_1_504' title='bbox 626 4227 829 4296; x_wconf 89' lang='lat' dir='ltr'><strong>quibus</strong></span> <span class='ocrx_word' id='word_1_505' title='bbox 862 4227 970 4281; x_wconf 88' lang='lat' dir='ltr'><strong>alia</strong></span> <span class='ocrx_word' id='word_1_506' title='bbox 1002 4235 1167 4296; x_wconf 91' lang='lat' dir='ltr'><strong>atque</strong></span> <span class='ocrx_word' id='word_1_507' title='bbox 1202 4226 1307 4281; x_wconf 89' lang='lat' dir='ltr'><strong>alia</strong></span> <span class='ocrx_word' id='word_1_508' title='bbox 1340 4228 1537 4283; x_wconf 88' lang='lat' dir='ltr'><strong>divisio</strong></span> <span class='ocrx_word' id='word_1_509' title='bbox 1559 4232 1837 4295; x_wconf 89' lang='lat' dir='ltr'><strong>occurrit;</strong></span> 
     </span>
    </p>
   </div>
   <div class='ocr_carea' id='block_1_74' title="bbox 257 4320 1841 4391">
    <p class='ocr_par' dir='ltr' id='par_1_74' title="bbox 257 4320 1841 4391">
     <span class='ocr_line' id='line_1_74' title="bbox 257 4320 1841 4391; baseline 0 -16"><span class='ocrx_word' id='word_1_510' title='bbox 257 4322 303 4375; x_wconf 90' lang='lat' dir='ltr'><strong>in</strong></span> <span class='ocrx_word' id='word_1_511' title='bbox 321 4323 402 4376; x_wconf 85' lang='lat' dir='ltr'><strong>his</strong></span> <span class='ocrx_word' id='word_1_512' title='bbox 418 4322 672 4390; x_wconf 81' lang='lat' dir='ltr'><strong>longiora</strong></span> <span class='ocrx_word' id='word_1_513' title='bbox 693 4320 897 4390; x_wconf 86' lang='lat' dir='ltr'><strong>capita,</strong></span> <span class='ocrx_word' id='word_1_514' title='bbox 922 4320 977 4373; x_wconf 93' lang='lat' dir='ltr'><strong>in</strong></span> <span class='ocrx_word' id='word_1_515' title='bbox 1002 4320 1110 4375; x_wconf 90' lang='lat' dir='ltr'><strong>illis</strong></span> <span class='ocrx_word' id='word_1_516' title='bbox 1129 4320 1380 4375; x_wconf 83' lang='lat' dir='ltr'><strong>breviora</strong></span> <span class='ocrx_word' id='word_1_517' title='bbox 1404 4337 1418 4386; x_wconf 92' lang='lat'><strong>;</strong></span> <span class='ocrx_word' id='word_1_518' title='bbox 1440 4321 1493 4374; x_wconf 90' lang='lat' dir='ltr'><strong>in</strong></span> <span class='ocrx_word' id='word_1_519' title='bbox 1518 4321 1640 4376; x_wconf 88' lang='lat' dir='ltr'><strong>istis</strong></span> <span class='ocrx_word' id='word_1_520' title='bbox 1663 4321 1841 4391; x_wconf 84' lang='lat' dir='ltr'><strong>major</strong></span> 
     </span>
    </p>
   </div>
   <div class='ocr_carea' id='block_1_75' title="bbox 1950 3111 3532 3183">
    <p class='ocr_par' dir='ltr' id='par_1_75' title="bbox 1950 3111 3532 3183">
     <span class='ocr_line' id='line_1_75' title="bbox 1950 3111 3532 3183; baseline 0.004 -18"><span class='ocrx_word' id='word_1_521' title='bbox 1950 3111 2169 3179; x_wconf 82' lang='lat' dir='ltr'><strong>adjecit.</strong></span> <span class='ocrx_word' id='word_1_522' title='bbox 2202 3113 2491 3182; x_wconf 84' lang='lat' dir='ltr'><strong>Displicuit</strong></span> <span class='ocrx_word' id='word_1_523' title='bbox 2515 3114 2806 3168; x_wconf 88' lang='lat' dir='ltr'><strong>consilium</strong></span> <span class='ocrx_word' id='word_1_524' title='bbox 2838 3116 3237 3183; x_wconf 83' lang='lat' dir='ltr'><strong>Fenardentio,</strong></span> <span class='ocrx_word' id='word_1_525' title='bbox 3276 3135 3401 3173; x_wconf 87' lang='lat' dir='ltr'><strong>nam</strong></span> <span class='ocrx_word' id='word_1_526' title='bbox 3436 3136 3532 3171; x_wconf 79' lang='lat' dir='ltr'><strong>ve-</strong></span> 
     </span>
    </p>
   </div>
   <div class='ocr_carea' id='block_1_76' title="bbox 1950 3206 3535 3280">
    <p class='ocr_par' dir='ltr' id='par_1_76' title="bbox 1950 3206 3535 3280">
     <span class='ocr_line' id='line_1_76' title="bbox 1950 3206 3535 3280; baseline 0.002 -21"><span class='ocrx_word' id='word_1_527' title='bbox 1950 3217 2098 3260; x_wconf 89' lang='lat' dir='ltr'><strong>teres</strong></span> <span class='ocrx_word' id='word_1_528' title='bbox 2151 3206 2455 3261; x_wconf 87' lang='lat' dir='ltr'><strong>summulas</strong></span> <span class='ocrx_word' id='word_1_529' title='bbox 2516 3207 2791 3270; x_wconf 89' lang='lat' dir='ltr'><strong>restituit;</strong></span> <span class='ocrx_word' id='word_1_530' title='bbox 2854 3224 2919 3261; x_wconf 84' lang='lat' dir='ltr'><strong>eo</strong></span> <span class='ocrx_word' id='word_1_531' title='bbox 2957 3211 3204 3270; x_wconf 85' lang='lat' dir='ltr'><strong>nomine,</strong></span> <span class='ocrx_word' id='word_1_532' title='bbox 3262 3222 3321 3264; x_wconf 91' lang='lat' dir='ltr'><strong>ut</strong></span> <span class='ocrx_word' id='word_1_533' title='bbox 3382 3222 3535 3280; x_wconf 86' lang='lat' dir='ltr'><strong>puto,</strong></span> 
     </span>
    </p>
   </div>
   <div class='ocr_carea' id='block_1_77' title="bbox 1948 3298 3535 3369">
    <p class='ocr_par' dir='ltr' id='par_1_77' title="bbox 1948 3298 3535 3369">
     <span class='ocr_line' id='line_1_77' title="bbox 1948 3298 3535 3369; baseline 0.004 -19"><span class='ocrx_word' id='word_1_534' title='bbox 1948 3298 2093 3366; x_wconf 91' lang='lat' dir='ltr'><strong>quod</strong></span> <span class='ocrx_word' id='word_1_535' title='bbox 2124 3301 2361 3366; x_wconf 71' lang='lat' dir='ltr'><strong>antiqua:</strong></span> <span class='ocrx_word' id='word_1_536' title='bbox 2402 3307 2590 3353; x_wconf 88' lang='lat' dir='ltr'><strong>essent</strong></span> <span class='ocrx_word' id='word_1_537' title='bbox 2625 3317 2638 3352; x_wconf 88' lang='lat'><strong>:</strong></span> <span class='ocrx_word' id='word_1_538' title='bbox 2669 3300 2826 3369; x_wconf 89' lang='lat' dir='ltr'><strong>quasi</strong></span> <span class='ocrx_word' id='word_1_539' title='bbox 2862 3302 3024 3353; x_wconf 88' lang='lat' dir='ltr'><strong>rebus</strong></span> <span class='ocrx_word' id='word_1_540' title='bbox 3053 3300 3309 3355; x_wconf 84' lang='lat' dir='ltr'><strong>absurdis</strong></span> <span class='ocrx_word' id='word_1_541' title='bbox 3339 3314 3535 3356; x_wconf 83' lang='lat' dir='ltr'><strong>aucto-</strong></span> 
     </span>
    </p>
   </div>
   <div class='ocr_carea' id='block_1_78' title="bbox 1950 3390 3538 3464">
    <p class='ocr_par' dir='ltr' id='par_1_78' title="bbox 1950 3390 3538 3464">
     <span class='ocr_line' id='line_1_78' title="bbox 1950 3390 3538 3464; baseline 0.004 -23"><span class='ocrx_word' id='word_1_542' title='bbox 1950 3391 2166 3444; x_wconf 89' lang='lat' dir='ltr'><strong>ritatem</strong></span> <span class='ocrx_word' id='word_1_543' title='bbox 2205 3400 2259 3444; x_wconf 89' lang='lat' dir='ltr'><strong>et</strong></span> <span class='ocrx_word' id='word_1_544' title='bbox 2294 3390 2528 3460; x_wconf 89' lang='lat' dir='ltr'><strong>pretium</strong></span> <span class='ocrx_word' id='word_1_545' title='bbox 2590 3392 2817 3445; x_wconf 88' lang='lat' dir='ltr'><strong>adderet</strong></span> <span class='ocrx_word' id='word_1_546' title='bbox 2868 3392 3190 3461; x_wconf 87' lang='lat' dir='ltr'><strong>antiquitas.</strong></span> <span class='ocrx_word' id='word_1_547' title='bbox 3250 3394 3538 3464; x_wconf 85' lang='lat' dir='ltr'><strong>Displicnit</strong></span> 
     </span>
    </p>
   </div>
   <div class='ocr_carea' id='block_1_79' title="bbox 1948 3482 3536 3558">
    <p class='ocr_par' dir='ltr' id='par_1_79' title="bbox 1948 3482 3536 3558">
     <span class='ocr_line' id='line_1_79' title="bbox 1948 3482 3536 3558; baseline 0.003 -21"><span class='ocrx_word' id='word_1_548' title='bbox 1948 3492 1999 3537; x_wconf 85' lang='lat' dir='ltr'><strong>et</strong></span> <span class='ocrx_word' id='word_1_549' title='bbox 2025 3482 2235 3537; x_wconf 89' lang='lat' dir='ltr'><strong>Grabio</strong></span> <span class='ocrx_word' id='word_1_550' title='bbox 2263 3524 2279 3548; x_wconf 90' lang='lat'><strong>,</strong></span> <span class='ocrx_word' id='word_1_551' title='bbox 2308 3484 2403 3552; x_wconf 90' lang='lat' dir='ltr'><strong>qui</strong></span> <span class='ocrx_word' id='word_1_552' title='bbox 2438 3483 2581 3536; x_wconf 89' lang='lat' dir='ltr'><strong>male</strong></span> <span class='ocrx_word' id='word_1_553' title='bbox 2604 3498 2633 3535; x_wconf 89' lang='lat' dir='ltr'><strong>a</strong></span> <span class='ocrx_word' id='word_1_554' title='bbox 2662 3482 2894 3553; x_wconf 78' lang='lat' dir='ltr'><strong>Grymeo</strong></span> <span class='ocrx_word' id='word_1_555' title='bbox 2925 3485 3131 3538; x_wconf 78' lang='lat' dir='ltr'><strong>factum</strong></span> <span class='ocrx_word' id='word_1_556' title='bbox 3182 3488 3360 3555; x_wconf 89' lang='lat' dir='ltr'><strong>palam</strong></span> <span class='ocrx_word' id='word_1_557' title='bbox 3411 3504 3536 3558; x_wconf 86' lang='lat' dir='ltr'><strong>pro-</strong></span> 
     </span>
    </p>
   </div>
   <div class='ocr_carea' id='block_1_80' title="bbox 1948 3573 3524 3645">
    <p class='ocr_par' dir='ltr' id='par_1_80' title="bbox 1948 3573 3524 3645">
     <span class='ocr_line' id='line_1_80' title="bbox 1948 3573 3524 3645; baseline 0.003 -17"><span class='ocrx_word' id='word_1_558' title='bbox 1948 3574 2183 3628; x_wconf 90' lang='lat' dir='ltr'><strong>nuntiat.</strong></span> <span class='ocrx_word' id='word_1_559' title='bbox 2219 3574 2302 3627; x_wconf 84' lang='lat' dir='ltr'><strong>An</strong></span> <span class='ocrx_word' id='word_1_560' title='bbox 2362 3589 2496 3629; x_wconf 91' lang='lat' dir='ltr'><strong>vero</strong></span> <span class='ocrx_word' id='word_1_561' title='bbox 2542 3573 2736 3627; x_wconf 85' lang='lat' dir='ltr'><strong>melius</strong></span> <span class='ocrx_word' id='word_1_562' title='bbox 2766 3591 2794 3627; x_wconf 91' lang='lat' dir='ltr'><strong>a</strong></span> <span class='ocrx_word' id='word_1_563' title='bbox 2826 3574 3031 3629; x_wconf 87' lang='lat' dir='ltr'><strong>Grabio</strong></span> <span class='ocrx_word' id='word_1_564' title='bbox 3062 3577 3217 3645; x_wconf 86' lang='lat' dir='ltr'><strong>ipso?</strong></span> <span class='ocrx_word' id='word_1_565' title='bbox 3243 3577 3524 3634; x_wconf 87' lang='lat' dir='ltr'><strong>Judicimn</strong></span> 
     </span>
    </p>
   </div>
   <div class='ocr_carea' id='block_1_81' title="bbox 1947 3667 3536 3741">
    <p class='ocr_par' dir='ltr' id='par_1_81' title="bbox 1947 3667 3536 3741">
     <span class='ocr_line' id='line_1_81' title="bbox 1947 3667 3536 3741; baseline 0.005 -20"><span class='ocrx_word' id='word_1_566' title='bbox 1947 3681 2114 3737; x_wconf 87' lang='lat' dir='ltr'><strong>penes</strong></span> <span class='ocrx_word' id='word_1_567' title='bbox 2152 3667 2387 3723; x_wconf 89' lang='lat' dir='ltr'><strong>lectores</strong></span> <span class='ocrx_word' id='word_1_568' title='bbox 2444 3674 2581 3723; x_wconf 90' lang='lat' dir='ltr'><strong>esto.</strong></span> <span class='ocrx_word' id='word_1_569' title='bbox 2635 3667 2729 3722; x_wconf 90' lang='lat' dir='ltr'><strong>Sic</strong></span> <span class='ocrx_word' id='word_1_570' title='bbox 2780 3670 2926 3722; x_wconf 90' lang='lat' dir='ltr'><strong>enim</strong></span> <span class='ocrx_word' id='word_1_571' title='bbox 2973 3679 3159 3724; x_wconf 90' lang='lat' dir='ltr'><strong>vetera</strong></span> <span class='ocrx_word' id='word_1_572' title='bbox 3213 3687 3536 3741; x_wconf 82' lang='lat' dir='ltr'><strong>argumenta</strong></span> 
     </span>
    </p>
   </div>
   <div class='ocr_carea' id='block_1_82' title="bbox 1949 3759 3538 3835">
    <p class='ocr_par' dir='ltr' id='par_1_82' title="bbox 1949 3759 3538 3835">
     <span class='ocr_line' id='line_1_82' title="bbox 1949 3759 3538 3835; baseline 0.005 -22"><span class='ocrx_word' id='word_1_573' title='bbox 1949 3759 2213 3820; x_wconf 86' lang='lat' dir='ltr'><strong>restituit.</strong></span> <span class='ocrx_word' id='word_1_574' title='bbox 2251 3769 2311 3812; x_wconf 91' lang='lat' dir='ltr'><strong>ut</strong></span> <span class='ocrx_word' id='word_1_575' title='bbox 2362 3771 2542 3831; x_wconf 88' lang='lat' dir='ltr'><strong>spreta</strong></span> <span class='ocrx_word' id='word_1_576' title='bbox 2589 3759 2840 3814; x_wconf 88' lang='lat' dir='ltr'><strong>codicum</strong></span> <span class='ocrx_word' id='word_1_577' title='bbox 2906 3764 3261 3824; x_wconf 85' lang='lat' dir='ltr'><strong>auctoritate.</strong></span> <span class='ocrx_word' id='word_1_578' title='bbox 3292 3781 3399 3835; x_wconf 90' lang='lat' dir='ltr'><strong>qua</strong></span> <span class='ocrx_word' id='word_1_579' title='bbox 3452 3778 3538 3821; x_wconf 85' lang='lat' dir='ltr'><strong>ta-</strong></span> 
     </span>
    </p>
   </div>
   <div class='ocr_carea' id='block_1_83' title="bbox 1947 3852 3537 3930">
    <p class='ocr_par' dir='ltr' id='par_1_83' title="bbox 1947 3852 3537 3930">
     <span class='ocr_line' id='line_1_83' title="bbox 1947 3852 3537 3930; baseline 0.005 -23"><span class='ocrx_word' id='word_1_580' title='bbox 1947 3868 2070 3909; x_wconf 89' lang='lat' dir='ltr'><strong>men</strong></span> <span class='ocrx_word' id='word_1_581' title='bbox 2114 3853 2229 3908; x_wconf 89' lang='lat' dir='ltr'><strong>sola</strong></span> <span class='ocrx_word' id='word_1_582' title='bbox 2263 3852 2440 3907; x_wconf 82' lang='lat' dir='ltr'><strong>fretus</strong></span> <span class='ocrx_word' id='word_1_583' title='bbox 2472 3853 2755 3909; x_wconf 88' lang='lat' dir='ltr'><strong>retinenda</strong></span> <span class='ocrx_word' id='word_1_584' title='bbox 2788 3869 2848 3908; x_wconf 89' lang='lat' dir='ltr'><strong>ea</strong></span> <span class='ocrx_word' id='word_1_585' title='bbox 2891 3869 3013 3909; x_wconf 89' lang='lat' dir='ltr'><strong>esse</strong></span> <span class='ocrx_word' id='word_1_586' title='bbox 3043 3860 3278 3922; x_wconf 86' lang='lat' dir='ltr'><strong>censuit,</strong></span> <span class='ocrx_word' id='word_1_587' title='bbox 3311 3866 3537 3930; x_wconf 91' lang='lat' dir='ltr'><strong>proprio</strong></span> 
     </span>
    </p>
   </div>
   <div class='ocr_carea' id='block_1_84' title="bbox 1946 3946 3534 4019">
    <p class='ocr_par' dir='ltr' id='par_1_84' title="bbox 1946 3946 3534 4019">
     <span class='ocr_line' id='line_1_84' title="bbox 1946 3946 3534 4019; baseline 0.006 -21"><span class='ocrx_word' id='word_1_588' title='bbox 1946 3946 2215 4000; x_wconf 89' lang='lat' dir='ltr'><strong>arbitratu</strong></span> <span class='ocrx_word' id='word_1_589' title='bbox 2260 3946 2620 4016; x_wconf 90' lang='lat' dir='ltr'><strong>disposuerit,</strong></span> <span class='ocrx_word' id='word_1_590' title='bbox 2671 3949 3217 4019; x_wconf 87' lang='lat' dir='ltr'><strong>transposueritque,</strong></span> <span class='ocrx_word' id='word_1_591' title='bbox 3252 3950 3534 4007; x_wconf 86' lang='lat' dir='ltr'><strong>interdum</strong></span> 
     </span>
    </p>
   </div>
   <div class='ocr_carea' id='block_1_85' title="bbox 1947 4040 3537 4114">
    <p class='ocr_par' dir='ltr' id='par_1_85' title="bbox 1947 4040 3537 4114">
     <span class='ocr_line' id='line_1_85' title="bbox 1947 4040 3537 4114; baseline 0.003 -21"><span class='ocrx_word' id='word_1_592' title='bbox 1947 4055 2057 4094; x_wconf 90' lang='lat' dir='ltr'><strong>uno</strong></span> <span class='ocrx_word' id='word_1_593' title='bbox 2084 4049 2141 4094; x_wconf 90' lang='lat' dir='ltr'><strong>et</strong></span> <span class='ocrx_word' id='word_1_594' title='bbox 2171 4042 2367 4095; x_wconf 89' lang='lat' dir='ltr'><strong>eodem</strong></span> <span class='ocrx_word' id='word_1_595' title='bbox 2402 4040 2454 4093; x_wconf 91' lang='lat' dir='ltr'><strong>in</strong></span> <span class='ocrx_word' id='word_1_596' title='bbox 2484 4040 2640 4110; x_wconf 91' lang='lat' dir='ltr'><strong>plura</strong></span> <span class='ocrx_word' id='word_1_597' title='bbox 2678 4040 2941 4108; x_wconf 90' lang='lat' dir='ltr'><strong>dissecto,</strong></span> <span class='ocrx_word' id='word_1_598' title='bbox 2979 4042 3253 4098; x_wconf 87' lang='lat' dir='ltr'><strong>interdum</strong></span> <span class='ocrx_word' id='word_1_599' title='bbox 3283 4046 3537 4114; x_wconf 78' lang='lat' dir='ltr'><strong>pluribus</strong></span> 
     </span>
    </p>
   </div>
   <div class='ocr_carea' id='block_1_86' title="bbox 1947 4130 3537 4207">
    <p class='ocr_par' dir='ltr' id='par_1_86' title="bbox 1947 4130 3537 4207">
     <span class='ocr_line' id='line_1_86' title="bbox 1947 4130 3537 4207; baseline 0.003 -20"><span class='ocrx_word' id='word_1_600' title='bbox 1947 4134 2000 4188; x_wconf 93' lang='lat' dir='ltr'><strong>in</strong></span> <span class='ocrx_word' id='word_1_601' title='bbox 2029 4149 2196 4186; x_wconf 91' lang='lat' dir='ltr'><strong>unum</strong></span> <span class='ocrx_word' id='word_1_602' title='bbox 2230 4137 2532 4202; x_wconf 81' lang='lat' dir='ltr'><strong>congestis.</strong></span> <span class='ocrx_word' id='word_1_603' title='bbox 2564 4135 2644 4188; x_wconf 85' lang='lat' dir='ltr'><strong>Ex</strong></span> <span class='ocrx_word' id='word_1_604' title='bbox 2705 4150 2817 4204; x_wconf 82' lang='lat' dir='ltr'><strong>quo</strong></span> <span class='ocrx_word' id='word_1_605' title='bbox 2874 4130 3107 4201; x_wconf 80' lang='lat' dir='ltr'><strong>factum,</strong></span> <span class='ocrx_word' id='word_1_606' title='bbox 3168 4148 3230 4191; x_wconf 91' lang='lat' dir='ltr'><strong>ut</strong></span> <span class='ocrx_word' id='word_1_607' title='bbox 3286 4137 3537 4207; x_wconf 88' lang='lat' dir='ltr'><strong>pluribus</strong></span> 
     </span>
    </p>
   </div>
   <div class='ocr_carea' id='block_1_87' title="bbox 1948 4229 3534 4301">
    <p class='ocr_par' dir='ltr' id='par_1_87' title="bbox 1948 4229 3534 4301">
     <span class='ocr_line' id='line_1_87' title="bbox 1948 4229 3534 4301; baseline 0.004 -18"><span class='ocrx_word' id='word_1_608' title='bbox 1948 4229 2220 4299; x_wconf 86' lang='lat' dir='ltr'><strong>capitibus</strong></span> <span class='ocrx_word' id='word_1_609' title='bbox 2248 4230 2542 4298; x_wconf 89' lang='lat' dir='ltr'><strong>aliquando</strong></span> <span class='ocrx_word' id='word_1_610' title='bbox 2574 4232 2743 4293; x_wconf 89' lang='lat' dir='ltr'><strong>idem,</strong></span> <span class='ocrx_word' id='word_1_611' title='bbox 2773 4230 3071 4301; x_wconf 88' lang='lat' dir='ltr'><strong>aliquando</strong></span> <span class='ocrx_word' id='word_1_612' title='bbox 3124 4236 3291 4289; x_wconf 89' lang='lat' dir='ltr'><strong>etiam</strong></span> <span class='ocrx_word' id='word_1_613' title='bbox 3322 4235 3534 4291; x_wconf 87' lang='lat' dir='ltr'><strong>nulluut</strong></span> 
     </span>
    </p>
   </div>
   <div class='ocr_carea' id='block_1_88' title="bbox 1946 4321 3537 4394">
    <p class='ocr_par' dir='ltr' id='par_1_88' title="bbox 1946 4321 3537 4394">
     <span class='ocr_line' id='line_1_88' title="bbox 1946 4321 3537 4394; baseline 0.005 -21"><span class='ocrx_word' id='word_1_614' title='bbox 1946 4322 2175 4376; x_wconf 90' lang='lat' dir='ltr'><strong>omnino</strong></span> <span class='ocrx_word' id='word_1_615' title='bbox 2201 4362 2216 4384; x_wconf 90' lang='lat'><strong>,</strong></span> <span class='ocrx_word' id='word_1_616' title='bbox 2249 4321 2546 4391; x_wconf 88' lang='lat' dir='ltr'><strong>aliquando</strong></span> <span class='ocrx_word' id='word_1_617' title='bbox 2590 4324 2735 4392; x_wconf 93' lang='lat' dir='ltr'><strong>quod</strong></span> <span class='ocrx_word' id='word_1_618' title='bbox 2789 4325 2925 4378; x_wconf 90' lang='lat' dir='ltr'><strong>nihil</strong></span> <span class='ocrx_word' id='word_1_619' title='bbox 2957 4336 3055 4378; x_wconf 89' lang='lat' dir='ltr'><strong>aut</strong></span> <span class='ocrx_word' id='word_1_620' title='bbox 3085 4340 3278 4394; x_wconf 90' lang='lat' dir='ltr'><strong>parum</strong></span> <span class='ocrx_word' id='word_1_621' title='bbox 3333 4342 3537 4381; x_wconf 86' lang='lat' dir='ltr'><strong>conve-</strong></span> 
     </span>
    </p>
   </div>
   <div class='ocr_carea' id='block_1_89' title="bbox 255 4405 3533 4487">
    <p class='ocr_par' dir='ltr' id='par_1_89' title="bbox 255 4405 3533 4487">
     <span class='ocr_line' id='line_1_89' title="bbox 255 4405 3533 4487; baseline 0.001 -16"><span class='ocrx_word' id='word_1_622' title='bbox 255 4419 488 4487; x_wconf 87' lang='lat' dir='ltr'><strong>capitum</strong></span> <span class='ocrx_word' id='word_1_623' title='bbox 522 4430 808 4476; x_wconf 89' lang='lat' dir='ltr'><strong>numerus,</strong></span> <span class='ocrx_word' id='word_1_624' title='bbox 868 4414 920 4467; x_wconf 93' lang='lat' dir='ltr'><strong>in</strong></span> <span class='ocrx_word' id='word_1_625' title='bbox 960 4413 1066 4467; x_wconf 92' lang='lat' dir='ltr'><strong>illis</strong></span> <span class='ocrx_word' id='word_1_626' title='bbox 1110 4414 1313 4468; x_wconf 90' lang='lat' dir='ltr'><strong>minor.</strong></span> <span class='ocrx_word' id='word_1_627' title='bbox 1362 4414 1535 4480; x_wconf 87' lang='lat' dir='ltr'><strong>Quam</strong></span> <span class='ocrx_word' id='word_1_628' title='bbox 1585 4416 1750 4468; x_wconf 92' lang='lat' dir='ltr'><strong>etiam</strong></span> <span class='ocrx_word' id='word_1_629' title='bbox 1782 4416 1835 4468; x_wconf 95' lang='lat' dir='ltr'><strong>in</strong></span> <span class='ocrx_word' id='word_1_630' title='bbox 1870 4405 1913 4459; x_wconf 79' lang='lat' dir='ltr'><strong>D</strong></span> <span class='ocrx_word' id='word_1_631' title='bbox 1944 4415 2061 4468; x_wconf 69' lang='lat' dir='ltr'><strong>{.iat</strong></span> <span class='ocrx_word' id='word_1_632' title='bbox 2091 4456 2107 4478; x_wconf 92' lang='lat'><strong>,</strong></span> <span class='ocrx_word' id='word_1_633' title='bbox 2160 4424 2541 4478; x_wconf 67' lang='lat' dir='ltr'><strong>argumentum</strong></span> <span class='ocrx_word' id='word_1_634' title='bbox 2611 4416 2953 4486; x_wconf 62' lang='lat' dir='ltr'><strong>praeﬁgatur.</strong></span> <span class='ocrx_word' id='word_1_635' title='bbox 3017 4416 3214 4473; x_wconf 86' lang='lat' dir='ltr'><strong>Tutius</strong></span> <span class='ocrx_word' id='word_1_636' title='bbox 3260 4419 3405 4473; x_wconf 80' lang='lat' dir='ltr'><strong>forte</strong></span> <span class='ocrx_word' id='word_1_637' title='bbox 3463 4420 3533 4473; x_wconf 92' lang='lat' dir='ltr'><strong>ab</strong></span> 
     </span>
    </p>
   </div>
   <div class='ocr_carea' id='block_1_90' title="bbox 255 4506 1834 4566">
    <p class='ocr_par' dir='ltr' id='par_1_90' title="bbox 255 4506 1834 4566">
     <span class='ocr_line' id='line_1_90' title="bbox 255 4506 1834 4566; baseline -0.001 -2"><span class='ocrx_word' id='word_1_638' title='bbox 255 4527 371 4565; x_wconf 79' lang='lat' dir='ltr'><strong>suos</strong></span> <span class='ocrx_word' id='word_1_639' title='bbox 398 4511 628 4566; x_wconf 86' lang='lat' dir='ltr'><strong>codices</strong></span> <span class='ocrx_word' id='word_1_640' title='bbox 663 4509 925 4563; x_wconf 79' lang='lat' dir='ltr'><strong>invexere</strong></span> <span class='ocrx_word' id='word_1_641' title='bbox 954 4506 1285 4562; x_wconf 89' lang='lat' dir='ltr'><strong>divisionem</strong></span> <span class='ocrx_word' id='word_1_642' title='bbox 1317 4510 1653 4562; x_wconf 82' lang='lat' dir='ltr'><strong>recentiores</strong></span> <span class='ocrx_word' id='word_1_643' title='bbox 1679 4508 1834 4562; x_wconf 72' lang='lat' dir='ltr'><strong>Gne-</strong></span> 
     </span>
    </p>
   </div>
   <div class='ocr_carea' id='block_1_91' title="bbox 256 4600 1839 4671">
    <p class='ocr_par' dir='ltr' id='par_1_91' title="bbox 256 4600 1839 4671">
     <span class='ocr_line' id='line_1_91' title="bbox 256 4600 1839 4671; baseline -0.001 -14"><span class='ocrx_word' id='word_1_644' title='bbox 256 4605 319 4667; x_wconf 89' lang='lat' dir='ltr'><strong>ci,</strong></span> <span class='ocrx_word' id='word_1_645' title='bbox 346 4622 373 4657; x_wconf 88' lang='lat' dir='ltr'><strong>a</strong></span> <span class='ocrx_word' id='word_1_646' title='bbox 404 4603 603 4658; x_wconf 81' lang='lat' dir='ltr'><strong>Latina</strong></span> <span class='ocrx_word' id='word_1_647' title='bbox 636 4603 829 4671; x_wconf 90' lang='lat' dir='ltr'><strong>procul</strong></span> <span class='ocrx_word' id='word_1_648' title='bbox 884 4600 1237 4665; x_wconf 83' lang='lat' dir='ltr'><strong>discedebat;</strong></span> <span class='ocrx_word' id='word_1_649' title='bbox 1293 4601 1592 4655; x_wconf 89' lang='lat' dir='ltr'><strong>minutiora</strong></span> <span class='ocrx_word' id='word_1_650' title='bbox 1628 4601 1839 4670; x_wconf 89' lang='lat' dir='ltr'><strong>quippe</strong></span> 
     </span>
    </p>
   </div>
   <div class='ocr_carea' id='block_1_92' title="bbox 254 4695 1840 4766">
    <p class='ocr_par' dir='ltr' id='par_1_92' title="bbox 254 4695 1840 4766">
     <span class='ocr_line' id='line_1_92' title="bbox 254 4695 1840 4766; baseline 0 -18"><span class='ocrx_word' id='word_1_651' title='bbox 254 4695 394 4751; x_wconf 89' lang='lat' dir='ltr'><strong>illius</strong></span> <span class='ocrx_word' id='word_1_652' title='bbox 419 4712 588 4766; x_wconf 84' lang='lat' dir='ltr'><strong>quam</strong></span> <span class='ocrx_word' id='word_1_653' title='bbox 627 4696 789 4764; x_wconf 88' lang='lat' dir='ltr'><strong>hujus</strong></span> <span class='ocrx_word' id='word_1_654' title='bbox 817 4695 1017 4763; x_wconf 88' lang='lat' dir='ltr'><strong>capita,</strong></span> <span class='ocrx_word' id='word_1_655' title='bbox 1070 4704 1131 4748; x_wconf 89' lang='lat' dir='ltr'><strong>ut</strong></span> <span class='ocrx_word' id='word_1_656' title='bbox 1180 4695 1421 4750; x_wconf 87' lang='lat' dir='ltr'><strong>solerter</strong></span> <span class='ocrx_word' id='word_1_657' title='bbox 1468 4695 1679 4764; x_wconf 84' lang='lat' dir='ltr'><strong>colligit</strong></span> <span class='ocrx_word' id='word_1_658' title='bbox 1707 4696 1840 4750; x_wconf 83' lang='lat' dir='ltr'><strong>doc-</strong></span> 
     </span>
    </p>
   </div>
   <div class='ocr_carea' id='block_1_93' title="bbox 259 4783 1837 4853">
    <p class='ocr_par' dir='ltr' id='par_1_93' title="bbox 259 4783 1837 4853">
     <span class='ocr_line' id='line_1_93' title="bbox 259 4783 1837 4853; baseline -0.002 -14"><span class='ocrx_word' id='word_1_659' title='bbox 259 4788 493 4841; x_wconf 85' lang='lat' dir='ltr'><strong>tissimus</strong></span> <span class='ocrx_word' id='word_1_660' title='bbox 528 4785 769 4840; x_wconf 85' lang='lat' dir='ltr'><strong>Grabius</strong></span> <span class='ocrx_word' id='word_1_661' title='bbox 811 4801 875 4837; x_wconf 79' lang='lat' dir='ltr'><strong>ex</strong></span> <span class='ocrx_word' id='word_1_662' title='bbox 918 4783 1175 4853; x_wconf 89' lang='lat' dir='ltr'><strong>Procopii</strong></span> <span class='ocrx_word' id='word_1_663' title='bbox 1216 4784 1396 4840; x_wconf 63' lang='grc' dir='ltr'><strong>(ἔτιτωί</strong></span> <span class='ocrx_word' id='word_1_664' title='bbox 1426 4783 1724 4838; x_wconf 78' lang='lat' dir='ltr'><strong>Comment.</strong></span> <span class='ocrx_word' id='word_1_665' title='bbox 1781 4784 1837 4836; x_wconf 78' lang='lat' dir='ltr'><strong>in</strong></span> 
     </span>
    </p>
   </div>
   <div class='ocr_carea' id='block_1_94' title="bbox 254 4872 1837 4945">
    <p class='ocr_par' dir='ltr' id='par_1_94' title="bbox 254 4872 1837 4945">
     <span class='ocr_line' id='line_1_94' title="bbox 254 4872 1837 4945; baseline -0.001 -16"><span class='ocrx_word' id='word_1_666' title='bbox 254 4894 363 4945; x_wconf 82' lang='lat' dir='ltr'><strong>cap.</strong></span> <span class='ocrx_word' id='word_1_667' title='bbox 423 4894 484 4930; x_wconf 85' lang='grc' dir='ltr'><strong>ιιι</strong></span> <span class='ocrx_word' id='word_1_668' title='bbox 540 4872 825 4941; x_wconf 77' lang='lat' dir='ltr'><strong>Ceneseos,</strong></span> <span class='ocrx_word' id='word_1_669' title='bbox 878 4876 967 4929; x_wconf 93' lang='lat' dir='ltr'><strong>ubi</strong></span> <span class='ocrx_word' id='word_1_670' title='bbox 1021 4891 1083 4931; x_wconf 89' lang='lat' dir='ltr'><strong>ea</strong></span> <span class='ocrx_word' id='word_1_671' title='bbox 1140 4890 1261 4945; x_wconf 66' lang='lat' dir='ltr'><strong>quae</strong></span> <span class='ocrx_word' id='word_1_672' title='bbox 1314 4874 1550 4930; x_wconf 72' lang='lat' dir='ltr'><strong>Irenzeus</strong></span> <span class='ocrx_word' id='word_1_673' title='bbox 1603 4875 1695 4928; x_wconf 90' lang='lat' dir='ltr'><strong>lib.</strong></span> <span class='ocrx_word' id='word_1_674' title='bbox 1752 4890 1837 4939; x_wconf 86' lang='lat' dir='ltr'><strong>ut,</strong></span> 
     </span>
    </p>
   </div>
   <div class='ocr_carea' id='block_1_95' title="bbox 254 4966 1840 5041">
    <p class='ocr_par' dir='ltr' id='par_1_95' title="bbox 254 4966 1840 5041">
     <span class='ocr_line' id='line_1_95' title="bbox 254 4966 1840 5041; baseline -0.004 -16"><span class='ocrx_word' id='word_1_675' title='bbox 254 4987 365 5041; x_wconf 85' lang='lat' dir='ltr'><strong>cap.</strong></span> <span class='ocrx_word' id='word_1_676' title='bbox 392 4971 467 5024; x_wconf 65' lang='lat'><strong>9.3</strong></span> <span class='ocrx_word' id='word_1_677' title='bbox 499 4969 660 5039; x_wconf 83' lang='lat' dir='ltr'><strong>(alias</strong></span> <span class='ocrx_word' id='word_1_678' title='bbox 716 4970 834 5037; x_wconf 79' lang='lat'><strong>58),</strong></span> <span class='ocrx_word' id='word_1_679' title='bbox 873 4983 929 5021; x_wconf 94' lang='lat' dir='ltr'><strong>n.</strong></span> <span class='ocrx_word' id='word_1_680' title='bbox 984 4967 1039 5031; x_wconf 87' lang='lat'><strong>5,</strong></span> <span class='ocrx_word' id='word_1_681' title='bbox 1070 4971 1138 5022; x_wconf 92' lang='lat' dir='ltr'><strong>de</strong></span> <span class='ocrx_word' id='word_1_682' title='bbox 1164 4966 1396 5037; x_wconf 88' lang='lat' dir='ltr'><strong>pelliceo</strong></span> <span class='ocrx_word' id='word_1_683' title='bbox 1422 4967 1619 5021; x_wconf 87' lang='lat' dir='ltr'><strong>Adami</strong></span> <span class='ocrx_word' id='word_1_684' title='bbox 1670 4966 1840 5021; x_wconf 90' lang='lat' dir='ltr'><strong>vesti-</strong></span> 
     </span>
    </p>
   </div>
   <div class='ocr_carea' id='block_1_96' title="bbox 253 5059 1834 5130">
    <p class='ocr_par' dir='ltr' id='par_1_96' title="bbox 253 5059 1834 5130">
     <span class='ocr_line' id='line_1_96' title="bbox 253 5059 1834 5130; baseline -0.004 -12"><span class='ocrx_word' id='word_1_685' title='bbox 253 5074 427 5120; x_wconf 87' lang='lat' dir='ltr'><strong>mento</strong></span> <span class='ocrx_word' id='word_1_686' title='bbox 482 5064 670 5129; x_wconf 86' lang='lat' dir='ltr'><strong>docet,</strong></span> <span class='ocrx_word' id='word_1_687' title='bbox 726 5073 986 5130; x_wconf 88' lang='lat' dir='ltr'><strong>tanquam</strong></span> <span class='ocrx_word' id='word_1_688' title='bbox 1037 5076 1103 5116; x_wconf 81' lang='lat' dir='ltr'><strong>ex</strong></span> <span class='ocrx_word' id='word_1_689' title='bbox 1138 5075 1261 5130; x_wconf 86' lang='lat' dir='ltr'><strong>cap.</strong></span> <span class='ocrx_word' id='word_1_690' title='bbox 1316 5061 1385 5116; x_wconf 80' lang='lat'><strong>59</strong></span> <span class='ocrx_word' id='word_1_691' title='bbox 1429 5069 1485 5114; x_wconf 88' lang='lat' dir='ltr'><strong>et</strong></span> <span class='ocrx_word' id='word_1_692' title='bbox 1512 5059 1582 5115; x_wconf 83' lang='lat'><strong>65</strong></span> <span class='ocrx_word' id='word_1_693' title='bbox 1608 5059 1834 5129; x_wconf 81' lang='lat' dir='ltr'><strong>allegat.</strong></span> 
     </span>
    </p>
   </div>
   <div class='ocr_carea' id='block_1_97' title="bbox 251 5154 1835 5225">
    <p class='ocr_par' dir='ltr' id='par_1_97' title="bbox 251 5154 1835 5225">
     <span class='ocr_line' id='line_1_97' title="bbox 251 5154 1835 5225; baseline -0.003 -16"><span class='ocrx_word' id='word_1_694' title='bbox 251 5160 451 5225; x_wconf 83' lang='lat' dir='ltr'><strong>Quibus</strong></span> <span class='ocrx_word' id='word_1_695' title='bbox 479 5158 741 5212; x_wconf 89' lang='lat' dir='ltr'><strong>omnibus</strong></span> <span class='ocrx_word' id='word_1_696' title='bbox 794 5156 847 5208; x_wconf 88' lang='lat' dir='ltr'><strong>id</strong></span> <span class='ocrx_word' id='word_1_697' title='bbox 885 5155 1200 5218; x_wconf 79' lang='lat' dir='ltr'><strong>coniicitur,</strong></span> <span class='ocrx_word' id='word_1_698' title='bbox 1264 5154 1528 5208; x_wconf 68' lang='lat' dir='ltr'><strong>Irenaeum</strong></span> <span class='ocrx_word' id='word_1_699' title='bbox 1566 5154 1633 5207; x_wconf 88' lang='lat' dir='ltr'><strong>de</strong></span> <span class='ocrx_word' id='word_1_700' title='bbox 1686 5161 1835 5206; x_wconf 79' lang='lat' dir='ltr'><strong>textu</strong></span> 
     </span>
    </p>
   </div>
   <div class='ocr_carea' id='block_1_98' title="bbox 251 5246 1838 5319">
    <p class='ocr_par' dir='ltr' id='par_1_98' title="bbox 251 5246 1838 5319">
     <span class='ocr_line' id='line_1_98' title="bbox 251 5246 1838 5319; baseline -0.004 -16"><span class='ocrx_word' id='word_1_701' title='bbox 251 5253 297 5304; x_wconf 93' lang='lat' dir='ltr'><strong>in</strong></span> <span class='ocrx_word' id='word_1_702' title='bbox 333 5262 489 5307; x_wconf 80' lang='lat' dir='ltr'><strong>certa</strong></span> <span class='ocrx_word' id='word_1_703' title='bbox 516 5250 699 5319; x_wconf 88' lang='lat' dir='ltr'><strong>capita</strong></span> <span class='ocrx_word' id='word_1_704' title='bbox 728 5249 1027 5302; x_wconf 86' lang='lat' dir='ltr'><strong>dividendo</strong></span> <span class='ocrx_word' id='word_1_705' title='bbox 1056 5263 1121 5300; x_wconf 88' lang='lat' dir='ltr'><strong>nc</strong></span> <span class='ocrx_word' id='word_1_706' title='bbox 1146 5248 1419 5316; x_wconf 83' lang='lat' dir='ltr'><strong>cogitasse</strong></span> <span class='ocrx_word' id='word_1_707' title='bbox 1448 5247 1695 5315; x_wconf 87' lang='lat' dir='ltr'><strong>quidem,</strong></span> <span class='ocrx_word' id='word_1_708' title='bbox 1728 5246 1838 5299; x_wconf 91' lang='lat' dir='ltr'><strong>imo</strong></span> 
     </span>
    </p>
   </div>
   <div class='ocr_carea' id='block_1_99' title="bbox 249 5338 1834 5409">
    <p class='ocr_par' dir='ltr' id='par_1_99' title="bbox 249 5338 1834 5409">
     <span class='ocr_line' id='line_1_99' title="bbox 249 5338 1834 5409; baseline -0.002 -14"><span class='ocrx_word' id='word_1_709' title='bbox 249 5360 339 5399; x_wconf 87' lang='lat' dir='ltr'><strong>nec</strong></span> <span class='ocrx_word' id='word_1_710' title='bbox 360 5355 607 5398; x_wconf 88' lang='lat' dir='ltr'><strong>veterem</strong></span> <span class='ocrx_word' id='word_1_711' title='bbox 638 5343 1018 5409; x_wconf 89' lang='lat' dir='ltr'><strong>interpretem.</strong></span> <span class='ocrx_word' id='word_1_712' title='bbox 1051 5339 1351 5394; x_wconf 86' lang='lat' dir='ltr'><strong>Divisionis</strong></span> <span class='ocrx_word' id='word_1_713' title='bbox 1371 5338 1530 5405; x_wconf 89' lang='lat' dir='ltr'><strong>hujus</strong></span> <span class='ocrx_word' id='word_1_714' title='bbox 1552 5349 1834 5403; x_wconf 88' lang='lat' dir='ltr'><strong>auctores,</strong></span> 
     </span>
    </p>
   </div>
   <div class='ocr_carea' id='block_1_100' title="bbox 250 5431 1833 5503">
    <p class='ocr_par' dir='ltr' id='par_1_100' title="bbox 250 5431 1833 5503">
     <span class='ocr_line' id='line_1_100' title="bbox 250 5431 1833 5503; baseline -0.003 -14"><span class='ocrx_word' id='word_1_715' title='bbox 250 5438 583 5492; x_wconf 80' lang='lat' dir='ltr'><strong>recentiores</strong></span> <span class='ocrx_word' id='word_1_716' title='bbox 601 5434 845 5503; x_wconf 85' lang='lat' dir='ltr'><strong>quipiam</strong></span> <span class='ocrx_word' id='word_1_717' title='bbox 875 5475 890 5497; x_wconf 92' lang='lat'><strong>,</strong></span> <span class='ocrx_word' id='word_1_718' title='bbox 918 5449 1014 5486; x_wconf 88' lang='lat' dir='ltr'><strong>seu</strong></span> <span class='ocrx_word' id='word_1_719' title='bbox 1070 5433 1283 5487; x_wconf 87' lang='lat' dir='ltr'><strong>librarii</strong></span> <span class='ocrx_word' id='word_1_720' title='bbox 1317 5473 1333 5496; x_wconf 92' lang='lat'><strong>,</strong></span> <span class='ocrx_word' id='word_1_721' title='bbox 1369 5448 1464 5486; x_wconf 87' lang='lat' dir='ltr'><strong>seu</strong></span> <span class='ocrx_word' id='word_1_722' title='bbox 1494 5432 1587 5485; x_wconf 89' lang='lat' dir='ltr'><strong>alii</strong></span> <span class='ocrx_word' id='word_1_723' title='bbox 1618 5431 1833 5500; x_wconf 87' lang='lat' dir='ltr'><strong>quivis;</strong></span> 
     </span>
    </p>
   </div>
   <div class='ocr_carea' id='block_1_101' title="bbox 246 5525 1835 5598">
    <p class='ocr_par' dir='ltr' id='par_1_101' title="bbox 246 5525 1835 5598">
     <span class='ocr_line' id='line_1_101' title="bbox 246 5525 1835 5598; baseline -0.002 -16"><span class='ocrx_word' id='word_1_724' title='bbox 246 5533 329 5583; x_wconf 86' lang='lat' dir='ltr'><strong>sed</strong></span> <span class='ocrx_word' id='word_1_725' title='bbox 353 5533 493 5586; x_wconf 84' lang='lat' dir='ltr'><strong>adeo</strong></span> <span class='ocrx_word' id='word_1_726' title='bbox 523 5527 1111 5598; x_wconf 86' lang='lat' dir='ltr'><strong>imperiti,judicioque</strong></span> <span class='ocrx_word' id='word_1_727' title='bbox 1133 5525 1405 5584; x_wconf 87' lang='lat' dir='ltr'><strong>destituti.</strong></span> <span class='ocrx_word' id='word_1_728' title='bbox 1426 5536 1483 5577; x_wconf 92' lang='lat' dir='ltr'><strong>ut</strong></span> <span class='ocrx_word' id='word_1_729' title='bbox 1504 5526 1685 5580; x_wconf 87' lang='lat' dir='ltr'><strong>omnia</strong></span> <span class='ocrx_word' id='word_1_730' title='bbox 1716 5540 1835 5579; x_wconf 87' lang='lat' dir='ltr'><strong>sus-</strong></span> 
     </span>
    </p>
   </div>
   <div class='ocr_carea' id='block_1_102' title="bbox 249 5616 1831 5694">
    <p class='ocr_par' dir='ltr' id='par_1_102' title="bbox 249 5616 1831 5694">
     <span class='ocr_line' id='line_1_102' title="bbox 249 5616 1831 5694; baseline -0.003 -21"><span class='ocrx_word' id='word_1_731' title='bbox 249 5639 345 5691; x_wconf 88' lang='lat' dir='ltr'><strong>que</strong></span> <span class='ocrx_word' id='word_1_732' title='bbox 368 5626 552 5694; x_wconf 88' lang='lat' dir='ltr'><strong>deque</strong></span> <span class='ocrx_word' id='word_1_733' title='bbox 580 5623 905 5682; x_wconf 81' lang='lat' dir='ltr'><strong>miscentes,</strong></span> <span class='ocrx_word' id='word_1_734' title='bbox 936 5619 1316 5687; x_wconf 83' lang='lat' dir='ltr'><strong>orationisque</strong></span> <span class='ocrx_word' id='word_1_735' title='bbox 1344 5616 1493 5670; x_wconf 83' lang='lat' dir='ltr'><strong>tilum</strong></span> <span class='ocrx_word' id='word_1_736' title='bbox 1528 5624 1738 5669; x_wconf 89' lang='lat' dir='ltr'><strong>temere</strong></span> <span class='ocrx_word' id='word_1_737' title='bbox 1767 5631 1831 5669; x_wconf 90' lang='lat' dir='ltr'><strong>ac</strong></span> 
     </span>
    </p>
   </div>
   <div class='ocr_carea' id='block_1_103' title="bbox 251 5710 1818 5785">
    <p class='ocr_par' dir='ltr' id='par_1_103' title="bbox 251 5710 1818 5785">
     <span class='ocr_line' id='line_1_103' title="bbox 251 5710 1818 5785; baseline -0.006 -16"><span class='ocrx_word' id='word_1_738' title='bbox 251 5731 527 5785; x_wconf 72' lang='lat' dir='ltr'><strong>perperam</strong></span> <span class='ocrx_word' id='word_1_739' title='bbox 585 5715 996 5781; x_wconf 85' lang='lat' dir='ltr'><strong>abrumpentes,</strong></span> <span class='ocrx_word' id='word_1_740' title='bbox 1028 5726 1090 5765; x_wconf 84' lang='lat' dir='ltr'><strong>ea</strong></span> <span class='ocrx_word' id='word_1_741' title='bbox 1143 5710 1464 5782; x_wconf 79' lang='lat' dir='ltr'><strong>plerumque</strong></span> <span class='ocrx_word' id='word_1_742' title='bbox 1518 5711 1818 5776; x_wconf 82' lang='lat' dir='ltr'><strong>secuerint,</strong></span> 
     </span>
    </p>
   </div>
   <div class='ocr_carea' id='block_1_104' title="bbox 1944 4505 3529 4585">
    <p class='ocr_par' dir='ltr' id='par_1_104' title="bbox 1944 4505 3529 4585">
     <span class='ocr_line' id='line_1_104' title="bbox 1944 4505 3529 4585; baseline 0.005 -30"><span class='ocrx_word' id='word_1_743' title='bbox 1944 4506 2201 4585; x_wconf 75' lang='lat' dir='ltr'><strong>omnibus</strong></span> <span class='ocrx_word' id='word_1_744' title='bbox 2240 4506 2305 4557; x_wconf 92' lang='lat' dir='ltr'><strong>iis</strong></span> <span class='ocrx_word' id='word_1_745' title='bbox 2334 4505 2697 4559; x_wconf 88' lang='lat' dir='ltr'><strong>incommodis</strong></span> <span class='ocrx_word' id='word_1_746' title='bbox 2752 4522 2874 4560; x_wconf 86' lang='lat' dir='ltr'><strong>sese</strong></span> <span class='ocrx_word' id='word_1_747' title='bbox 2916 4508 3232 4575; x_wconf 80' lang='lat' dir='ltr'><strong>expediret,</strong></span> <span class='ocrx_word' id='word_1_748' title='bbox 3260 4509 3351 4578; x_wconf 89' lang='lat' dir='ltr'><strong>qni</strong></span> <span class='ocrx_word' id='word_1_749' title='bbox 3415 4524 3529 4563; x_wconf 88' lang='lat' dir='ltr'><strong>rem</strong></span> 
     </span>
    </p>
   </div>
   <div class='ocr_carea' id='block_1_105' title="bbox 1944 4598 3534 4667">
    <p class='ocr_par' dir='ltr' id='par_1_105' title="bbox 1944 4598 3534 4667">
     <span class='ocr_line' id='line_1_105' title="bbox 1944 4598 3534 4667; baseline 0.003 -16"><span class='ocrx_word' id='word_1_750' title='bbox 1944 4601 2011 4653; x_wconf 91' lang='lat' dir='ltr'><strong>ad</strong></span> <span class='ocrx_word' id='word_1_751' title='bbox 2040 4598 2229 4652; x_wconf 73' lang='lat' dir='ltr'><strong>lrenzei</strong></span> <span class='ocrx_word' id='word_1_752' title='bbox 2262 4600 2573 4653; x_wconf 90' lang='lat' dir='ltr'><strong>institutum</strong></span> <span class='ocrx_word' id='word_1_753' title='bbox 2604 4614 2897 4662; x_wconf 88' lang='lat' dir='ltr'><strong>revocans,</strong></span> <span class='ocrx_word' id='word_1_754' title='bbox 2946 4611 3158 4654; x_wconf 74' lang='lat' dir='ltr'><strong>textum</strong></span> <span class='ocrx_word' id='word_1_755' title='bbox 3214 4600 3333 4667; x_wconf 89' lang='lat' dir='ltr'><strong>ejus</strong></span> <span class='ocrx_word' id='word_1_756' title='bbox 3366 4604 3534 4658; x_wconf 81' lang='lat' dir='ltr'><strong>nullis</strong></span> 
     </span>
    </p>
   </div>
   <div class='ocr_carea' id='block_1_106' title="bbox 1944 4694 3532 4762">
    <p class='ocr_par' dir='ltr' id='par_1_106' title="bbox 1944 4694 3532 4762">
     <span class='ocr_line' id='line_1_106' title="bbox 1944 4694 3532 4762; baseline 0.003 -15"><span class='ocrx_word' id='word_1_757' title='bbox 1944 4694 2216 4762; x_wconf 91' lang='lat' dir='ltr'><strong>capitibus</strong></span> <span class='ocrx_word' id='word_1_758' title='bbox 2246 4704 2303 4747; x_wconf 92' lang='lat' dir='ltr'><strong>et</strong></span> <span class='ocrx_word' id='word_1_759' title='bbox 2356 4694 2696 4762; x_wconf 88' lang='lat' dir='ltr'><strong>argumentis</strong></span> <span class='ocrx_word' id='word_1_760' title='bbox 2748 4694 3067 4746; x_wconf 90' lang='lat' dir='ltr'><strong>distinctum</strong></span> <span class='ocrx_word' id='word_1_761' title='bbox 3128 4696 3339 4750; x_wconf 89' lang='lat' dir='ltr'><strong>ederet.</strong></span> <span class='ocrx_word' id='word_1_762' title='bbox 3373 4695 3532 4751; x_wconf 70' lang='grc' dir='ltr'><strong>Πτερ-</strong></span> 
     </span>
    </p>
   </div>
   <div class='ocr_carea' id='block_1_107' title="bbox 1943 4786 3532 4856">
    <p class='ocr_par' dir='ltr' id='par_1_107' title="bbox 1943 4786 3532 4856">
     <span class='ocr_line' id='line_1_107' title="bbox 1943 4786 3532 4856; baseline 0.004 -19"><span class='ocrx_word' id='word_1_763' title='bbox 1943 4801 2050 4855; x_wconf 92' lang='lat' dir='ltr'><strong>que</strong></span> <span class='ocrx_word' id='word_1_764' title='bbox 2082 4786 2186 4839; x_wconf 84' lang='lat' dir='ltr'><strong>fuit</strong></span> <span class='ocrx_word' id='word_1_765' title='bbox 2212 4787 2500 4839; x_wconf 91' lang='lat' dir='ltr'><strong>doctorum</strong></span> <span class='ocrx_word' id='word_1_766' title='bbox 2531 4787 2741 4855; x_wconf 88' lang='lat' dir='ltr'><strong>aliquot</strong></span> <span class='ocrx_word' id='word_1_767' title='bbox 2781 4786 3064 4839; x_wconf 90' lang='lat' dir='ltr'><strong>hominum</strong></span> <span class='ocrx_word' id='word_1_768' title='bbox 3091 4827 3106 4850; x_wconf 96' lang='lat'><strong>,</strong></span> <span class='ocrx_word' id='word_1_769' title='bbox 3137 4803 3278 4856; x_wconf 84' lang='lat' dir='ltr'><strong>quos</strong></span> <span class='ocrx_word' id='word_1_770' title='bbox 3322 4805 3532 4845; x_wconf 84' lang='lat' dir='ltr'><strong>consu-</strong></span> 
     </span>
    </p>
   </div>
   <div class='ocr_carea' id='block_1_108' title="bbox 1944 4881 3536 4953">
    <p class='ocr_par' dir='ltr' id='par_1_108' title="bbox 1944 4881 3536 4953">
     <span class='ocr_line' id='line_1_108' title="bbox 1944 4881 3536 4953; baseline 0.003 -20"><span class='ocrx_word' id='word_1_771' title='bbox 1944 4881 2170 4943; x_wconf 88' lang='lat' dir='ltr'><strong>luimus,</strong></span> <span class='ocrx_word' id='word_1_772' title='bbox 2200 4881 2293 4935; x_wconf 87' lang='lat' dir='ltr'><strong>sed</strong></span> <span class='ocrx_word' id='word_1_773' title='bbox 2324 4896 2648 4951; x_wconf 87' lang='lat' dir='ltr'><strong>paucorum,</strong></span> <span class='ocrx_word' id='word_1_774' title='bbox 2679 4881 2975 4937; x_wconf 89' lang='lat' dir='ltr'><strong>sententia.</strong></span> <span class='ocrx_word' id='word_1_775' title='bbox 3014 4881 3121 4934; x_wconf 83' lang='lat' dir='ltr'><strong>Alii</strong></span> <span class='ocrx_word' id='word_1_776' title='bbox 3161 4898 3294 4937; x_wconf 91' lang='lat' dir='ltr'><strong>vero</strong></span> <span class='ocrx_word' id='word_1_777' title='bbox 3317 4921 3337 4948; x_wconf 88' lang='lat'><strong>,</strong></span> <span class='ocrx_word' id='word_1_778' title='bbox 3384 4884 3536 4953; x_wconf 89' lang='lat' dir='ltr'><strong>iique</strong></span> 
     </span>
    </p>
   </div>
   <div class='ocr_carea' id='block_1_109' title="bbox 1944 4975 3531 5048">
    <p class='ocr_par' dir='ltr' id='par_1_109' title="bbox 1944 4975 3531 5048">
     <span class='ocr_line' id='line_1_109' title="bbox 1944 4975 3531 5048; baseline 0.001 -20"><span class='ocrx_word' id='word_1_779' title='bbox 1944 4976 2113 5029; x_wconf 90' lang='lat' dir='ltr'><strong>multo</strong></span> <span class='ocrx_word' id='word_1_780' title='bbox 2156 4975 2363 5043; x_wconf 90' lang='lat' dir='ltr'><strong>plures,</strong></span> <span class='ocrx_word' id='word_1_781' title='bbox 2428 4990 2584 5029; x_wconf 88' lang='lat' dir='ltr'><strong>secus</strong></span> <span class='ocrx_word' id='word_1_782' title='bbox 2625 4989 2881 5040; x_wconf 88' lang='lat' dir='ltr'><strong>sensere;</strong></span> <span class='ocrx_word' id='word_1_783' title='bbox 2913 4990 3217 5048; x_wconf 85' lang='lat' dir='ltr'><strong>eorumque</strong></span> <span class='ocrx_word' id='word_1_784' title='bbox 3260 4976 3531 5045; x_wconf 90' lang='lat' dir='ltr'><strong>judicium</strong></span> 
     </span>
    </p>
   </div>
   <div class='ocr_carea' id='block_1_110' title="bbox 1941 5066 3530 5136">
    <p class='ocr_par' dir='ltr' id='par_1_110' title="bbox 1941 5066 3530 5136">
     <span class='ocr_line' id='line_1_110' title="bbox 1941 5066 3530 5136; baseline 0.001 -16"><span class='ocrx_word' id='word_1_785' title='bbox 1941 5066 2265 5136; x_wconf 80' lang='lat' dir='ltr'><strong>praevaluit,</strong></span> <span class='ocrx_word' id='word_1_786' title='bbox 2314 5068 2417 5120; x_wconf 88' lang='lat' dir='ltr'><strong>hac</strong></span> <span class='ocrx_word' id='word_1_787' title='bbox 2463 5066 2810 5135; x_wconf 87' lang='lat' dir='ltr'><strong>potissimum</strong></span> <span class='ocrx_word' id='word_1_788' title='bbox 2847 5069 3064 5121; x_wconf 86' lang='lat' dir='ltr'><strong>ratione</strong></span> <span class='ocrx_word' id='word_1_789' title='bbox 3113 5069 3329 5131; x_wconf 83' lang='lat' dir='ltr'><strong>nixum,</strong></span> <span class='ocrx_word' id='word_1_790' title='bbox 3382 5071 3530 5136; x_wconf 89' lang='lat' dir='ltr'><strong>quod</strong></span> 
     </span>
    </p>
   </div>
   <div class='ocr_carea' id='block_1_111' title="bbox 1942 5157 3607 5228">
    <p class='ocr_par' dir='ltr' id='par_1_111' title="bbox 1942 5157 3607 5228">
     <span class='ocr_line' id='line_1_111' title="bbox 1942 5157 3607 5228; baseline 0.003 -16"><span class='ocrx_word' id='word_1_791' title='bbox 1942 5160 2112 5213; x_wconf 88' lang='lat' dir='ltr'><strong>lector</strong></span> <span class='ocrx_word' id='word_1_792' title='bbox 2164 5157 2420 5213; x_wconf 88' lang='lat' dir='ltr'><strong>divisioni</strong></span> <span class='ocrx_word' id='word_1_793' title='bbox 2460 5167 2516 5212; x_wconf 91' lang='lat' dir='ltr'><strong>et</strong></span> <span class='ocrx_word' id='word_1_794' title='bbox 2568 5159 2910 5226; x_wconf 82' lang='lat' dir='ltr'><strong>argumentis</strong></span> <span class='ocrx_word' id='word_1_795' title='bbox 2952 5158 3070 5228; x_wconf 88' lang='lat' dir='ltr'><strong>jam</strong></span> <span class='ocrx_word' id='word_1_796' title='bbox 3129 5169 3387 5214; x_wconf 88' lang='lat' dir='ltr'><strong>assuetus</strong></span> <span class='ocrx_word' id='word_1_797' title='bbox 3424 5175 3531 5213; x_wconf 91' lang='lat' dir='ltr'><strong>non</strong></span> <span class='ocrx_word' id='word_1_798' title='bbox 3604 5216 3607 5217; x_wconf 30' lang='grc' dir='ltr'><em>ν</em></span> 
     </span>
    </p>
   </div>
   <div class='ocr_carea' id='block_1_112' title="bbox 1941 5250 3527 5318">
    <p class='ocr_par' dir='ltr' id='par_1_112' title="bbox 1941 5250 3527 5318">
     <span class='ocr_line' id='line_1_112' title="bbox 1941 5250 3527 5318; baseline -0.003 -9"><span class='ocrx_word' id='word_1_799' title='bbox 1941 5255 2308 5309; x_wconf 79' lang='lat' dir='ltr'><strong>modicamex</strong></span> <span class='ocrx_word' id='word_1_800' title='bbox 2340 5252 2429 5317; x_wconf 86' lang='lat' dir='ltr'><strong>iis,</strong></span> <span class='ocrx_word' id='word_1_801' title='bbox 2479 5251 2525 5304; x_wconf 92' lang='lat' dir='ltr'><strong>si</strong></span> <span class='ocrx_word' id='word_1_802' title='bbox 2583 5251 2747 5303; x_wconf 90' lang='lat' dir='ltr'><strong>modo</strong></span> <span class='ocrx_word' id='word_1_803' title='bbox 2806 5259 2958 5304; x_wconf 87' lang='lat' dir='ltr'><strong>recte</strong></span> <span class='ocrx_word' id='word_1_804' title='bbox 3009 5250 3165 5318; x_wconf 80' lang='lat' dir='ltr'><strong>(iant,</strong></span> <span class='ocrx_word' id='word_1_805' title='bbox 3224 5251 3527 5305; x_wconf 86' lang='lat' dir='ltr'><strong>utilitatem</strong></span> 
     </span>
    </p>
   </div>
   <div class='ocr_carea' id='block_1_113' title="bbox 1941 5342 3533 5415">
    <p class='ocr_par' dir='ltr' id='par_1_113' title="bbox 1941 5342 3533 5415">
     <span class='ocr_line' id='line_1_113' title="bbox 1941 5342 3533 5415; baseline -0.004 -14"><span class='ocrx_word' id='word_1_806' title='bbox 1941 5347 2196 5415; x_wconf 86' lang='lat' dir='ltr'><strong>colligere</strong></span> <span class='ocrx_word' id='word_1_807' title='bbox 2221 5344 2413 5412; x_wconf 90' lang='lat' dir='ltr'><strong>possit.</strong></span> <span class='ocrx_word' id='word_1_808' title='bbox 2454 5342 2640 5409; x_wconf 87' lang='lat' dir='ltr'><strong>Quare</strong></span> <span class='ocrx_word' id='word_1_809' title='bbox 2701 5358 2839 5395; x_wconf 88' lang='lat' dir='ltr'><strong>nova</strong></span> <span class='ocrx_word' id='word_1_810' title='bbox 2868 5353 2923 5396; x_wconf 92' lang='lat' dir='ltr'><strong>et</strong></span> <span class='ocrx_word' id='word_1_811' title='bbox 2957 5344 3320 5396; x_wconf 86' lang='lat' dir='ltr'><strong>commodiori</strong></span> <span class='ocrx_word' id='word_1_812' title='bbox 3378 5345 3533 5410; x_wconf 85' lang='lat' dir='ltr'><strong>capi-</strong></span> 
     </span>
    </p>
   </div>
   <div class='ocr_carea' id='block_1_114' title="bbox 1943 5421 3527 5504">
    <p class='ocr_par' dir='ltr' id='par_1_114' title="bbox 1943 5421 3527 5504">
     <span class='ocr_line' id='line_1_114' title="bbox 1943 5421 3527 5504; baseline -0.003 -10"><span class='ocrx_word' id='word_1_813' title='bbox 1943 5450 2052 5494; x_wconf 91' lang='lat' dir='ltr'><strong>tum</strong></span> <span class='ocrx_word' id='word_1_814' title='bbox 2089 5442 2334 5493; x_wconf 83' lang='lat' dir='ltr'><strong>instituta</strong></span> <span class='ocrx_word' id='word_1_815' title='bbox 2385 5436 2677 5498; x_wconf 87' lang='lat' dir='ltr'><strong>divisione,</strong></span> <span class='ocrx_word' id='word_1_816' title='bbox 2738 5450 2877 5489; x_wconf 89' lang='lat' dir='ltr'><strong>nova</strong></span> <span class='ocrx_word' id='word_1_817' title='bbox 2911 5436 3145 5504; x_wconf 86' lang='lat' dir='ltr'><strong>singulis</strong></span> <span class='ocrx_word' id='word_1_818' title='bbox 3202 5421 3527 5504; x_wconf 83' lang='lat' dir='ltr'><strong>argumenta</strong></span> 
     </span>
    </p>
   </div>
   <div class='ocr_carea' id='block_1_115' title="bbox 1942 5525 3533 5601">
    <p class='ocr_par' dir='ltr' id='par_1_115' title="bbox 1942 5525 3533 5601">
     <span class='ocr_line' id='line_1_115' title="bbox 1942 5525 3533 5601; baseline -0.004 -16"><span class='ocrx_word' id='word_1_819' title='bbox 1942 5532 2296 5601; x_wconf 69' lang='lat' dir='ltr'><strong>praetiximns,</strong></span> <span class='ocrx_word' id='word_1_820' title='bbox 2334 5528 2531 5596; x_wconf 86' lang='lat' dir='ltr'><strong>quibus</strong></span> <span class='ocrx_word' id='word_1_821' title='bbox 2585 5525 3015 5595; x_wconf 90' lang='lat' dir='ltr'><strong>uniuscujusque</strong></span> <span class='ocrx_word' id='word_1_822' title='bbox 3061 5541 3262 5593; x_wconf 79' lang='lat' dir='ltr'><strong>scopus</strong></span> <span class='ocrx_word' id='word_1_823' title='bbox 3292 5536 3345 5578; x_wconf 89' lang='lat' dir='ltr'><strong>et</strong></span> <span class='ocrx_word' id='word_1_824' title='bbox 3396 5542 3533 5580; x_wconf 83' lang='lat' dir='ltr'><strong>con-</strong></span> 
     </span>
    </p>
   </div>
   <div class='ocr_carea' id='block_1_116' title="bbox 1939 5618 3524 5689">
    <p class='ocr_par' dir='ltr' id='par_1_116' title="bbox 1939 5618 3524 5689">
     <span class='ocr_line' id='line_1_116' title="bbox 1939 5618 3524 5689; baseline 0.003 -19"><span class='ocrx_word' id='word_1_825' title='bbox 1939 5625 2118 5680; x_wconf 79' lang='lat' dir='ltr'><strong>silium</strong></span> <span class='ocrx_word' id='word_1_826' title='bbox 2162 5624 2382 5677; x_wconf 88' lang='lat' dir='ltr'><strong>lectoris</strong></span> <span class='ocrx_word' id='word_1_827' title='bbox 2412 5622 2588 5674; x_wconf 90' lang='lat' dir='ltr'><strong>oculis</strong></span> <span class='ocrx_word' id='word_1_828' title='bbox 2624 5620 2936 5673; x_wconf 79' lang='lat' dir='ltr'><strong>summatim</strong></span> <span class='ocrx_word' id='word_1_829' title='bbox 2969 5618 3290 5683; x_wconf 77' lang='lat' dir='ltr'><strong>exhibetur,</strong></span> <span class='ocrx_word' id='word_1_830' title='bbox 3328 5632 3385 5674; x_wconf 92' lang='lat' dir='ltr'><strong>ut</strong></span> <span class='ocrx_word' id='word_1_831' title='bbox 3412 5621 3524 5689; x_wconf 84' lang='lat' dir='ltr'><strong>jam</strong></span> 
     </span>
    </p>
   </div>
   <div class='ocr_carea' id='block_1_117' title="bbox 1939 5718 2643 5775">
    <p class='ocr_par' dir='ltr' id='par_1_117' title="bbox 1939 5718 2643 5775">
     <span class='ocr_line' id='line_1_117' title="bbox 1939 5718 2643 5775; baseline -0.007 0"><span class='ocrx_word' id='word_1_832' title='bbox 1939 5722 1991 5775; x_wconf 92' lang='lat' dir='ltr'><strong>in</strong></span> <span class='ocrx_word' id='word_1_833' title='bbox 2023 5718 2350 5773; x_wconf 71' lang='lat' dir='ltr'><strong>Praefatione</strong></span> <span class='ocrx_word' id='word_1_834' title='bbox 2382 5718 2643 5772; x_wconf 76' lang='lat' dir='ltr'><strong>diximus.</strong></span> 
     </span>
    </p>
   </div>
  </div>
