3924 6354
1203 341 1796 401 DISSERTATIONES
1837 340 2138 395 PRAEVLE
2180 338 2243 391 l.\'
2291 338 2549 394 [BEN/El
2586 338 2851 397 LIBROS.

3582 342 3689 395 itu

1572 558 2246 650 ARTICULUS
2324 561 2513 646 Ill.

1464 778 1566 845 DE
1627 780 1833 840 ALHS
1896 778 2191 838 ΙΒΕΝᾹΞΙ
2258 777 2629 839 SCRIPTIS.

488 1108 577 1164 58.
611 1107 866 1163 Pluribus
896 1106 1041 1171 aliis,
1078 1106 1254 1175 iisque
1289 1106 1803 1176 egregiisoperibus
1832 1106 1992 1160 Cbri-
2022 1112 2065 1166 A
2098 1120 2218 1161 esse
2250 1106 2404 1160 dicit.
2443 1105 2765 1161 Gennadius
2804 1106 2849 1138 ”
2888 1121 3018 1161 vero
3047 1105 3389 1174 Florianum,
3420 1122 3517 1163 seu
3555 1105 3688 1164 Flo—

417 1203 651 1256 stianam
686 1210 736 1255 et
791 1200 1123 1254 catholicam
1181 1198 1341 1251 iidem
1392 1198 1689 1252 illustravit
1721 1198 1989 1264 lrcnwus;

415 1296 508 1349 sed
532 1311 651 1363 qua:
679 1305 983 1363 temporum
1010 1291 1203 1362 injuria
1230 1293 1309 1347 sic
1341 1292 1613 1353 excidere,
1644 1301 1705 1344 ut
1740 1307 1801 1346 ea
1841 1293 1986 1345 dun-

415 1398 569 1442 taxat
630 1388 909 1456 supersint
958 1386 1281 1454 fragmenta,
1320 1401 1439 1455 qua:
1487 1386 1601 1439 suis
1655 1385 1708 1438 in
1776 1384 1995 1453 scriptis

419 1488 784 1533 servaverunt
820 1479 1027 1547 antiqui
1070 1478 1282 1531 Patres.
1320 1475 1551 1546 Scripsit
1579 1476 1841 1530 adversus
1869 1476 1993 1530 Flo-

409 1575 590 1627 rinum
622 1572 932 1641 epistolam,
970 1570 1125 1639 cujus
1169 1569 1379 1639 insigne
1425 1569 1791 1638 fragmentum
1844 1580 1994 1623 tran-

410 1665 633 1734 scripsit
684 1664 956 1718 Eusebius
1000 1664 1042 1694 ¹⁶
1075 1702 1090 1729 ,
1127 1672 1181 1715 et
1238 1677 1336 1716 nos
1382 1678 1449 1716 ex
1498 1663 1614 1730 ipso
1666 1664 1735 1716 ad
1787 1662 1993 1717 calcem

409 1756 572 1826 hujus
604 1756 795 1827 operis
825 1755 1396 1812 edidimus.F|orinus
1417 1771 1573 1821 vero,
1596 1755 1801 1811 lrenteo
1829 1766 1989 1820 teste,

407 1852 463 1905 in
490 1851 831 1919 imperatoris
857 1850 984 1903 aula
1014 1849 1285 1916 splendide
1319 1864 1479 1918 agens
1500 1888 1517 1914 ,
1546 1864 1742 1903 munus
1774 1848 1990 1918 aliquod

405 1941 721 2012 gesseratin
740 1941 993 2009 inferiore
1014 1941 1167 2005 Aria,
1196 1956 1319 1997 cum
1342 1942 1415 1995 ibi
1440 1940 1757 1996 sanctitatis
1781 1952 1835 1995 et
1858 1942 1990 1995 doc-

410 2033 569 2086 trinae
600 2031 764 2085 laude
782 2030 1001 2086 ﬂoreret
1025 2032 1377 2101 Polycarpus.
1402 2032 1566 2087 Tanti
1586 2033 1688 2087 viri
1707 2032 1847 2086 fama
1870 2049 1992 2103 per-

408 2134 621 2186 motus,
646 2137 706 2177 se
735 2124 785 2175 in
812 2121 932 2190 ejus
957 2123 1303 2193 disciplinam
1336 2124 1580 2190 tradidit,
1616 2124 1864 2193 nihilque
1885 2140 1991 2179 non

409 2215 520 2284 egit
552 2224 751 2269 utsese
777 2215 878 2285 ipsi
906 2215 1184 2284 probaret.
1206 2214 1493 2271 “.Factus
1519 2225 1705 2284 postea
1736 2217 1993 2273 Romanae

407 2305 666 2361 Ecclesia:
682 2306 988 2378 presbyter,
1021 2317 1133 2360 tum
1158 2307 1210 2361 in
1233 2322 1472 2362 errorem
1497 2307 1704 2378 lapsus,
1732 2308 1990 2364 aliorum-

403 2413 510 2467 que
548 2398 708 2454 iidem
728 2399 1031 2454 sollicitans
1055 2409 1115 2455 ut
1136 2399 1377 2468 ejusdem
1396 2403 1603 2457 erroris
1619 2417 1745 2458 reos
1763 2404 1987 2472 faceret,

2099 1196 2279 1250 riuum
2307 1195 2509 1265 culpat,
2540 1196 2685 1265 quod
2718 1208 2936 1249 carnem
2976 1197 3102 1251 mali
3142 1212 3362 1252 causam
3396 1214 3518 1254 esse
3557 1215 3687 1253 crc-

2097 1288 2319 1341 diderit.
2356 1287 2488 1353 Quae
2512 1287 2757 1355 quidem,
2790 1287 2834 1340 si
2868 1296 3095 1356 uterque
3120 1287 3398 1343 Florinum
3428 1300 3683 1343 nostrum

2099 1378 2454 1444 intellexerit,
2502 1394 2608 1433 non
2661 1380 2883 1434 omnino
2915 1395 3037 1434 cum
3085 1380 3320 1435 Eusebio
3352 1392 3408 1436 ct
3451 1382 3684 1448 Irenaeo,

2096 1471 2294 1540 quibus
2324 1471 2503 1540 potior
2532 1470 2687 1534 lidcs,
2718 1471 3085 1525 consentiunt.
3119 1471 3391 1541 Quidquid
3426 1474 3516 1539 sit,
3546 1472 3683 1526 Flo-

2097 1564 2248 1618 rinus
2291 1563 2475 1619 lrenaei
2522 1564 2827 1618 rationibus
2854 1573 2908 1618 et
2944 1567 3282 1633 argumentis
3336 1566 3531 1630 victus,
3566 1582 3681 1619 non

2096 1668 2278 1713 tamen
2311 1658 2617 1722 convictus,
2666 1670 2735 1710 ne
2782 1657 2911 1710 hinc
2953 1655 3121 1712 Deum
3172 1659 3348 1728 ipsum
3394 1670 3680 1712 auctorem

2096 1750 2221 1804 mali
2251 1750 2481 1817 laceret,
2512 1750 2663 1806 illinc
2696 1766 2825 1806 vero
2866 1767 2895 1806 a
2943 1753 3235 1825 μοναρχίᾳ,
3281 1767 3443 1822 quam
3482 1754 3683 1807 hacte-

2096 1855 2201 1896 nus
2263 1851 2720 1912 propugnaverat,
2778 1843 3069 1909 deﬁciens,
3126 1859 3249 1899 cum
3314 1844 3565 1899 Cerdone
3620 1852 3683 1899 et

2095 1933 2370 1988 Marcionc
2419 1933 2687 2003 duplicem
2734 1937 2903 1990 Deum
2957 1935 3271 1999 induceret;
3315 1938 3583 2003 mediam,
3617 1945 3684 1991 ut

2095 2028 2196 2081 sibi
2232 2028 2544 2095 videbatur,
2595 2029 2736 2083 inter
2786 2039 3079 2098 utrumque
3115 2038 3422 2084 extremum
3476 2031 3684 2086 Valen-

2098 2121 2192 2175 tini
2248 2121 2573 2174 sententiam
2624 2119 2930 2188 amplexus,
2983 2135 3107 2173 cum
3163 2136 3228 2175 eo
3284 2122 3523 2175 insanire
3562 2139 3683 2175 ma-

2096 2212 2194 2266 luit
2244 2227 2405 2281 quam
2448 2226 2572 2265 cum
2609 2210 2909 2266 Catholicis
2952 2226 3166 2280 sapere.
3212 2211 3391 2278 Quare
3437 2213 3683 2270 lrcnaaus

2096 2304 2239 2358 illius
2274 2304 2465 2359 salutis
2501 2319 2717 2373 semper
2748 2302 3039 2369 sollicitus,
3072 2319 3307 2373 eumque
3334 2320 3364 2358 e
3393 2318 3530 2359 novo
3554 2306 3679 2371 illo,

2097 2397 2149 2449 in
2187 2396 2331 2465 quod
2359 2410 2602 2465 praeceps
2641 2410 2763 2450 sese
2805 2396 3049 2461 dederat,
3094 2396 3358 2450 barathro
3384 2399 3684 2451 extrahere

403 2491 576 2559 gradu
610 2489 857 2559 dejectus
887 2500 990 2545 est.
1019 2491 1415 2561 Condiscipuli,
1445 2508 1607 2561 quem
1652 2493 1793 2560 apud
1824 2468 1984 2564 Poly;

2093 2490 2340 2553 studens,
2394 2489 2616 2557 scripsit
2667 2488 2867 2541 librum
2914 2488 3056 2556 Περὶ
3102 2488 3409 2559 ὀγδοάδος,
3468 2489 3546 2542 De
3586 2506 3683 2558 ος-

395 2598 630 2652 carpum
688 2583 902 2638 viderat
955 2594 1327 2653 noveratquc,
1387 2600 1572 2640 casum
1629 2585 1821 2641 dolens
1880 2587 1989 2640 tre-

402 2690 554 2729 mens
577 2674 644 2738 ¹⁸,
674 2688 909 2744 emnque
947 2675 1015 2729 ab
1042 2690 1231 2730 errore
1258 2691 1519 2732 revocare
1565 2678 1818 2747 cupiens,
1842 2682 1984 2733 scri-

401 2770 514 2838 psit
558 2770 829 2823 adversus
857 2782 980 2823 eum
1033 2769 1320 2836 epistolam
1376 2771 1510 2842 Περὶ
1531 2770 1629 2841 τῆς
1664 2772 1983 2843 μοναρχίας,

401 2862 436 2931 ἢ
462 2862 590 2932 περὶ
621 2860 715 2913 τοῦ
743 2861 817 2930 μὴ
835 2856 1078 2913 εἷναιτὸν
1098 2860 1229 2913 Θεὸν
1256 2861 1479 2933 ποιητὴν
1509 2862 1713 2926 κακῶν,
1732 2863 1809 2916 De
1840 2880 1989 2916 mon-

405 2952 625 3013 arcltia,
673 2952 780 3005 sive
806 2954 944 3020 quod
989 2951 1130 3005 Dens
1171 2970 1275 3005 non
1317 2953 1389 3005 sit
1430 2954 1672 3006 conditor
1698 2954 1983 3008 malorum.

392 3040 610 3112 Ταύτης
662 3042 772 3112 γάρ
847 3059 930 3094 τοι
984 3043 1083 3113 τῆς
1135 3042 1358 3115 γνώμης
1395 3086 1408 3109 ,
1484 3046 1633 3100 addit
1695 3045 1984 3114 Eusebius,

396 3129 551 3198 οὗτος
614 3134 789 3187 ἐδόκει
857 3136 1256 3206 προασπίζειν,
1308 3154 1422 3191 eam
1482 3138 1633 3192 enint'
1690 3139 1986 3208 opinionem

400 3226 487 3277 hic
522 3224 809 3293 defendere
855 3226 1155 3280 videbatur.
1196 3226 1327 3293 Quze
1369 3228 1587 3297 quidem
1642 3228 1722 3283 sic
1750 3229 1986 3299 explicat

400 3312 465 3368 ll.
513 3314 781 3380 Valesius,
808 3317 963 3384 quasi
995 3315 1271 3380 Floriuus,
1305 3316 1602 3371 Marcionis
1632 3327 1687 3372 et
1719 3318 1985 3373 Cerdonis

400 3408 751 3475 dogmatibus
801 3409 1107 3471 adhaerens,
1167 3411 1272 3462 duo
1317 3410 1585 3478 principia
1664 3412 1981 3477 invexisset,

400 3498 635 3552 alterum
685 3497 977 3563 bonorum,
1039 3500 1271 3553 alterum
1335 3499 1599 3554 malorum
1679 3510 1982 3556 auctorem.

402 3586 512 3643 Sed
570 3596 841 3659 repugnat
886 3588 1125 3644 lrenmus
1154 3589 1426 3652 scribens,
1485 3589 1691 3645 Florini
1737 3592 1984 3661 dogmata

402 3698 467 3735 ne
507 3682 718 3749 quidem
764 3680 1042 3735 hwreticor
1095 3690 1246 3736 extra
1298 3680 1597 3735 Ecclesiam
1630 3684 1828 3752 positos
1857 3701 1986 3751 pro-

2089 2584 2294 2647 doade,
2326 2581 2431 2647 vel,
2480 2592 2535 2635 ut
2565 2580 2730 2635 habet
2770 2580 3135 2652 Hieronymus
3180 2582 3235 2636 in
3285 2582 3563 2651 Catalogo,
3603 2582 3685 2636 De

2090 2684 2295 2738 octava,
2315 2672 2468 2739 cujus
2490 2673 2791 2729 clausulam
2835 2675 3094 2728 duntaxat
3126 2672 3294 2727 refert
3313 2671 3587 2727 Eusebius
3606 2672 3678 2727 ²¹.

2091 2762 2309 2829 Utinam
2366 2764 2557 2819 saltem
2613 2766 2884 2835 opusculi,
2922 2781 3041 2829 seu,
3104 2775 3163 2819 ut
3199 2774 3376 2830 vocat,
3409 2764 3687 2820 σπουδά-

2090 2850 2319 2926 σλιατος
2380 2858 2527 2912 illius
2577 2867 2957 2929 argumentum
3006 2858 3366 2913 exhibuisset.
3405 2858 3457 2913 Id
3504 2858 3681 2913 fuisse

2089 2951 2325 3014 videtur,
2390 2961 2451 3005 ut
2508 2951 2769 3004 famosam
2824 2950 3332 3005 Valcutin‘ianorum
3395 2951 3673 3021 ogdoada,

2090 3058 2185 3098 seu
2221 3044 2579 3114 primigenum
2620 3042 2767 3096 illum
2802 3040 3045 3097 Ᾱζοιιιιιιι
3078 3042 3459 3107 octonarium,
3504 3050 3678 3094 caete.

2091 3151 2275 3190 rorum
2311 3137 2557 3189 omnium
2600 3136 2865 3200 radicem,
2897 3136 3049 3189 brevi
3098 3135 3302 3205 scripto
3342 3132 3675 3203 selectisque

2092 3227 2398 3281 rationibus
2433 3228 2799 3292 convelleret;
2836 3243 2998 3297 quem
3047 3226 3238 3282 fusiori
3270 3226 3412 3298 stylo
3444 3227 3528 3281 vel
3552 3227 3675 3297 jam

2088 3319 2485 3388 exagitaverat,
2510 3319 2591 3372 vel
2623 3330 2732 3372 tum
2760 3319 3071 3388 exagitabat
3112 3318 3164 3371 in
3210 3317 3445 3388 longiori
3474 3318 3564 3372 illo
3600 3318 3678 3371 De

2089 3411 2381 3464 delectione
2407 3422 2451 3463 et
2483 3412 2750 3464 eversione
2788 3410 2925 3479 [also
2949 3411 3333 3480 cognominata:
3360 3411 3675 3480 agnitionis.

2090 3500 2201 3555 Nec
2230 3502 2373 3555 enim
2401 3500 2530 3554 mihi
2557 3510 2795 3566 constat,
2842 3499 3039 3569 anjam
3071 3502 3139 3556 ad
3192 3502 3507 3556 umbilicum
3543 3519 3677 3571 per-

2092 3594 2316 3646 ductum
2347 3602 2490 3646 esset
2539 3592 2644 3646 hoc
2686 3607 2845 3662 Opus.
2895 3594 3105 3647 Scribit
3157 3594 3379 3664 quidem
3429 3593 3679 3647 Theodo-

2092 3685 2332 3750 retus",
2363 3700 2467 3738 non
2510 3683 2736 3739 aﬂirmat
2797 3694 2979 3739 tamen
3035 3684 3260 3754 (ferunt,
3312 3686 3535 3757 inquit),
3561 3685 3679 3741 Ire-

397 3774 541 3843 ferre
600 3789 833 3843 unquam
888 3789 1047 3827 ausos
1101 3773 1285 3842 fuisse.
1339 3772 1577 3829 Gravior
1623 3775 1793 3845 igitur
1822 3790 1982 3845 quam
2013 3808 2055 3865 ϐ
2092 3792 2268 3831 trinum
2314 3776 2525 3831 Florini
2599 3777 2847 3831 morbum
2906 3777 3320 3847 deplorantem,
3382 3780 3678 3849 scripsisse

398 3864 671 3921 Cerdonis
716 3880 782 3919 ac
843 3864 1142 3921 Marcionis
1195 3876 1315 3921 erat
1373 3866 1581 3921 Florini
1631 3882 1789 3921 error
1842 3885 1855 3921 :
1919 3881 1982 3922 ac

397 3956 626 4025 proinde
646 3957 781 4011 ineo
806 3957 1019 4025 positus
1033 3958 1204 4013 fuisse
1230 3960 1470 4024 videtur,
1491 3960 1638 4029 quod
1661 3972 1864 4025 non,ut
1882 3962 1981 4027 illi,

399 4046 673 4117 duplicem
688 4048 878 4114 Deum,
897 4047 1130 4104 alterum
1146 4050 1299 4116 boni,
1318 4050 1548 4106 alterum
1565 4052 1982 4108 maliauctorem

401 4141 635 4209 lingeret
664 4158 679 4206 ;
717 4142 814 4197 sed
849 4142 902 4196 in
924 4158 1091 4197 unum
1116 4152 1170 4198 et
1194 4145 1446 4199 eumdem
1478 4144 1671 4210 Deum,
1721 4156 1981 4216 tanquam

403 4234 461 4287 in
492 4247 744 4299 causam,
802 4234 944 4289 mala
999 4238 1183 4291 omnia
1216 4251 1281 4291 ac
1332 4248 1557 4305 peccata
1617 4238 1979 4293 refunderet:

398 4325 547 4395 quod
581 4340 775 4381 revera
842 4326 1026 4381 nullus
1084 4328 1351 4383 hactenus
1388 4328 1680 4385 haereticus
1734 4329 1983 4400 proferre

397 4431 567 4472 ausus
605 4416 806 4472 fuerat.
840 4418 996 4474 Unde
1020 4419 1145 4472 licet
1168 4434 1265 4488 pro
1285 4419 1571 4491 μοναρχίᾳ,
1603 4435 1697 4474 seu
1731 4423 1981 4493 principii

398 4510 611 4564 unitate
636 4520 828 4565 contra
870 4511 1226 4566 Marcionitas
1251 4528 1372 4565 cum
1390 4513 1693 4567 Catholicis
1730 4514 1981 4569 decerta-

396 4612 502 4669 ret,
540 4602 681 4657 banc
703 4613 883 4657 tamen
905 4603 1185 4673 pejusillis
1213 4603 1614 4668 violabat,dum
1639 4606 1798 4660 malis
1815 4609 1983 4661 omni-

392 4693 496 4747 bus
510 4694 939 4748 contaminabat.
956 4695 1194 4751 lrenaeus
1208 4708 1337 4750 vero
1351 4697 1692 4751 retinendam
1710 4712 1830 4752 esse
1850 4715 1981 4769 μον-

393 4784 613 4856 αρχίαν,
641 4801 739 4841 nec
770 4795 953 4841 tamen
979 4787 1242 4841 malormn
1271 4788 1393 4843 labe
1417 4792 1810 4859 aspergendam
1838 4806 1978 4859 esse,

394 4885 509 4929 tam
541 4891 669 4931 vere
717 4893 879 4945 quam
913 4880 1000 4947 pie
1022 4878 1417 4933 contendebat.
1450 4880 1623 4947 Quam
1652 4897 1783 4937 vero
1810 4899 1836 4935 a
1857 4899 1978 4953 pes-

394 4967 553 5022 tifera
580 4969 785 5024 Florini
832 4974 1083 5026 doctrina
1118 4972 1332 5027 alienus
1351 4975 1675 5037 exstitisset,
1709 4991 1982 5045 quamque

396 5060 671 5115 nefarium
720 5060 855 5135 [CV]
918 5064 1111 5131 dogma
1174 5068 1553 5122 exhorruisset
1606 5069 1977 5139 Polycarpus,

2091 3868 2354 3922 adversus
2396 3867 2764 3922 Valentinum.
2812 3866 2916 3923 Sed
2976 3869 3252 3923 incertum
3300 3887 3366 3924 an
3421 3871 3671 3941 quinque

2088 3959 2412 4015 Detectionis
2445 3970 2492 4014 et
2516 3960 2795 4014 eversionis
2824 3959 2991 4015 libros
3015 4002 3029 4027 ,
3063 3976 3130 4014 an
3168 3962 3334 4017 breve
3368 3962 3496 4017 illud
3528 3962 3676 4031 Περὶ

2088 4049 2379 4121 ὀγδοάδος
2402 4050 2723 4119 opusculum
2773 4050 3123 4105 intellexerit.
3176 4050 3480 4121 Utrumque
3520 4053 3676 4107 enim

2086 4145 2349 4197 adversus
2380 4142 2728 4198 Valentinum
2767 4142 3029 4211 scriptum
3067 4142 3236 4198 l'uisse
3272 4143 3509 4197 videtur.

2158 4236 2244 4290 59.
2277 4235 2322 4265 “
2352 4232 2583 4304 Scripsit
2613 4232 2849 4287 [renatus
2875 4231 3105 4287 alteram
3136 4233 3426 4303 epistolam
3465 4236 3672 4292 adver-

2087 4343 2180 4381 sus
2212 4328 2471 4389 Blastum,
2503 4342 2670 4395 quam
2713 4326 2996 4395 inscripsit
3033 4326 3174 4394 Περὶ
3206 4328 3563 4397 σχίσματος,
3592 4329 3674 4385 De

2084 4416 2513 4471 schismate-llic
2544 4431 2764 4484 quoque
2796 4416 3081 4486 presbyter
3105 4417 3368 4472 Romanae
3402 4418 3673 4475 Ecclesia:

2087 4513 2183 4565 σὺν
2212 4510 2386 4581 τούτῳ
2414 4510 2711 4581 (Φλωρίνῳ)
2735 4509 3103 4581 παραπλησίῳ
3123 4510 3376 4581 πτώματι
3398 4530 3675 4586 κατεσχη-

2088 4609 2267 4678 μένος,
2322 4622 2430 4659 ιιοιι
2468 4604 2633 4657 simili
2685 4616 2878 4657 errore
2920 4617 3044 4655 cum
3095 4601 3319 4657 Florino
3359 4604 3675 4674 implicatus

2086 4704 2286 4763 luerat,
2329 4708 2386 4751 ut
2435 4710 2717 4767 perperam
2771 4695 2936 4748 vertit
2965 4694 3235 4758 Valesius,
3283 4697 3378 4749 sed
3428 4696 3672 4752 similem

2085 4806 2205 4845 cum
2242 4792 2333 4843 illo
2356 4787 2716 4859 depositionis
2740 4786 3068 4841 sententiam
3092 4796 3405 4856 exceperat.
3434 4788 3675 4858 Utrique

2084 4880 2306 4954 quidem
2341 4884 2445 4937 hoc
2474 4894 2765 4936 commune
2809 4878 2936 4942 fuit,
2966 4878 3109 4947 quod
3139 4878 3339 4934 multos
3366 4880 3435 4933 ab
3474 4880 3675 4935 Eccle-

2083 4975 2179 5029 siae
2209 4974 2422 5043 gremio
2455 4970 2861 5033 abstrahentes,
2896 4968 2948 5022 in
2995 4982 3148 5020 suam
3183 4970 3509 5023 sententiam
3540 4986 3676 5041 per-

2084 5068 2372 5130 ducerent,
2408 5072 2463 5118 et
2491 5063 2580 5116 τὸν
2621 5062 2748 5131 ὑγιῆ
2781 5062 2879 5133 τῆς
2925 5060 3250 5127 Ἑκκλησίας
3298 5061 3521 5133 θεσμὸν,
3554 5064 3678 5117 sin-

395 5167 557 5220 quem
595 5152 794 5206 dudum
853 5164 1242 5224 praeceptorem
1280 5156 1547 5223 audierat,
1591 5158 1639 5211 ei
1690 5158 1758 5211 ob
1790 5157 1980 5212 oculos
2014 5151 2054 5205 D
2085 5172 2268 5212 ceram
2302 5155 2561 5211 Ecclesia:
2611 5154 2783 5222 legem
2829 5154 3245 5216 adulterarent;
3276 5154 3368 5207 sed
3398 5163 3677 5223 praeterea

394 5244 606 5311 ponit:
662 5253 719 5296 ιιι
758 5245 895 5298 tanti
948 5248 1303 5315 praeceptoris
1344 5251 1611 5303 memoria
1659 5250 1879 5303 devium
1927 5250 1978 5303 in

397 5336 682 5392 catholica!
728 5338 976 5393 veritatis
1007 5339 1150 5392 viam
1184 5340 1458 5396 eﬂicacius
1502 5344 1807 5397 reduceret.
1853 5341 1977 5396 Phi-

402 5430 627 5485 lastrius
657 5429 699 5460 ¹⁹
743 5429 1129 5485 Florianorum
1177 5435 1541 5501 quorumdam
1595 5435 1978 5489 hmreticorum

402 5520 683 5587 meminit;
733 5521 830 5575 sed
886 5536 1022 5590 quos
1088 5521 1644 5591 Carpocratianorum
1701 5525 1983 5580 surculum

470 5677 513 5708 “
546 5675 664 5730 Lib.
698 5694 752 5741 v,
779 5693 829 5733 e.
855 5678 949 5733 ‘20.
1024 5678 1065 5709 "
1102 5677 1263 5745 lbid.,
1299 5697 1348 5738 c.
1382 5684 1470 5738 15.

1550 5686 1591 5717 ’⁸
1617 5684 1777 5753 lbitL,
1812 5701 1861 5741 c.
1887 5684 1975 5741 ‘20.

397 5747 490 5802 23.
566 5751 611 5779 ’³
639 5749 861 5815 Euscb.,
885 5767 932 5804 c.
968 5748 1035 5804 l5
1055 5760 1109 5805 et
1129 5749 1221 5806 20.

2057 5686 2099 5719 ⁸⁹
2124 5686 2265 5755 Cap.
2290 5687 2375 5744 57.

2083 5248 2330 5319 Οάτερος,
2378 5245 2539 5307 alter,
2566 5242 2821 5297 Florinus
2866 5242 3137 5307 videlicet,
3181 5258 3285 5296 non
3333 5250 3577 5312 uterque,
3608 5252 3676 5296 ut

2084 5339 2173 5395 hic
2202 5341 2372 5392 etiam
2425 5337 2568 5391 male
2607 5335 2840 5390 reddidit
2870 5332 3147 5396 Valesius,
3193 5333 3424 5387 seorsim
3462 5349 3670 5388 novam

2085 5431 2391 5487 doctrinam
2436 5430 2698 5483 adversus
2734 5427 2859 5481 ﬁdei
2893 5425 3179 5479 veritatem
3214 5424 3476 5479 invehere
3515 5424 3675 5477 labo-

2084 5522 2263 5579 rabat.
2320 5522 2627 5592 Utrumque
2672 5521 2727 5576 in
2774 5518 3040 5574 Valentini
3092 5519 3347 5573 haeresim
3400 5518 3672 5572 incidisse

3024 5683 3075 5751 ν⁹¹
3109 5681 3171 5738 C.
3202 5681 3296 5735 20.
3374 5682 3421 5715 η
3448 5680 3513 5735 L.
3543 5697 3587 5748 I,
3617 5700 3675 5738 c.

2456 5686 2500 5718 *°
2531 5686 2745 5756 Dogm..
2776 5701 2825 5740 c.
2856 5683 2945 5741 '6.
