3924 6354
246 413 330 469 2H
926 409 1386 468 DISSERTATIO
1421 409 1485 477 ll,
1520 410 1681 467 ΛΒΤ.
1719 408 1807 476 lll,

1962 410 2140 466 ALHS
2173 407 2431 465 ιΒΕΝΑῑι
2473 406 2800 464 SCRIPTIS.

3384 402 3491 456 242

242 530 507 602 signiﬁcat
560 529 944 586 Theodoretus
995 533 1227 597 citatus,
1269 541 1455 599 postea
1504 546 1635 585 vero
1693 528 1809 582 Bla-
1843 534 1888 590 Α
1917 533 2166 586 centihus
2190 534 2491 595 veteribus,
2517 531 2629 585 dici
2656 546 2764 585 non
2788 524 3111 598 potest:soli
3139 522 3490 596 sagacissimo

244 623 544 677 stuminter
558 620 851 677 Marcionis
868 622 1166 693 discipulos
1184 631 1504 678 annmnerat
1525 640 1539 687 ;
1562 623 1655 677 sed
1672 637 1810 691 prac-

248 727 319 770 ter
352 716 573 770 Eusebii
606 725 659 770 et
681 716 868 771 Irenzei
903 725 1171 770 mentem:
1199 731 1303 768 una
1324 716 1634 769 schismatis
1652 714 1808 783 culpa

245 807 533 862 tenebatur
553 807 809 874 Blastus;
841 806 983 861 unde
1013 819 1070 861 et
1101 808 1361 876 inscripta
1387 807 1652 861 adversus
1685 822 1809 860 eum

242 900 490 970 epistola,
518 902 597 955 De
632 902 931 954 schismate.
969 899 1100 966 Qua:
1132 916 1263 954 vero
1303 900 1622 955 schismatis
1653 899 1815 970 hujus

242 1008 397 1049 caus:
450 994 644 1056 fuerit.
690 993 848 1049 docet
892 995 1147 1063 antiquus
1198 1003 1390 1047 auctor
1441 991 1813 1047 Additameuti

242 1086 375 1153 quod
412 1084 484 1138 ad
532 1084 738 1139 calcem
786 1083 915 1139 libri
970 1084 1046 1138 De
1091 1086 1579 1152 pra’scriptionibus
1634 1095 1816 1141 exstat

242 1182 374 1251 apud
418 1180 820 1235 Tertullianum
856 1180 937 1235 ’δε
987 1181 1131 1248 quod
1177 1180 1432 1275 nimirum
1482 1180 1696 1233 Blastus
1732 1182 1815 1236 la-

243 1281 402 1326 tenter
428 1271 780 1326 Judaismum
817 1272 960 1326 vellet
1010 1271 1375 1327 introducere}
1430 1271 1637 1326 Pascha
1680 1275 1817 1327 enim

242 1367 441 1419 dicebat
472 1383 581 1419 non
614 1366 771 1419 aliter
802 1366 1205 1419 custodiendum
1233 1382 1366 1431 esse,
1398 1366 1502 1419 nisi
1532 1368 1819 1421 secundum

243 1457 395 1526 legem
433 1456 641 1526 Moysi,
671 1472 765 1511 xxv
791 1458 1003 1511 mensis.
1037 1455 1167 1523 Qua:
1214 1457 1377 1511 etiam
1416 1456 1623 1513 Florini
1665 1455 1819 1529 culpa

246 1548 364 1602 fuit:
408 1548 583 1636 idqpe
620 1550 895 1620 signiﬁcat
934 1552 1220 1620 Eusebius,
1269 1556 1396 1609 dum
1434 1553 1509 1607 ait
1541 1553 1819 1607 sinceram

244 1640 497 1695 Ecclesiae
524 1643 660 1710 (non
702 1642 866 1707 dicit,
896 1644 1076 1709 ﬁdem,
1108 1647 1225 1715 sed)
1259 1646 1424 1716 legem
1464 1645 1821 1700 adulteratam

244 1729 305 1782 ab
331 1740 575 1800 utroque
614 1729 810 1787 fuisse.
851 1732 987 1787 Cum
1023 1734 1170 1787 enim
1223 1735 1365 1790 alter
1395 1735 1684 1805 Polycarpi
1718 1734 1826 1789 dis-

245 1821 451 1890 cipulus
483 1820 705 1886 fuisset.
745 1823 904 1888 alter,
936 1825 1173 1880 Paciano
1206 1836 1343 1881 teste
1376 1829 1442 1894 ",
1489 1827 1713 1883 Gnaeus
1740 1844 1824 1883 es-

244 1922 342 1979 set,
368 1912 648 1968 Asianum
678 1913 966 1969 Paschalis
992 1916 1308 1972 celebrandi
1349 1934 1555 1974 morem
1594 1919 1821 1974 Romam

244 2006 505 2061 inducere
558 2008 924 2078 satagebant:
970 2010 1158 2079 sicque
1188 2011 1395 2066 Pascha
1439 2023 1637 2081 przeter
1664 2013 1825 2084 hujus

246 2098 500 2153 Ecclesia:
548 2100 1005 2155 consuetudinem
1039 2102 1403 2166 celebrantes,
1452 2119 1568 2158 eam
1612 2106 1825 2160 scinde-

244 2192 371 2244 bant
408 2191 847 2260 turbabantque.
880 2191 1077 2247 Merito
1109 2196 1343 2264 proinde
1399 2196 1674 2253 Paciauus
1702 2198 1827 2252 Bla-

243 2293 382 2335 stum
412 2282 774 2340 Hontanistis
800 2266 1097 2342 adhzesisse
1123 2289 1318 2343 scribit
1341 2306 1355 2355 ;
1389 2306 1492 2344 non
1507 2293 1650 2360 quod
1671 2293 1825 2347 novis

245 2376 532 2443 prophetis
567 2376 729 2431 fidem
762 2378 1085 2446 adhiberet,
1122 2381 1216 2435 sed
1258 2381 1403 2451 quod
1447 2390 1503 2436 et
1534 2383 1637 2452 ipsi
1678 2383 1824 2439 Mon-

246 2468 463 2522 tanista:
495 2467 713 2523 Pascha
764 2470 888 2523 luna
941 2486 1032 2524 xw
1087 2472 1249 2541 primi
1302 2474 1506 2528 mensis
1538 2476 1824 2529 celebran-

245 2559 366 2613 dam
421 2574 550 2615 esse
581 2561 809 2616 vellent.
861 2562 1038 2619 Porro
1088 2575 1321 2632 utraque
1353 2564 1543 2620 lremei
1580 2575 1692 2621 tum
1732 2567 1827 2620 ad-

242 2663 436 2706 versus
462 2650 776 2717 Florinum,
826 2663 941 2708 tum
986 2658 1255 2710 adversus
1303 2657 1544 2713 Blastum
1598 2658 1823 2727 epistola

242 2743 435 2797 eodem
484 2752 738 2813 tempore
781 2746 985 2813 scripta
1029 2750 1267 2804 videtur.
1301 2750 1420 2817 Quo
1477 2766 1611 2805 vero
1661 2766 1825 2819 anno,

244 2834 541 2888 incertum.
567 2836 702 2890 Cum
737 2846 917 2892 tamen
950 2840 1216 2895 Eusebius
1242 2851 1533 2911 utramque
1566 2843 1633 2896 ad
1666 2843 1831 2897 Com-

243 2927 387 2980 modi
429 2928 723 2996 imperinm
759 2941 816 2984 et
847 2931 1118 2987 Eleutheri
1174 2934 1549 3002 pontificatum
1602 2937 1826 3000 referat,

245 3017 343 3071 sub
399 3019 693 3090 utriusque
751 3022 918 3078 ﬁnem
974 3026 1234 3094 scriptam
1274 3026 1448 3081 fuisse
1486 3028 1830 3096 probabilius

244 3110 483 3165 videtur.

1919 623 2194 679 Dodwello
2226 624 2412 679 dicere
2463 623 2618 688 licet,
2648 622 2740 691 qui
2785 621 2939 690 plura
2982 618 3049 673 de
3085 618 3152 671 iis
3195 632 3294 687 pro
3339 629 3492 669 more

1916 722 2184 789 disputat,
2213 735 2313 773 nec
2342 719 2531 774 verbis
2563 726 2618 772 et
2640 713 2969 786 conjecturis
2993 712 3208 783 parcit;
3239 710 3333 766 sed
3359 708 3493 764 Dod-

1920 811 2184 866 welliana:
2213 808 2545 877 conjectura:
2579 817 2725 866 sunt.
2759 820 2896 874 quas
2925 805 3017 872 qui
3067 802 3280 872 legerit,
3322 801 3491 856 mira-

1919 911 2008 956 tur
2037 912 2093 956 et
2121 900 2535 956 dissertatorem
2569 896 2741 953 multa
2772 896 2975 951 dixisse
3009 903 3067 949 ut
3100 894 3231 949 nihil
3264 893 3493 957 diceret.

1920 995 2184 1050 lectorem
2204 1007 2336 1047 vero
2364 990 2533 1046 multa
2562 990 2763 1059 legisse
2792 998 2850 1043 ut
2879 987 3017 1042 nihil
3050 986 3301 1043 disceret.
3332 984 3498 1041 Polli-

1921 1088 2065 1141 citus
2089 1096 2171 1142 est
2200 1084 2442 1139 [renatus
2466 1083 2537 1149 "’,
2571 1098 2673 1138 nec
2702 1082 2894 1147 semel,
2925 1080 3256 1135 Marcionem
3287 1078 3499 1148 specia—

1923 1183 2017 1236 tim
2050 1195 2108 1235 se
2145 1178 2579 1241 confutaturum,
2634 1178 2905 1247 hujnsque
2942 1174 3198 1244 promissi
3249 1173 3499 1230 meminit

1923 1274 2191 1328 Eusebius
2214 1272 2278 1327 ³⁸.
2339 1272 2407 1324 At
2458 1271 2743 1324 liberatam
2795 1271 2862 1323 ab
2903 1267 3107 1323 Irenaeo
3152 1268 3312 1322 fidem
3361 1267 3500 1322 satis

1926 1361 2200 1433 significat
2230 1362 2371 1415 idem
2402 1359 2665 1415 Eusebius
2685 1358 2751 1424 ”,
2784 1374 2906 1412 cum
2934 1372 3055 1411 eum
3090 1369 3332 1413 recenset
3358 1360 3501 1415 inter

1925 1454 2048 1510 illos
2077 1454 2171 1524 qui
2202 1452 2535 1506 Marcionem
2562 1451 2795 1521 egregiis
2824 1450 3083 1519 operibus
3116 1449 3498 1505 confutarunt.

1924 1548 2069 1602 Citat
2096 1546 2365 1602 Maximus
2405 1547 2576 1601 abbas
2603 1556 2659 1601 et
2691 1546 2974 1601 confessor
2998 1547 3043 1579 ³⁸
3082 1548 3348 1617 quosdam
3390 1546 3503 1601 [re-

1928 1638 2031 1693 ntei
2067 1640 2306 1711 episcopi
2351 1637 2728 1709 Lugdunensis
2783 1637 3068 1694 Sermones
3115 1639 3180 1692 de
3227 1636 3385 1700 Fide,
3436 1639 3502 1692 ad

1929 1732 2264 1786 Demetrium
2298 1732 2661 1787 Viennensem
2716 1731 3032 1798 diaconum,
3074 1746 3306 1801 quorum
3336 1732 3502 1787 etiam

1930 1824 2144 1879 initium
2196 1832 2252 1879 et
2282 1824 2586 1878 sententias
2635 1823 2852 1892 aliquas
2901 1822 3090 1877 Graece
3126 1822 3315 1878 refert.
3346 1823 3503 1877 Aliud
3594 1838 3603 1849 '

1929 1917 2294 1985 fragmentum
2318 1929 2387 1969 ex
2411 1928 2664 1969 sermone
2691 1915 2755 1966 ad
2780 1913 3099 1967 Demetrium
3121 1916 3509 1971 ediditFeuar—

1927 2008 2166 2071 dentius,
2204 2008 2298 2063 sed
2344 2006 2537 2061 Latine
2579 2008 2879 2062 duntaxat;
2925 2008 3069 2076 quod
3110 2006 3330 2075 quidem
3373 2023 3403 2061 a
3438 2007 3503 2064 N.

1926 2100 2104 2155 Fabro
2137 2102 2415 2169 accepisse
2455 2114 2513 2155 se
2554 2100 2728 2165 dicit;
2778 2099 2871 2154 sed
2904 2100 3046 2154 unde
3079 2101 3169 2156 hic
3205 2102 3505 2169 acceperit,

1928 2193 2113 2247 dicere
2141 2192 2346 2247 omisit.
2381 2192 2435 2246 Si
2460 2191 2651 2246 Grzeca
2685 2192 2965 2258 adessent,
2991 2192 3333 2247 emendatius
3363 2191 3508 2245 forte.

1929 2286 2149 2351 prodire
2177 2293 2380 2351 posset.
2406 2284 2476 2338 At
2506 2299 2628 2339 cum
2656 2284 2924 2354 ejusmodi
2958 2299 3241 2340 sermones
3272 2286 3508 2341 Eusebio

1928 2386 1981 2430 et
2018 2375 2350 2448 Hieronymo
2375 2380 2544 2451 igumi
2573 2378 2794 2443 fuerint,
2816 2379 3041 2434 dubium
3073 2392 3160 2435 est
3185 2396 3254 2434 an
3285 2381 3507 2450 genuini

1930 2471 2040 2525 sint
2070 2469 2263 2527 Irenaai
2291 2469 2455 2529 fetus.
2490 2472 2656 2528 Paulo
2698 2474 2860 2527 aliter
2889 2473 3243 2527 sentiendum
3281 2483 3413 2543 puto
3439 2473 3511 2527 de

1932 2562 1999 2615 iis
2028 2577 2147 2632 quae
2176 2561 2384 2619 lrenteo
2418 2564 2606 2619 tribuit
2638 2564 2796 2637 [CVI]
2830 2566 3011 2619 verbis
3039 2564 3415 2619 OEcumenius
3455 2563 3509 2616 in

1936 2652 2228 2708 Comment.
2264 2656 2333 2707 ad
2367 2653 2394 2707 1
2429 2654 2575 2709 Petri
2610 2654 2778 2725 Epist.
2817 2673 2931 2724 cap.
2962 2671 3044 2709 Ill.
3076 2654 3231 2711 Haud
3265 2655 3513 2710 dubitent

1932 2746 2064 2812 quin
2103 2748 2420 2817 deprompta
2461 2747 2574 2802 sint
2604 2764 2667 2802 ex
2722 2748 2926 2803 celebri
2978 2747 3421 2817 Lugdunensium
3455 2756 3539 2800 et‘

1938 2834 2325 2892 Viennensium
2360 2840 2427 2893 de
2453 2840 2787 2910 martyribus
2816 2841 2932 2893 suis
2966 2839 3218 2906 epistola,
3250 2853 3414 2908 quam
3446 2840 3519 2894 ab

1933 2926 2137 2983 lrenzeo
2180 2931 2295 2999 ipso
2343 2932 2605 2999 scriptam
2659 2930 2825 2984 fuisse
2858 2931 3015 2985 valde
3068 2929 3351 2999 probabile
3393 2945 3516 2986 esse

1933 3021 2191 3086 diximus,
2252 3026 2652 3091 conﬁrmatque
2710 3023 2757 3077 is
2806 3020 3128 3076 (Ecmnenii
3185 3022 3358 3079 locus.
3413 3023 3514 3077 Hic

1933 3111 2078 3165 enim
2113 3127 2175 3168 ea
2222 3114 2589 3184 desumpsisse
2628 3132 2685 3171 se
2718 3116 2852 3170 dicit
2900 3130 2964 3169 ex
3014 3116 3082 3170 iis
3126 3132 3247 3187 qua:
3296 3117 3516 3186 scripsit

310 3201 412 3256 60.
448 3202 526 3257 De
552 3202 698 3270 aliis,
738 3218 880 3272 quas
909 3215 1021 3261 tum
1050 3208 1118 3261 ad
1149 3207 1424 3263 Victorem
1460 3226 1673 3281 papam,
1717 3221 1828 3268 tmn

1939 3204 2174 3260 lrenzeus
2204 3207 2347 3275 Περὶ
2379 3206 2647 3277 Σάγκτου
2681 3210 2777 3264 καὶ
2812 3210 3173 3278 Βλανδίνης,
3204 3208 3279 3264 De
3318 3208 3515 3265 Sancto

244 3292 308 3346 ad
334 3293 483 3349 alios
510 3296 738 3366 scripsit
765 3297 1021 3361 lrenzeus,
1053 3300 1301 3368 epistolis
1323 3302 1391 3355 de
1420 3303 1560 3357 festo
1596 3304 1835 3360 Pascha-

246 3386 335 3450 lis,
393 3387 763 3444 disseruimus
812 3392 865 3445 in
914 3391 1032 3455 ejus
1070 3393 1211 3447 Vita.
1256 3393 1335 3447 Ex
1375 3395 1558 3464 aliqua
1604 3397 1831 3453 istarum

244 3478 609 3546 epistularum
644 3480 1025 3549 depromptum
1054 3483 1295 3543 videtur.
1339 3484 1483 3552 quod
1515 3500 1581 3539 ex
1628 3485 1834 3545 Irenaeo

244 3574 381 3627 citat
410 3583 607 3630 auctor
636 3574 1003 3640 Quaestionum
1038 3585 1085 3629 et
1120 3575 1274 3644 Resp.
1315 3578 1385 3629 ad
1422 3576 1644 3634 Orthod.
1690 3583 1835 3637 inter

244 3680 413 3736 opera
464 3666 693 3732 Justini,
751 3680 945 3738 qumst.
1001 3669 1126 3731 H5,
1175 3686 1282 3723 non
1332 3670 1657 3728 flectendum
1713 3690 1835 3731 esse

247 3776 416 3829 genu,
466 3774 649 3829 neque
680 3760 965 3816 Dominico
995 3762 1103 3827 die,
1154 3779 1330 3832 neque
1360 3764 1431 3819 50
1463 3766 1569 3820 illis
1595 3784 1720 3836 qua:
1751 3786 1837 3824 se-

246 3861 494 3919 qunntur
523 3851 755 3906 Pascha.
813 3853 1027 3907 Editum
1085 3854 1153 3907 ab
1201 3854 1393 3907 eodem
1450 3853 1655 3911 Irenaeo
1695 3860 1835 3931 πρὸς

249 3945 521 4016 Ἕλληνας
570 3945 731 4014 λόγον
770 3946 1180 4017 συντομώτατον
1210 3950 1302 4001 καὶ
1332 3948 1399 4002 τὰ
1421 3949 1657 4020 μάλιστα
1677 3951 1838 4020 ἀναγ-

248 4040 559 4102 καιότατον,
582 4040 711 4109 περὶ
728 4039 1037 4109 ἐπιστήμης
1051 4040 1550 4113 ἐπιγεγραμμένον,
1572 4044 1833 4099 brevissi-

250 4144 401 4183 mum
429 4139 485 4184 et
515 4131 570 4183 in
620 4131 814 4199 primis
840 4136 1213 4187 necessarium
1249 4133 1470 4194 librum.
1524 4150 1618 4189 seu
1654 4136 1835 4203 potius

252 4219 609 4284 Sermonem,
650 4221 736 4274 vel
786 4219 1104 4277 Orationem
1155 4223 1420 4277 adversus
1452 4222 1691 4288 Graecos,
1726 4226 1835 4292 vel,

249 4323 304 4366 ut
346 4322 579 4369 vertunt
633 4314 747 4378 alii,
797 4316 1047 4367 adversus
1099 4324 1296 4384 gentes,
1344 4316 1435 4383 qui
1497 4314 1575 4369 De
1611 4318 1836 4370 scientia

247 4404 680 4473 inscribebatur,
728 4414 996 4460 memorat
1046 4405 1311 4461 Eusebius
1344 4408 1390 4438 ³⁸
1436 4424 1449 4459 :
1498 4406 1659 4476 cujus
1692 4424 1837 4461 men-

248 4508 355 4554 tem
383 4514 679 4570 perperam
700 4499 934 4567 accepit,
958 4499 1192 4568 aliisque
1215 4513 1503 4568 perperam
1531 4500 1833 4568 accipiendi

1939 3305 1987 3348 et
2038 3293 2351 3361 Blandina;
2399 3314 2506 3354 non
2558 3300 2776 3369 quidem
2826 3301 2992 3353 verbo
3026 3302 3094 3354 ad
3130 3301 3377 3365 verbum,
3414 3304 3513 3357 sed

1940 3390 2321 3457 compendium
2362 3390 2653 3445 verborum
2681 3391 2921 3447 faciens:
2951 3393 3026 3456 ὡς
3058 3393 3116 3447 δὲ
3147 3392 3237 3448 διὰ
3269 3392 3521 3467 βραχέων

1938 3480 2281 3552 παραθέσθαι
2304 3483 2421 3538 ἔστι
2450 3488 2642 3538 ταῦτα.
2669 3485 2734 3540 Ει
2762 3502 2949 3541 revera
2979 3503 3098 3557 qua:
3126 3489 3195 3544 ibi
3218 3489 3287 3542 de
3314 3484 3519 3544 Sancto

1937 3582 1993 3627 et
2034 3572 2297 3629 Blandina
2334 3576 2530 3632 recitat
2573 3578 2959 3646 (Ecumenius,
3010 3580 3077 3633 ad
3109 3594 3173 3634 ea
3206 3595 3327 3648 qua:
3355 3582 3407 3633 in
3436 3580 3517 3635 ci-

1939 3676 2055 3721 tata
2098 3667 2541 3738 Lugdunensium
2577 3672 2805 3740 epistola
2842 3672 3172 3738 referuntur,
3208 3664 3344 3729 satis
3376 3689 3516 3744 qua-

1938 3760 2136 3816 drant:
2199 3760 2335 3816 adeo
2387 3770 2445 3815 ut
2490 3762 2709 3818 aliunde
2757 3765 2929 3834 accipi
2978 3767 3223 3835 potuisse
3276 3783 3381 3821 non
3436 3769 3518 3821 vi-

1939 3854 2194 3908 deantur.

2010 3946 2098 4002 6|.
2143 3948 2479 4018 Explicatam
2511 3949 2583 4005 ab
2630 3949 2834 4005 Irenaeo
2881 3951 3110 4008 Joannis
3150 3955 3512 4027 Apocalypsin

1939 4037 2105 4093 tradit
2150 4037 2514 4110 Hieronymus
2561 4041 2614 4095 in
2666 4039 3029 4111 Catalago“:
3081 4061 3258 4113 quam,
3309 4048 3515 4115 inquit,

1938 4130 2352 4199 interpretantur
2372 4132 2619 4188 Justinus
2655 4133 2863 4203 Martyr
2886 4145 2931 4188 et
2969 4134 3227 4192 Irenazus.
3257 4138 3398 4192 lliuc
3434 4149 3516 4190 ta—

1941 4237 2063 4277 men
2086 4224 2265 4294 colligi
2286 4240 2444 4295 posse
2463 4242 2569 4281 non
2598 4238 2729 4297 puto
2749 4230 2992 4300 integros
3019 4232 3086 4286 ab
3114 4231 3317 4285 lrenmo
3341 4232 3521 4284 editos

1939 4314 2108 4371 fuisse
2136 4316 2551 4372 Commentarios
2581 4320 2637 4372 in
2670 4322 3051 4391 Apocalypsin;
3080 4337 3179 4377 nec
3222 4336 3284 4375 ea
3320 4321 3513 4375 Hiero-

1940 4409 2086 4478 nymi
2111 4424 2263 4465 mens
2303 4410 2470 4466 fuisse
2502 4412 2730 4467 videtur.
2768 4413 3124 4483 Respiciebat
3152 4413 3526 4484 Hieronymus

1942 4498 2009 4552 ad
2042 4500 2194 4553 varia
2227 4502 2626 4573 Apocalypseos
2664 4501 2815 4565 loca.
2848 4519 2970 4573 quae
3014 4506 3064 4558 in
3114 4505 3229 4559 suis
3278 4505 3521 4573 quinque

248 4607 442 4647 ansam
477 4592 631 4645 dedit
668 4591 1034 4661 Hieronymus
1060 4630 1076 4656 ,
1124 4590 1254 4645 dum
1302 4591 1378 4644 ait
1440 4592 1491 4644 in
1554 4588 1832 4661 Catalogo,
1871 4574 1913 4627 θ
1944 4590 2101 4645 libris
2126 4594 2361 4660 explicat
2390 4594 2646 4659 lremeus,
2677 4606 2734 4651 et
2762 4598 3063 4664 pragscrtitn
3090 4596 3140 4649 in
3174 4597 3389 4665 quinto,
3414 4598 3517 4649 sub

252 4690 531 4759 scriptum
558 4688 629 4741 ab
658 4686 864 4740 [renato
896 4698 1083 4740 contra
1113 4696 1291 4756 gentes
1325 4686 1564 4741 volumen
1594 4689 1761 4753 breve,
1787 4699 1832 4740 et

250 4784 312 4834 de
339 4782 635 4849 discipiina
662 4778 812 4832 aliud
832 4795 851 4832 :
885 4778 1039 4847 quasi
1074 4778 1393 4846 opusculum
1427 4790 1620 4833 contra
1647 4790 1835 4847 gentes

252 4876 319 4929 ab
348 4875 443 4929 illo
475 4874 550 4926 de
578 4872 869 4941 disciplina
899 4886 994 4925 seu
1043 4871 1276 4925 scientia
1310 4870 1588 4925 diversum
1623 4872 1840 4925 fuisset.

252 4965 503 5020 Heminit
532 4976 768 5033 uterque
796 4963 1025 5016 alterius
1049 4962 1235 5016 Ircntei
1259 4961 1540 5017 Sermonis
1562 4962 1840 5017 Marciano

252 5056 411 5110 lratri
462 5057 789 5125 nuncupati,
824 5055 919 5124 qui
968 5055 1491 5110 demonStrationem
1523 5054 1838 5109 continebat

250 5148 567 5217 apostolicae
636 5146 1094 5217 prmdicationis,
1166 5156 1220 5201 et
1275 5146 1444 5201 libelli
1505 5146 1840 5211 Διαλέξεων

248 5238 575 5309 διαφόρων,
636 5238 918 5292 Variarum
961 5240 1403 5307 disputationum,
1438 5239 1544 5303 vel,
1578 5250 1638 5293 ut
1672 5240 1838 5293 vertit

252 5331 648 5403 Hieronymus,
687 5330 970 5384 Variorum
992 5341 1344 5395 tractatuum,
1365 5332 1416 5384 in
1448 5346 1558 5401 quo
1589 5331 1843 5401 Epistolas

253 5428 318 5481 ad
361 5427 624 5482 Hebraeos
680 5434 739 5479 et
807 5424 1102 5494 Sapientia:
1151 5425 1462 5479 Salomonis
1502 5426 1839 5480 mentionem

256 5520 509 5584 faciebat,
535 5528 594 5575 et
619 5519 887 5589 quasdam
913 5518 1222 5572 sententias
1240 5534 1303 5571 ex
1335 5516 1458 5572 istis
1485 5516 1642 5571 libris
1667 5516 1842 5570 addu-

253 5616 433 5669 cebat.
486 5615 625 5682 Quis
680 5629 812 5669 vero
861 5622 1008 5667 esset
1060 5614 1304 5666 auctoris
1349 5612 1403 5665 in
1459 5610 1543 5664 his
1584 5609 1843 5664 erunibus

254 5707 530 5775 opusculis
570 5722 670 5761 seu
700 5705 862 5759 libris
895 5718 1111 5771 scapus,
1166 5702 1379 5771 quodve
1409 5700 1723 5766 consilium,
1757 5711 1838 5754 ta-

355 5820 403 5849 “
430 5819 503 5873 De
531 5834 790 5889 prmscr.,
824 5833 877 5889 ρ.
906 5816 994 5889 55.
1094 5816 1140 5846 ³⁸
1169 5816 1262 5883 Ep.
1284 5817 1342 5889 lg.

257 5890 298 5916 sa.
327 5887 449 5946 Lib.
478 5887 611 5955 νίς,
647 5892 702 5944 8,
786 5890 828 5921 ³³
863 5887 982 5941 Lib.
1013 5904 1086 5952 tl‘,
1118 5904 1235 5958 cap.
1274 5887 1361 5941 ‘25.

1424 5816 1468 5846 "
1498 5814 1620 5868 Lib.
1649 5830 1699 5876 ν,
1734 5832 1780 5869 c.
1814 5816 1902 5867 9.6.

1444 5889 1484 5916 πο
1516 5884 1575 5939 Ἰ.
1611 5884 1674 5953 ιι,
1707 5902 1760 5954 υ.
1800 5888 1922 5943 1.52.

1943 4683 2099 4752 cujus
2126 4684 2285 4739 linem
2312 4686 2377 4740 de
2411 4688 2717 4742 millcnario
2739 4689 2940 4743 Christi
2972 4703 3156 4757 regno,
3189 4697 3240 4742 et
3267 4688 3335 4741 de
3367 4688 3519 4743 Anti-

1942 4775 2151 4831 christo
2181 4778 2478 4845 disserens,
2509 4781 2661 4850 plura
2699 4783 2839 4835 sacri
2867 4781 3091 4849 hujusce.
3119 4780 3239 4835 libri
3274 4782 3518 4836 testimo-

1939 4870 2029 4923 nia
2075 4871 2488 4941 interpretatur,
2540 4883 2594 4926 et
2640 4874 2708 4928 ad
2756 4876 3063 4929 institutum
3116 4875 3514 4929 accommodat.

1939 4962 2198 5030 Quidam,
2228 4963 2424 5019 Photio
2453 4974 2591 5019 teste
2621 4966 2689 5029 3’,
2718 4966 2917 5018 lrenzro
2940 4965 3294 5019 ascrihebant
3320 4964 3517 5018 librum

1938 5058 2023 5111 cui
2056 5057 2266 5123 titulus,
2317 5057 2396 5111 De
2426 5055 2680 5112 Universo
2715 5073 2808 5111 seu
2853 5057 2927 5111 De
2969 5058 3264 5111 substantia
3311 5058 3517 5110 mutuli.

1940 5148 2048 5203 Sed
2096 5149 2210 5203 Caii
2269 5149 2576 5218 presbyteri
2624 5147 2876 5214 Romani,
2914 5161 2968 5203 et
3004 5148 3194 5205 lrenzei
3240 5149 3521 5216 discipuli,

1939 5254 2077 5309 opus
2110 5255 2233 5295 esse
2270 5240 2625 5295 verisimilius
2657 5248 2763 5295 est.
2802 5240 2878 5295 De
2904 5242 3027 5296 aliis
3055 5257 3175 5310 qua:
3205 5242 3272 5294 ad
3307 5242 3515 5296 calcem

1940 5333 2214 5388 edidimus
2244 5332 2429 5387 Irentei
2466 5331 2813 5400 fragmentis,
2844 5334 3069 5402 proprio
3105 5333 3225 5387 loco
3257 5332 3516 5385 diximus.

1939 5425 2066 5481 Haec
2109 5435 2239 5479 sunt
2285 5440 2406 5497 qua:
2454 5425 2522 5481 de
2552 5427 2687 5479 tanti
2723 5426 2821 5479 viri
2856 5426 3079 5495 scriptis
3104 5424 3335 5479 dicenda
3367 5425 3525 5477 nobis

1939 5530 2119 5574 erant.
2146 5518 2267 5573 Jam
2297 5519 2365 5572 de
2392 5518 2560 5574 variis
2594 5519 2862 5574 doctrinae
2892 5518 3009 5588 ejus
3040 5517 3312 5587 capitibus
3344 5530 3525 5571 sermo

1942 5610 2323 5668 instituendus
2361 5620 2464 5664 est.

2004 5817 2047 5845 ’⁷
2078 5814 2194 5867 Lib.
2231 5829 2267 5875 t,
2298 5828 2414 5877 cap.
2446 5811 2537 5872 27,
2568 5827 2622 5862 η.
2658 5811 2713 5875 4,
2788 5820 2844 5867 et
2886 5809 2978 5865 lib.
3017 5824 3098 5876 ut,
3138 5824 3187 5863 c.
3223 5808 3313 5869 1⁵2,
3353 5824 3404 5861 n.
3439 5808 3520 5864 i3.

2002 5888 2042 5918 ³⁸
2075 5886 2134 5941 t1.
2167 5884 2251 5939 19.
2330 5885 2373 5916 ⁸²
2409 5884 2543 5939 Cod.
2572 5880 2661 5943 48.
