  <div class='ocr_page' id='page_1' title='image "/cluster/home/n/w/nwhite01/storage/ocr_20150623/7/hvd.32044019206614/129.png"; bbox 0 0 3924 6354; ppageno 0'>
   <div class='ocr_carea' id='block_1_1' title="bbox 423 452 529 509">
    <p class='ocr_par' dir='ltr' id='par_1_1' title="bbox 423 452 529 509">
     <span class='ocr_line' id='line_1_1' title="bbox 423 452 529 509; baseline -0.047 0"><span class='ocrx_word' id='word_1_1' title='bbox 423 452 529 509; x_wconf 65' lang='grc' dir='ltr'><strong>Ξειῦ</strong></span> 
     </span>
    </p>
   </div>
   <div class='ocr_carea' id='block_1_2' title="bbox 424 614 669 628">
    <p class='ocr_par' dir='ltr' id='par_1_2' title="bbox 424 614 669 628">
     <span class='ocr_line' id='line_1_2' title="bbox 424 614 669 628; baseline -0.004 -1"><span class='ocrx_word' id='word_1_2' title='bbox 424 614 669 628; x_wconf 43' lang='grc' dir='ltr'><strong>*Ψ</strong></span> 
     </span>
    </p>
   </div>
   <div class='ocr_carea' id='block_1_3' title="bbox 1200 456 2830 513">
    <p class='ocr_par' dir='ltr' id='par_1_3' title="bbox 1200 456 2830 513">
     <span class='ocr_line' id='line_1_3' title="bbox 1200 456 2830 513; baseline 0.002 -3"><span class='ocrx_word' id='word_1_3' title='bbox 1200 456 1799 513; x_wconf 76' lang='lat' dir='ltr'><strong>DlSSER&#39;l‘ATlONES</strong></span> <span class='ocrx_word' id='word_1_4' title='bbox 1830 456 2138 513; x_wconf 68' lang='lat' dir='ltr'><strong>PREVUE</strong></span> <span class='ocrx_word' id='word_1_5' title='bbox 2174 457 2239 511; x_wconf 81' lang='lat' dir='ltr'><strong>1N</strong></span> <span class='ocrx_word' id='word_1_6' title='bbox 2273 457 2530 513; x_wconf 66' lang='grc' dir='ltr'><strong>ΙΒΕΝίΕΙ</strong></span> <span class='ocrx_word' id='word_1_7' title='bbox 2564 456 2830 513; x_wconf 81' lang='lat' dir='ltr'><strong>LIBROS.</strong></span> 
     </span>
    </p>
   </div>
   <div class='ocr_carea' id='block_1_4' title="bbox 1245 807 2859 923">
    <p class='ocr_par' dir='ltr' id='par_1_4' title="bbox 1245 807 2859 923">
     <span class='ocr_line' id='line_1_4' title="bbox 1245 807 2859 923; baseline 0.002 -5"><span class='ocrx_word' id='word_1_8' title='bbox 1245 807 2199 923; x_wconf 82' lang='lat' dir='ltr'><strong>DISSERTATIO</strong></span> <span class='ocrx_word' id='word_1_9' title='bbox 2278 808 2859 922; x_wconf 82' lang='lat' dir='ltr'><strong>TERTIA.</strong></span> 
     </span>
    </p>
   </div>
   <div class='ocr_carea' id='block_1_5' title="bbox 1593 1056 2507 1121">
    <p class='ocr_par' dir='ltr' id='par_1_5' title="bbox 1593 1056 2507 1121">
     <span class='ocr_line' id='line_1_5' title="bbox 1593 1056 2507 1121; baseline -0.002 -1"><span class='ocrx_word' id='word_1_10' title='bbox 1593 1058 1695 1120; x_wconf 88' lang='lat' dir='ltr'><strong>DE</strong></span> <span class='ocrx_word' id='word_1_11' title='bbox 1734 1057 2031 1118; x_wconf 72' lang='grc' dir='ltr'><strong>ΙΒΕΝᾹΞΙ</strong></span> <span class='ocrx_word' id='word_1_12' title='bbox 2074 1056 2507 1121; x_wconf 80' lang='lat' dir='ltr'><strong>DOCTRINA.</strong></span> 
     </span>
    </p>
   </div>
   <div class='ocr_carea' id='block_1_6' title="bbox 496 1385 3689 1463">
    <p class='ocr_par' dir='ltr' id='par_1_6' title="bbox 496 1385 3689 1463">
     <span class='ocr_line' id='line_1_6' title="bbox 496 1385 3689 1463; baseline 0 -18"><span class='ocrx_word' id='word_1_13' title='bbox 496 1392 546 1445; x_wconf 87' lang='grc'><strong>1.</strong></span> <span class='ocrx_word' id='word_1_14' title='bbox 585 1391 766 1445; x_wconf 87' lang='lat' dir='ltr'><strong>Solius</strong></span> <span class='ocrx_word' id='word_1_15' title='bbox 791 1389 1032 1458; x_wconf 85' lang='lat' dir='ltr'><strong>supremi</strong></span> <span class='ocrx_word' id='word_1_16' title='bbox 1070 1387 1310 1441; x_wconf 91' lang='lat' dir='ltr'><strong>numinis</strong></span> <span class='ocrx_word' id='word_1_17' title='bbox 1333 1396 1419 1440; x_wconf 89' lang='lat' dir='ltr'><strong>est</strong></span> <span class='ocrx_word' id='word_1_18' title='bbox 1452 1400 1555 1442; x_wconf 90' lang='lat' dir='ltr'><strong>nec</strong></span> <span class='ocrx_word' id='word_1_19' title='bbox 1595 1386 1733 1451; x_wconf 84' lang='lat' dir='ltr'><strong>falli,</strong></span> <span class='ocrx_word' id='word_1_20' title='bbox 1764 1401 1864 1440; x_wconf 92' lang='lat' dir='ltr'><strong>nec</strong></span> <span class='ocrx_word' id='word_1_21' title='bbox 1894 1385 2000 1439; x_wconf 82' lang='lat' dir='ltr'><strong>fal-</strong></span> <span class='ocrx_word' id='word_1_22' title='bbox 2030 1389 2076 1445; x_wconf 84' lang='lat' dir='ltr'><strong>A</strong></span> <span class='ocrx_word' id='word_1_23' title='bbox 2108 1388 2405 1444; x_wconf 82' lang='lat' dir='ltr'><strong>inlirmiora</strong></span> <span class='ocrx_word' id='word_1_24' title='bbox 2449 1393 2583 1446; x_wconf 80' lang='lat' dir='ltr'><strong>sint.</strong></span> <span class='ocrx_word' id='word_1_25' title='bbox 2637 1392 2839 1446; x_wconf 80' lang='lat' dir='ltr'><strong>Deinde</strong></span> <span class='ocrx_word' id='word_1_26' title='bbox 2889 1401 2947 1446; x_wconf 88' lang='lat' dir='ltr'><strong>ut</strong></span> <span class='ocrx_word' id='word_1_27' title='bbox 2997 1394 3067 1448; x_wconf 91' lang='lat' dir='ltr'><strong>de</strong></span> <span class='ocrx_word' id='word_1_28' title='bbox 3114 1393 3386 1447; x_wconf 87' lang='lat' dir='ltr'><strong>rationum</strong></span> <span class='ocrx_word' id='word_1_29' title='bbox 3415 1409 3689 1463; x_wconf 78' lang='lat' dir='ltr'><strong>quarum-</strong></span> 
     </span>
    </p>
   </div>
   <div class='ocr_carea' id='block_1_7' title="bbox 426 1480 2001 1552">
    <p class='ocr_par' dir='ltr' id='par_1_7' title="bbox 426 1480 2001 1552">
     <span class='ocr_line' id='line_1_7' title="bbox 426 1480 2001 1552; baseline -0.003 -13"><span class='ocrx_word' id='word_1_30' title='bbox 426 1484 536 1539; x_wconf 80' lang='lat' dir='ltr'><strong>lere</strong></span> <span class='ocrx_word' id='word_1_31' title='bbox 572 1498 773 1552; x_wconf 85' lang='lat' dir='ltr'><strong>posse:</strong></span> <span class='ocrx_word' id='word_1_32' title='bbox 812 1481 1128 1536; x_wconf 89' lang='lat' dir='ltr'><strong>mortalium</strong></span> <span class='ocrx_word' id='word_1_33' title='bbox 1165 1482 1436 1547; x_wconf 90' lang='lat' dir='ltr'><strong>omnium,</strong></span> <span class='ocrx_word' id='word_1_34' title='bbox 1471 1480 1574 1535; x_wconf 89' lang='lat' dir='ltr'><strong>nisi</strong></span> <span class='ocrx_word' id='word_1_35' title='bbox 1607 1481 1872 1551; x_wconf 82' lang='lat' dir='ltr'><strong>singulari</strong></span> <span class='ocrx_word' id='word_1_36' title='bbox 1904 1481 2001 1534; x_wconf 87' lang='lat' dir='ltr'><strong>Dei</strong></span> 
     </span>
    </p>
   </div>
   <div class='ocr_carea' id='block_1_8' title="bbox 425 1573 2004 1642">
    <p class='ocr_par' dir='ltr' id='par_1_8' title="bbox 425 1573 2004 1642">
     <span class='ocr_line' id='line_1_8' title="bbox 425 1573 2004 1642; baseline -0.003 -11"><span class='ocrx_word' id='word_1_37' title='bbox 425 1576 714 1641; x_wconf 84' lang='lat' dir='ltr'><strong>beneflcio,</strong></span> <span class='ocrx_word' id='word_1_38' title='bbox 748 1575 880 1630; x_wconf 89' lang='lat' dir='ltr'><strong>solis</strong></span> <span class='ocrx_word' id='word_1_39' title='bbox 934 1573 1296 1642; x_wconf 72' lang='lat' dir='ltr'><strong>scriptoribus</strong></span> <span class='ocrx_word' id='word_1_40' title='bbox 1344 1575 1519 1629; x_wconf 88' lang='lat' dir='ltr'><strong>sacris</strong></span> <span class='ocrx_word' id='word_1_41' title='bbox 1563 1589 1848 1639; x_wconf 87' lang='lat' dir='ltr'><strong>concesso,</strong></span> <span class='ocrx_word' id='word_1_42' title='bbox 1887 1573 2004 1629; x_wconf 82' lang='lat' dir='ltr'><strong>exi-</strong></span> 
     </span>
    </p>
   </div>
   <div class='ocr_carea' id='block_1_9' title="bbox 426 1668 2002 1734">
    <p class='ocr_par' dir='ltr' id='par_1_9' title="bbox 426 1668 2002 1734">
     <span class='ocr_line' id='line_1_9' title="bbox 426 1668 2002 1734; baseline -0.001 -10"><span class='ocrx_word' id='word_1_43' title='bbox 426 1678 669 1734; x_wconf 83' lang='lat' dir='ltr'><strong>mantur,</strong></span> <span class='ocrx_word' id='word_1_44' title='bbox 700 1685 764 1724; x_wconf 91' lang='lat' dir='ltr'><strong>ea</strong></span> <span class='ocrx_word' id='word_1_45' title='bbox 810 1678 895 1724; x_wconf 83' lang='lat' dir='ltr'><strong>est</strong></span> <span class='ocrx_word' id='word_1_46' title='bbox 926 1684 1046 1724; x_wconf 89' lang='lat' dir='ltr'><strong>sors</strong></span> <span class='ocrx_word' id='word_1_47' title='bbox 1073 1677 1129 1723; x_wconf 89' lang='lat' dir='ltr'><strong>et</strong></span> <span class='ocrx_word' id='word_1_48' title='bbox 1154 1668 1419 1733; x_wconf 86' lang='lat' dir='ltr'><strong>conditio,</strong></span> <span class='ocrx_word' id='word_1_49' title='bbox 1466 1678 1525 1722; x_wconf 91' lang='lat' dir='ltr'><strong>ut</strong></span> <span class='ocrx_word' id='word_1_50' title='bbox 1561 1684 1657 1723; x_wconf 89' lang='lat' dir='ltr'><strong>eos</strong></span> <span class='ocrx_word' id='word_1_51' title='bbox 1683 1685 1711 1722; x_wconf 89' lang='lat' dir='ltr'><strong>a</strong></span> <span class='ocrx_word' id='word_1_52' title='bbox 1744 1685 1872 1723; x_wconf 90' lang='lat' dir='ltr'><strong>vero</strong></span> <span class='ocrx_word' id='word_1_53' title='bbox 1905 1669 2002 1723; x_wconf 88' lang='lat' dir='ltr'><strong>de-</strong></span> 
     </span>
    </p>
   </div>
   <div class='ocr_carea' id='block_1_10' title="bbox 425 1760 2005 1832">
    <p class='ocr_par' dir='ltr' id='par_1_10' title="bbox 425 1760 2005 1832">
     <span class='ocr_line' id='line_1_10' title="bbox 425 1760 2005 1832; baseline -0.001 -13"><span class='ocrx_word' id='word_1_54' title='bbox 425 1766 546 1820; x_wconf 69' lang='lat' dir='ltr'><strong>vios</strong></span> <span class='ocrx_word' id='word_1_55' title='bbox 592 1780 751 1819; x_wconf 91' lang='lat' dir='ltr'><strong>error</strong></span> <span class='ocrx_word' id='word_1_56' title='bbox 800 1763 1075 1818; x_wconf 89' lang='lat' dir='ltr'><strong>interdum</strong></span> <span class='ocrx_word' id='word_1_57' title='bbox 1107 1761 1366 1831; x_wconf 90' lang='lat' dir='ltr'><strong>decipiat.</strong></span> <span class='ocrx_word' id='word_1_58' title='bbox 1414 1760 1631 1816; x_wconf 81' lang='lat' dir='ltr'><strong>Nullum</strong></span> <span class='ocrx_word' id='word_1_59' title='bbox 1674 1763 1841 1832; x_wconf 84' lang='lat' dir='ltr'><strong>igitur</strong></span> <span class='ocrx_word' id='word_1_60' title='bbox 1866 1778 2005 1832; x_wconf 91' lang='lat' dir='ltr'><strong>opus</strong></span> 
     </span>
    </p>
   </div>
   <div class='ocr_carea' id='block_1_11' title="bbox 427 1858 2006 1927">
    <p class='ocr_par' dir='ltr' id='par_1_11' title="bbox 427 1858 2006 1927">
     <span class='ocr_line' id='line_1_11' title="bbox 427 1858 2006 1927; baseline 0.001 -16"><span class='ocrx_word' id='word_1_61' title='bbox 427 1859 565 1913; x_wconf 75' lang='lat' dir='ltr'><strong>adeo</strong></span> <span class='ocrx_word' id='word_1_62' title='bbox 592 1859 945 1927; x_wconf 82' lang='lat' dir='ltr'><strong>castigatum,</strong></span> <span class='ocrx_word' id='word_1_63' title='bbox 984 1858 1337 1927; x_wconf 82' lang='lat' dir='ltr'><strong>numerisque</strong></span> <span class='ocrx_word' id='word_1_64' title='bbox 1382 1859 1641 1913; x_wconf 87' lang='lat' dir='ltr'><strong>omnibus</strong></span> <span class='ocrx_word' id='word_1_65' title='bbox 1663 1858 2006 1925; x_wconf 90' lang='lat' dir='ltr'><strong>absolutum,</strong></span> 
     </span>
    </p>
   </div>
   <div class='ocr_carea' id='block_1_12' title="bbox 428 1951 2007 2023">
    <p class='ocr_par' dir='ltr' id='par_1_12' title="bbox 428 1951 2007 2023">
     <span class='ocr_line' id='line_1_12' title="bbox 428 1951 2007 2023; baseline 0.003 -20"><span class='ocrx_word' id='word_1_66' title='bbox 428 1953 557 2021; x_wconf 85' lang='lat' dir='ltr'><strong>quin</strong></span> <span class='ocrx_word' id='word_1_67' title='bbox 607 1954 779 2006; x_wconf 67' lang='lat' dir='ltr'><strong>naevis</strong></span> <span class='ocrx_word' id='word_1_68' title='bbox 825 1951 1150 2019; x_wconf 86' lang='lat' dir='ltr'><strong>quibusdam</strong></span> <span class='ocrx_word' id='word_1_69' title='bbox 1198 1951 1569 2023; x_wconf 87' lang='lat' dir='ltr'><strong>inspergatur,</strong></span> <span class='ocrx_word' id='word_1_70' title='bbox 1618 1952 1864 2021; x_wconf 84' lang='lat' dir='ltr'><strong>pluribus</strong></span> <span class='ocrx_word' id='word_1_71' title='bbox 1911 1964 2007 2008; x_wconf 85' lang='lat' dir='ltr'><strong>aut</strong></span> 
     </span>
    </p>
   </div>
   <div class='ocr_carea' id='block_1_13' title="bbox 426 2042 2011 2116">
    <p class='ocr_par' dir='ltr' id='par_1_13' title="bbox 426 2042 2011 2116">
     <span class='ocr_line' id='line_1_13' title="bbox 426 2042 2011 2116; baseline 0.002 -19"><span class='ocrx_word' id='word_1_72' title='bbox 426 2044 801 2113; x_wconf 79' lang='lat' dir='ltr'><strong>paucioribus,</strong></span> <span class='ocrx_word' id='word_1_73' title='bbox 832 2042 1247 2113; x_wconf 83' lang='lat' dir='ltr'><strong>majoribusque</strong></span> <span class='ocrx_word' id='word_1_74' title='bbox 1289 2044 1370 2099; x_wconf 90' lang='lat' dir='ltr'><strong>vel</strong></span> <span class='ocrx_word' id='word_1_75' title='bbox 1413 2045 1736 2109; x_wconf 88' lang='lat' dir='ltr'><strong>minoribus,</strong></span> <span class='ocrx_word' id='word_1_76' title='bbox 1769 2063 1868 2116; x_wconf 81' lang='lat' dir='ltr'><strong>pro</strong></span> <span class='ocrx_word' id='word_1_77' title='bbox 1897 2065 2011 2101; x_wconf 80' lang='lat' dir='ltr'><strong>ina-</strong></span> 
     </span>
    </p>
   </div>
   <div class='ocr_carea' id='block_1_14' title="bbox 423 2132 2004 2207">
    <p class='ocr_par' dir='ltr' id='par_1_14' title="bbox 423 2132 2004 2207">
     <span class='ocr_line' id='line_1_14' title="bbox 423 2132 2004 2207; baseline 0.003 -15"><span class='ocrx_word' id='word_1_78' title='bbox 423 2132 532 2204; x_wconf 79' lang='lat' dir='ltr'><strong>jori</strong></span> <span class='ocrx_word' id='word_1_79' title='bbox 561 2150 656 2191; x_wconf 86' lang='lat' dir='ltr'><strong>aut</strong></span> <span class='ocrx_word' id='word_1_80' title='bbox 682 2135 877 2191; x_wconf 89' lang='lat' dir='ltr'><strong>minori</strong></span> <span class='ocrx_word' id='word_1_81' title='bbox 911 2138 1201 2207; x_wconf 86' lang='lat' dir='ltr'><strong>scriptoris</strong></span> <span class='ocrx_word' id='word_1_82' title='bbox 1242 2137 1521 2206; x_wconf 82' lang='lat' dir='ltr'><strong>diligentia</strong></span> <span class='ocrx_word' id='word_1_83' title='bbox 1569 2149 1626 2193; x_wconf 88' lang='lat' dir='ltr'><strong>et</strong></span> <span class='ocrx_word' id='word_1_84' title='bbox 1671 2140 2004 2197; x_wconf 85' lang='lat' dir='ltr'><strong>eruditione.</strong></span> 
     </span>
    </p>
   </div>
   <div class='ocr_carea' id='block_1_15' title="bbox 428 2229 2011 2299">
    <p class='ocr_par' dir='ltr' id='par_1_15' title="bbox 428 2229 2011 2299">
     <span class='ocr_line' id='line_1_15' title="bbox 428 2229 2011 2299; baseline 0.003 -15"><span class='ocrx_word' id='word_1_85' title='bbox 428 2229 634 2284; x_wconf 86' lang='lat' dir='ltr'><strong>Neutra</strong></span> <span class='ocrx_word' id='word_1_86' title='bbox 663 2230 880 2299; x_wconf 89' lang='lat' dir='ltr'><strong>quidem</strong></span> <span class='ocrx_word' id='word_1_87' title='bbox 910 2230 1115 2286; x_wconf 74' lang='lat' dir='ltr'><strong>Irenzno</strong></span> <span class='ocrx_word' id='word_1_88' title='bbox 1146 2232 1315 2286; x_wconf 78' lang='lat' dir='ltr'><strong>defuit</strong></span> <span class='ocrx_word' id='word_1_89' title='bbox 1343 2248 1356 2296; x_wconf 93' lang='lat'>;</span> <span class='ocrx_word' id='word_1_90' title='bbox 1392 2233 1466 2285; x_wconf 91' lang='lat' dir='ltr'><strong>ita</strong></span> <span class='ocrx_word' id='word_1_91' title='bbox 1499 2244 1673 2287; x_wconf 87' lang='lat' dir='ltr'><strong>tamen</strong></span> <span class='ocrx_word' id='word_1_92' title='bbox 1708 2234 1811 2288; x_wconf 89' lang='lat' dir='ltr'><strong>sibi</strong></span> <span class='ocrx_word' id='word_1_93' title='bbox 1866 2250 2011 2290; x_wconf 89' lang='lat' dir='ltr'><strong>sem-</strong></span> 
     </span>
    </p>
   </div>
   <div class='ocr_carea' id='block_1_16' title="bbox 428 2324 2009 2392">
    <p class='ocr_par' dir='ltr' id='par_1_16' title="bbox 428 2324 2009 2392">
     <span class='ocr_line' id='line_1_16' title="bbox 428 2324 2009 2392; baseline 0.001 -14"><span class='ocrx_word' id='word_1_94' title='bbox 428 2338 526 2392; x_wconf 86' lang='lat' dir='ltr'><strong>per</strong></span> <span class='ocrx_word' id='word_1_95' title='bbox 585 2339 691 2377; x_wconf 91' lang='lat' dir='ltr'><strong>uou</strong></span> <span class='ocrx_word' id='word_1_96' title='bbox 743 2324 907 2388; x_wconf 83' lang='lat' dir='ltr'><strong>cavit,</strong></span> <span class='ocrx_word' id='word_1_97' title='bbox 964 2333 1022 2377; x_wconf 94' lang='lat' dir='ltr'><strong>ut</strong></span> <span class='ocrx_word' id='word_1_98' title='bbox 1068 2324 1362 2392; x_wconf 83' lang='lat' dir='ltr'><strong>aliquando</strong></span> <span class='ocrx_word' id='word_1_99' title='bbox 1408 2339 1515 2379; x_wconf 89' lang='lat' dir='ltr'><strong>non</strong></span> <span class='ocrx_word' id='word_1_100' title='bbox 1556 2324 1882 2390; x_wconf 80' lang='lat' dir='ltr'><strong>offenderit,</strong></span> <span class='ocrx_word' id='word_1_101' title='bbox 1913 2326 2009 2380; x_wconf 86' lang='lat' dir='ltr'><strong>sed</strong></span> 
     </span>
    </p>
   </div>
   <div class='ocr_carea' id='block_1_17' title="bbox 430 2417 2008 2489">
    <p class='ocr_par' dir='ltr' id='par_1_17' title="bbox 430 2417 2008 2489">
     <span class='ocr_line' id='line_1_17' title="bbox 430 2417 2008 2489; baseline 0 -18"><span class='ocrx_word' id='word_1_102' title='bbox 430 2417 751 2487; x_wconf 88' lang='lat' dir='ltr'><strong>plerumque</strong></span> <span class='ocrx_word' id='word_1_103' title='bbox 800 2417 1014 2483; x_wconf 87' lang='lat' dir='ltr'><strong>levius;</strong></span> <span class='ocrx_word' id='word_1_104' title='bbox 1069 2418 1246 2473; x_wconf 89' lang='lat' dir='ltr'><strong>sicubi</strong></span> <span class='ocrx_word' id='word_1_105' title='bbox 1296 2433 1426 2473; x_wconf 88' lang='lat' dir='ltr'><strong>vero</strong></span> <span class='ocrx_word' id='word_1_106' title='bbox 1456 2418 1617 2483; x_wconf 86' lang='lat' dir='ltr'><strong>paulo</strong></span> <span class='ocrx_word' id='word_1_107' title='bbox 1659 2418 1907 2489; x_wconf 77' lang='lat' dir='ltr'><strong>gravius,</strong></span> <span class='ocrx_word' id='word_1_108' title='bbox 1941 2433 2008 2471; x_wconf 93' lang='lat' dir='ltr'><strong>eo</strong></span> 
     </span>
    </p>
   </div>
   <div class='ocr_carea' id='block_1_18' title="bbox 432 2513 2008 2582">
    <p class='ocr_par' dir='ltr' id='par_1_18' title="bbox 432 2513 2008 2582">
     <span class='ocr_line' id='line_1_18' title="bbox 432 2513 2008 2582; baseline 0.001 -16"><span class='ocrx_word' id='word_1_109' title='bbox 432 2513 610 2581; x_wconf 87' lang='lat' dir='ltr'><strong>magis</strong></span> <span class='ocrx_word' id='word_1_110' title='bbox 658 2528 815 2567; x_wconf 90' lang='lat' dir='ltr'><strong>error</strong></span> <span class='ocrx_word' id='word_1_111' title='bbox 855 2514 1273 2576; x_wconf 87' lang='lat' dir='ltr'><strong>cnndonandus,</strong></span> <span class='ocrx_word' id='word_1_112' title='bbox 1325 2527 1434 2582; x_wconf 90' lang='lat' dir='ltr'><strong>quo</strong></span> <span class='ocrx_word' id='word_1_113' title='bbox 1475 2514 1715 2566; x_wconf 86' lang='lat' dir='ltr'><strong>nondum</strong></span> <span class='ocrx_word' id='word_1_114' title='bbox 1762 2514 1900 2568; x_wconf 88' lang='lat' dir='ltr'><strong>satis</strong></span> <span class='ocrx_word' id='word_1_115' title='bbox 1940 2514 2008 2567; x_wconf 89' lang='lat' dir='ltr'><strong>ad</strong></span> 
     </span>
    </p>
   </div>
   <div class='ocr_carea' id='block_1_19' title="bbox 432 2604 2009 2676">
    <p class='ocr_par' dir='ltr' id='par_1_19' title="bbox 432 2604 2009 2676">
     <span class='ocr_line' id='line_1_19' title="bbox 432 2604 2009 2676; baseline 0 -18"><span class='ocrx_word' id='word_1_116' title='bbox 432 2604 696 2673; x_wconf 92' lang='lat' dir='ltr'><strong>liquidum</strong></span> <span class='ocrx_word' id='word_1_117' title='bbox 761 2606 1062 2676; x_wconf 77' lang='lat' dir='ltr'><strong>exploratis</strong></span> <span class='ocrx_word' id='word_1_118' title='bbox 1124 2606 1293 2662; x_wconf 83' lang='lat' dir='ltr'><strong>certis</strong></span> <span class='ocrx_word' id='word_1_119' title='bbox 1355 2606 1678 2673; x_wconf 85' lang='lat' dir='ltr'><strong>quibusdam</strong></span> <span class='ocrx_word' id='word_1_120' title='bbox 1747 2606 2009 2661; x_wconf 66' lang='lat' dir='ltr'><strong>doctrinae</strong></span> 
     </span>
    </p>
   </div>
   <div class='ocr_carea' id='block_1_20' title="bbox 430 2697 2084 2795">
    <p class='ocr_par' dir='ltr' id='par_1_20' title="bbox 430 2697 2084 2795">
     <span class='ocr_line' id='line_1_20' title="bbox 430 2697 2084 2795; baseline 0 -42"><span class='ocrx_word' id='word_1_121' title='bbox 430 2697 761 2756; x_wconf 70' lang='lat' dir='ltr'><strong>Christiana:</strong></span> <span class='ocrx_word' id='word_1_122' title='bbox 792 2701 1085 2770; x_wconf 83' lang='lat' dir='ltr'><strong>capitibus,</strong></span> <span class='ocrx_word' id='word_1_123' title='bbox 1140 2701 1229 2753; x_wconf 86' lang='lat' dir='ltr'><strong>vix</strong></span> <span class='ocrx_word' id='word_1_124' title='bbox 1280 2701 1395 2753; x_wconf 82' lang='lat' dir='ltr'><strong>fieri</strong></span> <span class='ocrx_word' id='word_1_125' title='bbox 1427 2709 1642 2769; x_wconf 72' lang='lat' dir='ltr'><strong>poterat</strong></span> <span class='ocrx_word' id='word_1_126' title='bbox 1670 2711 1727 2752; x_wconf 91' lang='lat' dir='ltr'><strong>ut</strong></span> <span class='ocrx_word' id='word_1_127' title='bbox 1753 2702 2011 2754; x_wconf 89' lang='lat' dir='ltr'><strong>attentio—</strong></span> <span class='ocrx_word' id='word_1_128' title='bbox 2042 2740 2084 2795; x_wconf 75' lang='grc' dir='ltr'><strong>Β</strong></span> 
     </span>
    </p>
   </div>
   <div class='ocr_carea' id='block_1_21' title="bbox 432 2793 2012 2865">
    <p class='ocr_par' dir='ltr' id='par_1_21' title="bbox 432 2793 2012 2865">
     <span class='ocr_line' id='line_1_21' title="bbox 432 2793 2012 2865; baseline -0.001 -14"><span class='ocrx_word' id='word_1_129' title='bbox 432 2795 586 2851; x_wconf 84' lang='lat' dir='ltr'><strong>ribus</strong></span> <span class='ocrx_word' id='word_1_130' title='bbox 638 2797 800 2850; x_wconf 86' lang='lat' dir='ltr'><strong>etiam</strong></span> <span class='ocrx_word' id='word_1_131' title='bbox 844 2794 1043 2851; x_wconf 85' lang='lat' dir='ltr'><strong>animis</strong></span> <span class='ocrx_word' id='word_1_132' title='bbox 1086 2796 1311 2851; x_wconf 89' lang='lat' dir='ltr'><strong>nebulas</strong></span> <span class='ocrx_word' id='word_1_133' title='bbox 1357 2812 1463 2849; x_wconf 93' lang='lat' dir='ltr'><strong>non</strong></span> <span class='ocrx_word' id='word_1_134' title='bbox 1498 2793 1842 2850; x_wconf 71' lang='lat' dir='ltr'><strong>oduttderetit</strong></span> <span class='ocrx_word' id='word_1_135' title='bbox 1874 2811 2012 2865; x_wconf 74' lang='lat' dir='ltr'><strong>pra:-</strong></span> 
     </span>
    </p>
   </div>
   <div class='ocr_carea' id='block_1_22' title="bbox 433 2885 2012 2958">
    <p class='ocr_par' dir='ltr' id='par_1_22' title="bbox 433 2885 2012 2958">
     <span class='ocr_line' id='line_1_22' title="bbox 433 2885 2012 2958; baseline -0.003 -14"><span class='ocrx_word' id='word_1_136' title='bbox 433 2899 715 2958; x_wconf 64' lang='lat' dir='ltr'><strong>concepta:</strong></span> <span class='ocrx_word' id='word_1_137' title='bbox 764 2889 1011 2958; x_wconf 65' lang='lat' dir='ltr'><strong>quaedam</strong></span> <span class='ocrx_word' id='word_1_138' title='bbox 1065 2903 1128 2943; x_wconf 91' lang='lat' dir='ltr'><strong>ac</strong></span> <span class='ocrx_word' id='word_1_139' title='bbox 1155 2902 1474 2943; x_wconf 86' lang='lat' dir='ltr'><strong>communes</strong></span> <span class='ocrx_word' id='word_1_140' title='bbox 1512 2887 1757 2956; x_wconf 89' lang='lat' dir='ltr'><strong>priorum</strong></span> <span class='ocrx_word' id='word_1_141' title='bbox 1785 2885 2012 2940; x_wconf 64' lang='lat' dir='ltr'><strong>saeculo-</strong></span> 
     </span>
    </p>
   </div>
   <div class='ocr_carea' id='block_1_23' title="bbox 436 2977 2011 3051">
    <p class='ocr_par' dir='ltr' id='par_1_23' title="bbox 436 2977 2011 3051">
     <span class='ocr_line' id='line_1_23' title="bbox 436 2977 2011 3051; baseline -0.002 -16"><span class='ocrx_word' id='word_1_142' title='bbox 436 2997 555 3035; x_wconf 89' lang='lat' dir='ltr'><strong>rum</strong></span> <span class='ocrx_word' id='word_1_143' title='bbox 609 2982 920 3051; x_wconf 88' lang='lat' dir='ltr'><strong>opiniones.</strong></span> <span class='ocrx_word' id='word_1_144' title='bbox 980 2980 1049 3037; x_wconf 85' lang='lat' dir='ltr'><strong>Ut</strong></span> <span class='ocrx_word' id='word_1_145' title='bbox 1081 2996 1211 3036; x_wconf 89' lang='lat' dir='ltr'><strong>vero</strong></span> <span class='ocrx_word' id='word_1_146' title='bbox 1245 2982 1591 3035; x_wconf 89' lang='lat' dir='ltr'><strong>excusandus</strong></span> <span class='ocrx_word' id='word_1_147' title='bbox 1640 2996 1747 3035; x_wconf 89' lang='lat' dir='ltr'><strong>non</strong></span> <span class='ocrx_word' id='word_1_148' title='bbox 1782 2989 1865 3033; x_wconf 90' lang='lat' dir='ltr'><strong>est</strong></span> <span class='ocrx_word' id='word_1_149' title='bbox 1895 2977 2011 3032; x_wconf 90' lang='lat' dir='ltr'><strong>Ire-</strong></span> 
     </span>
    </p>
   </div>
   <div class='ocr_carea' id='block_1_24' title="bbox 438 3073 2009 3147">
    <p class='ocr_par' dir='ltr' id='par_1_24' title="bbox 438 3073 2009 3147">
     <span class='ocr_line' id='line_1_24' title="bbox 438 3073 2009 3147; baseline -0.004 -16"><span class='ocrx_word' id='word_1_150' title='bbox 438 3094 608 3141; x_wconf 80' lang='lat' dir='ltr'><strong>meus,</strong></span> <span class='ocrx_word' id='word_1_151' title='bbox 665 3078 753 3131; x_wconf 90' lang='lat' dir='ltr'><strong>ubi</strong></span> <span class='ocrx_word' id='word_1_152' title='bbox 808 3077 990 3147; x_wconf 90' lang='lat' dir='ltr'><strong>lapsus</strong></span> <span class='ocrx_word' id='word_1_153' title='bbox 1035 3086 1156 3142; x_wconf 90' lang='lat' dir='ltr'><strong>est;</strong></span> <span class='ocrx_word' id='word_1_154' title='bbox 1209 3075 1289 3129; x_wconf 91' lang='lat' dir='ltr'><strong>sic</strong></span> <span class='ocrx_word' id='word_1_155' title='bbox 1315 3090 1417 3128; x_wconf 91' lang='lat' dir='ltr'><strong>nec</strong></span> <span class='ocrx_word' id='word_1_156' title='bbox 1454 3084 1658 3127; x_wconf 84' lang='lat' dir='ltr'><strong>temere</strong></span> <span class='ocrx_word' id='word_1_157' title='bbox 1684 3073 2009 3140; x_wconf 85' lang='lat' dir='ltr'><strong>culpandus,</strong></span> 
     </span>
    </p>
   </div>
   <div class='ocr_carea' id='block_1_25' title="bbox 438 3163 2013 3237">
    <p class='ocr_par' dir='ltr' id='par_1_25' title="bbox 438 3163 2013 3237">
     <span class='ocr_line' id='line_1_25' title="bbox 438 3163 2013 3237; baseline -0.004 -15"><span class='ocrx_word' id='word_1_158' title='bbox 438 3170 529 3223; x_wconf 89' lang='lat' dir='ltr'><strong>ubi</strong></span> <span class='ocrx_word' id='word_1_159' title='bbox 573 3169 733 3237; x_wconf 87' lang='lat' dir='ltr'><strong>culpa</strong></span> <span class='ocrx_word' id='word_1_160' title='bbox 774 3178 955 3232; x_wconf 89' lang='lat' dir='ltr'><strong>vacat,</strong></span> <span class='ocrx_word' id='word_1_161' title='bbox 995 3183 1097 3222; x_wconf 91' lang='lat' dir='ltr'><strong>nec</strong></span> <span class='ocrx_word' id='word_1_162' title='bbox 1126 3168 1297 3222; x_wconf 88' lang='lat' dir='ltr'><strong>aliena</strong></span> <span class='ocrx_word' id='word_1_163' title='bbox 1329 3168 1378 3222; x_wconf 93' lang='lat' dir='ltr'><strong>ei</strong></span> <span class='ocrx_word' id='word_1_164' title='bbox 1424 3163 1729 3233; x_wconf 82' lang='lat' dir='ltr'><strong>alIingenda</strong></span> <span class='ocrx_word' id='word_1_165' title='bbox 1759 3164 2013 3232; x_wconf 75' lang='lat' dir='ltr'><strong>dogmata</strong></span> 
     </span>
    </p>
   </div>
   <div class='ocr_carea' id='block_1_26' title="bbox 436 3260 2011 3331">
    <p class='ocr_par' dir='ltr' id='par_1_26' title="bbox 436 3260 2011 3331">
     <span class='ocr_line' id='line_1_26' title="bbox 436 3260 2011 3331; baseline -0.001 -18"><span class='ocrx_word' id='word_1_166' title='bbox 436 3280 558 3331; x_wconf 64' lang='lat' dir='ltr'><strong>quae</strong></span> <span class='ocrx_word' id='word_1_167' title='bbox 609 3265 838 3331; x_wconf 75' lang='lat' dir='ltr'><strong>respuit.</strong></span> <span class='ocrx_word' id='word_1_168' title='bbox 890 3262 1028 3318; x_wconf 83' lang='lat' dir='ltr'><strong>Sunt</strong></span> <span class='ocrx_word' id='word_1_169' title='bbox 1059 3262 1204 3315; x_wconf 91' lang='lat' dir='ltr'><strong>enim</strong></span> <span class='ocrx_word' id='word_1_170' title='bbox 1257 3261 1532 3327; x_wconf 90' lang='lat' dir='ltr'><strong>homines,</strong></span> <span class='ocrx_word' id='word_1_171' title='bbox 1584 3261 1781 3329; x_wconf 88' lang='lat' dir='ltr'><strong>quibus</strong></span> <span class='ocrx_word' id='word_1_172' title='bbox 1829 3260 2011 3312; x_wconf 87' lang='lat' dir='ltr'><strong>omnia</strong></span> 
     </span>
    </p>
   </div>
   <div class='ocr_carea' id='block_1_27' title="bbox 439 3351 2013 3419">
    <p class='ocr_par' dir='ltr' id='par_1_27' title="bbox 439 3351 2013 3419">
     <span class='ocr_line' id='line_1_27' title="bbox 439 3351 2013 3419; baseline -0.002 -11"><span class='ocrx_word' id='word_1_173' title='bbox 439 3365 726 3410; x_wconf 80' lang='lat' dir='ltr'><strong>auctorum</strong></span> <span class='ocrx_word' id='word_1_174' title='bbox 773 3355 919 3408; x_wconf 90' lang='lat' dir='ltr'><strong>dicta</strong></span> <span class='ocrx_word' id='word_1_175' title='bbox 965 3355 1275 3408; x_wconf 85' lang='lat' dir='ltr'><strong>excusanda</strong></span> <span class='ocrx_word' id='word_1_176' title='bbox 1328 3353 1620 3419; x_wconf 89' lang='lat' dir='ltr'><strong>videntur;</strong></span> <span class='ocrx_word' id='word_1_177' title='bbox 1666 3362 1797 3408; x_wconf 89' lang='lat' dir='ltr'><strong>sunt</strong></span> <span class='ocrx_word' id='word_1_178' title='bbox 1841 3360 1895 3406; x_wconf 87' lang='lat' dir='ltr'><strong>et</strong></span> <span class='ocrx_word' id='word_1_179' title='bbox 1921 3351 2013 3406; x_wconf 90' lang='lat' dir='ltr'><strong>alii</strong></span> 
     </span>
    </p>
   </div>
   <div class='ocr_carea' id='block_1_28' title="bbox 439 3442 2017 3514">
    <p class='ocr_par' dir='ltr' id='par_1_28' title="bbox 439 3442 2017 3514">
     <span class='ocr_line' id='line_1_28' title="bbox 439 3442 2017 3514; baseline -0.004 -13"><span class='ocrx_word' id='word_1_180' title='bbox 439 3450 534 3513; x_wconf 89' lang='lat' dir='ltr'><strong>qni</strong></span> <span class='ocrx_word' id='word_1_181' title='bbox 574 3446 772 3501; x_wconf 88' lang='lat' dir='ltr'><strong>infesto</strong></span> <span class='ocrx_word' id='word_1_182' title='bbox 803 3448 965 3501; x_wconf 90' lang='lat' dir='ltr'><strong>dente</strong></span> <span class='ocrx_word' id='word_1_183' title='bbox 1000 3456 1233 3513; x_wconf 89' lang='lat' dir='ltr'><strong>carpunt</strong></span> <span class='ocrx_word' id='word_1_184' title='bbox 1280 3445 1545 3514; x_wconf 87' lang='lat' dir='ltr'><strong>quidquid</strong></span> <span class='ocrx_word' id='word_1_185' title='bbox 1587 3445 1767 3498; x_wconf 89' lang='lat' dir='ltr'><strong>minus</strong></span> <span class='ocrx_word' id='word_1_186' title='bbox 1815 3442 2017 3497; x_wconf 87' lang='lat' dir='ltr'><strong>intelli-</strong></span> 
     </span>
    </p>
   </div>
   <div class='ocr_carea' id='block_1_29' title="bbox 441 3536 2018 3611">
    <p class='ocr_par' dir='ltr' id='par_1_29' title="bbox 441 3536 2018 3611">
     <span class='ocr_line' id='line_1_29' title="bbox 441 3536 2018 3611; baseline -0.002 -18"><span class='ocrx_word' id='word_1_187' title='bbox 441 3550 616 3611; x_wconf 81' lang='lat' dir='ltr'><strong>gunt;</strong></span> <span class='ocrx_word' id='word_1_188' title='bbox 648 3549 776 3594; x_wconf 89' lang='lat' dir='ltr'><strong>sunt</strong></span> <span class='ocrx_word' id='word_1_189' title='bbox 802 3541 893 3593; x_wconf 89' lang='lat' dir='ltr'><strong>alii</strong></span> <span class='ocrx_word' id='word_1_190' title='bbox 931 3540 1169 3608; x_wconf 88' lang='lat' dir='ltr'><strong>denique</strong></span> <span class='ocrx_word' id='word_1_191' title='bbox 1195 3540 1286 3607; x_wconf 90' lang='lat' dir='ltr'><strong>qui</strong></span> <span class='ocrx_word' id='word_1_192' title='bbox 1339 3539 1480 3607; x_wconf 89' lang='lat' dir='ltr'><strong>apud</strong></span> <span class='ocrx_word' id='word_1_193' title='bbox 1516 3550 1728 3592; x_wconf 89' lang='lat' dir='ltr'><strong>veteres</strong></span> <span class='ocrx_word' id='word_1_194' title='bbox 1758 3536 2018 3590; x_wconf 72' lang='lat' dir='ltr'><strong>Ecclesiae</strong></span> 
     </span>
    </p>
   </div>
   <div class='ocr_carea' id='block_1_30' title="bbox 441 3632 2019 3702">
    <p class='ocr_par' dir='ltr' id='par_1_30' title="bbox 441 3632 2019 3702">
     <span class='ocr_line' id='line_1_30' title="bbox 441 3632 2019 3702; baseline -0.003 -13"><span class='ocrx_word' id='word_1_195' title='bbox 441 3635 636 3689; x_wconf 79' lang='lat' dir='ltr'><strong>Patres</strong></span> <span class='ocrx_word' id='word_1_196' title='bbox 688 3636 871 3689; x_wconf 88' lang='lat' dir='ltr'><strong>videre</strong></span> <span class='ocrx_word' id='word_1_197' title='bbox 917 3651 976 3688; x_wconf 90' lang='lat' dir='ltr'><strong>se</strong></span> <span class='ocrx_word' id='word_1_198' title='bbox 1023 3646 1216 3701; x_wconf 88' lang='lat' dir='ltr'><strong>putant</strong></span> <span class='ocrx_word' id='word_1_199' title='bbox 1260 3634 1402 3702; x_wconf 90' lang='lat' dir='ltr'><strong>quod</strong></span> <span class='ocrx_word' id='word_1_200' title='bbox 1434 3632 1614 3686; x_wconf 90' lang='lat' dir='ltr'><strong>videre</strong></span> <span class='ocrx_word' id='word_1_201' title='bbox 1663 3632 1914 3700; x_wconf 90' lang='lat' dir='ltr'><strong>cupiunt,</strong></span> <span class='ocrx_word' id='word_1_202' title='bbox 1961 3641 2019 3684; x_wconf 90' lang='lat' dir='ltr'><strong>ut</strong></span> 
     </span>
    </p>
   </div>
   <div class='ocr_carea' id='block_1_31' title="bbox 442 3723 2019 3792">
    <p class='ocr_par' dir='ltr' id='par_1_31' title="bbox 442 3723 2019 3792">
     <span class='ocr_line' id='line_1_31' title="bbox 442 3723 2019 3792; baseline -0.003 -11"><span class='ocrx_word' id='word_1_203' title='bbox 442 3728 651 3782; x_wconf 79' lang='lat' dir='ltr'><strong>ert-oris</strong></span> <span class='ocrx_word' id='word_1_204' title='bbox 688 3737 974 3782; x_wconf 80' lang='lat' dir='ltr'><strong>consortes</strong></span> <span class='ocrx_word' id='word_1_205' title='bbox 1015 3727 1273 3781; x_wconf 88' lang='lat' dir='ltr'><strong>habeant.</strong></span> <span class='ocrx_word' id='word_1_206' title='bbox 1304 3724 1382 3779; x_wconf 81' lang='lat' dir='ltr'><strong>Ne</strong></span> <span class='ocrx_word' id='word_1_207' title='bbox 1409 3726 1473 3779; x_wconf 91' lang='lat' dir='ltr'><strong>ad</strong></span> <span class='ocrx_word' id='word_1_208' title='bbox 1513 3726 1732 3778; x_wconf 86' lang='lat' dir='ltr'><strong>eosdem</strong></span> <span class='ocrx_word' id='word_1_209' title='bbox 1767 3723 2019 3792; x_wconf 90' lang='lat' dir='ltr'><strong>scopulos</strong></span> 
     </span>
    </p>
   </div>
   <div class='ocr_carea' id='block_1_32' title="bbox 445 3815 2019 3886">
    <p class='ocr_par' dir='ltr' id='par_1_32' title="bbox 445 3815 2019 3886">
     <span class='ocr_line' id='line_1_32' title="bbox 445 3815 2019 3886; baseline 0.002 -20"><span class='ocrx_word' id='word_1_210' title='bbox 445 3816 807 3884; x_wconf 75' lang='lat' dir='ltr'><strong>appellamus,</strong></span> <span class='ocrx_word' id='word_1_211' title='bbox 840 3817 1014 3870; x_wconf 88' lang='lat' dir='ltr'><strong>visum</strong></span> <span class='ocrx_word' id='word_1_212' title='bbox 1043 3827 1126 3871; x_wconf 92' lang='lat' dir='ltr'><strong>est</strong></span> <span class='ocrx_word' id='word_1_213' title='bbox 1172 3817 1442 3886; x_wconf 82' lang='lat' dir='ltr'><strong>praecipua</strong></span> <span class='ocrx_word' id='word_1_214' title='bbox 1490 3831 1719 3886; x_wconf 68' lang='lat' dir='ltr'><strong>quaeque</strong></span> <span class='ocrx_word' id='word_1_215' title='bbox 1755 3815 2019 3871; x_wconf 81' lang='lat' dir='ltr'><strong>doctrinae</strong></span> 
     </span>
    </p>
   </div>
   <div class='ocr_carea' id='block_1_33' title="bbox 446 3911 2021 3983">
    <p class='ocr_par' dir='ltr' id='par_1_33' title="bbox 446 3911 2021 3983">
     <span class='ocr_line' id='line_1_33' title="bbox 446 3911 2021 3983; baseline -0.001 -18"><span class='ocrx_word' id='word_1_216' title='bbox 446 3911 633 3966; x_wconf 65' lang='lat' dir='ltr'><strong>lrenaﬁ</strong></span> <span class='ocrx_word' id='word_1_217' title='bbox 663 3916 868 3981; x_wconf 85' lang='lat' dir='ltr'><strong>capita,</strong></span> <span class='ocrx_word' id='word_1_218' title='bbox 914 3928 1075 3981; x_wconf 91' lang='lat' dir='ltr'><strong>quam</strong></span> <span class='ocrx_word' id='word_1_219' title='bbox 1107 3914 1353 3967; x_wconf 85' lang='lat' dir='ltr'><strong>breviter</strong></span> <span class='ocrx_word' id='word_1_220' title='bbox 1382 3914 1498 3968; x_wconf 81' lang='lat' dir='ltr'><strong>fieri</strong></span> <span class='ocrx_word' id='word_1_221' title='bbox 1542 3914 1765 3983; x_wconf 88' lang='lat' dir='ltr'><strong>poterit,</strong></span> <span class='ocrx_word' id='word_1_222' title='bbox 1794 3928 2021 3983; x_wconf 88' lang='lat' dir='ltr'><strong>percur-</strong></span> 
     </span>
    </p>
   </div>
   <div class='ocr_carea' id='block_1_34' title="bbox 448 4006 2021 4077">
    <p class='ocr_par' dir='ltr' id='par_1_34' title="bbox 448 4006 2021 4077">
     <span class='ocr_line' id='line_1_34' title="bbox 448 4006 2021 4077; baseline -0.002 -18"><span class='ocrx_word' id='word_1_223' title='bbox 448 4020 598 4070; x_wconf 84' lang='lat' dir='ltr'><strong>rere;</strong></span> <span class='ocrx_word' id='word_1_224' title='bbox 628 4016 680 4061; x_wconf 90' lang='lat' dir='ltr'><strong>et</strong></span> <span class='ocrx_word' id='word_1_225' title='bbox 707 4008 750 4061; x_wconf 90' lang='lat' dir='ltr'><strong>si</strong></span> <span class='ocrx_word' id='word_1_226' title='bbox 782 4009 910 4077; x_wconf 89' lang='lat' dir='ltr'><strong>quid</strong></span> <span class='ocrx_word' id='word_1_227' title='bbox 942 4008 1123 4075; x_wconf 85' lang='lat' dir='ltr'><strong>lapsus</strong></span> <span class='ocrx_word' id='word_1_228' title='bbox 1145 4017 1251 4069; x_wconf 87' lang='lat' dir='ltr'><strong>est,</strong></span> <span class='ocrx_word' id='word_1_229' title='bbox 1276 4007 1326 4060; x_wconf 92' lang='lat' dir='ltr'><strong>id</strong></span> <span class='ocrx_word' id='word_1_230' title='bbox 1346 4008 1644 4072; x_wconf 85' lang='lat' dir='ltr'><strong>adnotare;</strong></span> <span class='ocrx_word' id='word_1_231' title='bbox 1668 4006 1711 4061; x_wconf 91' lang='lat' dir='ltr'><strong>si</strong></span> <span class='ocrx_word' id='word_1_232' title='bbox 1743 4006 1870 4075; x_wconf 89' lang='lat' dir='ltr'><strong>quid</strong></span> <span class='ocrx_word' id='word_1_233' title='bbox 1894 4018 2021 4058; x_wconf 74' lang='lat' dir='ltr'><strong>vero</strong></span> 
     </span>
    </p>
   </div>
   <div class='ocr_carea' id='block_1_35' title="bbox 446 4096 1598 4166">
    <p class='ocr_par' dir='ltr' id='par_1_35' title="bbox 446 4096 1598 4166">
     <span class='ocr_line' id='line_1_35' title="bbox 446 4096 1598 4166; baseline 0.002 -17"><span class='ocrx_word' id='word_1_234' title='bbox 446 4096 683 4150; x_wconf 81' lang='lat' dir='ltr'><strong>alienum</strong></span> <span class='ocrx_word' id='word_1_235' title='bbox 713 4098 1015 4166; x_wconf 83' lang='lat' dir='ltr'><strong>afﬁngitur,</strong></span> <span class='ocrx_word' id='word_1_236' title='bbox 1034 4098 1087 4152; x_wconf 93' lang='lat' dir='ltr'><strong>id</strong></span> <span class='ocrx_word' id='word_1_237' title='bbox 1115 4099 1185 4152; x_wconf 81' lang='lat' dir='ltr'><strong>ab</strong></span> <span class='ocrx_word' id='word_1_238' title='bbox 1210 4114 1276 4151; x_wconf 86' lang='lat' dir='ltr'><strong>eo</strong></span> <span class='ocrx_word' id='word_1_239' title='bbox 1306 4098 1598 4165; x_wconf 85' lang='lat' dir='ltr'><strong>depellere.</strong></span> 
     </span>
    </p>
   </div>
   <div class='ocr_carea' id='block_1_36' title="bbox 517 4188 2021 4259">
    <p class='ocr_par' dir='ltr' id='par_1_36' title="bbox 517 4188 2021 4259">
     <span class='ocr_line' id='line_1_36' title="bbox 517 4188 2021 4259; baseline 0 -19"><span class='ocrx_word' id='word_1_240' title='bbox 517 4189 574 4241; x_wconf 80' lang='grc'><strong>2.</strong></span> <span class='ocrx_word' id='word_1_241' title='bbox 605 4188 873 4244; x_wconf 83' lang='lat' dir='ltr'><strong>Observat</strong></span> <span class='ocrx_word' id='word_1_242' title='bbox 902 4189 1149 4254; x_wconf 89' lang='lat' dir='ltr'><strong>Photius,</strong></span> <span class='ocrx_word' id='word_1_243' title='bbox 1182 4192 1235 4244; x_wconf 79' lang='lat' dir='ltr'><strong>in</strong></span> <span class='ocrx_word' id='word_1_244' title='bbox 1286 4191 1555 4259; x_wconf 77' lang='lat' dir='ltr'><strong>aliquibus</strong></span> <span class='ocrx_word' id='word_1_245' title='bbox 1585 4188 1771 4242; x_wconf 75' lang='lat' dir='ltr'><strong>Irentei</strong></span> <span class='ocrx_word' id='word_1_246' title='bbox 1810 4188 2021 4256; x_wconf 79' lang='lat' dir='ltr'><strong>scriptis</strong></span> 
     </span>
    </p>
   </div>
   <div class='ocr_carea' id='block_1_37' title="bbox 447 4280 2022 4351">
    <p class='ocr_par' dir='ltr' id='par_1_37' title="bbox 447 4280 2022 4351">
     <span class='ocr_line' id='line_1_37' title="bbox 447 4280 2022 4351; baseline 0 -18"><span class='ocrx_word' id='word_1_247' title='bbox 447 4280 929 4334; x_wconf 79' lang='lat' dir='ltr'><strong>ecclesiasticarum</strong></span> <span class='ocrx_word' id='word_1_248' title='bbox 978 4282 1281 4351; x_wconf 85' lang='lat' dir='ltr'><strong>dogmatum</strong></span> <span class='ocrx_word' id='word_1_249' title='bbox 1312 4293 1505 4335; x_wconf 88' lang='lat' dir='ltr'><strong>certum</strong></span> <span class='ocrx_word' id='word_1_250' title='bbox 1523 4283 1795 4335; x_wconf 82' lang='lat' dir='ltr'><strong>veritatem</strong></span> <span class='ocrx_word' id='word_1_251' title='bbox 1827 4282 2022 4349; x_wconf 75' lang='lat' dir='ltr'><strong>spuriis</strong></span> 
     </span>
    </p>
   </div>
   <div class='ocr_carea' id='block_1_38' title="bbox 449 4371 2025 4443">
    <p class='ocr_par' dir='ltr' id='par_1_38' title="bbox 449 4371 2025 4443">
     <span class='ocr_line' id='line_1_38' title="bbox 449 4371 2025 4443; baseline 0.002 -19"><span class='ocrx_word' id='word_1_252' title='bbox 449 4371 743 4426; x_wconf 73' lang='lat' dir='ltr'><strong>rationibus</strong></span> <span class='ocrx_word' id='word_1_253' title='bbox 792 4374 989 4442; x_wconf 80' lang='lat' dir='ltr'><strong>fucari.</strong></span> <span class='ocrx_word' id='word_1_254' title='bbox 1025 4374 1116 4428; x_wconf 89' lang='lat' dir='ltr'><strong>Sic</strong></span> <span class='ocrx_word' id='word_1_255' title='bbox 1144 4373 1337 4428; x_wconf 86' lang='lat' dir='ltr'><strong>saltem</strong></span> <span class='ocrx_word' id='word_1_256' title='bbox 1367 4374 1556 4429; x_wconf 62' lang='lat' dir='ltr'><strong>Grieca</strong></span> <span class='ocrx_word' id='word_1_257' title='bbox 1587 4376 1701 4427; x_wconf 65' lang='lat' dir='ltr'><strong>lure</strong></span> <span class='ocrx_word' id='word_1_258' title='bbox 1752 4374 2025 4443; x_wconf 87' lang='lat' dir='ltr'><strong>interpre-</strong></span> 
     </span>
    </p>
   </div>
   <div class='ocr_carea' id='block_1_39' title="bbox 452 4466 2028 4538">
    <p class='ocr_par' dir='ltr' id='par_1_39' title="bbox 452 4466 2028 4538">
     <span class='ocr_line' id='line_1_39' title="bbox 452 4466 2028 4538; baseline -0.001 -19"><span class='ocrx_word' id='word_1_259' title='bbox 452 4477 572 4520; x_wconf 87' lang='lat' dir='ltr'><strong>tor:</strong></span> <span class='ocrx_word' id='word_1_260' title='bbox 602 4467 665 4519; x_wconf 81' lang='grc' dir='ltr'><strong>Εἰ</strong></span> <span class='ocrx_word' id='word_1_261' title='bbox 697 4467 789 4519; x_wconf 73' lang='grc' dir='ltr'><strong>καὶ</strong></span> <span class='ocrx_word' id='word_1_262' title='bbox 824 4466 881 4519; x_wconf 83' lang='grc' dir='ltr'>ἕν</span> <span class='ocrx_word' id='word_1_263' title='bbox 911 4484 1051 4519; x_wconf 82' lang='grc' dir='ltr'><strong>τισιν</strong></span> <span class='ocrx_word' id='word_1_264' title='bbox 1080 4468 1261 4520; x_wconf 74' lang='grc' dir='ltr'>αὐτῶν</span> <span class='ocrx_word' id='word_1_265' title='bbox 1291 4466 1758 4538; x_wconf 78' lang='grc' dir='ltr'><strong>(συγγραμμάτων</strong></span> <span class='ocrx_word' id='word_1_266' title='bbox 1786 4466 1880 4518; x_wconf 77' lang='grc' dir='ltr'><strong>καὶ</strong></span> <span class='ocrx_word' id='word_1_267' title='bbox 1909 4466 2028 4517; x_wconf 77' lang='grc' dir='ltr'><strong>ἑπι-</strong></span> 
     </span>
    </p>
   </div>
   <div class='ocr_carea' id='block_1_40' title="bbox 450 4557 2030 4631">
    <p class='ocr_par' dir='ltr' id='par_1_40' title="bbox 450 4557 2030 4631">
     <span class='ocr_line' id='line_1_40' title="bbox 450 4557 2030 4631; baseline -0.002 -20"><span class='ocrx_word' id='word_1_268' title='bbox 450 4560 676 4628; x_wconf 74' lang='grc' dir='ltr'><strong>στολῶν)</strong></span> <span class='ocrx_word' id='word_1_269' title='bbox 711 4561 744 4630; x_wconf 81' lang='grc' dir='ltr'>ἠ</span> <span class='ocrx_word' id='word_1_270' title='bbox 776 4560 874 4631; x_wconf 82' lang='grc' dir='ltr'><strong>τῆς</strong></span> <span class='ocrx_word' id='word_1_271' title='bbox 907 4560 1047 4613; x_wconf 75' lang='grc' dir='ltr'><strong>κατὰ</strong></span> <span class='ocrx_word' id='word_1_272' title='bbox 1077 4560 1145 4613; x_wconf 81' lang='grc' dir='ltr'><strong>τὰ</strong></span> <span class='ocrx_word' id='word_1_273' title='bbox 1175 4559 1605 4631; x_wconf 78' lang='grc' dir='ltr'><strong>ὲκκλησιαστικὰ</strong></span> <span class='ocrx_word' id='word_1_274' title='bbox 1625 4560 1872 4629; x_wconf 78' lang='grc' dir='ltr'>δόγματα</span> <span class='ocrx_word' id='word_1_275' title='bbox 1901 4557 2030 4628; x_wconf 79' lang='grc' dir='ltr'><strong>ἀλη-</strong></span> 
     </span>
    </p>
   </div>
   <div class='ocr_carea' id='block_1_41' title="bbox 448 4650 2029 4723">
    <p class='ocr_par' dir='ltr' id='par_1_41' title="bbox 448 4650 2029 4723">
     <span class='ocr_line' id='line_1_41' title="bbox 448 4650 2029 4723; baseline -0.002 -17"><span class='ocrx_word' id='word_1_276' title='bbox 448 4653 599 4714; x_wconf 80' lang='grc' dir='ltr'><strong>οειας</strong></span> <span class='ocrx_word' id='word_1_277' title='bbox 623 4650 879 4723; x_wconf 76' lang='grc' dir='ltr'><strong>ἀκρίϐεια</strong></span> <span class='ocrx_word' id='word_1_278' title='bbox 904 4650 1078 4715; x_wconf 78' lang='grc' dir='ltr'><strong>νόθοις</strong></span> <span class='ocrx_word' id='word_1_279' title='bbox 1102 4651 1380 4722; x_wconf 81' lang='grc' dir='ltr'>λογισμοῖς</span> <span class='ocrx_word' id='word_1_280' title='bbox 1402 4651 1795 4723; x_wconf 74' lang='grc' dir='ltr'><strong>κιϐδηλεύεται.</strong></span> <span class='ocrx_word' id='word_1_281' title='bbox 1824 4650 1878 4702; x_wconf 90' lang='lat' dir='ltr'><strong>In</strong></span> <span class='ocrx_word' id='word_1_282' title='bbox 1909 4666 2029 4719; x_wconf 62' lang='lat' dir='ltr'><strong>quae</strong></span> 
     </span>
    </p>
   </div>
   <div class='ocr_carea' id='block_1_42' title="bbox 452 4742 2028 4814">
    <p class='ocr_par' dir='ltr' id='par_1_42' title="bbox 452 4742 2028 4814">
     <span class='ocr_line' id='line_1_42' title="bbox 452 4742 2028 4814; baseline -0.001 -18"><span class='ocrx_word' id='word_1_283' title='bbox 452 4742 643 4798; x_wconf 80' lang='lat' dir='ltr'><strong>lremei</strong></span> <span class='ocrx_word' id='word_1_284' title='bbox 696 4746 896 4814; x_wconf 90' lang='lat' dir='ltr'><strong>scripta</strong></span> <span class='ocrx_word' id='word_1_285' title='bbox 944 4744 1387 4814; x_wconf 88' lang='lat' dir='ltr'><strong>scriptorumque</strong></span> <span class='ocrx_word' id='word_1_286' title='bbox 1422 4744 1538 4797; x_wconf 90' lang='lat' dir='ltr'><strong>loca</strong></span> <span class='ocrx_word' id='word_1_287' title='bbox 1579 4744 1806 4811; x_wconf 77' lang='lat' dir='ltr'><strong>digitum</strong></span> <span class='ocrx_word' id='word_1_288' title='bbox 1847 4743 2028 4796; x_wconf 88' lang='lat' dir='ltr'><strong>inten-</strong></span> 
     </span>
    </p>
   </div>
   <div class='ocr_carea' id='block_1_43' title="bbox 452 4834 2030 4892">
    <p class='ocr_par' dir='ltr' id='par_1_43' title="bbox 452 4834 2030 4892">
     <span class='ocr_line' id='line_1_43' title="bbox 452 4834 2030 4892; baseline -0.003 -1"><span class='ocrx_word' id='word_1_289' title='bbox 452 4837 595 4891; x_wconf 85' lang='lat' dir='ltr'><strong>derit</strong></span> <span class='ocrx_word' id='word_1_290' title='bbox 626 4836 852 4892; x_wconf 88' lang='lat' dir='ltr'><strong>Photius</strong></span> <span class='ocrx_word' id='word_1_291' title='bbox 916 4839 1209 4892; x_wconf 88' lang='lat' dir='ltr'><strong>incertum.</strong></span> <span class='ocrx_word' id='word_1_292' title='bbox 1260 4834 1367 4889; x_wconf 89' lang='lat' dir='ltr'><strong>Sed</strong></span> <span class='ocrx_word' id='word_1_293' title='bbox 1417 4837 1460 4889; x_wconf 85' lang='lat' dir='ltr'><strong>si</strong></span> <span class='ocrx_word' id='word_1_294' title='bbox 1511 4836 1555 4887; x_wconf 90' lang='lat' dir='ltr'><strong>is</strong></span> <span class='ocrx_word' id='word_1_295' title='bbox 1588 4836 1659 4887; x_wconf 74' lang='lat' dir='ltr'><strong>sit</strong></span> <span class='ocrx_word' id='word_1_296' title='bbox 1697 4834 1878 4887; x_wconf 83' lang='lat' dir='ltr'><strong>Photii</strong></span> <span class='ocrx_word' id='word_1_297' title='bbox 1908 4850 2030 4887; x_wconf 88' lang='lat' dir='ltr'><strong>ver-</strong></span> 
     </span>
    </p>
   </div>
   <div class='ocr_carea' id='block_1_44' title="bbox 452 4926 2029 4994">
    <p class='ocr_par' dir='ltr' id='par_1_44' title="bbox 452 4926 2029 4994">
     <span class='ocr_line' id='line_1_44' title="bbox 452 4926 2029 4994; baseline -0.004 -10"><span class='ocrx_word' id='word_1_298' title='bbox 452 4931 643 4984; x_wconf 88' lang='lat' dir='ltr'><strong>borum</strong></span> <span class='ocrx_word' id='word_1_299' title='bbox 701 4944 917 4992; x_wconf 87' lang='lat' dir='ltr'><strong>seusus,</strong></span> <span class='ocrx_word' id='word_1_300' title='bbox 970 4930 1185 4983; x_wconf 82' lang='lat' dir='ltr'><strong>infirma</strong></span> <span class='ocrx_word' id='word_1_301' title='bbox 1240 4929 1511 4981; x_wconf 88' lang='lat' dir='ltr'><strong>interdum</strong></span> <span class='ocrx_word' id='word_1_302' title='bbox 1564 4937 1914 4994; x_wconf 70' lang='lat' dir='ltr'><strong>argumenta,</strong></span> <span class='ocrx_word' id='word_1_303' title='bbox 1964 4926 2029 4978; x_wconf 91' lang='lat' dir='ltr'><strong>ad</strong></span> 
     </span>
    </p>
   </div>
   <div class='ocr_carea' id='block_1_45' title="bbox 456 5018 2031 5089">
    <p class='ocr_par' dir='ltr' id='par_1_45' title="bbox 456 5018 2031 5089">
     <span class='ocr_line' id='line_1_45' title="bbox 456 5018 2031 5089; baseline -0.003 -15"><span class='ocrx_word' id='word_1_304' title='bbox 456 5021 770 5089; x_wconf 82' lang='lat' dir='ltr'><strong>probandas</strong></span> <span class='ocrx_word' id='word_1_305' title='bbox 821 5031 1003 5076; x_wconf 85' lang='lat' dir='ltr'><strong>certas</strong></span> <span class='ocrx_word' id='word_1_306' title='bbox 1050 5021 1173 5074; x_wconf 77' lang='lat' dir='ltr'><strong>ﬁdei</strong></span> <span class='ocrx_word' id='word_1_307' title='bbox 1202 5023 1486 5082; x_wconf 82' lang='lat' dir='ltr'><strong>veritates,</strong></span> <span class='ocrx_word' id='word_1_308' title='bbox 1526 5023 1593 5074; x_wconf 88' lang='lat' dir='ltr'><strong>ab</strong></span> <span class='ocrx_word' id='word_1_309' title='bbox 1643 5018 1849 5072; x_wconf 71' lang='lat' dir='ltr'><strong>lrenmo</strong></span> <span class='ocrx_word' id='word_1_310' title='bbox 1875 5019 2031 5071; x_wconf 86' lang='lat' dir='ltr'><strong>adhi-</strong></span> 
     </span>
    </p>
   </div>
   <div class='ocr_carea' id='block_1_46' title="bbox 458 5110 2035 5182">
    <p class='ocr_par' dir='ltr' id='par_1_46' title="bbox 458 5110 2035 5182">
     <span class='ocr_line' id='line_1_46' title="bbox 458 5110 2035 5182; baseline -0.003 -14"><span class='ocrx_word' id='word_1_311' title='bbox 458 5116 599 5174; x_wconf 87' lang='lat' dir='ltr'><strong>beri.</strong></span> <span class='ocrx_word' id='word_1_312' title='bbox 654 5114 988 5167; x_wconf 86' lang='lat' dir='ltr'><strong>levissimum</strong></span> <span class='ocrx_word' id='word_1_313' title='bbox 1043 5114 1160 5167; x_wconf 88' lang='lat' dir='ltr'><strong>vitii</strong></span> <span class='ocrx_word' id='word_1_314' title='bbox 1215 5128 1386 5182; x_wconf 81' lang='lat' dir='ltr'><strong>genus</strong></span> <span class='ocrx_word' id='word_1_315' title='bbox 1437 5121 1560 5175; x_wconf 88' lang='lat' dir='ltr'><strong>est,</strong></span> <span class='ocrx_word' id='word_1_316' title='bbox 1616 5110 1871 5163; x_wconf 72' lang='lat' dir='ltr'><strong>omnibus</strong></span> <span class='ocrx_word' id='word_1_317' title='bbox 1922 5110 2035 5163; x_wconf 82' lang='lat' dir='ltr'><strong>fere</strong></span> 
     </span>
    </p>
   </div>
   <div class='ocr_carea' id='block_1_47' title="bbox 458 5206 2033 5279">
    <p class='ocr_par' dir='ltr' id='par_1_47' title="bbox 458 5206 2033 5279">
     <span class='ocr_line' id='line_1_47' title="bbox 458 5206 2033 5279; baseline -0.003 -17"><span class='ocrx_word' id='word_1_318' title='bbox 458 5209 818 5279; x_wconf 65' lang='lat' dir='ltr'><strong>scriptoribus</strong></span> <span class='ocrx_word' id='word_1_319' title='bbox 847 5224 1162 5270; x_wconf 87' lang='lat' dir='ltr'><strong>commune,</strong></span> <span class='ocrx_word' id='word_1_320' title='bbox 1181 5210 1433 5275; x_wconf 84' lang='lat' dir='ltr'><strong>quodque</strong></span> <span class='ocrx_word' id='word_1_321' title='bbox 1455 5220 1521 5261; x_wconf 89' lang='lat' dir='ltr'><strong>eo</strong></span> <span class='ocrx_word' id='word_1_322' title='bbox 1545 5206 1816 5258; x_wconf 79' lang='lat' dir='ltr'><strong>diliicdius</strong></span> <span class='ocrx_word' id='word_1_323' title='bbox 1838 5218 2033 5259; x_wconf 86' lang='lat' dir='ltr'><strong>cavere</strong></span> 
     </span>
    </p>
   </div>
   <div class='ocr_carea' id='block_1_48' title="bbox 458 5297 2033 5371">
    <p class='ocr_par' dir='ltr' id='par_1_48' title="bbox 458 5297 2033 5371">
     <span class='ocr_line' id='line_1_48' title="bbox 458 5297 2033 5371; baseline -0.008 -16"><span class='ocrx_word' id='word_1_324' title='bbox 458 5303 586 5371; x_wconf 88' lang='lat' dir='ltr'><strong>quis</strong></span> <span class='ocrx_word' id='word_1_325' title='bbox 618 5310 815 5369; x_wconf 86' lang='lat' dir='ltr'><strong>potest,</strong></span> <span class='ocrx_word' id='word_1_326' title='bbox 847 5317 958 5367; x_wconf 91' lang='lat' dir='ltr'><strong>quo</strong></span> <span class='ocrx_word' id='word_1_327' title='bbox 994 5300 1342 5352; x_wconf 84' lang='lat' dir='ltr'><strong>adversarios</strong></span> <span class='ocrx_word' id='word_1_328' title='bbox 1376 5297 1678 5351; x_wconf 85' lang='lat' dir='ltr'><strong>studiosius</strong></span> <span class='ocrx_word' id='word_1_329' title='bbox 1708 5297 2033 5352; x_wconf 88' lang='lat' dir='ltr'><strong>insectatur,</strong></span> 
     </span>
    </p>
   </div>
   <div class='ocr_carea' id='block_1_49' title="bbox 462 5385 2037 5462">
    <p class='ocr_par' dir='ltr' id='par_1_49' title="bbox 462 5385 2037 5462">
     <span class='ocr_line' id='line_1_49' title="bbox 462 5385 2037 5462; baseline -0.009 -13"><span class='ocrx_word' id='word_1_330' title='bbox 462 5410 527 5448; x_wconf 72' lang='lat' dir='ltr'><strong>ac</strong></span> <span class='ocrx_word' id='word_1_331' title='bbox 583 5393 897 5462; x_wconf 86' lang='lat' dir='ltr'><strong>oumigenis</strong></span> <span class='ocrx_word' id='word_1_332' title='bbox 949 5394 1289 5462; x_wconf 82' lang='lat' dir='ltr'><strong>argumentis</strong></span> <span class='ocrx_word' id='word_1_333' title='bbox 1344 5391 1580 5445; x_wconf 82' lang='lat' dir='ltr'><strong>obruere</strong></span> <span class='ocrx_word' id='word_1_334' title='bbox 1636 5388 1851 5442; x_wconf 89' lang='lat' dir='ltr'><strong>nititur.</strong></span> <span class='ocrx_word' id='word_1_335' title='bbox 1904 5385 2037 5450; x_wconf 78' lang='lat' dir='ltr'><strong>Quis</strong></span> 
     </span>
    </p>
   </div>
   <div class='ocr_carea' id='block_1_50' title="bbox 2106 1483 3687 1552">
    <p class='ocr_par' dir='ltr' id='par_1_50' title="bbox 2106 1483 3687 1552">
     <span class='ocr_line' id='line_1_50' title="bbox 2106 1483 3687 1552; baseline 0.004 -18"><span class='ocrx_word' id='word_1_336' title='bbox 2106 1496 2318 1550; x_wconf 91' lang='lat' dir='ltr'><strong>cunque</strong></span> <span class='ocrx_word' id='word_1_337' title='bbox 2385 1483 2622 1551; x_wconf 86' lang='lat' dir='ltr'><strong>pondere</strong></span> <span class='ocrx_word' id='word_1_338' title='bbox 2680 1493 2735 1538; x_wconf 90' lang='lat' dir='ltr'><strong>et</strong></span> <span class='ocrx_word' id='word_1_339' title='bbox 2801 1483 3041 1538; x_wconf 75' lang='lat' dir='ltr'><strong>efﬁcacia</strong></span> <span class='ocrx_word' id='word_1_340' title='bbox 3087 1483 3353 1552; x_wconf 89' lang='lat' dir='ltr'><strong>judicium</strong></span> <span class='ocrx_word' id='word_1_341' title='bbox 3415 1486 3687 1549; x_wconf 87' lang='lat' dir='ltr'><strong>feramus,</strong></span> 
     </span>
    </p>
   </div>
   <div class='ocr_carea' id='block_1_51' title="bbox 2105 1574 3687 1644">
    <p class='ocr_par' dir='ltr' id='par_1_51' title="bbox 2105 1574 3687 1644">
     <span class='ocr_line' id='line_1_51' title="bbox 2105 1574 3687 1644; baseline 0.001 -17"><span class='ocrx_word' id='word_1_342' title='bbox 2105 1574 2383 1642; x_wconf 73' lang='lat' dir='ltr'><strong>mquitatis</strong></span> <span class='ocrx_word' id='word_1_343' title='bbox 2437 1575 2579 1630; x_wconf 89' lang='lat' dir='ltr'><strong>ratio</strong></span> <span class='ocrx_word' id='word_1_344' title='bbox 2630 1576 2888 1644; x_wconf 89' lang='lat' dir='ltr'><strong>postulat,</strong></span> <span class='ocrx_word' id='word_1_345' title='bbox 2934 1586 2993 1632; x_wconf 92' lang='lat' dir='ltr'><strong>ut</strong></span> <span class='ocrx_word' id='word_1_346' title='bbox 3042 1578 3109 1631; x_wconf 90' lang='lat' dir='ltr'><strong>ad</strong></span> <span class='ocrx_word' id='word_1_347' title='bbox 3160 1577 3210 1631; x_wconf 93' lang='lat' dir='ltr'><strong>id</strong></span> <span class='ocrx_word' id='word_1_348' title='bbox 3252 1580 3600 1633; x_wconf 86' lang='lat' dir='ltr'><strong>attendamus</strong></span> <span class='ocrx_word' id='word_1_349' title='bbox 3631 1578 3687 1629; x_wconf 89' lang='lat' dir='ltr'><strong>in</strong></span> 
     </span>
    </p>
   </div>
   <div class='ocr_carea' id='block_1_52' title="bbox 2106 1665 3687 1740">
    <p class='ocr_par' dir='ltr' id='par_1_52' title="bbox 2106 1665 3687 1740">
     <span class='ocr_line' id='line_1_52' title="bbox 2106 1665 3687 1740; baseline 0.002 -21"><span class='ocrx_word' id='word_1_350' title='bbox 2106 1665 2252 1734; x_wconf 88' lang='lat' dir='ltr'><strong>quod</strong></span> <span class='ocrx_word' id='word_1_351' title='bbox 2308 1667 2655 1734; x_wconf 88' lang='lat' dir='ltr'><strong>potissimum</strong></span> <span class='ocrx_word' id='word_1_352' title='bbox 2699 1668 3017 1724; x_wconf 86' lang='lat' dir='ltr'><strong>intendebat</strong></span> <span class='ocrx_word' id='word_1_353' title='bbox 3068 1679 3285 1726; x_wconf 87' lang='lat' dir='ltr'><strong>auctor.</strong></span> <span class='ocrx_word' id='word_1_354' title='bbox 3346 1669 3403 1724; x_wconf 92' lang='lat' dir='ltr'><strong>Si</strong></span> <span class='ocrx_word' id='word_1_355' title='bbox 3459 1670 3687 1740; x_wconf 88' lang='lat' dir='ltr'><strong>quidem</strong></span> 
     </span>
    </p>
   </div>
   <div class='ocr_carea' id='block_1_53' title="bbox 2108 1757 3691 1830">
    <p class='ocr_par' dir='ltr' id='par_1_53' title="bbox 2108 1757 3691 1830">
     <span class='ocr_line' id='line_1_53' title="bbox 2108 1757 3691 1830; baseline 0.004 -22"><span class='ocrx_word' id='word_1_356' title='bbox 2108 1757 2290 1826; x_wconf 90' lang='lat' dir='ltr'><strong>plures</strong></span> <span class='ocrx_word' id='word_1_357' title='bbox 2330 1758 2517 1813; x_wconf 67' lang='lat' dir='ltr'><strong>lrentei</strong></span> <span class='ocrx_word' id='word_1_358' title='bbox 2550 1760 2994 1815; x_wconf 86' lang='lat' dir='ltr'><strong>ratiocinationes</strong></span> <span class='ocrx_word' id='word_1_359' title='bbox 3038 1761 3091 1814; x_wconf 91' lang='lat' dir='ltr'><strong>in</strong></span> <span class='ocrx_word' id='word_1_360' title='bbox 3137 1761 3334 1830; x_wconf 85' lang='lat' dir='ltr'><strong>seipsis</strong></span> <span class='ocrx_word' id='word_1_361' title='bbox 3368 1772 3422 1815; x_wconf 90' lang='lat' dir='ltr'><strong>et</strong></span> <span class='ocrx_word' id='word_1_362' title='bbox 3455 1777 3484 1814; x_wconf 88' lang='lat' dir='ltr'><strong>a</strong></span> <span class='ocrx_word' id='word_1_363' title='bbox 3517 1776 3691 1828; x_wconf 88' lang='lat' dir='ltr'><strong>scopo</strong></span> 
     </span>
    </p>
   </div>
   <div class='ocr_carea' id='block_1_54' title="bbox 2108 1850 3686 1920">
    <p class='ocr_par' dir='ltr' id='par_1_54' title="bbox 2108 1850 3686 1920">
     <span class='ocr_line' id='line_1_54' title="bbox 2108 1850 3686 1920; baseline 0.001 -18"><span class='ocrx_word' id='word_1_364' title='bbox 2108 1850 2349 1905; x_wconf 86' lang='lat' dir='ltr'><strong>auctoris</strong></span> <span class='ocrx_word' id='word_1_365' title='bbox 2394 1850 2637 1919; x_wconf 68' lang='lat' dir='ltr'><strong>praecisa:</strong></span> <span class='ocrx_word' id='word_1_366' title='bbox 2680 1860 3012 1920; x_wconf 89' lang='lat' dir='ltr'><strong>spectentur,</strong></span> <span class='ocrx_word' id='word_1_367' title='bbox 3052 1852 3281 1906; x_wconf 75' lang='lat' dir='ltr'><strong>infirma:</strong></span> <span class='ocrx_word' id='word_1_368' title='bbox 3310 1853 3686 1913; x_wconf 87' lang='lat' dir='ltr'><strong>videbuntur;</strong></span> 
     </span>
    </p>
   </div>
   <div class='ocr_carea' id='block_1_55' title="bbox 2106 1942 3688 2012">
    <p class='ocr_par' dir='ltr' id='par_1_55' title="bbox 2106 1942 3688 2012">
     <span class='ocr_line' id='line_1_55' title="bbox 2106 1942 3688 2012; baseline 0.002 -17"><span class='ocrx_word' id='word_1_369' title='bbox 2106 1957 2269 1999; x_wconf 84' lang='lat' dir='ltr'><strong>secus</strong></span> <span class='ocrx_word' id='word_1_370' title='bbox 2295 1958 2427 1997; x_wconf 91' lang='lat' dir='ltr'><strong>vero</strong></span> <span class='ocrx_word' id='word_1_371' title='bbox 2453 1942 2499 1998; x_wconf 90' lang='lat' dir='ltr'><strong>si</strong></span> <span class='ocrx_word' id='word_1_372' title='bbox 2532 1944 2746 1999; x_wconf 89' lang='lat' dir='ltr'><strong>consilii</strong></span> <span class='ocrx_word' id='word_1_373' title='bbox 2788 1943 2906 2011; x_wconf 90' lang='lat' dir='ltr'><strong>ejus</strong></span> <span class='ocrx_word' id='word_1_374' title='bbox 2944 1946 3210 1999; x_wconf 82' lang='lat' dir='ltr'><strong>habeatur</strong></span> <span class='ocrx_word' id='word_1_375' title='bbox 3258 1946 3420 1999; x_wconf 88' lang='lat' dir='ltr'><strong>ratio.</strong></span> <span class='ocrx_word' id='word_1_376' title='bbox 3453 1946 3592 2012; x_wconf 85' lang='lat' dir='ltr'><strong>Quia</strong></span> <span class='ocrx_word' id='word_1_377' title='bbox 3630 1944 3688 1998; x_wconf 91' lang='lat' dir='ltr'><strong>in</strong></span> 
     </span>
    </p>
   </div>
   <div class='ocr_carea' id='block_1_56' title="bbox 2108 2035 3695 2106">
    <p class='ocr_par' dir='ltr' id='par_1_56' title="bbox 2108 2035 3695 2106">
     <span class='ocr_line' id='line_1_56' title="bbox 2108 2035 3695 2106; baseline 0.001 -15"><span class='ocrx_word' id='word_1_378' title='bbox 2108 2038 2313 2106; x_wconf 89' lang='lat' dir='ltr'><strong>apertis</strong></span> <span class='ocrx_word' id='word_1_379' title='bbox 2348 2035 2758 2105; x_wconf 86' lang='lat' dir='ltr'><strong>Scripturarum</strong></span> <span class='ocrx_word' id='word_1_380' title='bbox 2788 2039 2972 2092; x_wconf 83' lang='lat' dir='ltr'><strong>verbis</strong></span> <span class='ocrx_word' id='word_1_381' title='bbox 3008 2039 3148 2093; x_wconf 88' lang='lat' dir='ltr'><strong>nulla</strong></span> <span class='ocrx_word' id='word_1_382' title='bbox 3181 2048 3341 2094; x_wconf 87' lang='lat' dir='ltr'><strong>erant</strong></span> <span class='ocrx_word' id='word_1_383' title='bbox 3373 2039 3695 2093; x_wconf 82' lang='lat' dir='ltr'><strong>vanissimis</strong></span> 
     </span>
    </p>
   </div>
   <div class='ocr_carea' id='block_1_57' title="bbox 2109 2129 3691 2201">
    <p class='ocr_par' dir='ltr' id='par_1_57' title="bbox 2109 2129 3691 2201">
     <span class='ocr_line' id='line_1_57' title="bbox 2109 2129 3691 2201; baseline 0.001 -17"><span class='ocrx_word' id='word_1_384' title='bbox 2109 2129 2491 2185; x_wconf 66' lang='lat' dir='ltr'><strong>haereticorum</strong></span> <span class='ocrx_word' id='word_1_385' title='bbox 2530 2130 2875 2199; x_wconf 86' lang='lat' dir='ltr'><strong>dogmatibus</strong></span> <span class='ocrx_word' id='word_1_386' title='bbox 2909 2132 3179 2199; x_wconf 67' lang='lat' dir='ltr'><strong>praesidia,</strong></span> <span class='ocrx_word' id='word_1_387' title='bbox 3221 2132 3325 2185; x_wconf 89' lang='lat' dir='ltr'><strong>alia</strong></span> <span class='ocrx_word' id='word_1_388' title='bbox 3355 2133 3455 2185; x_wconf 88' lang='lat' dir='ltr'><strong>sibi</strong></span> <span class='ocrx_word' id='word_1_389' title='bbox 3495 2134 3547 2186; x_wconf 92' lang='lat' dir='ltr'><strong>in</strong></span> <span class='ocrx_word' id='word_1_390' title='bbox 3586 2148 3691 2201; x_wconf 87' lang='lat' dir='ltr'><strong>pa-</strong></span> 
     </span>
    </p>
   </div>
   <div class='ocr_carea' id='block_1_58' title="bbox 2110 2222 3690 2293">
    <p class='ocr_par' dir='ltr' id='par_1_58' title="bbox 2110 2222 3690 2293">
     <span class='ocr_line' id='line_1_58' title="bbox 2110 2222 3690 2293; baseline 0 -16"><span class='ocrx_word' id='word_1_391' title='bbox 2110 2222 2311 2277; x_wconf 85' lang='lat' dir='ltr'><strong>rabolis</strong></span> <span class='ocrx_word' id='word_1_392' title='bbox 2341 2234 2395 2278; x_wconf 91' lang='lat' dir='ltr'><strong>et</strong></span> <span class='ocrx_word' id='word_1_393' title='bbox 2421 2224 2717 2292; x_wconf 87' lang='lat' dir='ltr'><strong>allegoriis,</strong></span> <span class='ocrx_word' id='word_1_394' title='bbox 2757 2239 2895 2293; x_wconf 89' lang='lat' dir='ltr'><strong>quas</strong></span> <span class='ocrx_word' id='word_1_395' title='bbox 2928 2240 3026 2292; x_wconf 86' lang='lat' dir='ltr'><strong>pro</strong></span> <span class='ocrx_word' id='word_1_396' title='bbox 3053 2225 3203 2278; x_wconf 88' lang='lat' dir='ltr'><strong>libito</strong></span> <span class='ocrx_word' id='word_1_397' title='bbox 3237 2226 3690 2293; x_wconf 84' lang='lat' dir='ltr'><strong>interpretaban-</strong></span> 
     </span>
    </p>
   </div>
   <div class='ocr_carea' id='block_1_59' title="bbox 2112 2315 3695 2382">
    <p class='ocr_par' dir='ltr' id='par_1_59' title="bbox 2112 2315 3695 2382">
     <span class='ocr_line' id='line_1_59' title="bbox 2112 2315 3695 2382; baseline 0.003 -18"><span class='ocrx_word' id='word_1_398' title='bbox 2112 2326 2218 2381; x_wconf 87' lang='lat' dir='ltr'><strong>tur,</strong></span> <span class='ocrx_word' id='word_1_399' title='bbox 2252 2330 2578 2382; x_wconf 86' lang='lat' dir='ltr'><strong>comparare</strong></span> <span class='ocrx_word' id='word_1_400' title='bbox 2609 2316 2709 2369; x_wconf 88' lang='lat' dir='ltr'><strong>sibi</strong></span> <span class='ocrx_word' id='word_1_401' title='bbox 2742 2317 3054 2370; x_wconf 87' lang='lat' dir='ltr'><strong>studebant.</strong></span> <span class='ocrx_word' id='word_1_402' title='bbox 3079 2315 3248 2370; x_wconf 83' lang='lat' dir='ltr'><strong>Cassa</strong></span> <span class='ocrx_word' id='word_1_403' title='bbox 3277 2327 3331 2370; x_wconf 91' lang='lat' dir='ltr'><strong>et</strong></span> <span class='ocrx_word' id='word_1_404' title='bbox 3359 2316 3538 2371; x_wconf 89' lang='lat' dir='ltr'><strong>futilia</strong></span> <span class='ocrx_word' id='word_1_405' title='bbox 3563 2332 3695 2370; x_wconf 88' lang='lat' dir='ltr'><strong>esse</strong></span> 
     </span>
    </p>
   </div>
   <div class='ocr_carea' id='block_1_60' title="bbox 2110 2408 3697 2479">
    <p class='ocr_par' dir='ltr' id='par_1_60' title="bbox 2110 2408 3697 2479">
     <span class='ocr_line' id='line_1_60' title="bbox 2110 2408 3697 2479; baseline 0.001 -17"><span class='ocrx_word' id='word_1_406' title='bbox 2110 2414 2304 2464; x_wconf 90' lang='lat' dir='ltr'><strong>merito</strong></span> <span class='ocrx_word' id='word_1_407' title='bbox 2332 2410 2615 2465; x_wconf 90' lang='lat' dir='ltr'><strong>contendit</strong></span> <span class='ocrx_word' id='word_1_408' title='bbox 2646 2410 2904 2465; x_wconf 71' lang='lat' dir='ltr'><strong>lrenzeus.</strong></span> <span class='ocrx_word' id='word_1_409' title='bbox 2925 2408 3091 2473; x_wconf 88' lang='lat' dir='ltr'><strong>Nam,</strong></span> <span class='ocrx_word' id='word_1_410' title='bbox 3125 2411 3301 2479; x_wconf 89' lang='lat' dir='ltr'><strong>inquit</strong></span> <span class='ocrx_word' id='word_1_411' title='bbox 3329 2411 3394 2473; x_wconf 81' lang='grc'><strong>³³,</strong></span> <span class='ocrx_word' id='word_1_412' title='bbox 3421 2408 3697 2477; x_wconf 79' lang='lat' dir='ltr'><strong>parabola:</strong></span> 
     </span>
    </p>
   </div>
   <div class='ocr_carea' id='block_1_61' title="bbox 2110 2503 3695 2572">
    <p class='ocr_par' dir='ltr' id='par_1_61' title="bbox 2110 2503 3695 2572">
     <span class='ocr_line' id='line_1_61' title="bbox 2110 2503 3695 2572; baseline -0.003 -16"><span class='ocrx_word' id='word_1_413' title='bbox 2110 2504 2295 2556; x_wconf 84' lang='lat' dir='ltr'><strong>debent</strong></span> <span class='ocrx_word' id='word_1_414' title='bbox 2372 2519 2475 2556; x_wconf 84' lang='lat' dir='ltr'><strong>non</strong></span> <span class='ocrx_word' id='word_1_415' title='bbox 2555 2503 2817 2572; x_wconf 79' lang='lat' dir='ltr'><strong>ambiguis</strong></span> <span class='ocrx_word' id='word_1_416' title='bbox 2886 2505 3156 2570; x_wconf 81' lang='lat' dir='ltr'><strong>adoptari.</strong></span> <span class='ocrx_word' id='word_1_417' title='bbox 3216 2503 3695 2557; x_wconf 68' lang='lat' dir='ltr'><strong>Absurdissiurmn</strong></span> 
     </span>
    </p>
   </div>
   <div class='ocr_carea' id='block_1_62' title="bbox 2112 2596 3699 2667">
    <p class='ocr_par' dir='ltr' id='par_1_62' title="bbox 2112 2596 3699 2667">
     <span class='ocr_line' id='line_1_62' title="bbox 2112 2596 3699 2667; baseline 0 -20"><span class='ocrx_word' id='word_1_418' title='bbox 2112 2597 2310 2667; x_wconf 88' lang='lat' dir='ltr'><strong>quippe</strong></span> <span class='ocrx_word' id='word_1_419' title='bbox 2355 2605 2438 2650; x_wconf 82' lang='lat' dir='ltr'><strong>est</strong></span> <span class='ocrx_word' id='word_1_420' title='bbox 2484 2611 2547 2651; x_wconf 85' lang='lat' dir='ltr'><strong>ea</strong></span> <span class='ocrx_word' id='word_1_421' title='bbox 2603 2613 2722 2665; x_wconf 80' lang='lat' dir='ltr'><strong>qua:</strong></span> <span class='ocrx_word' id='word_1_422' title='bbox 2770 2612 2874 2650; x_wconf 86' lang='lat' dir='ltr'><strong>non</strong></span> <span class='ocrx_word' id='word_1_423' title='bbox 2907 2606 3086 2664; x_wconf 87' lang='lat' dir='ltr'><strong>aperte</strong></span> <span class='ocrx_word' id='word_1_424' title='bbox 3132 2596 3274 2647; x_wconf 79' lang='lat' dir='ltr'><strong>dicta</strong></span> <span class='ocrx_word' id='word_1_425' title='bbox 3331 2602 3479 2655; x_wconf 82' lang='lat' dir='ltr'><strong>sunt,</strong></span> <span class='ocrx_word' id='word_1_426' title='bbox 3528 2610 3699 2660; x_wconf 72' lang='lat' dir='ltr'><strong>neque</strong></span> 
     </span>
    </p>
   </div>
   <div class='ocr_carea' id='block_1_63' title="bbox 2114 2686 3703 2759">
    <p class='ocr_par' dir='ltr' id='par_1_63' title="bbox 2114 2686 3703 2759">
     <span class='ocr_line' id='line_1_63' title="bbox 2114 2686 3703 2759; baseline -0.004 -15"><span class='ocrx_word' id='word_1_427' title='bbox 2114 2704 2234 2745; x_wconf 81' lang='lat' dir='ltr'><strong>ante</strong></span> <span class='ocrx_word' id='word_1_428' title='bbox 2268 2690 2448 2745; x_wconf 84' lang='lat' dir='ltr'><strong>oculos</strong></span> <span class='ocrx_word' id='word_1_429' title='bbox 2489 2691 2687 2759; x_wconf 81' lang='lat' dir='ltr'><strong>posita,</strong></span> <span class='ocrx_word' id='word_1_430' title='bbox 2721 2689 2967 2757; x_wconf 85' lang='lat' dir='ltr'><strong>copulare</strong></span> <span class='ocrx_word' id='word_1_431' title='bbox 3009 2687 3430 2741; x_wconf 82' lang='lat' dir='ltr'><strong>absolutionibus</strong></span> <span class='ocrx_word' id='word_1_432' title='bbox 3460 2686 3703 2754; x_wconf 81' lang='lat' dir='ltr'><strong>parabo-</strong></span> 
     </span>
    </p>
   </div>
   <div class='ocr_carea' id='block_1_64' title="bbox 2116 2777 3703 2852">
    <p class='ocr_par' dir='ltr' id='par_1_64' title="bbox 2116 2777 3703 2852">
     <span class='ocr_line' id='line_1_64' title="bbox 2116 2777 3703 2852; baseline -0.003 -15"><span class='ocrx_word' id='word_1_433' title='bbox 2116 2787 2307 2847; x_wconf 87' lang='lat' dir='ltr'><strong>larum,</strong></span> <span class='ocrx_word' id='word_1_434' title='bbox 2349 2800 2480 2852; x_wconf 85' lang='lat' dir='ltr'><strong>quas</strong></span> <span class='ocrx_word' id='word_1_435' title='bbox 2532 2783 2888 2852; x_wconf 78' lang='lat' dir='ltr'><strong>unusquisque</strong></span> <span class='ocrx_word' id='word_1_436' title='bbox 2916 2789 3072 2848; x_wconf 83' lang='lat' dir='ltr'><strong>prout</strong></span> <span class='ocrx_word' id='word_1_437' title='bbox 3118 2778 3225 2832; x_wconf 84' lang='lat' dir='ltr'><strong>vult</strong></span> <span class='ocrx_word' id='word_1_438' title='bbox 3274 2779 3561 2831; x_wconf 81' lang='lat' dir='ltr'><strong>adinvenit.</strong></span> <span class='ocrx_word' id='word_1_439' title='bbox 3619 2777 3703 2833; x_wconf 80' lang='lat' dir='ltr'><strong>Ne</strong></span> 
     </span>
    </p>
   </div>
   <div class='ocr_carea' id='block_1_65' title="bbox 2118 2869 3701 2941">
    <p class='ocr_par' dir='ltr' id='par_1_65' title="bbox 2118 2869 3701 2941">
     <span class='ocr_line' id='line_1_65' title="bbox 2118 2869 3701 2941; baseline -0.005 -12"><span class='ocrx_word' id='word_1_440' title='bbox 2118 2886 2296 2930; x_wconf 88' lang='lat' dir='ltr'><strong>tamen</strong></span> <span class='ocrx_word' id='word_1_441' title='bbox 2324 2874 2450 2937; x_wconf 86' lang='lat' dir='ltr'><strong>hoc,</strong></span> <span class='ocrx_word' id='word_1_442' title='bbox 2482 2873 2701 2926; x_wconf 77' lang='lat' dir='ltr'><strong>infirmo</strong></span> <span class='ocrx_word' id='word_1_443' title='bbox 2731 2872 2880 2933; x_wconf 91' lang='lat' dir='ltr'><strong>licet,</strong></span> <span class='ocrx_word' id='word_1_444' title='bbox 2901 2871 3154 2941; x_wconf 65' lang='lat' dir='ltr'><strong>praesidio</strong></span> <span class='ocrx_word' id='word_1_445' title='bbox 3182 2869 3553 2939; x_wconf 84' lang='lat' dir='ltr'><strong>gloriarentur</strong></span> <span class='ocrx_word' id='word_1_446' title='bbox 3580 2869 3701 2921; x_wconf 66' lang='lat' dir='ltr'><strong>ha:-</strong></span> 
     </span>
    </p>
   </div>
   <div class='ocr_carea' id='block_1_66' title="bbox 2116 2958 3703 3032">
    <p class='ocr_par' dir='ltr' id='par_1_66' title="bbox 2116 2958 3703 3032">
     <span class='ocr_line' id='line_1_66' title="bbox 2116 2958 3703 3032; baseline -0.004 -12"><span class='ocrx_word' id='word_1_447' title='bbox 2116 2966 2298 3029; x_wconf 90' lang='lat' dir='ltr'><strong>retici,</strong></span> <span class='ocrx_word' id='word_1_448' title='bbox 2345 2965 2640 3032; x_wconf 90' lang='lat' dir='ltr'><strong>fucumque</strong></span> <span class='ocrx_word' id='word_1_449' title='bbox 2670 2962 2916 3016; x_wconf 90' lang='lat' dir='ltr'><strong>facerent</strong></span> <span class='ocrx_word' id='word_1_450' title='bbox 2957 2962 3253 3030; x_wconf 88' lang='lat' dir='ltr'><strong>imperitis,</strong></span> <span class='ocrx_word' id='word_1_451' title='bbox 3294 2961 3346 3014; x_wconf 93' lang='lat' dir='ltr'><strong>id</strong></span> <span class='ocrx_word' id='word_1_452' title='bbox 3399 2960 3504 3013; x_wconf 90' lang='lat' dir='ltr'><strong>sibi</strong></span> <span class='ocrx_word' id='word_1_453' title='bbox 3552 2958 3703 3013; x_wconf 84' lang='lat' dir='ltr'><strong>libro</strong></span> 
     </span>
    </p>
   </div>
   <div class='ocr_carea' id='block_1_67' title="bbox 2116 3054 3698 3129">
    <p class='ocr_par' dir='ltr' id='par_1_67' title="bbox 2116 3054 3698 3129">
     <span class='ocr_line' id='line_1_67' title="bbox 2116 3054 3698 3129; baseline -0.006 -16"><span class='ocrx_word' id='word_1_454' title='bbox 2116 3071 2311 3129; x_wconf 88' lang='lat' dir='ltr'><strong>quarto</strong></span> <span class='ocrx_word' id='word_1_455' title='bbox 2345 3058 2649 3129; x_wconf 63' lang='lat' dir='ltr'><strong>praesertim</strong></span> <span class='ocrx_word' id='word_1_456' title='bbox 2695 3056 3036 3127; x_wconf 91' lang='lat' dir='ltr'><strong>probandum</strong></span> <span class='ocrx_word' id='word_1_457' title='bbox 3068 3054 3319 3123; x_wconf 89' lang='lat' dir='ltr'><strong>suscipit,</strong></span> <span class='ocrx_word' id='word_1_458' title='bbox 3348 3054 3698 3121; x_wconf 87' lang='lat' dir='ltr'><strong>desperatam</strong></span> 
     </span>
    </p>
   </div>
   <div class='ocr_carea' id='block_1_68' title="bbox 2117 3145 3702 3220">
    <p class='ocr_par' dir='ltr' id='par_1_68' title="bbox 2117 3145 3702 3220">
     <span class='ocr_line' id='line_1_68' title="bbox 2117 3145 3702 3220; baseline -0.006 -14"><span class='ocrx_word' id='word_1_459' title='bbox 2117 3167 2305 3206; x_wconf 90' lang='lat' dir='ltr'><strong>eorum</strong></span> <span class='ocrx_word' id='word_1_460' title='bbox 2356 3167 2575 3205; x_wconf 90' lang='lat' dir='ltr'><strong>causam</strong></span> <span class='ocrx_word' id='word_1_461' title='bbox 2628 3149 2906 3220; x_wconf 88' lang='lat' dir='ltr'><strong>parabolis</strong></span> <span class='ocrx_word' id='word_1_462' title='bbox 2962 3147 3097 3201; x_wconf 88' lang='lat' dir='ltr'><strong>nihil</strong></span> <span class='ocrx_word' id='word_1_463' title='bbox 3142 3148 3347 3215; x_wconf 91' lang='lat' dir='ltr'><strong>juvari,</strong></span> <span class='ocrx_word' id='word_1_464' title='bbox 3379 3158 3433 3201; x_wconf 92' lang='lat' dir='ltr'><strong>ct</strong></span> <span class='ocrx_word' id='word_1_465' title='bbox 3485 3148 3527 3200; x_wconf 89' lang='lat' dir='ltr'><strong>si</strong></span> <span class='ocrx_word' id='word_1_466' title='bbox 3561 3145 3702 3215; x_wconf 81' lang='lat' dir='ltr'><strong>quid</strong></span> 
     </span>
    </p>
   </div>
   <div class='ocr_carea' id='block_1_69' title="bbox 2118 3240 3702 3312">
    <p class='ocr_par' dir='ltr' id='par_1_69' title="bbox 2118 3240 3702 3312">
     <span class='ocr_line' id='line_1_69' title="bbox 2118 3240 3702 3312; baseline -0.003 -15"><span class='ocrx_word' id='word_1_467' title='bbox 2118 3245 2297 3297; x_wconf 88' lang='lat' dir='ltr'><strong>valeat</strong></span> <span class='ocrx_word' id='word_1_468' title='bbox 2362 3244 2414 3297; x_wconf 91' lang='lat' dir='ltr'><strong>id</strong></span> <span class='ocrx_word' id='word_1_469' title='bbox 2473 3244 2780 3311; x_wconf 86' lang='lat' dir='ltr'><strong>argumenti</strong></span> <span class='ocrx_word' id='word_1_470' title='bbox 2832 3260 3027 3312; x_wconf 88' lang='lat' dir='ltr'><strong>genus,</strong></span> <span class='ocrx_word' id='word_1_471' title='bbox 3086 3252 3258 3308; x_wconf 79' lang='lat' dir='ltr'><strong>totum</strong></span> <span class='ocrx_word' id='word_1_472' title='bbox 3296 3240 3348 3293; x_wconf 93' lang='lat' dir='ltr'><strong>in</strong></span> <span class='ocrx_word' id='word_1_473' title='bbox 3402 3256 3702 3307; x_wconf 80' lang='lat' dir='ltr'><strong>pravorum</strong></span> 
     </span>
    </p>
   </div>
   <div class='ocr_carea' id='block_1_70' title="bbox 2118 3333 3699 3405">
    <p class='ocr_par' dir='ltr' id='par_1_70' title="bbox 2118 3333 3699 3405">
     <span class='ocr_line' id='line_1_70' title="bbox 2118 3333 3699 3405; baseline -0.004 -16"><span class='ocrx_word' id='word_1_474' title='bbox 2118 3335 2434 3405; x_wconf 87' lang='lat' dir='ltr'><strong>dogmatum</strong></span> <span class='ocrx_word' id='word_1_475' title='bbox 2467 3337 2675 3389; x_wconf 88' lang='lat' dir='ltr'><strong>ruinam</strong></span> <span class='ocrx_word' id='word_1_476' title='bbox 2710 3336 2928 3389; x_wconf 86' lang='lat' dir='ltr'><strong>cedere.</strong></span> <span class='ocrx_word' id='word_1_477' title='bbox 2957 3334 3214 3404; x_wconf 88' lang='lat' dir='ltr'><strong>Quisquis</strong></span> <span class='ocrx_word' id='word_1_478' title='bbox 3251 3349 3383 3402; x_wconf 88' lang='lat' dir='ltr'><strong>ergo</strong></span> <span class='ocrx_word' id='word_1_479' title='bbox 3420 3333 3699 3401; x_wconf 61' lang='lat' dir='ltr'><strong>queritur,</strong></span> 
     </span>
    </p>
   </div>
   <div class='ocr_carea' id='block_1_71' title="bbox 2121 3425 3704 3497">
    <p class='ocr_par' dir='ltr' id='par_1_71' title="bbox 2121 3425 3704 3497">
     <span class='ocr_line' id='line_1_71' title="bbox 2121 3425 3704 3497; baseline -0.008 -9"><span class='ocrx_word' id='word_1_480' title='bbox 2121 3449 2185 3488; x_wconf 88' lang='lat' dir='ltr'><strong>ea</strong></span> <span class='ocrx_word' id='word_1_481' title='bbox 2220 3433 2495 3487; x_wconf 89' lang='lat' dir='ltr'><strong>interdum</strong></span> <span class='ocrx_word' id='word_1_482' title='bbox 2528 3445 2556 3482; x_wconf 93' lang='lat' dir='ltr'><strong>a</strong></span> <span class='ocrx_word' id='word_1_483' title='bbox 2585 3429 2860 3497; x_wconf 88' lang='lat' dir='ltr'><strong>parabolis</strong></span> <span class='ocrx_word' id='word_1_484' title='bbox 2889 3437 2944 3482; x_wconf 91' lang='lat' dir='ltr'><strong>et</strong></span> <span class='ocrx_word' id='word_1_485' title='bbox 2971 3426 3251 3495; x_wconf 87' lang='lat' dir='ltr'><strong>allegoriis</strong></span> <span class='ocrx_word' id='word_1_486' title='bbox 3285 3427 3353 3479; x_wconf 91' lang='lat' dir='ltr'><strong>ad</strong></span> <span class='ocrx_word' id='word_1_487' title='bbox 3384 3425 3704 3493; x_wconf 74' lang='lat' dir='ltr'><strong>probanda:</strong></span> 
     </span>
    </p>
   </div>
   <div class='ocr_carea' id='block_1_72' title="bbox 2124 3516 3708 3589">
    <p class='ocr_par' dir='ltr' id='par_1_72' title="bbox 2124 3516 3708 3589">
     <span class='ocr_line' id='line_1_72' title="bbox 2124 3516 3708 3589; baseline -0.008 -11"><span class='ocrx_word' id='word_1_488' title='bbox 2124 3523 2248 3578; x_wconf 82' lang='lat' dir='ltr'><strong>fidei</strong></span> <span class='ocrx_word' id='word_1_489' title='bbox 2276 3524 2536 3577; x_wconf 90' lang='lat' dir='ltr'><strong>veritates</strong></span> <span class='ocrx_word' id='word_1_490' title='bbox 2565 3531 2886 3589; x_wconf 81' lang='lat' dir='ltr'><strong>argumenta</strong></span> <span class='ocrx_word' id='word_1_491' title='bbox 2916 3519 2985 3572; x_wconf 90' lang='lat' dir='ltr'><strong>ab</strong></span> <span class='ocrx_word' id='word_1_492' title='bbox 3027 3519 3229 3573; x_wconf 70' lang='lat' dir='ltr'><strong>Irenaeo</strong></span> <span class='ocrx_word' id='word_1_493' title='bbox 3275 3516 3424 3579; x_wconf 91' lang='lat' dir='ltr'><strong>duci,</strong></span> <span class='ocrx_word' id='word_1_494' title='bbox 3452 3530 3573 3586; x_wconf 81' lang='lat' dir='ltr'><strong>qua:</strong></span> <span class='ocrx_word' id='word_1_495' title='bbox 3606 3530 3708 3582; x_wconf 80' lang='lat' dir='ltr'><strong>pa-</strong></span> 
     </span>
    </p>
   </div>
   <div class='ocr_carea' id='block_1_73' title="bbox 2122 3610 3704 3676">
    <p class='ocr_par' dir='ltr' id='par_1_73' title="bbox 2122 3610 3704 3676">
     <span class='ocr_line' id='line_1_73' title="bbox 2122 3610 3704 3676; baseline -0.006 -5"><span class='ocrx_word' id='word_1_496' title='bbox 2122 3633 2241 3671; x_wconf 88' lang='lat' dir='ltr'><strong>rum</strong></span> <span class='ocrx_word' id='word_1_497' title='bbox 2296 3617 2506 3671; x_wconf 90' lang='lat' dir='ltr'><strong>roboris</strong></span> <span class='ocrx_word' id='word_1_498' title='bbox 2561 3615 2762 3670; x_wconf 90' lang='lat' dir='ltr'><strong>habere</strong></span> <span class='ocrx_word' id='word_1_499' title='bbox 2817 3614 3105 3676; x_wconf 89' lang='lat' dir='ltr'><strong>videntur,</strong></span> <span class='ocrx_word' id='word_1_500' title='bbox 3154 3610 3466 3665; x_wconf 89' lang='lat' dir='ltr'><strong>meminerit</strong></span> <span class='ocrx_word' id='word_1_501' title='bbox 3526 3618 3581 3662; x_wconf 92' lang='lat' dir='ltr'><strong>et</strong></span> <span class='ocrx_word' id='word_1_502' title='bbox 3640 3610 3704 3661; x_wconf 89' lang='lat' dir='ltr'><strong>S.</strong></span> 
     </span>
    </p>
   </div>
   <div class='ocr_carea' id='block_1_74' title="bbox 2123 3705 3709 3774">
    <p class='ocr_par' dir='ltr' id='par_1_74' title="bbox 2123 3705 3709 3774">
     <span class='ocr_line' id='line_1_74' title="bbox 2123 3705 3709 3774; baseline -0.009 -9"><span class='ocrx_word' id='word_1_503' title='bbox 2123 3711 2400 3765; x_wconf 87' lang='lat' dir='ltr'><strong>doctorem</strong></span> <span class='ocrx_word' id='word_1_504' title='bbox 2461 3725 2567 3765; x_wconf 89' lang='lat' dir='ltr'><strong>non</strong></span> <span class='ocrx_word' id='word_1_505' title='bbox 2634 3708 2878 3762; x_wconf 86' lang='lat' dir='ltr'><strong>nescium</strong></span> <span class='ocrx_word' id='word_1_506' title='bbox 2932 3706 3101 3759; x_wconf 89' lang='lat' dir='ltr'><strong>fuisse</strong></span> <span class='ocrx_word' id='word_1_507' title='bbox 3148 3705 3280 3774; x_wconf 91' lang='lat' dir='ltr'><strong>quid</strong></span> <span class='ocrx_word' id='word_1_508' title='bbox 3324 3710 3709 3771; x_wconf 81' lang='lat' dir='ltr'><strong>quantumque</strong></span> 
     </span>
    </p>
   </div>
   <div class='ocr_carea' id='block_1_75' title="bbox 2122 3796 3707 3868">
    <p class='ocr_par' dir='ltr' id='par_1_75' title="bbox 2122 3796 3707 3868">
     <span class='ocr_line' id='line_1_75' title="bbox 2122 3796 3707 3868; baseline -0.006 -13"><span class='ocrx_word' id='word_1_509' title='bbox 2122 3802 2371 3855; x_wconf 88' lang='lat' dir='ltr'><strong>valerent</strong></span> <span class='ocrx_word' id='word_1_510' title='bbox 2419 3799 2687 3868; x_wconf 77' lang='lat' dir='ltr'><strong>ejusmodi</strong></span> <span class='ocrx_word' id='word_1_511' title='bbox 2730 3807 3045 3867; x_wconf 84' lang='lat' dir='ltr'><strong>argumenta</strong></span> <span class='ocrx_word' id='word_1_512' title='bbox 3110 3796 3409 3850; x_wconf 89' lang='lat' dir='ltr'><strong>secundum</strong></span> <span class='ocrx_word' id='word_1_513' title='bbox 3465 3809 3525 3847; x_wconf 92' lang='lat' dir='ltr'><strong>se</strong></span> <span class='ocrx_word' id='word_1_514' title='bbox 3571 3808 3707 3861; x_wconf 88' lang='lat' dir='ltr'><strong>spe-</strong></span> 
     </span>
    </p>
   </div>
   <div class='ocr_carea' id='block_1_76' title="bbox 2122 3885 3708 3959">
    <p class='ocr_par' dir='ltr' id='par_1_76' title="bbox 2122 3885 3708 3959">
     <span class='ocr_line' id='line_1_76' title="bbox 2122 3885 3708 3959; baseline -0.006 -12"><span class='ocrx_word' id='word_1_515' title='bbox 2122 3901 2304 3956; x_wconf 91' lang='lat' dir='ltr'><strong>ctata;</strong></span> <span class='ocrx_word' id='word_1_516' title='bbox 2362 3892 2432 3946; x_wconf 89' lang='lat' dir='ltr'><strong>ab</strong></span> <span class='ocrx_word' id='word_1_517' title='bbox 2479 3908 2545 3946; x_wconf 88' lang='lat' dir='ltr'><strong>eo</strong></span> <span class='ocrx_word' id='word_1_518' title='bbox 2595 3900 2774 3944; x_wconf 79' lang='lat' dir='ltr'><strong>tamen</strong></span> <span class='ocrx_word' id='word_1_519' title='bbox 2825 3905 2924 3959; x_wconf 90' lang='lat' dir='ltr'><strong>pro</strong></span> <span class='ocrx_word' id='word_1_520' title='bbox 2967 3889 3093 3959; x_wconf 89' lang='lat' dir='ltr'><strong>jure</strong></span> <span class='ocrx_word' id='word_1_521' title='bbox 3128 3903 3228 3943; x_wconf 92' lang='lat' dir='ltr'><strong>suo</strong></span> <span class='ocrx_word' id='word_1_522' title='bbox 3265 3885 3539 3955; x_wconf 88' lang='lat' dir='ltr'><strong>usurpari,</strong></span> <span class='ocrx_word' id='word_1_523' title='bbox 3573 3885 3708 3952; x_wconf 86' lang='lat' dir='ltr'><strong>quia</strong></span> 
     </span>
    </p>
   </div>
   <div class='ocr_carea' id='block_1_77' title="bbox 2129 3980 3708 4053">
    <p class='ocr_par' dir='ltr' id='par_1_77' title="bbox 2129 3980 3708 4053">
     <span class='ocr_line' id='line_1_77' title="bbox 2129 3980 3708 4053; baseline -0.006 -13"><span class='ocrx_word' id='word_1_524' title='bbox 2129 3986 2427 4053; x_wconf 89' lang='lat' dir='ltr'><strong>usurpandi</strong></span> <span class='ocrx_word' id='word_1_525' title='bbox 2479 3983 2790 4052; x_wconf 89' lang='lat' dir='ltr'><strong>exemplum</strong></span> <span class='ocrx_word' id='word_1_526' title='bbox 2851 3983 3014 4052; x_wconf 88' lang='lat' dir='ltr'><strong>primi</strong></span> <span class='ocrx_word' id='word_1_527' title='bbox 3070 3983 3333 4035; x_wconf 90' lang='lat' dir='ltr'><strong>dederant</strong></span> <span class='ocrx_word' id='word_1_528' title='bbox 3374 3980 3408 4032; x_wconf 92' lang='lat' dir='ltr'><strong>ii</strong></span> <span class='ocrx_word' id='word_1_529' title='bbox 3447 3993 3582 4046; x_wconf 81' lang='lat' dir='ltr'><strong>quos</strong></span> <span class='ocrx_word' id='word_1_530' title='bbox 3617 3991 3708 4030; x_wconf 81' lang='lat' dir='ltr'><strong>re-</strong></span> 
     </span>
    </p>
   </div>
   <div class='ocr_carea' id='block_1_78' title="bbox 2051 4072 3709 4159">
    <p class='ocr_par' dir='ltr' id='par_1_78' title="bbox 2051 4072 3709 4159">
     <span class='ocr_line' id='line_1_78' title="bbox 2051 4072 3709 4159; baseline -0.007 -27"><span class='ocrx_word' id='word_1_531' title='bbox 2051 4104 2093 4159; x_wconf 68' lang='lat' dir='ltr'>c</span> <span class='ocrx_word' id='word_1_532' title='bbox 2130 4079 2367 4133; x_wconf 84' lang='lat' dir='ltr'><strong>l&#39;ellebat.</strong></span> <span class='ocrx_word' id='word_1_533' title='bbox 2404 4077 2560 4132; x_wconf 84' lang='lat' dir='ltr'><strong>Unde</strong></span> <span class='ocrx_word' id='word_1_534' title='bbox 2584 4088 2905 4145; x_wconf 87' lang='lat' dir='ltr'><strong>argumenta</strong></span> <span class='ocrx_word' id='word_1_535' title='bbox 2937 4084 3095 4130; x_wconf 88' lang='lat' dir='ltr'><strong>erant</strong></span> <span class='ocrx_word' id='word_1_536' title='bbox 3120 4074 3270 4128; x_wconf 81' lang='lat' dir='ltr'><strong>velut</strong></span> <span class='ocrx_word' id='word_1_537' title='bbox 3303 4074 3368 4125; x_wconf 88' lang='lat' dir='ltr'><strong>ad</strong></span> <span class='ocrx_word' id='word_1_538' title='bbox 3404 4072 3709 4133; x_wconf 88' lang='lat' dir='ltr'><strong>hominem,</strong></span> 
     </span>
    </p>
   </div>
   <div class='ocr_carea' id='block_1_79' title="bbox 2126 4164 3709 4236">
    <p class='ocr_par' dir='ltr' id='par_1_79' title="bbox 2126 4164 3709 4236">
     <span class='ocr_line' id='line_1_79' title="bbox 2126 4164 3709 4236; baseline -0.009 -10"><span class='ocrx_word' id='word_1_539' title='bbox 2126 4180 2181 4226; x_wconf 88' lang='lat' dir='ltr'><strong>et</strong></span> <span class='ocrx_word' id='word_1_540' title='bbox 2228 4186 2297 4225; x_wconf 84' lang='lat' dir='ltr'><strong>ex</strong></span> <span class='ocrx_word' id='word_1_541' title='bbox 2351 4172 2795 4223; x_wconf 85' lang='lat' dir='ltr'><strong>adversariorum</strong></span> <span class='ocrx_word' id='word_1_542' title='bbox 2831 4166 3120 4236; x_wconf 87' lang='lat' dir='ltr'><strong>principiis</strong></span> <span class='ocrx_word' id='word_1_543' title='bbox 3145 4174 3202 4219; x_wconf 89' lang='lat' dir='ltr'><strong>et</strong></span> <span class='ocrx_word' id='word_1_544' title='bbox 3235 4165 3485 4219; x_wconf 82' lang='lat' dir='ltr'><strong>confesso</strong></span> <span class='ocrx_word' id='word_1_545' title='bbox 3514 4164 3709 4231; x_wconf 84' lang='lat' dir='ltr'><strong>petita,</strong></span> 
     </span>
    </p>
   </div>
   <div class='ocr_carea' id='block_1_80' title="bbox 2128 4255 3716 4333">
    <p class='ocr_par' dir='ltr' id='par_1_80' title="bbox 2128 4255 3716 4333">
     <span class='ocr_line' id='line_1_80' title="bbox 2128 4255 3716 4333; baseline -0.007 -17"><span class='ocrx_word' id='word_1_546' title='bbox 2128 4278 2250 4333; x_wconf 69' lang='lat' dir='ltr'><strong>quae</strong></span> <span class='ocrx_word' id='word_1_547' title='bbox 2297 4261 2593 4317; x_wconf 67' lang='lat' dir='ltr'><strong>efﬁcaciam</strong></span> <span class='ocrx_word' id='word_1_548' title='bbox 2649 4262 2716 4315; x_wconf 90' lang='lat' dir='ltr'><strong>ab</strong></span> <span class='ocrx_word' id='word_1_549' title='bbox 2771 4261 2838 4314; x_wconf 90' lang='lat' dir='ltr'><strong>iis</strong></span> <span class='ocrx_word' id='word_1_550' title='bbox 2876 4259 3007 4329; x_wconf 89' lang='lat' dir='ltr'><strong>ipsis</strong></span> <span class='ocrx_word' id='word_1_551' title='bbox 3042 4258 3437 4313; x_wconf 88' lang='lat' dir='ltr'><strong>sortiebantur.</strong></span> <span class='ocrx_word' id='word_1_552' title='bbox 3489 4255 3566 4308; x_wconf 82' lang='lat' dir='ltr'><strong>Ex</strong></span> <span class='ocrx_word' id='word_1_553' title='bbox 3600 4271 3716 4323; x_wconf 84' lang='lat' dir='ltr'><strong>quo</strong></span> 
     </span>
    </p>
   </div>
   <div class='ocr_carea' id='block_1_81' title="bbox 2130 4348 3716 4424">
    <p class='ocr_par' dir='ltr' id='par_1_81' title="bbox 2130 4348 3716 4424">
     <span class='ocr_line' id='line_1_81' title="bbox 2130 4348 3716 4424; baseline -0.005 -15"><span class='ocrx_word' id='word_1_554' title='bbox 2130 4357 2276 4411; x_wconf 89' lang='lat' dir='ltr'><strong>enim</strong></span> <span class='ocrx_word' id='word_1_555' title='bbox 2336 4354 2610 4424; x_wconf 88' lang='lat' dir='ltr'><strong>parabolis</strong></span> <span class='ocrx_word' id='word_1_556' title='bbox 2654 4365 2711 4407; x_wconf 87' lang='lat' dir='ltr'><strong>et</strong></span> <span class='ocrx_word' id='word_1_557' title='bbox 2762 4350 3042 4419; x_wconf 74' lang='lat' dir='ltr'><strong>allegoriis</strong></span> <span class='ocrx_word' id='word_1_558' title='bbox 3093 4351 3391 4403; x_wconf 85' lang='lat' dir='ltr'><strong>utebantur</strong></span> <span class='ocrx_word' id='word_1_559' title='bbox 3442 4348 3716 4401; x_wconf 83' lang='lat' dir='ltr'><strong>adversus</strong></span> 
     </span>
    </p>
   </div>
   <div class='ocr_carea' id='block_1_82' title="bbox 2130 4440 3712 4513">
    <p class='ocr_par' dir='ltr' id='par_1_82' title="bbox 2130 4440 3712 4513">
     <span class='ocr_line' id='line_1_82' title="bbox 2130 4440 3712 4513; baseline -0.007 -10"><span class='ocrx_word' id='word_1_560' title='bbox 2130 4447 2464 4513; x_wconf 88' lang='lat' dir='ltr'><strong>Catholicos,</strong></span> <span class='ocrx_word' id='word_1_561' title='bbox 2483 4462 2547 4501; x_wconf 91' lang='lat' dir='ltr'><strong>eo</strong></span> <span class='ocrx_word' id='word_1_562' title='bbox 2576 4447 2755 4499; x_wconf 88' lang='lat' dir='ltr'><strong>minus</strong></span> <span class='ocrx_word' id='word_1_563' title='bbox 2781 4455 3227 4513; x_wconf 88' lang='lat' dir='ltr'><strong>argumentorum</strong></span> <span class='ocrx_word' id='word_1_564' title='bbox 3264 4442 3390 4494; x_wconf 91' lang='lat' dir='ltr'><strong>inde</strong></span> <span class='ocrx_word' id='word_1_565' title='bbox 3416 4440 3712 4509; x_wconf 85' lang='lat' dir='ltr'><strong>petitorum</strong></span> 
     </span>
    </p>
   </div>
   <div class='ocr_carea' id='block_1_83' title="bbox 2132 4532 3716 4609">
    <p class='ocr_par' dir='ltr' id='par_1_83' title="bbox 2132 4532 3716 4609">
     <span class='ocr_line' id='line_1_83' title="bbox 2132 4532 3716 4609; baseline -0.005 -16"><span class='ocrx_word' id='word_1_566' title='bbox 2132 4540 2347 4609; x_wconf 90' lang='lat' dir='ltr'><strong>pondus</strong></span> <span class='ocrx_word' id='word_1_567' title='bbox 2380 4540 2654 4593; x_wconf 89' lang='lat' dir='ltr'><strong>declinare</strong></span> <span class='ocrx_word' id='word_1_568' title='bbox 2696 4546 2980 4607; x_wconf 90' lang='lat' dir='ltr'><strong>poterant,</strong></span> <span class='ocrx_word' id='word_1_569' title='bbox 3013 4552 3121 4604; x_wconf 90' lang='lat' dir='ltr'><strong>quo</strong></span> <span class='ocrx_word' id='word_1_570' title='bbox 3151 4535 3219 4589; x_wconf 91' lang='lat' dir='ltr'><strong>iis</strong></span> <span class='ocrx_word' id='word_1_571' title='bbox 3247 4535 3313 4587; x_wconf 89' lang='lat' dir='ltr'><strong>ad</strong></span> <span class='ocrx_word' id='word_1_572' title='bbox 3344 4532 3716 4586; x_wconf 90' lang='lat' dir='ltr'><strong>dirimendam</strong></span> 
     </span>
    </p>
   </div>
   <div class='ocr_carea' id='block_1_84' title="bbox 2132 4625 3718 4697">
    <p class='ocr_par' dir='ltr' id='par_1_84' title="bbox 2132 4625 3718 4697">
     <span class='ocr_line' id='line_1_84' title="bbox 2132 4625 3718 4697; baseline -0.004 -10"><span class='ocrx_word' id='word_1_573' title='bbox 2132 4634 2284 4687; x_wconf 86' lang='lat' dir='ltr'><strong>litem</strong></span> <span class='ocrx_word' id='word_1_574' title='bbox 2340 4632 2444 4686; x_wconf 90' lang='lat' dir='ltr'><strong>sibi</strong></span> <span class='ocrx_word' id='word_1_575' title='bbox 2502 4632 2759 4684; x_wconf 86' lang='lat' dir='ltr'><strong>utendum</strong></span> <span class='ocrx_word' id='word_1_576' title='bbox 2815 4646 2937 4684; x_wconf 89' lang='lat' dir='ltr'><strong>esse</strong></span> <span class='ocrx_word' id='word_1_577' title='bbox 2985 4629 3146 4697; x_wconf 92' lang='lat' dir='ltr'><strong>primi</strong></span> <span class='ocrx_word' id='word_1_578' title='bbox 3181 4635 3538 4683; x_wconf 88' lang='lat' dir='ltr'><strong>censuerant.</strong></span> <span class='ocrx_word' id='word_1_579' title='bbox 3570 4625 3626 4679; x_wconf 90' lang='lat' dir='ltr'><strong>ld</strong></span> <span class='ocrx_word' id='word_1_580' title='bbox 3669 4625 3718 4681; x_wconf 78' lang='lat' dir='ltr'><strong>si</strong></span> 
     </span>
    </p>
   </div>
   <div class='ocr_carea' id='block_1_85' title="bbox 2133 4721 3715 4787">
    <p class='ocr_par' dir='ltr' id='par_1_85' title="bbox 2133 4721 3715 4787">
     <span class='ocr_line' id='line_1_85' title="bbox 2133 4721 3715 4787; baseline -0.005 -8"><span class='ocrx_word' id='word_1_581' title='bbox 2133 4726 2460 4780; x_wconf 87' lang='lat' dir='ltr'><strong>advertisset</strong></span> <span class='ocrx_word' id='word_1_582' title='bbox 2495 4724 2792 4785; x_wconf 86' lang='lat' dir='ltr'><strong>Gallasius,</strong></span> <span class='ocrx_word' id='word_1_583' title='bbox 2828 4723 2896 4775; x_wconf 86' lang='lat' dir='ltr'><strong>ab</strong></span> <span class='ocrx_word' id='word_1_584' title='bbox 2939 4721 3142 4776; x_wconf 84' lang='lat' dir='ltr'><strong>insulsa</strong></span> <span class='ocrx_word' id='word_1_585' title='bbox 3175 4728 3231 4775; x_wconf 93' lang='lat' dir='ltr'><strong>et</strong></span> <span class='ocrx_word' id='word_1_586' title='bbox 3264 4721 3443 4787; x_wconf 83' lang='lat' dir='ltr'><strong>inepta</strong></span> <span class='ocrx_word' id='word_1_587' title='bbox 3475 4732 3715 4772; x_wconf 89' lang='lat' dir='ltr'><strong>censura</strong></span> 
     </span>
    </p>
   </div>
   <div class='ocr_carea' id='block_1_86' title="bbox 2137 4809 3721 4885">
    <p class='ocr_par' dir='ltr' id='par_1_86' title="bbox 2137 4809 3721 4885">
     <span class='ocr_line' id='line_1_86' title="bbox 2137 4809 3721 4885; baseline -0.003 -18"><span class='ocrx_word' id='word_1_588' title='bbox 2137 4825 2544 4885; x_wconf 88' lang='lat' dir='ltr'><strong>temperasset,</strong></span> <span class='ocrx_word' id='word_1_589' title='bbox 2601 4830 2708 4883; x_wconf 89' lang='lat' dir='ltr'><strong>qua</strong></span> <span class='ocrx_word' id='word_1_590' title='bbox 2784 4812 3044 4867; x_wconf 68' lang='lat' dir='ltr'><strong>Irenaeum</strong></span> <span class='ocrx_word' id='word_1_591' title='bbox 3113 4822 3323 4878; x_wconf 87' lang='lat' dir='ltr'><strong>vexat,</strong></span> <span class='ocrx_word' id='word_1_592' title='bbox 3389 4810 3532 4878; x_wconf 91' lang='lat' dir='ltr'><strong>quod</strong></span> <span class='ocrx_word' id='word_1_593' title='bbox 3611 4809 3721 4863; x_wconf 87' lang='lat' dir='ltr'><strong>hac</strong></span> 
     </span>
    </p>
   </div>
   <div class='ocr_carea' id='block_1_87' title="bbox 2136 4902 3721 4977">
    <p class='ocr_par' dir='ltr' id='par_1_87' title="bbox 2136 4902 3721 4977">
     <span class='ocr_line' id='line_1_87' title="bbox 2136 4902 3721 4977; baseline -0.007 -13"><span class='ocrx_word' id='word_1_594' title='bbox 2136 4910 2342 4964; x_wconf 80' lang='lat' dir='ltr'><strong>Christi</strong></span> <span class='ocrx_word' id='word_1_595' title='bbox 2396 4907 2699 4977; x_wconf 86' lang='lat' dir='ltr'><strong>parabola:</strong></span> <span class='ocrx_word' id='word_1_596' title='bbox 2759 4906 3044 4970; x_wconf 76' lang='lat' dir='ltr'><strong>Propterea</strong></span> <span class='ocrx_word' id='word_1_597' title='bbox 3099 4904 3267 4957; x_wconf 80' lang='lat' dir='ltr'><strong>cumis</strong></span> <span class='ocrx_word' id='word_1_598' title='bbox 3319 4902 3491 4954; x_wconf 82' lang='lat' dir='ltr'><strong>scriba</strong></span> <span class='ocrx_word' id='word_1_599' title='bbox 3528 4902 3721 4953; x_wconf 78' lang='lat' dir='ltr'><strong>doctus</strong></span> 
     </span>
    </p>
   </div>
   <div class='ocr_carea' id='block_1_88' title="bbox 2137 4994 3722 5071">
    <p class='ocr_par' dir='ltr' id='par_1_88' title="bbox 2137 4994 3722 5071">
     <span class='ocr_line' id='line_1_88' title="bbox 2137 4994 3722 5071; baseline -0.008 -15"><span class='ocrx_word' id='word_1_600' title='bbox 2137 5005 2190 5056; x_wconf 83' lang='lat' dir='ltr'><strong>in</strong></span> <span class='ocrx_word' id='word_1_601' title='bbox 2238 5019 2394 5071; x_wconf 82' lang='lat' dir='ltr'><strong>regno</strong></span> <span class='ocrx_word' id='word_1_602' title='bbox 2448 5001 2693 5055; x_wconf 75' lang='lat' dir='ltr'><strong>caelorum</strong></span> <span class='ocrx_word' id='word_1_603' title='bbox 2738 4999 2927 5053; x_wconf 80' lang='lat' dir='ltr'><strong>similis</strong></span> <span class='ocrx_word' id='word_1_604' title='bbox 2970 5007 3042 5050; x_wconf 83' lang='lat' dir='ltr'><strong>est</strong></span> <span class='ocrx_word' id='word_1_605' title='bbox 3072 4995 3274 5049; x_wconf 83' lang='lat' dir='ltr'><strong>homini</strong></span> <span class='ocrx_word' id='word_1_606' title='bbox 3312 4994 3722 5063; x_wconf 76' lang='lat' dir='ltr'><strong>patrifamilias,</strong></span> 
     </span>
    </p>
   </div>
   <div class='ocr_carea' id='block_1_89' title="bbox 2140 5084 3718 5167">
    <p class='ocr_par' dir='ltr' id='par_1_89' title="bbox 2140 5084 3718 5167">
     <span class='ocr_line' id='line_1_89' title="bbox 2140 5084 3718 5167; baseline -0.011 -16"><span class='ocrx_word' id='word_1_607' title='bbox 2140 5093 2323 5167; x_wconf 81' lang='lat' dir='ltr'><strong>[CVII]</strong></span> <span class='ocrx_word' id='word_1_608' title='bbox 2358 5096 2447 5163; x_wconf 87' lang='lat' dir='ltr'><strong>qui</strong></span> <span class='ocrx_word' id='word_1_609' title='bbox 2476 5095 2672 5163; x_wconf 79' lang='lat' dir='ltr'><strong>profert</strong></span> <span class='ocrx_word' id='word_1_610' title='bbox 2702 5092 2766 5143; x_wconf 83' lang='lat' dir='ltr'><strong>de</strong></span> <span class='ocrx_word' id='word_1_611' title='bbox 2798 5092 3045 5144; x_wconf 78' lang='lat' dir='ltr'><strong>thesauro</strong></span> <span class='ocrx_word' id='word_1_612' title='bbox 3067 5104 3161 5141; x_wconf 86' lang='lat' dir='ltr'><strong>suo</strong></span> <span class='ocrx_word' id='word_1_613' title='bbox 3192 5103 3324 5139; x_wconf 87' lang='lat' dir='ltr'><strong>nova</strong></span> <span class='ocrx_word' id='word_1_614' title='bbox 3356 5095 3405 5138; x_wconf 90' lang='lat' dir='ltr'><strong>et</strong></span> <span class='ocrx_word' id='word_1_615' title='bbox 3436 5097 3607 5137; x_wconf 86' lang='lat' dir='ltr'><strong>vetera</strong></span> <span class='ocrx_word' id='word_1_616' title='bbox 3632 5084 3678 5114; x_wconf 73' lang='lat'><strong>“</strong></span> <span class='ocrx_word' id='word_1_617' title='bbox 3701 5126 3718 5148; x_wconf 89' lang='lat'><strong>,</strong></span> 
     </span>
    </p>
   </div>
   <div class='ocr_carea' id='block_1_90' title="bbox 2141 5177 3728 5256">
    <p class='ocr_par' dir='ltr' id='par_1_90' title="bbox 2141 5177 3728 5256">
     <span class='ocr_line' id='line_1_90' title="bbox 2141 5177 3728 5256; baseline -0.009 -13"><span class='ocrx_word' id='word_1_618' title='bbox 2141 5198 2326 5244; x_wconf 81' lang='lat' dir='ltr'><strong>utatur</strong></span> <span class='ocrx_word' id='word_1_619' title='bbox 2357 5198 2414 5242; x_wconf 84' lang='lat' dir='ltr'><strong>ut</strong></span> <span class='ocrx_word' id='word_1_620' title='bbox 2456 5189 2667 5256; x_wconf 84' lang='lat' dir='ltr'><strong>probet,</strong></span> <span class='ocrx_word' id='word_1_621' title='bbox 2707 5202 2870 5237; x_wconf 88' lang='lat' dir='ltr'><strong>ttnunt</strong></span> <span class='ocrx_word' id='word_1_622' title='bbox 2907 5192 2960 5238; x_wconf 80' lang='lat' dir='ltr'><strong>et</strong></span> <span class='ocrx_word' id='word_1_623' title='bbox 3003 5182 3257 5236; x_wconf 87' lang='lat' dir='ltr'><strong>eumdem</strong></span> <span class='ocrx_word' id='word_1_624' title='bbox 3299 5179 3465 5232; x_wconf 86' lang='lat' dir='ltr'><strong>Deum</strong></span> <span class='ocrx_word' id='word_1_625' title='bbox 3508 5177 3728 5230; x_wconf 86' lang='lat' dir='ltr'><strong>utrius-</strong></span> 
     </span>
    </p>
   </div>
   <div class='ocr_carea' id='block_1_91' title="bbox 2142 5271 3721 5352">
    <p class='ocr_par' dir='ltr' id='par_1_91' title="bbox 2142 5271 3721 5352">
     <span class='ocr_line' id='line_1_91' title="bbox 2142 5271 3721 5352; baseline -0.009 -16"><span class='ocrx_word' id='word_1_626' title='bbox 2142 5300 2247 5352; x_wconf 89' lang='lat' dir='ltr'><strong>que</strong></span> <span class='ocrx_word' id='word_1_627' title='bbox 2273 5279 2611 5336; x_wconf 87' lang='lat' dir='ltr'><strong>Testamenti</strong></span> <span class='ocrx_word' id='word_1_628' title='bbox 2656 5290 2936 5332; x_wconf 85' lang='lat' dir='ltr'><strong>auctorem</strong></span> <span class='ocrx_word' id='word_1_629' title='bbox 2982 5290 3122 5329; x_wconf 88' lang='lat' dir='ltr'><strong>esse.</strong></span> <span class='ocrx_word' id='word_1_630' title='bbox 3165 5271 3302 5326; x_wconf 88' lang='lat' dir='ltr'><strong>Nam</strong></span> <span class='ocrx_word' id='word_1_631' title='bbox 3344 5282 3721 5340; x_wconf 62' lang='lat' dir='ltr'><strong>praeterquam</strong></span> 
     </span>
    </p>
   </div>
   <div class='ocr_carea' id='block_1_92' title="bbox 2140 5365 3728 5446">
    <p class='ocr_par' dir='ltr' id='par_1_92' title="bbox 2140 5365 3728 5446">
     <span class='ocr_line' id='line_1_92' title="bbox 2140 5365 3728 5446; baseline -0.008 -17"><span class='ocrx_word' id='word_1_632' title='bbox 2140 5376 2282 5446; x_wconf 85' lang='lat' dir='ltr'><strong>quod</strong></span> <span class='ocrx_word' id='word_1_633' title='bbox 2307 5374 2493 5428; x_wconf 74' lang='lat' dir='ltr'><strong>lremei</strong></span> <span class='ocrx_word' id='word_1_634' title='bbox 2529 5373 2572 5404; x_wconf 80' lang='grc'><strong>³⁸</strong></span> <span class='ocrx_word' id='word_1_635' title='bbox 2606 5372 3003 5439; x_wconf 82' lang='lat' dir='ltr'><strong>expositionem</strong></span> <span class='ocrx_word' id='word_1_636' title='bbox 3039 5367 3212 5421; x_wconf 86' lang='lat' dir='ltr'><strong>secuti</strong></span> <span class='ocrx_word' id='word_1_637' title='bbox 3247 5365 3728 5435; x_wconf 66' lang='lat' dir='ltr'><strong>sumt,Chrysosto-</strong></span> 
     </span>
    </p>
   </div>
   <div class='ocr_carea' id='block_1_93' title="bbox 456 5446 3727 5546">
    <p class='ocr_par' dir='ltr' id='par_1_93' title="bbox 456 5446 3727 5546">
     <span class='ocr_line' id='line_1_93' title="bbox 456 5446 3727 5546; baseline -0.009 -6"><span class='ocrx_word' id='word_1_638' title='bbox 456 5488 604 5540; x_wconf 90' lang='lat' dir='ltr'><strong>enim</strong></span> <span class='ocrx_word' id='word_1_639' title='bbox 664 5446 859 5539; x_wconf 57' lang='lat' dir='ltr'><strong>auctor</strong></span> <span class='ocrx_word' id='word_1_640' title='bbox 911 5446 1120 5538; x_wconf 42' lang='lat' dir='ltr'><strong>tani’um</strong></span> <span class='ocrx_word' id='word_1_641' title='bbox 1173 5485 1367 5541; x_wconf 87' lang='lat' dir='ltr'><strong>valeat.</strong></span> <span class='ocrx_word' id='word_1_642' title='bbox 1403 5493 1460 5536; x_wconf 90' lang='lat' dir='ltr'><strong>ut</strong></span> <span class='ocrx_word' id='word_1_643' title='bbox 1502 5499 1563 5535; x_wconf 88' lang='lat' dir='ltr'><strong>ea</strong></span> <span class='ocrx_word' id='word_1_644' title='bbox 1604 5482 1816 5544; x_wconf 77' lang='lat' dir='ltr'><strong>outnia,</strong></span> <span class='ocrx_word' id='word_1_645' title='bbox 1840 5477 2037 5546; x_wconf 86' lang='lat' dir='ltr'><strong>quibus</strong></span> <span class='ocrx_word' id='word_1_646' title='bbox 2069 5446 2113 5500; x_wconf 70' lang='grc' dir='ltr'>θ</span> <span class='ocrx_word' id='word_1_647' title='bbox 2147 5488 2291 5535; x_wconf 88' lang='lat' dir='ltr'><strong>mus,</strong></span> <span class='ocrx_word' id='word_1_648' title='bbox 2325 5468 2788 5538; x_wconf 81' lang='lat' dir='ltr'><strong>TheOphylactus,</strong></span> <span class='ocrx_word' id='word_1_649' title='bbox 2837 5463 3096 5524; x_wconf 83' lang='lat' dir='ltr'><strong>Hilarius,</strong></span> <span class='ocrx_word' id='word_1_650' title='bbox 3139 5460 3503 5529; x_wconf 84' lang='lat' dir='ltr'><strong>Hieronymus</strong></span> <span class='ocrx_word' id='word_1_651' title='bbox 3537 5464 3589 5510; x_wconf 85' lang='lat' dir='ltr'><strong>et</strong></span> <span class='ocrx_word' id='word_1_652' title='bbox 3627 5455 3727 5509; x_wconf 90' lang='lat' dir='ltr'><strong>alii</strong></span> 
     </span>
    </p>
   </div>
   <div class='ocr_carea' id='block_1_94' title="bbox 456 5574 2039 5646">
    <p class='ocr_par' dir='ltr' id='par_1_94' title="bbox 456 5574 2039 5646">
     <span class='ocr_line' id='line_1_94' title="bbox 456 5574 2039 5646; baseline -0.008 -13"><span class='ocrx_word' id='word_1_653' title='bbox 456 5578 805 5633; x_wconf 87' lang='lat' dir='ltr'><strong>adversarios</strong></span> <span class='ocrx_word' id='word_1_654' title='bbox 833 5576 1048 5640; x_wconf 79' lang='lat' dir='ltr'><strong>refellit,</strong></span> <span class='ocrx_word' id='word_1_655' title='bbox 1074 5586 1413 5646; x_wconf 75' lang='lat' dir='ltr'><strong>argnmcnm,</strong></span> <span class='ocrx_word' id='word_1_656' title='bbox 1446 5576 1669 5629; x_wconf 81' lang='lat' dir='ltr'><strong>tetidem</strong></span> <span class='ocrx_word' id='word_1_657' title='bbox 1695 5574 2039 5626; x_wconf 87' lang='lat' dir='ltr'><strong>demonstra-</strong></span> 
     </span>
    </p>
   </div>
   <div class='ocr_carea' id='block_1_95' title="bbox 461 5658 2038 5739">
    <p class='ocr_par' dir='ltr' id='par_1_95' title="bbox 461 5658 2038 5739">
     <span class='ocr_line' id='line_1_95' title="bbox 461 5658 2038 5739; baseline -0.009 -15"><span class='ocrx_word' id='word_1_658' title='bbox 461 5672 638 5725; x_wconf 89' lang='lat' dir='ltr'><strong>tiones</strong></span> <span class='ocrx_word' id='word_1_659' title='bbox 666 5672 824 5725; x_wconf 86' lang='lat' dir='ltr'><strong>sint?</strong></span> <span class='ocrx_word' id='word_1_660' title='bbox 856 5671 954 5725; x_wconf 88' lang='lat' dir='ltr'><strong>Vix</strong></span> <span class='ocrx_word' id='word_1_661' title='bbox 1006 5671 1123 5725; x_wconf 83' lang='lat' dir='ltr'><strong>ﬁeri</strong></span> <span class='ocrx_word' id='word_1_662' title='bbox 1156 5680 1333 5739; x_wconf 80' lang='lat' dir='ltr'><strong>potest</strong></span> <span class='ocrx_word' id='word_1_663' title='bbox 1359 5668 1510 5735; x_wconf 91' lang='lat' dir='ltr'><strong>quin,</strong></span> <span class='ocrx_word' id='word_1_664' title='bbox 1559 5665 1604 5719; x_wconf 79' lang='lat' dir='ltr'><strong>si</strong></span> <span class='ocrx_word' id='word_1_665' title='bbox 1640 5661 1944 5732; x_wconf 67' lang='lat' dir='ltr'><strong>pra&#39;sertint</strong></span> <span class='ocrx_word' id='word_1_666' title='bbox 1973 5658 2038 5711; x_wconf 89' lang='lat' dir='ltr'><strong>de</strong></span> 
     </span>
    </p>
   </div>
   <div class='ocr_carea' id='block_1_96' title="bbox 460 5748 2037 5821">
    <p class='ocr_par' dir='ltr' id='par_1_96' title="bbox 460 5748 2037 5821">
     <span class='ocr_line' id='line_1_96' title="bbox 460 5748 2037 5821; baseline -0.006 -12"><span class='ocrx_word' id='word_1_667' title='bbox 460 5773 564 5811; x_wconf 86' lang='lat' dir='ltr'><strong>una</strong></span> <span class='ocrx_word' id='word_1_668' title='bbox 591 5767 646 5812; x_wconf 90' lang='lat' dir='ltr'><strong>et</strong></span> <span class='ocrx_word' id='word_1_669' title='bbox 674 5759 863 5813; x_wconf 85' lang='lat' dir='ltr'><strong>eadem</strong></span> <span class='ocrx_word' id='word_1_670' title='bbox 896 5776 953 5813; x_wconf 89' lang='lat' dir='ltr'><strong>re</strong></span> <span class='ocrx_word' id='word_1_671' title='bbox 985 5760 1152 5812; x_wconf 89' lang='lat' dir='ltr'><strong>multa</strong></span> <span class='ocrx_word' id='word_1_672' title='bbox 1182 5759 1315 5821; x_wconf 87' lang='lat' dir='ltr'><strong>sint,</strong></span> <span class='ocrx_word' id='word_1_673' title='bbox 1341 5757 1443 5810; x_wconf 85' lang='lat' dir='ltr'><strong>alia</strong></span> <span class='ocrx_word' id='word_1_674' title='bbox 1473 5757 1594 5809; x_wconf 91' lang='lat' dir='ltr'><strong>aliis</strong></span> <span class='ocrx_word' id='word_1_675' title='bbox 1622 5752 1927 5807; x_wconf 83' lang='lat' dir='ltr'><strong>cllicaciora</strong></span> <span class='ocrx_word' id='word_1_676' title='bbox 1957 5748 2037 5802; x_wconf 79' lang='lat' dir='ltr'><strong>vel</strong></span> 
     </span>
    </p>
   </div>
   <div class='ocr_carea' id='block_1_97' title="bbox 534 5907 1987 5979">
    <p class='ocr_par' dir='ltr' id='par_1_97' title="bbox 534 5907 1987 5979">
     <span class='ocr_line' id='line_1_97' title="bbox 534 5907 1987 5979; baseline -0.001 -14"><span class='ocrx_word' id='word_1_677' title='bbox 534 5907 768 5978; x_wconf 66' lang='lat' dir='ltr'><strong>“irem,</strong></span> <span class='ocrx_word' id='word_1_678' title='bbox 793 5912 884 5970; x_wconf 92' lang='lat' dir='ltr'><strong>lib.</strong></span> <span class='ocrx_word' id='word_1_679' title='bbox 918 5930 977 5979; x_wconf 85' lang='grc' dir='ltr'><strong>ιι.</strong></span> <span class='ocrx_word' id='word_1_680' title='bbox 1008 5930 1053 5970; x_wconf 90' lang='lat' dir='ltr'><strong>c.</strong></span> <span class='ocrx_word' id='word_1_681' title='bbox 1089 5914 1181 5979; x_wconf 72' lang='lat'><strong>27,</strong></span> <span class='ocrx_word' id='word_1_682' title='bbox 1214 5930 1264 5970; x_wconf 90' lang='lat' dir='ltr'><strong>n.</strong></span> <span class='ocrx_word' id='word_1_683' title='bbox 1313 5914 1359 5968; x_wconf 85' lang='grc' dir='ltr'><strong>Ι.</strong></span> <span class='ocrx_word' id='word_1_684' title='bbox 1440 5913 1483 5945; x_wconf 74' lang='grc'><strong><em>³³</em></strong></span> <span class='ocrx_word' id='word_1_685' title='bbox 1514 5910 1705 5968; x_wconf 79' lang='lat' dir='ltr'><strong>Matth.</strong></span> <span class='ocrx_word' id='word_1_686' title='bbox 1746 5926 1867 5977; x_wconf 79' lang='lat' dir='ltr'><strong>xui,</strong></span> <span class='ocrx_word' id='word_1_687' title='bbox 1901 5908 1987 5963; x_wconf 77' lang='lat'><strong>5‘2.</strong></span> 
     </span>
    </p>
   </div>
   <div class='ocr_carea' id='block_1_98' title="bbox 2146 5546 3729 5633">
    <p class='ocr_par' dir='ltr' id='par_1_98' title="bbox 2146 5546 3729 5633">
     <span class='ocr_line' id='line_1_98' title="bbox 2146 5546 3729 5633; baseline -0.009 -18"><span class='ocrx_word' id='word_1_688' title='bbox 2146 5563 2349 5633; x_wconf 88' lang='lat' dir='ltr'><strong>plures,</strong></span> <span class='ocrx_word' id='word_1_689' title='bbox 2407 5570 2465 5615; x_wconf 92' lang='lat' dir='ltr'><strong>ut</strong></span> <span class='ocrx_word' id='word_1_690' title='bbox 2519 5569 2672 5614; x_wconf 84' lang='lat' dir='ltr'><strong>recte</strong></span> <span class='ocrx_word' id='word_1_691' title='bbox 2720 5558 2944 5611; x_wconf 88' lang='lat' dir='ltr'><strong>adnotat</strong></span> <span class='ocrx_word' id='word_1_692' title='bbox 2986 5551 3417 5612; x_wconf 87' lang='lat' dir='ltr'><strong>Feuardentius;</strong></span> <span class='ocrx_word' id='word_1_693' title='bbox 3474 5558 3535 5601; x_wconf 89' lang='lat' dir='ltr'><strong>ut</strong></span> <span class='ocrx_word' id='word_1_694' title='bbox 3578 5546 3729 5601; x_wconf 83' lang='lat' dir='ltr'><strong>forte</strong></span> 
     </span>
    </p>
   </div>
   <div class='ocr_carea' id='block_1_99' title="bbox 2146 5642 3730 5710">
    <p class='ocr_par' dir='ltr' id='par_1_99' title="bbox 2146 5642 3730 5710">
     <span class='ocr_line' id='line_1_99' title="bbox 2146 5642 3730 5710; baseline -0.011 -1"><span class='ocrx_word' id='word_1_695' title='bbox 2146 5656 2412 5709; x_wconf 79' lang='lat' dir='ltr'><strong>adversus</strong></span> <span class='ocrx_word' id='word_1_696' title='bbox 2448 5654 2585 5707; x_wconf 90' lang='lat' dir='ltr'><strong>alios</strong></span> <span class='ocrx_word' id='word_1_697' title='bbox 2616 5651 2903 5706; x_wconf 76' lang='lat' dir='ltr'><strong>lnereticos</strong></span> <span class='ocrx_word' id='word_1_698' title='bbox 2926 5665 3031 5702; x_wconf 90' lang='lat' dir='ltr'><strong>non</strong></span> <span class='ocrx_word' id='word_1_699' title='bbox 3051 5645 3315 5699; x_wconf 87' lang='lat' dir='ltr'><strong>valuisset</strong></span> <span class='ocrx_word' id='word_1_700' title='bbox 3331 5642 3604 5710; x_wconf 89' lang='lat' dir='ltr'><strong>ejusmodi</strong></span> <span class='ocrx_word' id='word_1_701' title='bbox 3633 5655 3730 5693; x_wconf 86' lang='lat' dir='ltr'><strong>ar-</strong></span> 
     </span>
    </p>
   </div>
   <div class='ocr_carea' id='block_1_100' title="bbox 2146 5732 3724 5819">
    <p class='ocr_par' dir='ltr' id='par_1_100' title="bbox 2146 5732 3724 5819">
     <span class='ocr_line' id='line_1_100' title="bbox 2146 5732 3724 5819; baseline -0.012 -17"><span class='ocrx_word' id='word_1_702' title='bbox 2146 5759 2483 5819; x_wconf 84' lang='lat' dir='ltr'><strong>gumentum,</strong></span> <span class='ocrx_word' id='word_1_703' title='bbox 2509 5748 2743 5799; x_wconf 79' lang='lat' dir='ltr'><strong>maxime</strong></span> <span class='ocrx_word' id='word_1_704' title='bbox 2765 5741 2977 5798; x_wconf 81' lang='lat' dir='ltr'><strong>valebat</strong></span> <span class='ocrx_word' id='word_1_705' title='bbox 2998 5740 3259 5796; x_wconf 84' lang='lat' dir='ltr'><strong>adversus</strong></span> <span class='ocrx_word' id='word_1_706' title='bbox 3284 5732 3724 5797; x_wconf 80' lang='lat' dir='ltr'><strong>Valetttiniauos,</strong></span> 
     </span>
    </p>
   </div>
   <div class='ocr_carea' id='block_1_101' title="bbox 2089 5904 2723 5972">
    <p class='ocr_par' dir='ltr' id='par_1_101' title="bbox 2089 5904 2723 5972">
     <span class='ocr_line' id='line_1_101' title="bbox 2089 5904 2723 5972; baseline 0 -13"><span class='ocrx_word' id='word_1_707' title='bbox 2089 5906 2129 5937; x_wconf 74' lang='grc'><strong>³⁵</strong></span> <span class='ocrx_word' id='word_1_708' title='bbox 2158 5905 2279 5963; x_wconf 83' lang='lat' dir='ltr'><strong>Lib.</strong></span> <span class='ocrx_word' id='word_1_709' title='bbox 2312 5920 2386 5972; x_wconf 84' lang='lat' dir='ltr'><strong>Iv,</strong></span> <span class='ocrx_word' id='word_1_710' title='bbox 2425 5919 2474 5960; x_wconf 91' lang='lat' dir='ltr'><strong>c.</strong></span> <span class='ocrx_word' id='word_1_711' title='bbox 2508 5904 2562 5969; x_wconf 87' lang='lat'><strong>9,</strong></span> <span class='ocrx_word' id='word_1_712' title='bbox 2592 5920 2646 5959; x_wconf 88' lang='grc' dir='ltr'><strong>η.</strong></span> <span class='ocrx_word' id='word_1_713' title='bbox 2679 5904 2723 5959; x_wconf 71' lang='lat' dir='ltr'><strong>i.</strong></span> 
     </span>
    </p>
   </div>
  </div>
