3924 6354
288 288 389 343 245

1216 287 1677 346 DESSERTATIO
1713 287 1801 353 lli,
1838 288 1926 342 DE
1966 287 2222 344 lliENIEl
2260 287 2629 344 DOCTRINA.

3456 293 3561 349 2.56

287 408 373 474 qui
423 422 453 459 e
494 405 781 475 parabolis
847 406 1082 461 efﬁcacia
1138 408 1248 476 peti
1306 423 1469 477 posse
1520 407 1815 462 censebant
1853 424 1865 461 :
1898 411 2093 466 Arum
2149 406 2385 475 ipsorum
2445 414 2609 477 caput
2676 415 3005 477 retorqueat.
3070 409 3249 476 Quare
3306 410 3436 480 quid
3506 423 3559 464 ct

284 498 346 551 ad
371 512 509 566 quos
539 500 777 569 proinde
808 500 1179 555 retundendos
1213 498 1518 554 suiﬁciebat
1554 500 1869 569 parabolam

282 607 342 643 eo
375 607 544 645 sensu
586 595 876 663 explicari,
908 594 1003 663 qui
1033 610 1156 649 cum
1188 594 1391 650 Christi
1416 594 1600 648 verbis
1631 603 1683 647 et
1716 594 1872 647 insti-

284 695 392 739 tuto
427 701 537 740 non
567 698 863 757 pugnaret.
899 688 1018 742 Alia
1049 703 1171 743 esse
1196 688 1436 743 clariora
1468 688 1675 744 Christi
1698 688 1869 753 dicta,

280 800 308 834 e
338 782 538 847 quibus
577 794 903 852 argumenta
950 783 1073 837 duci
1132 792 1403 852 poterant,
1452 784 1621 853 probe
1666 783 1871 836 sciebat

280 869 551 936 lremcus;
592 874 691 927 sed
730 874 847 927 hmc
884 873 1023 927 libro
1056 875 1249 943 quinto
1280 874 1621 938 reservabat,
1665 884 1725 928 ut
1753 876 1873 943 ipse

280 966 568 1034 proﬁtetur
638 968 795 1022 initio
865 968 1023 1036 hujus
1083 967 1207 1023 libri
1279 978 1334 1022 et
1393 970 1446 1023 in
1492 969 1601 1023 ﬁne
1665 969 1867 1037 quarti.

282 1057 418 1111 Idem
455 1057 573 1110 dici
609 1058 775 1111 velim
815 1059 882 1113 de
915 1058 1084 1113 variis
1111 1074 1464 1115 numerorum
1506 1059 1870 1129 copulationi-

283 1152 392 1213 bus,
429 1150 644 1217 quibus
678 1150 954 1203 interdum
991 1150 1109 1219 plus
1140 1165 1299 1220 aequo
1349 1152 1612 1205 delectari
1648 1152 1872 1205 videtur

282 1250 467 1294 auctor
491 1250 713 1295 noster.
745 1241 1026 1310 Ejusmodi
1066 1241 1290 1311 quidem
1326 1243 1568 1311 argutias
1604 1242 1873 1296 fastidivit

281 1336 549 1401 posterior
590 1344 768 1398 aetas;
815 1350 924 1389 nou
968 1338 1043 1389 ita
1078 1350 1208 1390 vero
1242 1350 1332 1400 ea,
1368 1351 1474 1404 qua
1512 1334 1737 1405 scripsit
1767 1334 1874 1389 Ire-

283 1440 459 1489 nazus,
496 1435 555 1479 et
593 1426 767 1494 hujus
821 1442 1002 1483 mores
1052 1428 1257 1482 nostris
1315 1427 1498 1481 metiri
1545 1443 1677 1482 sana
1732 1427 1873 1481 ratio

281 1533 376 1571 non
410 1517 570 1572 sinit.
604 1519 979 1589 Allegoricnm
1023 1521 1126 1573 hoc
1162 1520 1579 1590 philosophandi
1616 1534 1809 1589 genus,
1841 1534 1872 1573 a

280 1609 671 1681 Pythagoricis
732 1622 787 1667 et
862 1613 1161 1667 Platonicis
1234 1624 1561 1683 acceptum,
1632 1614 1872 1667 maximo

279 1704 407 1771 apud
443 1704 735 1770 ethnicos,
762 1705 871 1760 imo
902 1716 955 1760 et
978 1704 1195 1761 Judaeos
1222 1706 1391 1776 ipsos.
1433 1707 1484 1759 in
1513 1706 1687 1775 pretio
1709 1714 1870 1761 erat:

277 1795 337 1846 ad
362 1796 506 1864 quod
538 1797 905 1853 conformare
938 1814 1058 1853 sese
1092 1800 1347 1869 antiquos
1402 1799 1596 1853 Patres
1649 1813 1872 1853 necesse

278 1886 393 1951 fuit,
424 1897 542 1941 tum
598 1899 666 1941 ut
702 1890 971 1959 superbos
1014 1891 1228 1945 animos
1270 1890 1373 1946 sibi
1430 1890 1647 1945 facilius
1686 1892 1873 1945 conci-

278 1978 489 2045 liarent,
530 1982 714 2034 semel
750 1998 1042 2050 persuasos
1076 1983 1444 2037 Christianam
1486 1983 1808 2053 religionem
1839 1997 1870 2035 a

279 2084 417 2130 recta
444 2076 886 2145 philosophandi
919 2078 1133 2131 ratione
1158 2092 1265 2130 non
1300 2078 1635 2141 abhorrere;
1672 2090 1781 2131 tum
1811 2090 1871 2134 ut

275 2183 361 2221 eos
388 2169 640 2236 prepriis
684 2171 1065 2233 mucronibus,
1131 2171 1221 2223 ubi
1277 2185 1399 2225 sese
1432 2172 1658 2225 occasio
1688 2172 1868 2236 daret,

277 2260 646 2329 conﬁgerent.
705 2262 770 2315 Et
798 2262 852 2316 id
887 2263 1108 2331 quidem
1147 2263 1215 2317 ab
1252 2262 1479 2327 lremeo,
1547 2278 1612 2317 eo
1664 2266 1866 2334 potiori

271 2354 383 2418 jure
412 2363 779 2423 usurpatum,
819 2370 929 2424 quo
983 2354 1258 2421 Gnostici,
1324 2366 1383 2410 ut
1440 2356 1567 2410 alibi
1626 2356 1868 2421 ostendi,

275 2444 749 2516 Pythagoreorum
796 2446 1319 2516 Platonicornmquc
1345 2448 1627 2517 principiis
1654 2450 1873 2518 imbuti,

276 2540 564 2606 plurimum
634 2540 887 2593 numeris
940 2541 1267 2604 tribuerent,
1304 2552 1359 2595 et
1393 2542 1445 2595 in
1484 2542 1652 2596 variis
1682 2557 1871 2596 eorum

278 2630 717 2699 copulationibus
778 2631 924 2685 haud
979 2635 1237 2702 exiguum
1291 2649 1469 2687 causa:
1527 2650 1636 2687 suae
1686 2634 1875 2701 praesi-

274 2723 412 2776 dium
449 2725 890 2779 constituerent.
938 2724 1018 2777 Ad
1070 2740 1300 2793 quorum
1351 2726 1581 2795 proinde
1638 2728 1875 2795 philoso-

276 2820 519 2887 phemata
568 2834 641 2875 eo
690 2834 753 2874 se
806 2818 1037 2873 consilio
1068 2821 1369 2891 componit,
1402 2830 1459 2875 ut
1488 2836 1550 2876 ea
1587 2821 1637 2876 in
1674 2833 1863 2875 aucto-

1975 508 2242 566 qnantum
2272 498 2488 552 valeant
2511 498 2774 569 ejusmodi
2810 500 3072 563 rationes,
3110 512 3167 555 ut
3209 518 3365 573 aequa
3400 503 3559 558 lance

1975 589 2301 657 pensitetur,
2352 592 2707 660 proponentis
2752 601 2904 657 :etas,
2960 608 3179 661 scepus,
3228 597 3555 664 adversarii,

1976 699 2039 737 ac
2069 683 2397 752 litigantium
2429 684 2745 753 hypothesis
2772 700 2883 753 prae
2916 687 3091 740 oculis
3113 702 3330 757 semper
3363 689 3558 745 haberi

1975 774 2135 829 debet
2170 774 2276 827 :ad
2317 789 2438 842 qua:
2489 776 2736 845 quisquis
2783 791 2973 845 aequus
3027 778 3345 843 attenderit,
3394 779 3559 835 fateri

1976 882 2082 920 non
2116 866 2392 921 dubitabit
2447 867 2499 919 id
2555 868 2732 935 egisse
2784 867 2889 923 SS.
2946 868 3138 924 Patres
3193 870 3338 938 quod
3391 872 3442 924 in
3484 873 3557 928 iis

1979 970 2284 1030 temporum
2329 960 2869 1030 disputationumque
2926 962 3355 1017 circumstantiis
3407 976 3557 1020 recta

1981 1054 2123 1107 ratio
2151 1054 2218 1108 ab
2253 1054 2318 1108 iis
2358 1055 2631 1122 exigebat.
2688 1055 2797 1109 Sed
2846 1071 3007 1123 quam
3064 1071 3253 1124 parum
3291 1058 3558 1114 tribueret

1979 1148 2217 1203 Irenazus
2239 1150 2504 1218 ejusmodi
2550 1164 2901 1203 numerorum
2951 1150 3261 1207 rationibus
3302 1161 3357 1207 et
3390 1168 3559 1223 copu-

1977 1239 2295 1304 lationibus,
2348 1241 2656 1295 luculenter
2715 1250 2864 1310 patet
2909 1257 2975 1296 ex
3038 1244 3104 1297 iis
3161 1260 3281 1312 qua:
3330 1244 3426 1299 lib.
3492 1259 3556 1312 tt,

1975 1348 2095 1402 cap.
2124 1322 2194 1387 ‘25
2228 1344 2283 1388 et
2306 1333 2396 1399 26,
2425 1333 2667 1388 disserit.
2713 1332 2788 1387 lbi
2835 1335 2981 1388 enim
3028 1352 3094 1391 ex
3134 1336 3381 1406 professo
3427 1352 3556 1409 pro-

1974 1426 2091 1489 hat,
2127 1425 2219 1479 Dei
2252 1440 2445 1494 opera,
2478 1440 2563 1479 res
2597 1426 2831 1492 divinas,
2884 1430 3174 1493 rationem,
3207 1446 3270 1484 ac
3307 1430 3558 1484 veritatis

1976 1529 2297 1586 argumenta
2334 1521 2401 1575 ad
2434 1536 2693 1575 numeros
2739 1521 2881 1589 exigi
2927 1539 3032 1576 non
3071 1523 3303 1589 debere;
3336 1524 3433 1578 sed
3465 1539 3559 1591 po-

1976 1613 2083 1667 tius
2117 1628 2375 1667 numeros
2428 1614 2493 1667 ad
2524 1629 2612 1667 res
2642 1614 2875 1677 divinas,
2918 1616 3184 1670 rationem
3230 1624 3283 1669 et
3314 1616 3559 1670 veritatis

1978 1708 2292 1769 argumenta
2316 1704 2611 1769 exigendos
2641 1718 2799 1765 esse;
2847 1704 3231 1775 curiosamque
3273 1706 3421 1759 illam
3454 1723 3559 1761 nu~

1977 1807 2249 1846 inerorum
2284 1794 2719 1863 inquisitionem,
2745 1803 2800 1849 et
2834 1811 2899 1849 ex
2932 1795 2999 1850 iis
3035 1798 3193 1851 ducta
3232 1807 3558 1864 argumenta

1972 1881 2190 1937 inﬁrma
2243 1900 2365 1940 esse
2438 1902 2501 1941 ac
2559 1888 2881 1957 plerumque
2930 1904 3064 1942 vana
3114 1898 3169 1943 et
3227 1890 3558 1957 periculosa.

1970 1976 2090 2029 Non
2134 1986 2316 2031 tamen
2356 1979 2619 2034 hactenus
2651 1982 2811 2035 dictis
2856 1982 3196 2051 negaverim,
3239 1982 3370 2052 quin
3416 1992 3558 2050 apuu

1969 2069 2231 2123 lrenmum
2256 2073 2453 2139 Spurio:
2475 2074 2726 2141 quaadam
2752 2086 3049 2128 occurrant
3077 2078 3340 2137 rationes,
3362 2076 3562 2142 quibus

1974 2173 2162 2213 revera
2190 2162 2688 2217 ecclesiasticorum
2718 2166 3035 2235 tlogmatum
3084 2166 3285 2220 veritas
3342 2167 3564 2221 locetur

1974 2252 2155 2319 potius
2198 2267 2363 2321 quam
2404 2254 2746 2323 illustretur;
2801 2260 2992 2327 quales
3031 2267 3159 2314 sunt
3208 2274 3287 2313 ea:
3343 2272 3484 2327 quas
3529 2274 3562 2312 a

1976 2343 2177 2399 Christi
2212 2355 2394 2411 suate,
2432 2356 2486 2401 ct
2516 2349 2825 2405 millenario
2859 2366 3029 2420 regno
3079 2350 3244 2420 petit;
3272 2350 3370 2405 sed
3409 2350 3478 2404 iis
3505 2359 3563 2404 et

1974 2437 2099 2491 aliis
2135 2440 2464 2507 quibusdam
2513 2443 2705 2511 paucis
2732 2446 2999 2512 exceptis,
3048 2446 3263 2500 caeteris
3302 2443 3581 2507 omnibus.

1973 2531 2018 2584 si
2049 2532 2328 2599 aequitatis
2352 2536 2690 2601 ponderibus
2716 2540 3123 2599 examinentur,
3164 2547 3218 2591 et
3252 2538 3321 2591 ad
3368 2546 3563 2591 aucto-

1974 2622 2050 2676 ris
2101 2638 2323 2690 scopum
2381 2634 2545 2694 atque
2594 2630 2886 2684 consilium
2944 2630 3254 2695 exigantur,
3321 2631 3558 2699 pretium

1972 2715 2247 2768 constabit
2292 2724 2345 2769 et
2372 2719 2557 2771 robur.
2612 2718 2719 2774 Sed
2759 2721 2891 2790 quid
2928 2731 2985 2775 et
3026 2730 3290 2790 quantum
3334 2736 3404 2774 ex
3444 2717 3562 2786 ejus

1976 2804 2224 2858 doctrina
2253 2805 2432 2874 juvari
2456 2808 2628 2877 possit
2645 2811 2918 2866 catholica
2943 2810 3095 2875 lides,
3117 2810 3230 2879 jam
3259 2810 3561 2866 videamus.

1296 3328 1971 3422 ARTICULUS
2044 3332 2536 3421 PRIMUS.

805 3545 899 3606 De
937 3545 1412 3624 Scripturarum
1455 3563 1784 3610 sacrarum
1818 3547 2186 3625 divinitate,
2222 3566 2469 3611 canone
2505 3556 2569 3611 et
2600 3548 3035 3611 versionibus.

346 3962 393 4018 3.
426 3963 754 4032 Scripturas
786 3977 974 4020 sacras
1012 3965 1184 4020 Demn
1225 3966 1402 4035 ipsum
1445 3976 1729 4023 auctorem
1767 3969 1868 4024 ha-
1893 3974 1937 4034 ο
1970 3962 2180 4027 haberi,
2232 3971 2286 4015 et
2342 3958 2498 4030 plora
2530 3974 2595 4015 ex
2638 3956 2726 4024 iis,
2763 3968 3019 4028 tanquam
3068 3972 3136 4011 ex
3184 3956 3337 4011 libris
3369 3956 3563 4012 divina:

286 4054 417 4122 bere,
471 4061 711 4128 ejusque
759 4054 973 4129 Spiritu
1007 4058 1227 4113 alﬂante
1253 4071 1508 4114 exaratas
1557 4076 1701 4126 esse,
1751 4070 1862 4115 tam

286 4159 457 4217 aperte
484 4161 720 4219 tamque
767 4148 1085 4219 frequenter
1122 4151 1410 4220 proﬁtetur
1442 4151 1680 4207 Irentcus
1711 4154 1775 4218 ³⁸,
1806 4161 1865 4208 ut

286 4241 329 4294 id
354 4244 659 4297 observare
700 4258 922 4311 operam
960 4243 1076 4298 fere
1097 4244 1285 4299 ludere
1317 4247 1408 4300 sit.
1442 4245 1755 4315 Scriptum,
1783 4248 1865 4301 in-

285 4336 403 4402 quit,
433 4337 689 4404 perfecta:
720 4345 866 4401 sunt,
902 4337 1089 4406 quippe
1129 4355 1161 4390 a
1208 4336 1375 4391 Verbo
1419 4338 1519 4393 Dei
1560 4349 1610 4393 et
1659 4338 1863 4410 Spiritu

287 4428 385 4495 ejus
413 4430 595 4484 diem.
628 4428 695 4482 Et
728 4444 799 4483 ne
822 4429 1028 4483 diutius
1057 4446 1219 4497 quam
1268 4446 1366 4499 par
1405 4432 1478 4486 sit
1520 4432 1781 4488 immorer
1809 4434 1861 4488 in

286 4537 335 4577 re
366 4532 468 4577 tam
505 4522 833 4590 manifesta,
867 4532 1012 4579 totus
1040 4533 1127 4579 est
1150 4523 1392 4581 Irenaeus
1430 4526 1572 4581 libro
1615 4528 1775 4582 tertio
1802 4537 1857 4583 et

288 4628 489 4685 quarto,
526 4628 589 4670 ut
624 4616 822 4685 probet
857 4631 1021 4670 unum
1072 4625 1127 4670 et
1166 4619 1415 4672 eumdem
1459 4619 1627 4674 Deum
1664 4630 1717 4675 et
1759 4620 1864 4675 Pa-

289 4714 433 4773 trem,
460 4710 755 4778 utriusque
784 4708 1141 4775 Testatnenti,
1171 4709 1305 4766 Novi
1347 4710 1596 4766 videlicet
1622 4720 1675 4765 et
1704 4713 1864 4767 Vete—

291 4800 375 4864 ris,
399 4812 683 4857 auctorem
708 4818 864 4870 esse;
894 4804 1141 4873 ipsoque,
1174 4820 1272 4859 nec
1320 4805 1448 4870 alio,
1490 4822 1585 4875 per
1626 4804 1861 4860 Verbum

290 4902 335 4945 et
378 4895 645 4963 Spiritum
707 4910 868 4950 suum
920 4896 1277 4965 scriptoribus
1320 4900 1512 4966 sacris,
1577 4909 1686 4953 tum
1739 4916 1864 4969 pro-

291 4989 485 5054 phetis,
537 5000 652 5043 tum
700 4989 962 5058 apostolis
1008 4998 1063 5044 et
1110 4992 1460 5063 evangelistis
1508 4992 1745 5058 aﬂlante,
1797 5010 1861 5047 ea

293 5081 451 5134 etnnia
500 5097 624 5152 quae
656 5080 716 5135 in
752 5084 1030 5137 (lationem
1080 5084 1263 5137 retulit
1320 5082 1585 5150 Ecclesia,
1636 5097 1860 5140 exarata

294 5166 459 5224 luisse.

350 5261 400 5313 ι.
439 5262 544 5317 Sed
569 5278 738 5331 quam
776 5262 882 5317 late
904 5262 1108 5319 Irenaeo
1134 5276 1344 5334 pateret
1365 5282 1522 5321 sacer
1546 5267 1631 5321 hic
1653 5268 1857 5331 Canon,

1970 4054 2336 4118 auctoritatis,
2365 4052 2589 4123 allegari
2622 4068 2638 4107 :
2666 4050 3095 4106 Pentateuchum
3127 4049 3347 4121 Moysis,
3375 4048 3559 4114 Josue,

1967 4150 2225 4215 Iudices;
2288 4150 2459 4203 libros
2511 4155 2744 4216 quatuor
2796 4146 3040 4215 llegtnn;
3094 4144 3364 4209 l’salmos,
3422 4144 3559 4198 Pro-

1969 4244 2156 4296 verbia
2219 4241 2571 4305 Salomonis;
2650 4239 2967 4309 prophetias
3038 4236 3233 4301 lsaite,
3306 4234 3561 4290 Jctentia:

1968 4334 2295 4397 Ezechielis,
2348 4332 2609 4397 Danielis,
2665 4332 2838 4395 Oseze,
2903 4327 3093 4393 Joelis,
3146 4328 3331 4391 Amos,
3384 4326 3559 4389 Jonw.

1969 4428 2230 4491 Michzezr,
2273 4426 2548 4490 llabacuc,
2581 4423 2864 4478 Zacharia:
2896 4433 2949 4476 et
2995 4421 3294 4475 Malachite.
3330 4419 3461 4486 Qua:
3491 4436 3557 4475 ex

1969 4517 2037 4571 iis
2068 4517 2221 4571 libris
2247 4516 2556 4570 testimonia
2589 4513 2851 4582 proferat,
2901 4515 3241 4566 demonstrat
3277 4509 3443 4563 index
3480 4510 3559 4563 lo-

1967 4628 2159 4668 corum
2211 4610 2507 4680 Scriptura:
2554 4624 2728 4663 sacra:
2780 4624 2809 4661 a
2861 4607 3017 4660 nobis
3070 4606 3459 4668 concinnatus,
3491 4608 3559 4657 ad

1970 4707 2175 4761 calcem
2204 4704 2366 4773 hujus
2392 4704 2599 4771 operis.
2630 4702 2745 4757 lloc
2774 4701 2945 4756 semel
2975 4712 3232 4768 tanquam
3270 4712 3338 4752 ex
3383 4698 3557 4759 Isaiae,

1968 4798 2249 4853 tnultoties
2277 4810 2405 4851 vero
2435 4804 2697 4863 tanquam
2744 4810 2811 4848 ex
2844 4791 3100 4846 Jeremia:
3140 4790 3428 4861 prophetia
3458 4791 3558 4844 de-

1969 4900 2279 4962 promptum
2320 4890 2521 4959 allegat
2551 4905 2565 4941 :
2602 4887 2667 4940 Et
2696 4895 3133 4940 commemoratus
3172 4893 3250 4938 est
3298 4882 3559 4938 Dominus

1966 4997 2179 5040 sanctus
2206 4983 2376 5039 Israel
2404 4993 2734 5035 mortuorum
2761 4994 3000 5045 suorum,
3032 4979 3121 5042 qui
3144 4978 3474 5031 dormierunt
3504 4976 3560 5029 in

1967 5088 2109 5132 terra
2139 5078 2449 5145 sepultionis
2487 5091 2506 5129 :
2541 5085 2591 5127 et
2627 5074 2893 5126 descendit
2945 5072 3013 5125 ad
3060 5088 3148 5126 eos
3189 5070 3559 5152 evungelizure

1967 5174 2220 5234 salutem,
2247 5186 2365 5235 qua:
2391 5177 2469 5221 est
2500 5168 2564 5222 ab
2597 5182 2682 5230 eo,
2714 5175 2769 5219 ut
2804 5166 3032 5219 salvaret
3072 5182 3183 5220 eos.
3232 5164 3377 5219 ldetn
3426 5164 3559 5219 alle-

1966 5262 2117 5333 gavit
2142 5270 2195 5318 et
2220 5258 2467 5314 Justinus
2505 5268 2711 5327 martyr
2749 5258 2803 5310 in
2837 5255 3066 5324 Dialoga
3097 5272 3216 5308 cum
3258 5254 3558 5324 Tryphone,

296 5367 477 5419 quosve
511 5354 687 5409 libros
713 5356 1193 5423 complecteretur,
1228 5360 1371 5411 haud
1412 5358 1481 5409 ita
1528 5358 1685 5410 facile
1711 5358 1860 5411 dictu
1894 5338 1938 5393 D
1971 5357 2116 5411 velut
2145 5372 2212 5410 ex
2235 5353 2497 5417 Ieremia,
2526 5360 2864 5420 conquestus
2886 5351 3127 5418 insuper,
3160 5346 3396 5412 Jndacos,
3435 5351 3562 5405 odio

296 5456 379 5496 est.
426 5445 647 5501 Certum
693 5448 913 5515 quidem
950 5459 1033 5502 est
1075 5459 1364 5519 sequentes
1420 5448 1629 5503 Veteris
1674 5448 1864 5503 Testa-

296 5542 443 5590 ωειλιὶ
472 5539 643 5593 libros
676 5540 825 5594 velut
862 5556 1045 5597 sacros
1076 5550 1129 5599 et
1160 5543 1453 5599 canonicos
1479 5559 1507 5598 a
1542 5544 1599 5598 S.
1635 5542 1866 5598 Doctot'c

333 5730 369 5759 “
386 5732 740 5804 l.ih.tt,c.18,
782 5756 834 5795 n.
861 5740 910 5793 ‘2.

1968 5448 2434 5510 Christianorum,
2484 5444 2813 5499 sententiam
2850 5442 2991 5495 hanc
3043 5450 3098 5496 et
3146 5440 3329 5507 plures
3362 5440 3503 5492 alias
3532 5457 3561 5490 e

1970 5542 2146 5599 sacris
2192 5539 2387 5597 Bibliis
2434 5538 2686 5595 erasisse.
2746 5536 2823 5589 lix
2855 5536 3055 5589 auibus
3110 5532 3387 5602 colligitur
3436 5549 3558 5587 eam
