3924 6354
403 332 510 390 247

1230 323 1827 382 ΒΙΞΞΕΒΤΑΤΙΟΝΕΒ
1858 321 2168 381 PIUEV'IE
2204 320 2268 377 IN
2305 319 2562 376 ΙΒΕΝᾸΞΙ
2603 317 2865 374 LIBROS.

3553 313 3660 370 948

400 459 531 510 tunc
569 449 622 504 in
667 449 991 519 quibusdam
1054 447 1353 502 Ribliorum
1395 446 1835 502 Christianorum
1879 459 1973 498 co-
2007 455 2049 511 Α
2086 452 2189 496 tem
2217 440 2646 502 'Ecclesiarum,
2699 449 2998 507 earumque
3051 435 3407 505 insigniorum
3477 446 3654 504 parte,

401 541 614 595 dicibus
637 541 940 605 exstitisse,
967 539 1060 594 sed
1088 538 1468 607 paucissimis;
1503 538 1592 589 vix
1633 537 1780 590 enim
1817 534 1973 599 alios,

400 642 595 702 praeter
647 631 917 686 JuStiuum
974 640 1028 686 et
1081 631 1338 687 Irenaeum
1395 629 1657 700 reperias,
1707 643 1737 681 a
1779 626 1976 696 quibus

397 725 619 778 citetur.
646 723 768 778 .Iam
820 723 1009 778 nullibi
1057 723 1319 779 librorum
1370 737 1649 778 sacrorum
1703 719 1971 773 occurrit.

397 815 539 882 Quin
564 813 816 870 .Ieremiae
845 814 1078 869 Threnos
1105 831 1198 870 seu
1245 813 1664 868 Lamentationes
1707 810 1848 864 inter
1878 824 1969 864 ca-

399 906 625 960 nonicos
653 905 969 972 Scripturas
1016 905 1356 960 recensuerit
1405 905 1677 967 Irenzetts,
1732 901 1969 957 dubitari

393 1013 503 1052 non
537 1007 734 1068 potest.
766 997 838 1054 Ut
877 997 1020 1051 enim
1059 1012 1125 1052 ex
1169 997 1361 1051 iisdem
1405 995 1707 1066 Scripturis
1746 992 1970 1064 probet',

393 1087 668 1143 Christum
697 1087 891 1141 Filium
927 1087 1040 1148 Dei,
1069 1097 1118 1140 et
1159 1087 1411 1150 salutem,
1442 1096 1490 1140 et
1533 1085 1886 1147 Salvatorem,
1922 1095 1968 1136 et

394 1179 632 1236 salutare
655 1196 768 1233 vere
785 1190 831 1233 et
851 1179 977 1243 dici,
1001 1189 1048 1233 et
1067 1195 1200 1243 esse,
1223 1178 1386 1233 verba
1411 1177 1738 1233 hzecThren.
1764 1191 1837 1238 tv,
1859 1174 1929 1230 20
1953 1193 1967 1229 :

392 1270 628 1340 Spiritus
655 1271 811 1340 [aciei
836 1281 1029 1325 nostra:
1053 1269 1294 1324 Christus
1321 1268 1604 1335 Dominus,
1640 1268 1782 1322 inter
1807 1266 1910 1321 alia
1939 1283 1971 1322 e

390 1362 550 1421 libris
597 1361 769 1416 sacris
811 1363 979 1430 petita
1020 1362 1248 1430 profert,
1295 1375 1402 1414 non
1448 1360 1734 1414 nominato
1784 1367 1966 1413 tamen

391 1453 536 1508 libro
562 1467 594 1507 e
617 1467 723 1522 quo
755 1462 1038 1522 petuntur,
1066 1453 1158 1508 sed
1186 1452 1489 1520 generatim
1532 1451 1798 1506 duntaxat
1825 1449 1965 1504 indi-

389 1555 533 1611 cata,
563 1553 623 1598 ut
668 1557 810 1612 smpe
837 1541 994 1610 solet,
1039 1543 1352 1611 Scriptura,
1390 1540 1492 1595 hoc
1533 1542 1724 1607 verbo,
1769 1540 1961 1608 inquit.

388 1634 617 1706 Spiritus
639 1638 802 1703 enim,
817 1637 1008 1706 inquit,
1032 1636 1187 1704 {aciei
1213 1643 1405 1690 nostris
1421 1633 1661 1689 Christus
1683 1633 1965 1687 Dominus.

388 1731 534 1786 Idem
567 1730 860 1785 dicendum
897 1731 963 1785 de
995 1728 1230 1783 Baruchi
1264 1727 1426 1795 libro,
1454 1740 1613 1796 quem
1639 1734 1698 1780 ut
1723 1726 1963 1794 prophe-

2083 546 2342 604 tanquam
2372 535 2637 588 canonica
2670 533 2849 587 habita
2898 545 3114 599 semper
3143 530 3348 585 fuisse?
3389 529 3655 584 Invictum

2079 627 2295 692 quidem
2323 626 2540 680 caeteris
2567 634 2645 677 est
2678 633 3095 692 argumentum,
3133 623 3227 675 sed
3255 621 3458 676 Grabio
3495 636 3657 691 pror-

2079 733 2169 772 sus
2196 717 2470 772 inlirmum
2519 725 2572 769 ct
2613 715 2824 769 inutile.
2857 712 2989 768 Nam
3031 715 3214 769 statim
3263 725 3512 770 occurret
3551 715 3655 770 im-

2079 811 2222 879 pius,
2253 810 2462 879 hacque
2497 810 2656 862 unica
2697 807 2971 862 Grabiana
3013 806 3389 875 responsione,
3432 822 3656 877 apocry-

2073 900 2179 968 pha
2205 900 2398 969 scripta
2421 900 2644 952 subinde
2673 916 2704 952 a
2739 896 2989 951 Patribus
3030 897 3273 968 allegari,
3323 906 3490 952 totam
3538 897 3650 952 vim

2074 992 2383 1062 argumenti
2424 990 2584 1046 facile
2619 990 2904 1059 infringat,
2954 988 3328 1058 Grabiumqne
3367 991 3540 1059 ipsum
3581 990 3651 1044 ad

2074 1084 2271 1140 incitas
2321 1083 2551 1152 rediget.
2583 1081 2698 1137 Non
2728 1083 2896 1152 igitur
2915 1097 2981 1137 ex
3009 1096 3074 1138 eo
3099 1082 3244 1152 quod
3291 1083 3512 1151 quidam
3542 1081 3644 1136 Pa-

2073 1187 2186 1233 tres
2234 1178 2544 1248 apocrypha
2620 1177 2892 1230 interdum
2964 1175 3174 1244 scripta
3246 1175 3646 1246 allegaverint,

2048 1276 2258 1324 eorum
2311 1269 2458 1324 illico
2507 1267 2766 1324 elevanda
2817 1266 2952 1322 ﬁdes
3005 1275 3110 1333 est,
3150 1283 3275 1323 cum
3319 1269 3519 1325 librum
3547 1269 3651 1323 ali-

2069 1377 2230 1433 quem
2281 1361 2428 1414 Velut
2479 1360 2802 1414 canonicum
2852 1361 3044 1417 citant.
3101 1363 3157 1416 Si
3207 1361 3427 1433 quidem
3475 1372 3554 1417 tot
3592 1373 3651 1417 et

2069 1453 2229 1518 tanti,
2264 1461 2370 1506 tam
2421 1451 2535 1515 diu,
2590 1459 2808 1520 tamque
2849 1451 3164 1506 continuata
3216 1452 3360 1507 serie
3409 1466 3652 1523 apocry-

2067 1544 2235 1613 phum
2263 1543 2530 1612 quoddam
2563 1543 2823 1610 scriptum
2851 1541 3114 1607 citarent,
3135 1540 3345 1610 quanti,
3369 1556 3649 1611 quamque

2068 1636 2158 1690 diu
2211 1634 2408 1690 librum
2469 1635 2790 1691 canonicum
2845 1633 3122 1704 allegant,
3174 1645 3450 1704 premeret
3501 1633 3647 1690 forte

2067 1726 2344 1782 Grabiana
2372 1727 2684 1781 dImt'UIl'JS.
2715 1727 2784 1779 At
2814 1725 3046 1780 multum
3075 1729 3230 1782 abest
3262 1737 3322 1781 ut
3347 1727 3501 1796 paria
3529 1727 3645 1782 sint

387 1825 557 1880 ticum
586 1835 641 1880 et
689 1839 905 1878 sacrum
960 1822 1166 1886 laudat,
1201 1837 1305 1877 non
1351 1830 1531 1876 tamen
1567 1820 1669 1876 sub
1698 1818 1960 1885 Baruchi,
1986 1805 2034 1881 Β
2065 1819 2323 1889 utrinque
2371 1828 2665 1872 momenta.
2713 1817 2814 1886 Qui
2845 1818 3044 1876 librum
3095 1819 3466 1889 apocryphum
3495 1817 3647 1872 velut

387 1916 480 1970 sed
511 1915 592 1968 vel
619 1915 720 1968 sub
747 1913 986 1986 generali
1019 1914 1315 1982 prophetia,
1355 1911 1438 1966 vel
1462 1910 1564 1966 sub
1587 1909 1838 1967 Ieremia:
1861 1925 1960 1966 no-

387 2007 553 2062 mine.
582 2006 744 2061 Libro
772 2021 846 2074 tv,
878 2020 980 2073 cap
1012 2003 1103 2065 20.
1137 2022 1190 2058 ιι.
1227 2004 1282 2068 4,
1315 2004 1572 2073 probans,
1618 2020 1786 2058 unum
1839 2019 1961 2058 esse

387 2099 581 2165 Deum,
634 2099 726 2167 qui
779 2099 978 2176 Verbo.
1024 2107 1080 2151 et
1133 2096 1412 2165 Sapientia
1468 2096 1600 2151 fecit
1650 2105 1706 2151 et
1754 2097 1961 2167 aptavit

384 2192 590 2255 omnia,
619 2191 712 2261 qui
743 2191 1045 2245 secundum
1079 2189 1506 2260 magnitudinem
1551 2189 1770 2258 quidem
1812 2189 1960 2258 igno-

386 2295 472 2339 tus
503 2295 589 2338 est
629 2281 882 2338 omnibus
925 2282 1015 2350 qui
1056 2283 1125 2334 ab
1161 2296 1224 2335 eo
1279 2280 1406 2334 facti
1463 2290 1608 2348 Sunt,
1660 2281 1958 2335 secundum

384 2374 735 2431 dilectionem
789 2382 969 2428 autem
1023 2370 1376 2440 cognoscitur
1416 2384 1629 2438 semper
1680 2384 1778 2438 per
1835 2383 1957 2422 eum

380 2483 480 2536 per
528 2482 688 2537 quem
733 2464 1022 2519 constituit
1078 2463 1294 2527 omnia;
1344 2462 1555 2518 scilicet
1597 2477 1697 2532 per
1719 2459 1957 2517 Verbum

380 2560 520 2629 ejus,
554 2558 843 2613 Dominum
877 2566 1123 2610 nostrum
1153 2555 1337 2610 Jcsum
1375 2554 1677 2621 Christum,
1724 2555 1815 2623 qui
1860 2570 1959 2610 no-

383 2653 625 2710 vissimis
649 2650 984 2722 temporibus
1011 2647 1174 2703 homo
1214 2648 1268 2701 in
1303 2647 1620 2703 hominibus
1651 2647 1827 2702 factus
1851 2655 1955 2715 est,

380 2756 442 2802 ut
479 2747 639 2802 linem
691 2743 1050 2813 conjungeret
1099 2740 1390 2810 principio,
1437 2741 1488 2794 id
1542 2750 1626 2796 est
1681 2741 1954 2795 hominem

379 2839 522 2902 Deo;
553 2837 629 2890 ait
659 2853 674 2890 :
703 2834 771 2888 Et
799 2846 1071 2904 propterea
1109 2833 1396 2904 propheta,
1447 2832 1512 2886 ab
1558 2833 1742 2886 eodem
1786 2829 1955 2885 Verbo

377 2930 734 2998 propheticum
804 2927 1114 2996 accipientes
1183 2926 1484 2987 charisma,
1539 2923 1954 2991 prwdicaverunt

377 3019 490 3088 ejus
516 3021 803 3073 secundum
837 3035 1047 3072 carnem
1082 3018 1383 3080 adventum,
1428 3033 1521 3085 per
1553 3031 1705 3084 quem
1744 3011 1952 3085 [CVIII]

377 3113 670 3168 commistio
713 3120 763 3165 et
799 3113 1098 3166 communio
1159 3110 1256 3164 Dei
1305 3120 1354 3164 et
1395 3109 1623 3163 hominis
1662 3109 1951 3163 secundum
1981 3143 2026 3202 ε

377 3203 630 3272 placitum
673 3203 854 3258 Patris
896 3205 1040 3274 facta
1083 3215 1179 3271 est,
1244 3205 1308 3257 ab
1353 3205 1507 3257 initio
1560 3201 1954 3270 prwnuntiante

385 3293 551 3350 Verbo
581 3295 694 3360 Dei,
721 3297 970 3364 quoniam
1022 3293 1280 3349 uidebitur
1336 3293 1478 3348 Deus
1521 3293 1585 3345 ab
1631 3291 1951 3355 hominibus,

374 3397 422 3441 et
443 3387 839 3442 converscbitur
868 3403 985 3440 cum
1026 3387 1100 3440 eis
1143 3403 1298 3455 super
1321 3397 1539 3452 terram,
1586 3394 1696 3440 etc.
1747 3383 1955 3450 Quibus

373 3476 663 3545 postremis
689 3476 869 3531 verbis
896 3475 1186 3531 manifeste
1211 3475 1403 3531 alludit
1427 3478 1494 3532 ad
1518 3493 1580 3532 ea
1600 3476 1812 3531 Baruclt
1864 3490 1950 3541 ιιι,

373 3570 444 3624 '58
474 3587 488 3623 :
521 3565 649 3624 Post
681 3567 793 3626 hcce
815 3568 869 3622 in
904 3569 1063 3622 terris
1097 3569 1235 3623 uisus
1263 3580 1358 3635 est,
1400 3579 1447 3625 et
1486 3586 1605 3624 cum
1655 3568 1950 3623 hominibus

373 3673 708 3718 conversatus
761 3673 858 3715 est.
909 3661 1015 3717 Sed
1062 3661 1204 3716 libro
1230 3677 1281 3729 ν,
1334 3677 1454 3731 cap.
1483 3661 1573 3726 '55,
1618 3662 1756 3728 n.1,
1789 3662 1950 3716 linem

373 3754 569 3824 capitis
597 3753 776 3824 quarti
829 3765 883 3807 et
913 3763 1083 3809 totum
1113 3762 1278 3824 caput
1304 3755 1550 3824 qttintum
1573 3753 1813 3822 ejusdem
1845 3752 1950 3806 Ba-

377 3847 516 3903 ruch
545 3845 694 3900 clare
719 3858 772 3901 et
801 3846 933 3914 ipsis
959 3846 1142 3900 verbis
1173 3844 1364 3909 refert,
1408 3845 1555 3899 velut
1599 3860 1664 3898 ex
1708 3843 1948 3899 Jeretnia

372 3938 684 4007 propheta:
732 3938 1086 4008 Signiﬁcavit,
1131 3936 1329 4008 inquit,
1364 3934 1626 3990 Jeremias
1665 3936 1947 4004 propheta,

376 4029 755 4094 Circumspice,
803 4030 1008 4092 dicens,
1059 4029 1128 4082 ad
1193 4029 1444 4082 orientem
1494 4027 1854 4091 Hierusalem,
1897 4036 1947 4079 et

371 4118 773 4181 videlwtitiam,
809 4128 914 4172 etc.
975 4118 1052 4172 Ex
1085 4133 1188 4187 qua
1235 4119 1417 4173 lrenaii
1462 4118 1803 4190 aliorumque
1846 4119 1945 4173 Pa-

373 4223 518 4265 trum
543 4210 808 4266 citalionc
836 4211 957 4265 libri
989 4211 1224 4273 Baruclt,
1261 4213 1578 4266 canonicam
1610 4212 1726 4279 ejus
1757 4225 1920 4267 aucto

372 4305 587 4360 ritatem
619 4314 766 4357 recte
793 4303 1015 4356 omnino
1038 4303 1242 4373 colligit
1287 4303 1684 4359 Feuardentius
1719 4307 1770 4358 in
1804 4308 1946 4360 notis

369 4395 438 4448 ad
469 4394 612 4450 hunc
647 4393 834 4451 Irenmi
877 4393 1077 4448 locum.
1115 4394 1256 4448 Ecce
1289 4404 1494 4460 tamen,
1532 4395 1585 4448 in
1635 4393 1946 4451 Feuarden-

2063 1927 2282 1968 sacrum
2313 1912 2571 1978 citarunt,
2613 1912 2767 1980 pauci
2814 1923 2963 1976 sont,
3018 1925 3117 1966 nec
3165 1910 3406 1966 obtinuit
3445 1925 3643 1964 eorum

2063 2006 2362 2072 sententia;
2416 2006 2525 2059 imo
2573 2005 2776 2074 potius,
2807 2004 2999 2073 majori
3055 2004 3422 2060 Ecclesiarum
3479 2010 3644 2070 parte

2061 2097 2409 2168 praevalente,
2459 2112 2718 2173 successu
2767 2085 3027 2165 temporis
3073 2111 3299 2166 prorsus
3339 2095 3641 2150 obsolevit.

2062 2191 2103 2248 Ε
2129 2189 2408 2244 contrario
2448 2204 2576 2246 vero
2625 2191 2749 2244 dum
2799 2189 2938 2244 liber
2969 2189 3192 2258 aliquis,
3231 2201 3391 2256 quem
3417 2203 3642 2242 sacrum

2062 2281 2319 2350 deinceps
2347 2282 2565 2351 agnovit
2596 2281 2860 2344 Ecclesia,
2891 2297 2918 2334 a
2951 2280 3208 2335 Patribus
3235 2279 3502 2348 allegatus
3528 2289 3642 2343 εει,

2061 2374 2314 2441 quamvis
2340 2374 2495 2428 initio
2526 2374 2845 2429 dubitarent
2877 2372 3054 2438 multi,
3084 2373 3212 2440 quia
3242 2372 3402 2441 paulo
3429 2372 3642 2427 obscu-

2047 2467 2175 2534 ,rior
2225 2474 2344 2520 erat
2369 2480 2430 2520 ea
2461 2467 2526 2520 de
2569 2480 2627 2520 re
2655 2465 2880 2520 traditio
2931 2466 3262 2536 apostolica;
3311 2479 3374 2518 ea
3429 2474 3639 2530 tamen,

2059 2573 2314 2613 successu
2367 2557 2646 2626 temporis,
2685 2557 3015 2612 accuratiori
3072 2558 3147 2613 rei
3199 2558 3471 2622 examine,
3501 2572 3640 2611 con-

2059 2648 2322 2716 sultisque
2349 2647 2414 2702 iis
2441 2647 2724 2715 Ecciesiis,
2771 2650 2821 2703 in
2867 2649 3065 2717 quibus
3118 2649 3399 2705 notissima
3435 2659 3547 2703 erat
3581 2659 3644 2708 ei

2057 2735 2372 2790 continuata
2405 2737 2782 2807 episcoporum
2825 2740 3100 2794 successio
3130 2741 3198 2794 ab
3227 2739 3510 2809 apostolis,
3536 2756 3642 2810 pa-

2062 2828 2279 2892 tefacta,
2337 2830 2552 2883 demum
2604 2833 2670 2884 ad
2718 2831 2979 2899 liquidum
3033 2832 3318 2902 explorata
3375 2833 3638 2896 veritate,

2057 2920 2326 2974 calculum
2360 2922 2635 2976 veteribus
2664 2921 2861 2992 adjecit
2907 2923 3167 2975 universa
3197 2921 3460 2976 Ecclesia.
3495 2920 3644 2976 Tam

2058 3010 2379 3066 innnensum
2459 3021 2677 3080 tamque
2756 3021 3001 3081 apertum
3090 3011 3384 3068 discrimen
3469 3011 3646 3067 facile

2058 3103 2492 3159 animadvertere
2552 3103 2815 3170 potuisset
2859 3101 3111 3167 Grabius,
3166 3103 3267 3156 nisi
3321 3101 3645 3171 anticipata:

2059 3192 2501 3248 Calvinianorum
2536 3193 3082 3262 Luthcrauorumque
3119 3194 3405 3263 opiniones
3445 3193 3644 3248 fucum

2055 3285 2334 3364 fecissent.
2391 3283 2591 3341 Sed-de
2622 3301 2758 3340 vana
2790 3284 2906 3354 ejus
2937 3285 3365 3353 objectiuncula,
3407 3287 3568 3339 toties
3605 3301 3643 3340 a

2053 3379 2347 3433 Catholicis
2375 3380 2633 3442 contrita,
2656 3379 2770 3445 jam
2796 3378 2949 3438 satis.
2982 3376 3038 3433 Id
3073 3387 3302 3442 tantum,
3334 3388 3392 3431 ut
3419 3375 3480 3430 ad
3519 3376 3642 3430 Ire-

2053 3487 2227 3524 naeum
2260 3481 2526 3532 revertar.
2559 3470 2862 3526 addiderim
2890 3488 2905 3528 ς
2935 3471 2978 3525 si
3009 3469 3240 3525 Barucbi
3283 3469 3641 3541 prophetiam

2052 3567 2151 3622 sub
2176 3565 2426 3622 Ieremia:
2456 3569 2672 3620 nomine
2705 3566 3032 3631 laudaverit,
3073 3581 3178 3620 non
3204 3565 3379 3621 solmn
3411 3567 3482 3618 ita
3515 3563 3641 3616 lau-

2053 3659 2287 3712 davisse.
2318 3658 2520 3712 Eodem
2575 3659 2772 3727 quippe
2811 3657 2970 3711 modo
3023 3656 3322 3726 allegavere
3376 3655 3646 3710 Clemens

2053 3751 2451 3805 Alexandrinus
2501 3750 2596 3805 lib.
2645 3766 2659 3803 t
2714 3748 2960 3818 Pwdag.,
2997 3765 3044 3803 c.
3093 3748 3149 3813 2,
3181 3757 3236 3802 et
3263 3747 3355 3802 lib.
3384 3762 3446 3810 ιι,
3479 3762 3527 3800 c.
3555 3747 3636 3811 5;

2051 3844 2374 3916 Cyprianus,
2399 3843 2490 3896 lib.
2524 3857 2560 3894 ll
2607 3841 2981 3898 Testimon.ad
3020 3839 3232 3904 Quirin.
3263 3847 3317 3892 et
3343 3839 3395 3892 in
3429 3837 3524 3892 lib.
3549 3837 3640 3894 De

2053 3937 2290 3989 oratione
2335 3934 2573 3995 Domin;
2615 3932 2902 3995 Eusebius,
2958 3932 3010 3986 in
3066 3930 3222 3985 libris
3256 3930 3333 3984 De
3362 3931 3635 3988 demonst.

2052 4043 2256 4096 evang.;
2304 4026 2553 4092 Basilius,
2592 4026 2684 4078 Lb.
2718 4039 2774 4080 tv
2834 4033 2977 4077 cont.
3011 4023 3264 4087 Eunom,
3295 4031 3349 4076 et
3378 4021 3467 4075 alii
3510 4030 3634 4074 ιυιιι

2049 4119 2245 4185 Οτωοὶ,
2289 4128 2401 4172 tum
2431 4118 2630 4173 Latini.
2665 4117 2823 4174 Ratio
2865 4117 3125 4172 omnibus
3171 4125 3295 4169 nota
3345 4124 3449 4179 est,
3494 4115 3640 4183 quia

2052 4213 2305 4265 nimirum
2342 4212 2557 4266 Baruch
2599 4210 2851 4268 Ieremia:
2881 4208 3184 4280 discipulus
3212 4208 3334 4273 fuit,
3373 4208 3636 4275 illiusque

2049 4305 2332 4375 prophetia
2363 4305 2605 4375 magistri
2635 4303 2774 4358 libro
2775 4303 2982 4375 Juncta
3012 4311 3153 4354 erat.

2119 4398 2171 4450 5.
2213 4397 2501 4452 Librorum
2549 4397 2752 4460 Tobim,
2812 4395 3018 4458 Iudith,
3075 4393 3294 4456 Esther,
3345 4389 3633 4458 Paralipo-

371 4486 504 4538 tium
545 4485 783 4556 insurgit
836 4485 908 4540 cl.
956 4483 1193 4540 Grabius
1240 4485 1292 4539 in
1326 4485 1471 4541 notis
1523 4489 1660 4551 suis,
1714 4504 1946 4558 eumque
1980 4486 2022 4538 Ὁ
2055 4506 2271 4554 inenon,
2306 4489 2681 4552 Ecclesiaste,
2739 4489 2948 4544 Cantici
3003 4487 3367 4548 canticorum,
3433 4482 3631 4537 Eccle~

371 4577 698 4632 hallucinari
746 4579 988 4648 graviter
1017 4578 1356 4647 pronuntiat.
1399 4580 1531 4644 Quis
1575 4580 1711 4632 enim
1759 4582 1944 4646 nescit,

371 4671 568 4740 inquit,
600 4671 898 4740 apocrypha
943 4671 1140 4738 scripta
1187 4668 1412 4723 subinde
1441 4685 1474 4722 a
1516 4667 1772 4724 Patribus
1815 4670 1948 4724 alle-

369 4763 526 4832 gari?
582 4761 804 4831 Hocque
841 4761 1305 4831 apophthegmate
1351 4769 1638 4819 contentus
1687 4761 1950 4817 adversa-

368 4859 510 4917 rium
531 4865 862 4924 prostratum
893 4855 958 4908 iri
983 4855 1227 4909 conlidit.
1247 4853 1465 4925 Ergone
1489 4855 1616 4921 quia
1640 4855 1945 4925 apocrypha

369 4953 570 5023 scripta
603 4949 830 5006 subinde
859 4966 888 5003 a
915 4949 1168 5004 Patribus
1211 4947 1540 5018 allegantur,
1590 4947 1773 5002 statim
1817 4964 1946 5019 pro.

369 5043 746 5107 nuntiandum,
771 5057 893 5096 eum
913 5041 1255 5107 hallucinari,
1275 5041 1366 5109 qui
1385 5054 1448 5096 ex
1477 5055 1663 5096 eorum
1689 5041 1948 5097 citatione

368 5135 586 5204 colliget
616 5135 814 5189 librum
845 5135 1080 5203 aliquem
1113 5135 1435 5190 canonicum
1469 5135 1630 5190 esse?
1657 5135 1714 5190 Si
1749 5136 1822 5190 ita
1851 5137 1942 5199 sit,

363 5227 474 5300 jam
503 5228 766 5281 adversus
791 5226 1053 5286 Grabium
1084 5228 1313 5297 prodeat
1357 5227 1550 5295 impius
1576 5227 1800 5296 aliquis,
1852 5229 1945 5296 qui

369 5319 586 5388 aliquod
615 5335 644 5372 e
671 5329 908 5386 quatuor
939 5320 1266 5390 Evangeliis,
1310 5322 1395 5376 vel
1437 5320 1646 5389 aliquas
1687 5337 1750 5374 ex
1789 5320 1947 5388 Epis-

367 5409 493 5466 iolis
516 5408 690 5474 Pauli,
722 5411 1023 5466 aliorumve
1050 5412 1442 5480 apostolorum,
1467 5428 1530 5466 ex
1557 5412 1679 5466 albo
1704 5411 1946 5480 Scriptu-

369 5515 555 5560 rarum
587 5510 894 5568 expungat;
937 5516 1045 5569 quo
1072 5510 1391 5569 argumento
1445 5501 1590 5556 hunc
1636 5501 1946 5556 confutabit

367 5592 452 5648 vir
480 5590 858 5648 clarissimus?
883 5593 963 5645 An
1009 5607 1075 5645 ex
1113 5593 1371 5649 continua
1401 5591 1625 5649 Patrum
1665 5603 1714 5647 et
1745 5593 1943 5648 Conci-

366 5683 562 5739 Iiorutn
595 5686 854 5739 citatione
905 5685 1138 5754 probare
1186 5700 1244 5738 se
1298 5699 1459 5753 posse
1511 5685 1742 5753 putabit,
1788 5701 1942 5738 sacra

370 5788 480 5841 haec.
524 5778 726 5854 scripta
757 5779 824 5836 ab
852 5777 1103 5840 omnibus
1131 5775 1415 5850 Ecclesiis,
1445 5789 1538 5838 aut
1565 5779 1801 5841 maxima
1833 5776 1944 5833 sal-

2050 4581 2287 4647 siasﬁci,
2321 4580 2445 4647 Job,
2474 4581 2684 4646 Abdite,
2715 4579 2954 4643 Nahum,
2981 4579 3297 4648 SOphoniae,
3334 4574 3539 4646 Aggaai,
3570 4586 3635 4635 et

2051 4673 2500 4734 Machabarorum,
2533 4673 2802 4738 nuspiam,
2835 4673 2938 4726 nisi
2974 4687 3058 4726 me
3083 4671 3224 4725 fallit
3250 4670 3534 4730 memoria,
3568 4668 3630 4722 in

2051 4765 2117 4818 iis
2148 4764 2239 4832 qui
2285 4775 2506 4818 exstant
2534 4763 2721 4817 lrenaai
2756 4761 2930 4826 libris,
2970 4762 3212 4816 occurrit
3251 4761 3478 4814 mentio.
3513 4757 3630 4813 To-

2050 4857 2192 4911 biam
2229 4864 2408 4911 tamen
2443 4856 2555 4926 jam
2611 4868 2721 4909 tum
2772 4856 2828 4910 in
2873 4855 3119 4926 pluribus
3172 4854 3429 4910 Ecclesiis
3481 4852 3631 4907 inter

2051 4951 2340 5019 prophetas
2360 4951 2548 5005 eodem
2573 4950 2696 5017 jure
2724 4949 2902 5004 locum
2934 4949 3211 5009 habuisse,
3243 4963 3350 5017 quo
3373 4946 3622 5017 Moysen,

2049 5038 2233 5094 Jesum
2281 5039 2463 5106 Nave,
2494 5040 2680 5106 Amos,
2741 5039 3029 5098 Iiabacuc.
3085 5038 3224 5104 Joel,
3275 5039 3623 5102 Zachariam,

2053 5133 2269 5194 Isaiam,
2297 5132 2656 5197 Ezecltielem,
2683 5132 3000 5196 Jeretniam,
3021 5132 3321 5196 Danielem,
3340 5133 3621 5202 Aggasum,

2052 5221 2352 5288 Michteam,
2398 5222 2630 5284 Nahum,
2680 5223 2908 5276 Esdram
2946 5233 3000 5276 et
3041 5224 3399 5293 Sophoniam,
3445 5238 3512 5276 ex
3555 5237 3626 5276 eo

2050 5313 2227 5380 colligi
2254 5329 2413 5382 posse
2442 5315 2675 5377 videtur,
2707 5316 2848 5382 quod
2870 5314 3124 5380 Irenaaus,
3155 5317 3294 5370 libro
3321 5335 3357 5383 t,
3379 5333 3500 5387 cap.
3525 5316 3620 5383 30,

2052 5407 2432 5461 Setbianorum
2469 5417 2522 5461 et
2569 5405 2890 5476 Ophitarum
2936 5408 3122 5462 deliria
3172 5410 3510 5475 describens,
3543 5411 3624 5468 ait

2049 5517 2104 5552 ιι.
2133 5498 2220 5563 10,
2252 5499 2331 5553 sic
2356 5514 2451 5553 eos
2480 5499 2620 5554 inter
2647 5511 2853 5569 septem
2881 5500 3113 5570 Angelos
3142 5503 3324 5555 mundi
3358 5513 3619 5567 rectores,

2047 5591 2341 5657 prophetas
2370 5591 2597 5659 partitos
2643 5591 2833 5653 fuisse,
2886 5593 2979 5656 qui
3034 5591 3250 5646 illorum
3303 5593 3522 5646 nomine
3565 5603 3624 5648 et

2047 5683 2224 5736 afﬂatu
2277 5683 2538 5748 vaticinia
2583 5683 2901 5749 funderent,
2944 5695 3004 5737 ut
3043 5700 3139 5738 suo
3197 5684 3348 5738 Elogi
3399 5685 3619 5738 Tobiam

2046 5785 2095 5829 et
2125 5779 2369 5855 Agga'um
2401 5777 2758 5842 ascriberent.
2791 5777 3054 5844 Susanntc
3085 5787 3136 5839 ct
3171 5777 3308 5842 Belis
3336 5776 3616 5844 historian.
