3924 6354
158 333 263 387 219

1090 336 1555 395 DISSERTATIO
1596 336 1684 404 111,
1726 336 1814 393 ΒΕ
1853 338 2115 397 ΙΒΕΝΑΞΙ
2156 343 2524 402 DOCTRINA.

3327 354 3435 410 250

158 456 342 523 quales
374 457 618 513 Danielis
643 476 764 530 cap.
796 478 895 517 xm
925 470 975 517 et
1004 478 1092 516 xw
1119 461 1456 524 referuntur.
1486 480 1593 518 non
1626 475 1741 519 tau-
1773 468 1817 524 A
1850 463 1981 531 Quae
2016 476 2194 522 tamen
2234 470 2395 524 verba
2429 488 2536 524 uou
2572 470 2643 523 ita
2677 473 2913 541 urgenda
2963 484 3107 537 sunt,
3163 475 3316 543 quasi
3353 478 3433 532 sic

160 560 264 603 tum
312 552 367 603 in
412 552 532 606 suis
564 552 866 608 Bililiornm
926 557 1209 612 codicibus
1262 558 1566 628 descriptas
1615 559 1742 629 legit

162 642 408 703 lreuaos,
446 644 546 697 sed
580 653 714 699 etut
744 656 926 701 certas
969 657 1019 701 et
1054 648 1414 712 indubitatas,
1466 665 1659 704 sacras
1688 659 1744 705 et

158 736 469 799 canonicas.
509 754 574 793 ac
597 755 627 791 a
664 740 889 793 Daniele
912 741 1176 808 propheta
1199 745 1438 813 scriptas
1469 744 1740 813 agnoscit.

159 839 209 883 et
233 829 365 883 citat
395 830 497 885 lib.
527 846 605 897 tv,
626 847 677 889 c.
704 832 761 897 5,
794 849 848 893 n.
878 832 932 896 2,
960 843 1015 887 et
1049 848 1169 902 cap.
1199 833 1293 897 26,
1317 850 1371 891 n.
1394 835 1447 890 5.
1474 834 1743 891 Observat

158 920 416 976 Eusebius
433 922 789 984 “,lrenaaum
816 925 870 977 in
911 939 976 978 eo
1000 940 1159 991 quem
1211 927 1513 995 scripserat
1561 928 1745 983 libello

156 1012 483 1077 Ataléfewr
501 1014 825 1084 διαφόρων,
842 1016 1090 1085 Epistola-
1104 1018 1170 1072 ad
1185 1017 1439 1072 Hebraeos
1456 1029 1510 1073 et
1524 1021 1747 1088 Sapien-

160 1105 237 1158 tia:
267 1105 590 1164 Salomonis
623 1110 955 1166 mentionem
983 1111 1195 1167 fecisse.
1222 1110 1288 1166 Et
1317 1123 1476 1167 antea
1494 1114 1558 1165 de
1587 1112 1742 1167 libris

158 1198 346 1255 Contra
376 1201 617 1257 hwreses
650 1218 839 1270 agens,
876 1205 951 1259 ait
975 1206 1021 1238 ⁸⁸
1049 1223 1063 1259 :
1092 1206 1202 1259 Καὶ
1233 1208 1417 1278 ῥητοῖς
1443 1206 1500 1260 δέ
1516 1223 1659 1259 τισιν
1679 1208 1744 1259 ὲκ

155 1294 243 1363 τῆς
267 1294 626 1365 Σολομῶντος
651 1296 855 1366 Σοφίας
880 1298 1167 1371 κέχρηται,
1202 1299 1737 1371 μονονουχὶφάσκωνο

160 1387 444 1457 ’θρασιςδὲ
465 1388 609 1441 Θεοῦ
637 1390 1023 1462 περιποιητικὴ
1042 1391 1369 1461 ἀφθαρσίας⁸
1383 1392 1663 1463 ἀφθαρσία
1687 1394 1743 1448 δὲ

156 1484 310 1551 ἐγγὺς
334 1480 484 1536 εἶναι
517 1487 665 1539 ποιεῖ
698 1485 858 1541 Θεοῦ.
907 1486 1093 1540 Utitur
1148 1488 1306 1539 etiam
1357 1490 1628 1542 sententiis
1678 1506 1742 1542 ea.

155 1575 445 1631 Salomonis
460 1577 743 1643 Sapientia
761 1580 1102 1647 depromptis,
1127 1580 1201 1632 ita
1219 1579 1328 1648 fere
1350 1579 1528 1633 dicens
1549 1595 1568 1633 :
1599 1578 1743 1634 Visio

158 1668 243 1721 Dei
254 1670 397 1738 parit
418 1671 904 1737 incorruptionem,
926 1672 1259 1739 incorruptio
1274 1680 1448 1725 autem
1470 1673 1743 1740 proximos

159 1759 255 1814 Deo
278 1762 435 1829 facit.
473 1760 596 1827 Qua
635 1763 854 1831 quidem
902 1763 1196 1833 Sapientize
1240 1766 1533 1827 sententia,
1583 1774 1743 1835 prout

1848 574 2073 614 necesse
2110 562 2273 615 fuerit
2308 574 2543 630 quatuor
2566 579 2689 619 esse
2725 567 3044 636 Evangelia,
3081 577 3141 622 ut
3173 570 3297 623 huic
3333 586 3433 623 nu-

1848 670 1999 710 mero
2057 658 2201 713 Deus
2249 660 2380 713 nihil
2430 660 2631 715 adde'e
2677 672 2771 716 aut
2822 663 3109 718 detrahere
3168 665 3429 731 potuerit.

1849 748 1967 804 Non
2004 748 2053 804 is
2084 761 2169 805 est
2199 750 2257 805 S.
2291 752 2530 806 doctoris
2561 768 2785 815 sensus;
2834 754 2886 807 id
2921 763 3134 808 tantum
3160 755 3297 819 vult,
3342 770 3431 810 sa-

1847 844 2189 915 picntissima
2226 847 2317 901 Dei
2364 846 2709 916 providentia
2773 849 3155 913 constitutum,
3202 858 3258 903 ut
3293 864 3429 918 qua-

1848 948 1972 993 tuor
1996 938 2531 1008 essentEvangelia,
2592 954 2693 994 nec
2751 941 2930 1008 plura,
2986 956 3087 996 nec
3138 933 3425 1010 patieiora.

1845 1031 2011 1099 Cujus
2040 1031 2259 1100 quidem
2310 1030 2665 1098 providentia:
2718 1031 2918 1087 nmltas
2950 1033 3109 1088 aﬂ’ert
3164 1032 3429 1097 rationes,

1846 1125 2046 1193 petitas
2076 1139 2104 1175 a
2138 1134 2377 1191 quatuor
2413 1124 2596 1177 mundi
2633 1124 2948 1194 regionibus
2984 1135 3040 1179 et
3086 1124 3429 1191 cardinibus,

1847 1227 2083 1283 quatuor
2132 1215 2307 1269 ventis
2360 1215 2775 1283 principalibus,
2833 1226 3065 1284 quatuor
3108 1218 3426 1287 praecipuis,

1846 1309 2048 1377 quibus
2069 1307 2360 1362 :rdificiutn
2393 1308 2647 1377 quodque
2699 1306 2940 1372 fulcitur,
2973 1308 3264 1374 columnis,
3290 1324 3428 1378 qua-

1849 1410 1968 1453 tuor
2024 1398 2330 1452 Ezechielis
2377 1398 2726 1465 animalibus,
2778 1408 2910 1465 etc.,
2970 1400 3229 1469 mysticas
3277 1412 3427 1453 certe

1846 1493 2109 1554 rationes,
2136 1507 2241 1544 non
2271 1491 2784 1553 demonstrationes.
2811 1491 3010 1561 quibus
3035 1492 3267 1560 probare
3291 1507 3429 1547 cou-

1847 1582 2037 1637 tendat
2068 1596 2181 1635 rem
2228 1581 2300 1632 ita
2352 1580 2468 1634 fieri
2525 1578 2800 1643 debuisse,
2842 1595 2945 1634 nec
2980 1579 3138 1635 aliter
3186 1580 3429 1648 potuisse

1846 1678 1980 1745 (tam
2042 1674 2276 1727 absurda
2336 1672 2596 1742 cogitatio
2672 1681 2910 1726 mentem
2980 1671 3170 1725 lrenaei
3241 1670 3429 1726 subire

1846 1779 2113 1833 nusquam
2146 1763 2363 1833 potuit),
2409 1764 2503 1818 sed
2534 1763 2736 1833 quibus
2775 1778 2887 1816 rem
2918 1761 3031 1830 jam
3084 1762 3283 1817 factam
3340 1778 3435 1815 ex-

159 1854 236 1905 hic
263 1852 551 1921 allegatur
600 1855 667 1907 ab
714 1854 969 1918 Eusebio,
1000 1857 1175 1909 utitur
1204 1858 1445 1910 [renatus
1484 1858 1625 1912 libro
1660 1874 1733 1920 tv,
1774 1854 1816 1909 Β
1846 1858 2029 1927 plicet,
2068 1857 2428 1924 ostendatque
2465 1858 2869 1924 sapientissimo
2934 1857 3027 1911 Dei
3075 1856 3305 1911 consilio
3338 1870 3429 1909 or-

156 1959 265 2013 cap.
291 1945 389 2009 58,
417 1962 476 2000 ιι.
507 1945 567 2011 '5,
597 1945 673 1999 ita
703 1956 907 2013 tamen,
949 1957 1011 2001 ut
1041 1964 1218 2017 neque
1260 1948 1457 2003 librum
1495 1950 1746 2004 nomina-

156 2042 241 2093 titn
269 2042 430 2106 citet,
469 2056 575 2095 nec
606 2042 945 2097 verbotenus
994 2042 1199 2097 indicet
1231 2059 1261 2096 e
1289 2042 1568 2112 Scriptura
1604 2043 1745 2112 peti-

156 2142 251 2185 tam
281 2148 414 2188 esse
463 2156 474 2188 :
524 2135 635 2187 imo
687 2133 983 2203 Sapientia:
1034 2136 1200 2190 verba
1238 2136 1321 2191 sic
1364 2136 1582 2206 propria
1637 2137 1741 2191 sibi

154 2223 335 2287 faciat,
377 2233 441 2275 ut
486 2225 687 2293 partim
735 2240 978 2291 sensum,
1013 2228 1213 2295 partim
1257 2227 1369 2295 ipsa
1399 2228 1564 2282 verba
1596 2227 1746 2283 refe-

153 2324 249 2367 rat.
282 2314 429 2368 Nam
462 2314 601 2385 Sap.
635 2332 709 2381 vt,
746 2317 834 2381 l8,
873 2318 956 2383 19,
990 2334 1152 2388 quem
1200 2318 1377 2374 locum
1412 2336 1520 2389 pra:
1568 2319 1745 2374 oculis

154 2407 385 2463 habebat
413 2409 681 2473 lteneus,
702 2426 809 2465 non
838 2411 1070 2481 legitur:
1095 2414 1323 2485 Ὄρασις
1349 2412 1406 2465 δὲ
1432 2412 1567 2465 Θεοῦ
1592 2431 1747 2484 περι-

152 2503 408 2573 ποιητικὴ
458 2503 795 2575 ἀφθαρσίας,
849 2516 981 2569 etc.,
1030 2508 1146 2569 sed,
1190 2506 1431 2578 προσοχὴ
1461 2508 1517 2560 δὲ
1543 2508 1741 2577 νόμων,

154 2594 445 2662 βεϐαίωσις
472 2596 809 2669 ἀφθαρσίας·
840 2598 1118 2671 ἀφθαρσία
1143 2600 1200 2653 δὲ
1227 2601 1395 2669 ἐγγὺς
1429 2596 1570 2654 εἶναι
1600 2603 1746 2654 ποιεῖ

150 2689 295 2742 Θεοῦ.
332 2690 644 2744 Custoditio
683 2700 859 2745 autem
901 2693 1094 2762 legunt,
1136 2694 1519 2747 consummatio
1562 2695 1741 2747 incor-

152 2783 413 2847 ruptionis
450 2792 567 2846 est;
600 2784 931 2853 incorruptio
955 2797 1125 2839 autem
1152 2786 1277 2854 facit
1308 2803 1420 2840 esse
1445 2790 1745 2854 proximum

153 2858 273 2927 Deo.
336 2876 600 2942 Quatuor
664 2875 851 2931 Esdrm
918 2878 1087 2932 libros
1152 2880 1444 2949 agnovisse
1528 2880 1745 2932 videtur

155 2967 206 3021 S.
232 2971 478 3034 doctor;
515 2986 616 3024 nec
636 2971 780 3024 enim
806 2972 913 3025 alio
943 2988 1009 3026 ex
1039 2972 1212 3036 fonte,
1241 2987 1401 3040 quam
1428 2986 1492 3025 ex
1518 2971 1638 3024 libri
1668 2987 1720 3026 tv

155 3076 261 3129 cap.
294 3062 394 3124 14.
426 3062 630 3116 hausta
661 3063 915 3116 videntur
950 3066 1162 3137 qunaz_de
1192 3064 1465 3133 corruptis
1499 3074 1745 3133 tempore

1848 1952 2088 2005 dinatam
2140 1950 2329 2002 fuisse.
2394 1949 2470 2002 Eo
2530 1959 2709 2003 autem
2760 1948 3016 2019 tergebat
3075 1958 3182 2002 tota
3243 1948 3431 2001 lremci

1847 2042 2046 2105 Oratio,
2085 2048 2143 2093 ut
2179 2040 2426 2094 insanam
2484 2039 2869 2094 Gno~ticornm
2930 2038 3215 2093 audaciam
3261 2038 3433 2093 casti-

1846 2143 2023 2205 garet,
2072 2136 2162 2201 qui
2202 2131 2623 2200 Evangeliorum
2677 2148 2987 2197 numerum,
3045 2131 3187 2185 nulla
3247 2130 3429 2184 habita

1850 2228 2061 2280 ratiowe
2094 2224 2187 2279 Dei
2224 2224 2600 2287 consiliorum,
2650 2240 2881 2292 quorum
2929 2223 3257 2291 sapientiam
3316 2232 3427 2273 tam

1849 2319 2013 2373 multa
2052 2318 2301 2386 probant,
2336 2314 2565 2372 arbitrio
2609 2329 2709 2368 suo
2764 2312 3035 2382 augebant
3083 2309 3166 2365 vel
3221 2308 3434 2362 minue-

1845 2414 2001 2468 bant.
2035 2412 2131 2465 llis
2179 2411 2345 2481 igitur
2388 2411 2462 2464 sic
2512 2425 2567 2462 se
2605 2408 2935 2467 habentibus,
2992 2405 3164 2474 inquit
3198 2402 3265 2466 “,
3312 2401 3434 2456 uani

1847 2522 2050 2570 omnes,
2086 2515 2133 2558 et
2167 2504 2382 2565 indocti,
2410 2516 2459 2555 et
2491 2502 2710 2568 insuper
2748 2499 2999 2558 audaces.
3030 2496 3121 2566 qui
3160 2494 3435 2565 frustran-

1847 2612 1934 2654 tur
1960 2601 2182 2668 speciem
2216 2596 2512 2666 Evangelii,
2543 2606 2589 2650 et
2620 2595 2694 2648 vel
2734 2593 2911 2661 plures
2945 2607 3099 2661 quam
3132 2590 3285 2642 dicta!
3312 2597 3434 2641 sunt

1848 2693 1924 2747 uel
1968 2710 2152 2746 rursus
2198 2690 2474 2759 pauciores
2523 2687 2759 2756 inferunt
2808 2701 3059 2755 personas
3124 2680 3433 2752 Evangelii;

1846 2785 2083 2856 quidam,
2112 2793 2163 2836 ut
2195 2782 2313 2851 plus
2354 2782 2653 2842 rideantur,
2692 2794 2848 2846 quam
2891 2788 2964 2830 est
3004 2774 3231 2829 veritatis
3285 2774 3437 2825 adin-

1846 2880 2088 2940 venisse;
2118 2878 2334 2945 quidam
2369 2890 2509 2936 tero,
2542 2884 2596 2925 ut
2630 2875 2900 2939 reprobent
2927 2868 3293 2937 dispositiones
3314 2864 3430 2919 Dei.

1850 2970 2216 3025 Vauosetiam
2259 2980 2316 3022 et
2360 2966 2606 3020 indoctos
2651 2964 2831 3018 dicere
2888 2962 3049 3016 liceat
3079 2975 3173 3014 eos
3218 2958 3335 3029 qui,
3376 2965 3437 3009 ut

1847 3064 2119 3119 Gallasim
2140 3072 2189 3115 et
2215 3059 2513 3118 Scultctus.
2564 3056 2754 3111 Irenaii
2788 3062 3024 3107 mentem
3055 3066 3119 3104 ne
3148 3050 3433 3102 minimum

154 3155 488 3223 captivitatis
530 3153 876 3226 Babylonica:
922 3158 1095 3211 sacris
1131 3157 1433 3219 codicibus,
1473 3166 1523 3211 et
1556 3166 1743 3224 postea
1772 3196 1814 3253 ϐ
1849 3155 2067 3224 quidem
2113 3151 2373 3216 assecuti,
2436 3163 2572 3219 quas
2629 3147 2696 3201 dc
2742 3158 2968 3198 numero
3012 3138 3434 3210 Evangeliorum

185 3248 196 3253 _
241 3248 279 3253 _
334 3249 347 3253 _
466 3247 499 3253 _
719 3248 731 3253 -
948 3249 959 3253 -
1223 3250 1233 3253 -
1413 3249 1482 3253 ---
1542 3250 1594 3253 _-_
2000 3245 2011 3253 .
2267 3243 2285 3253 ιι
2354 3250 2361 3253 .
2482 3241 2513 3253 Α·
2772 3250 2785 3253 _
2883 3233 3062 3253 r...!l--
3102 3243 3143 3253 -..
3188 3230 3430 3253 ἔμω-η---

156 3248 216 3301 ab
241 3248 443 3314 Esdra,
466 3247 583 3302 Deo
610 3248 915 3317 aSpirante,
948 3249 1287 3315 instauratis,
1319 3249 1511 3304 scribit
1541 3250 1633 3303 lib.
1655 3264 1741 3313 ιιι,

154 3355 198 3391 ς.
218 3339 306 3403 21,
335 3358 397 3394 n.
437 3340 495 3393 2.
535 3338 662 3393 Hzec
699 3340 767 3393 de
816 3338 1035 3396 Veteris
1094 3339 1431 3395 Testameuti
1480 3341 1636 3395 libris
1674 3343 1745 3395 ab

155 3428 347 3485 item
376 3431 708 3485 memoratis
741 3441 796 3483 et
827 3432 1034 3486 citatis.

214 3524 266 3579 6.
299 3524 465 3591 Quod
498 3525 701 3578 attinet
724 3524 791 3578 ad
817 3538 1006 3579 sacros
1044 3522 1180 3577 Novi
1216 3523 1551 3578 Testamenti
1589 3523 1744 3578 codi-

156 3631 258 3676 res,
280 3615 419 3684 quid
451 3616 523 3668 de
553 3624 795 3682 quatuor
847 3612 1154 3681 Evangeliis
1195 3613 1416 3673 sentiat,
1467 3612 1536 3663 ab
1588 3610 1748 3665 initio

159 3708 269 3761 libri
295 3707 449 3763 tertii
478 3709 528 3739 ³⁸
552 3708 739 3761 statim
770 3706 968 3775 aperit.
994 3705 1287 3776 Postquam
1308 3703 1550 3757 ostendit
1573 3718 1743 3756 evan-

159 3802 374 3866 gelistas
415 3798 534 3867 iam
571 3800 789 3851 indutos
842 3798 1249 3867 supervenientis
1296 3796 1529 3862 Spiritus
1574 3794 1744 3849 sancti

158 3894 395 3947 rirtutem
426 3909 494 3946 ex
518 3890 656 3952 alto,
686 3908 749 3943 ac
775 3890 842 3943 de
876 3890 1116 3943 omnibus
1165 3890 1502 3957 adimplctos,
1550 3900 1600 3941 et
1647 3890 1746 3941 ha-

162 3988 320 4039 bentes
356 3986 657 4054 perfectam
703 3983 1043 4052 agnitionem,
1084 3982 1148 4035 ad
1195 3982 1541 4035 scribendum
1573 3980 1748 4034 Evan—

161 4078 350 4144 gelium
380 4086 631 4131 mentem
673 4075 970 4145 appulisse,
1012 4074 1207 4129 addit:
1247 4072 1334 4126 Ita
1368 4071 1653 4127 Mattiacas
1693 4075 1746 4125 in

165 4170 397 4225 Hebreis
433 4172 676 4239 ipsorum
720 4170 929 4237 lingua.
956 4167 1292 4235 Scripturam
1343 4166 1513 4218 edidit
1569 4165 1747 4219 Evan-

161 4263 294 4330 gelii,
327 4280 449 4316 cum
487 4260 683 4315 Petrus
713 4272 760 4314 et
789 4259 992 4313 Paulus
1030 4260 1209 4312 Roma:
1229 4259 1668 4328 euangelizarent,
1698 4268 1746 4312 et

165 4353 440 4423 funderent
500 4353 822 4406 Ecclesium.
868 4351 999 4405 Post
1034 4367 1150 4404 vero
1206 4352 1393 4403 horum
1453 4366 1746 4414 excessum,

168 4446 370 4502 Marcus
425 4446 727 4515 discipulus
763 4454 815 4497 et
860 4445 1115 4512 interpres
1160 4442 1324 4509 Petri,
1359 4452 1405 4497 et
1440 4445 1549 4512 ipse
1576 4461 1746 4511 quaza

1852 3245 2112 3309 mysticus
2159 3243 2367 3313 profert
2414 3241 2673 3301 rationes,
2728 3250 2830 3292 ceu
2881 3233 3065 3288 futiles
3097 3243 3150 3286 et
3188 3230 3432 3285 infirmas

1849 3348 2229 3407 aspernantur.
2289 3333 2413 3389 Nar!
2474 3332 2680 3388 fastidii
2741 3326 3118 3384 delicatissimi
3159 3322 3431 3385 homines,

1849 3445 1987 3499 quos
2025 3430 2142 3498 eius
2199 3429 2275 3483 rei
2322 3427 2551 3483 satietas
2608 3426 2773 3493 cepit,
2829 3438 2949 3491 qua:
3002 3417 3294 3473 Anastasio
3348 3414 3435 3470 Si-

1852 3523 2014 3578 naitae
2042 3522 2109 3584 δ’,
2152 3520 2429 3575 Germano
2480 3514 3093 3583 Cotistantinopolitano
3128 3511 3195 3576 ⁸³,
3239 3508 3437 3563 lliero-

1850 3630 2013 3685 uymo
2045 3615 2109 3679 “,
2147 3613 2379 3683 a'iisque
2432 3611 2679 3681 pluribus
2728 3610 2867 3664 adeo
2922 3607 3146 3676 probata
3200 3604 3323 3667 fuit,
3377 3606 3440 3657 ut

1848 3705 2011 3777 primi
2067 3716 2237 3760 totum
2293 3706 2439 3759 hunc
2502 3701 2689 3755 Irenaai
2767 3702 2947 3754 locum
3003 3693 3433 3765 exscripserint,

1848 3799 2033 3852 caeteri
2067 3796 2306 3850 rationes
2333 3795 2569 3861 amplexi
2605 3793 2829 3848 fuerint.
2877 3791 3125 3854 Praestat,
3160 3798 3220 3841 ut
3245 3783 3435 3841 lrentei

1849 3890 2031 3943 verbis
2060 3898 2201 3953 utar,
2249 3904 2371 3942 cum
2402 3887 2712 3955 ltujunltodi
2754 3886 2937 3938 idiotis
2988 3881 3249 3950 religiosis
3283 3878 3432 3933 desi-

1851 3996 1999 4052 pere,
2054 3996 2219 4051 quam
2276 3995 2400 4035 cum
2453 3978 2766 4047 blasphemis
2814 3987 2862 4030 ct
2908 3971 3297 4045 impudentibus
3344 3986 3435 4024 so-

1848 4076 2031 4144 phistis
2062 4088 2275 4143 sapere.

1925 4170 1977 4221 7.
2014 4169 2087 4223 De
2119 4167 2242 4221 aliis
2267 4165 2401 4221 Novi
2424 4162 2766 4219 Testameuti
2803 4161 3050 4231 partibus
3079 4160 3195 4214 haec
3223 4168 3433 4213 tantum

1849 4260 2193 4315 observanda
2240 4259 2501 4319 veniunt,
2557 4258 2609 4311 in
2664 4256 2957 4317 onmibus,
3012 4268 3135 4321 qua:
3183 4259 3431 4316 exstant,

1852 4356 2037 4410 lrcnwi
2079 4352 2302 4423 scriptis
2344 4350 2550 4405 nullam
2588 4350 2839 4420 Epistola:
2876 4349 2938 4402 D.
2966 4348 3119 4401 Pauli
3151 4346 3218 4398 ad
3252 4343 3433 4397 Phile-

1854 4463 2065 4501 monem
2099 4447 2430 4502 mentionem
2472 4458 2794 4507 occurrere;
2825 4442 2970 4510 quod
3007 4457 3111 4493 non
3151 4437 3287 4490 adeo
3326 4435 3430 4489 mi-

168 4540 311 4595 Petro
343 4543 671 4595 annuntiala
722 4551 901 4603 erant,
949 4558 1041 4608 per
1071 4543 1267 4602 scripta
1311 4542 1459 4594 nobis
1497 4540 1742 4594 tradidit.
1779 4556 1822 4609 ι)
1856 4559 1997 4607 rum,
2031 4541 2157 4611 quia
2199 4550 2369 4596 totum
2404 4539 2564 4606 hujus
2597 4536 2855 4605 Epistolre
2888 4542 3267 4601 argumentum
3295 4526 3433 4581 nihil

169 4633 224 4687 Et
249 4634 416 4688 Lucas
443 4631 614 4707 [CIX]
644 4643 826 4685 autem
873 4642 1101 4687 sectator
1133 4629 1316 4697 Pauli,
1356 4632 1499 4702 quod
1540 4631 1605 4685 ab
1656 4631 1747 4684 illo

167 4728 552 4790 pradicabatur
584 4724 961 4793 Euangelium,
992 4724 1047 4777 in
1072 4724 1206 4777 libro
1248 4724 1507 4777 condidit.
1553 4723 1750 4777 Postea

168 4828 208 4868 et
252 4816 486 4872 Joannes
537 4816 840 4882 discipulus
888 4815 1122 4878 Domini,
1163 4817 1251 4885 qui
1284 4827 1331 4868 et
1360 4831 1521 4883 supra
1572 4826 1749 4881 pectus

170 4908 269 4975 ejus
319 4910 681 4973 recumbebat,
711 4918 758 4959 et
792 4908 904 4975 ipse
938 4908 1106 4960 edidit
1147 4907 1519 4975 Euangelium,
1558 4906 1750 4973 Ephesi

173 5002 295 5054 Asic
328 5017 693 5057 commorans.
736 4999 929 5053 Plures
987 5001 1039 5052 in
1088 5001 1172 5053 bis
1226 5000 1408 5055 verbis
1452 5009 1751 5054 occurrunt

173 5091 523 5159 diﬁcultates,
557 5107 699 5161 quas
741 5108 867 5145 cum
914 5092 1339 5160 expc-oderimus
1384 5094 1435 5145 in
1483 5095 1629 5147 notis
1683 5094 1750 5147 ad

176 5185 301 5241 hunc
363 5188 572 5252 lotum,
608 5186 735 5238 illuc
795 5184 1051 5240 lectorem
1108 5186 1386 5241 remittere
1442 5187 1616 5242 satius
1646 5195 1747 5249 est,

177 5292 320 5343 quam
349 5280 438 5333 hic
475 5279 686 5332 diutius
720 5279 989 5333 detinere.
1040 5280 1193 5333 Adeo
1226 5294 1354 5332 vero
1403 5278 1467 5332 de
1519 5293 1751 5331 numero

176 5382 390 5433 quatuor
418 5370 847 5439 Evangeliorum
873 5370 1160 5424 constabat
1199 5371 1403 5425 Irenaeo
1436 5371 1504 5434 ⁸⁸,
1550 5379 1629 5437 ιιι,
1662 5387 1749 5425 sc-

177 5462 393 5513 rundum
449 5463 654 5531 ipsum,
720 5476 885 5530 neque
946 5461 1100 5529 plura
1155 5478 1372 5515 numero
1426 5478 1586 5530 quam
1639 5464 1751 5515 hare

180 5563 305 5615 sunt,
346 5570 511 5623 neque
557 5568 743 5607 rursus
789 5555 1042 5621 pauciora
1081 5556 1256 5622 capiat
1298 5572 1407 5609 esse
1441 5553 1747 5625 Evangelia.

242 5734 279 5761 ’τ
307 5734 419 5788 ιιι..
464 5751 517 5798 ν,
548 5753 598 5790 c.
633 5739 692 5802 ε,
732 5736 784 5789 6.

864 5738 909 5770 ³⁸
938 5738 1094 5804 lbid.,
1144 5756 1194 5791 c.
1255 5741 1308 5793 8.

186 5802 420 5861 ’δῖιιιεςιῐῖ

1407 5742 1451 5772 ³⁸
1506 5742 1565 5797 C.
1620 5742 1668 5797 1.
1705 5742 1835 5793 ιι.1.

508 5753 598 5798 ,c.
633 5741 692 5802 ‘2,
732 5741 784 5789 6.
864 5741 909 5770 ³⁸
938 5741 1094 5804 lbid.,
1144 5756 1194 5791 c.
1255 5741 1308 5793 8.
1407 5742 1451 5772 ³⁸
1506 5741 1565 5797 C.
1620 5741 1668 5805 1,
1705 5741 1806 5793 ιι.1

508 5826 691 5867 rerum
731 5807 969 5875 Ecclus,
1005 5825 1136 5864 tom.
1172 5809 1212 5864 11
1264 5812 1713 5869 Auctarlltbltot.
1739 5811 1816 5877 Pl’

1847 4634 1913 4688 ad
1949 4634 2136 4687 [renati
2184 4648 2407 4701 scopqu
2448 4630 2708 4685 faciebat.
2741 4630 2823 4683 Ad
2862 4625 3161 4694 Epistolam
3201 4637 3328 4677 vero
3359 4619 3434 4681 ad

1850 4728 2107 4782 Hebraeos
2160 4728 2433 4780 interdum
2496 4724 2709 4791 alludit,
2759 4739 2858 4777 nec
2911 4722 3022 4789 ipsa
3080 4730 3279 4783 tamen,
3331 4730 3431 4770 nec

1847 4830 2070 4874 auctore
2092 4817 2207 4888 eius
2237 4819 2555 4873 nominatim
2585 4816 2837 4870 citatis”.
2866 4812 2956 4867 Sic
2978 4812 3073 4865 lib.
3105 4826 3168 4873 ιι,
3188 4825 3308 4878 cap.
3336 4808 3428 4873 50,

1849 4931 1901 4967 ιι.
1935 4913 1990 4978 9,
2017 4914 2113 4975 ait,
2148 4914 2323 4967 solum
2361 4912 2529 4965 Deum
2561 4910 2781 4964 Patrem
2814 4907 2996 4962 omnia
3030 4905 3223 4959 fecisse
3260 4901 3429 4957 Verbo

1846 5008 2057 5060 virtutis
2101 5022 2249 5068 suae;
2299 5004 2499 5074 quibus
2549 5002 2740 5056 alludit
2790 5001 2856 5055 ad
2904 4999 3040 5054 illud
3085 4997 3252 5051 Hebr.
3296 5012 3339 5061 I,
3371 4998 3429 5061 5,

1846 5111 2067 5169 portans
2097 5099 2276 5151 omnia
2316 5095 2480 5151 Verbo
2521 5096 2731 5149 virtutis
2756 5110 2887 5148 suas.
2922 5092 2988 5146 Et
3017 5091 3113 5146 lib.
3143 5106 3218 5155 tv,
3251 5105 3303 5145 c.
3336 5088 3430 5151 11,

1850 5209 1909 5246 ιι.
1952 5192 2009 5252 4,
2056 5191 2192 5245 dicit
2234 5192 2527 5244 munditias
2570 5189 2859 5243 exteriores
2903 5185 3065 5253 Legis
3114 5186 3169 5238 in
3198 5184 3427 5252 ﬁgurant

1848 5286 2153 5355 futurorum
2194 5284 2426 5336 traditas
2478 5282 2679 5351 fuisse,
2724 5282 2863 5336 velut
2904 5282 3104 5333 umbra:
3146 5275 3431 5346 cujusdam

1846 5378 2257 5445 descriptionem
2292 5376 2518 5444 faciente
2555 5373 2688 5441 Lege
2719 5387 2736 5424 :
2764 5389 2884 5443 quae
2915 5374 3200 5440 desumpta
3233 5370 3427 5425 viden-

1850 5481 1941 5524 tur
1970 5486 2034 5523 ει
2085 5470 2176 5523 illo
2214 5469 2378 5523 Hebr.
2422 5484 2478 5531 Χ,
2521 5468 2573 5521 1;
2620 5466 2874 5521 Umbram
2911 5466 3110 5520 habens
3143 5462 3249 5517 Lex
3281 5462 3431 5531 futu-

1849 5578 2028 5615 rorum
2075 5560 2350 5625 bonorum,
2402 5576 2503 5613 non
2540 5560 2708 5627 ipsam
2757 5558 3038 5627 imaginem
3078 5572 3275 5610 rerum.
3320 5554 3431 5609 Nec

1912 5741 1955 5772 ⁸ο
1987 5739 2142 5803 lbid.,
2176 5755 2224 5794 c.
2277 5740 2361 5802 11,
2401 5757 2452 5792 ιι.
2483 5740 2534 5792 7.
2612 5740 2653 5772 ⁸¹
2684 5739 2840 5801 lbid.,
2888 5755 2941 5791 η.
2973 5738 3028 5792 8.

1920 5812 1959 5841 δ”
1988 5811 2133 5866 Prol.
2172 5814 2222 5865 in
2252 5810 2441 5866 Matth.
2530 5813 2571 5841 ""
2604 5814 2732 5887 Cap.
2773 5827 2867 5876 vtt,
2915 5811 2994 5863 11.

3107 5738 3149 5767 ιι
3181 5738 3244 5802 ρ.
3303 5735 3423 5790 ιιι,
