3924 6354
547 365 646 421 251

1310 380 1317 387 ‘
1369 368 1965 426 DISSERTATIONES
1998 367 2305 426 PREVIE
2341 367 2408 423 IN
2446 367 2706 424 [RENIEI
2742 368 3008 424 LIBROS.

3695 363 3822 446 se

548 481 711 533 aliter
749 479 887 534 citat
920 481 1190 551 Epistolas
1222 483 1535 540 Catholicae
1569 484 1759 541 Jacobi
1792 495 1848 538 et
1879 483 2055 547 Judzc,
2080 494 2137 538 et
2164 496 2211 543 Α
2239 499 2303 540 ea
2330 486 2546 539 demum
2582 485 2779 550 soluta,
2807 485 3121 555 Judteisqne
3158 486 3209 538 in
3235 486 3469 554 patriam
3497 483 3785 545 reducibus,

545 573 842 624 secundam
869 570 1044 636 Petri,
1076 574 1179 629 nisi
1214 578 1379 630 verba
1405 577 1649 645 qutedatn
1666 576 1781 632 suis
1814 577 2130 641 inserendo,

549 663 782 717 tacendo
816 663 994 719 locum
1034 675 1088 720 et
1118 677 1398 723 auctorem
1438 670 1588 723 unde
1625 668 1953 739 deprompta
1982 678 2131 737 sunt,

546 755 675 809 utei
708 757 986 811 constabit
1014 758 1107 827 qui
1137 759 1255 813 loca
1297 761 1348 813 in
1391 760 1578 815 Indice
1619 761 1905 830 designata
1932 777 2133 817 consu-

548 845 662 901 lere
702 848 1037 922 dignabitur.
1096 850 1270 906 Secus
1313 852 1599 906 dicendum
1651 852 1718 907 de
1754 853 1995 922 Epistula
2044 868 2131 907 se-

541 920 721 993 cunda
764 938 1025 1007 Joannis,
1082 957 1248 1012 quam
1292 954 1349 997 ut
1382 943 1679 1012 l'fpistnlam
1734 920 1969 999 Joannis
2018 946 2132 999 dis-

542 1028 708 1097 cipuli
739 1027 956 1083 Domini
983 1031 1229 1098 agnoscit
1258 1040 1312 1085 et
1342 1031 1540 1102 allegat
1570 1033 1666 1087 lib.
1700 1048 1743 1098 ι,
1771 1049 1824 1087 c.
1857 1033 1944 1098 16,
1990 1051 2047 1091 n.
2072 1035 2131 1102 5,

542 1131 597 1172 et
632 1118 726 1172 lib.
758 1134 840 1186 tu,
877 1134 925 1173 c.
960 1120 1046 1183 16,
1096 1136 1150 1175 ιι.
1185 1119 1239 1175 8.
1285 1122 1666 1193 Apocalypsitn
1720 1124 1886 1179 etiam
1929 1122 2128 1181 Joanni

543 1210 813 1278 discipulo
852 1211 1064 1266 Domini
1108 1212 1433 1267 nominatim
1474 1214 1726 1280 ascribit,
1758 1223 1815 1270 et
1861 1215 1963 1271 sub
2006 1216 2128 1283 ejus

543 1304 764 1357 nomine
810 1304 946 1357 citat
991 1302 1085 1357 lib.
1134 1319 1210 1368 tv,
1258 1319 1310 1359 c.
1352 1305 1450 1369 ‘20,
1497 1322 1552 1359 n.
1598 1305 1688 1364 il;
1723 1306 1820 1362 lib.
1849 1323 1903 1371 ν,
1947 1324 1997 1363 c.
2032 1307 2126 1375 55,

542 1410 595 1450 ιι.
629 1395 686 1459 2,
720 1403 775 1450 et
812 1395 963 1450 alibi.
1021 1395 1154 1450 Illud
1192 1396 1355 1450 etiam
1406 1413 1515 1451 non
1561 1398 1950 1464 omittendum,
1983 1401 2128 1469 quod

547 1486 764 1543 Hermae
792 1487 1073 1542 Pastorem
1100 1487 1245 1543 velut
1274 1489 1609 1544 Canonicatn
1640 1490 1981 1561 Scripturam
2008 1491 2130 1546 lau-

542 1581 633 1634 det
665 1579 902 1635 lrenzeus
936 1581 1034 1637 lib.
1067 1597 1142 1646 tv,
1187 1596 1239 1636 c.
1265 1581 1361 1649 20,
1382 1599 1437 1637 ιι.
1469 1582 1526 1637 2.
1565 1582 1707 1636 Bene
1742 1599 1889 1653 ergo,
1921 1584 2124 1654 inquit,

538 1671 897 1739 pronuntiavit
935 1674 1237 1739 scriptura,
1286 1688 1407 1741 qua:
1446 1674 1624 1731 dicit:
1670 1671 1859 1728 Primo
1887 1675 2128 1730 omnium

538 1766 715 1827 crede,
753 1764 1004 1833 quoniam
1032 1782 1171 1818 unus
1202 1775 1275 1818 est
1312 1764 1474 1830 Deus,
1505 1775 1641 1833 etc.,
1671 1783 1793 1839 quae
1822 1769 1989 1824 verba
2021 1770 2124 1824 de-

2237 577 2555 646 temporibus
2606 578 2921 630 Artaxerxis
2973 576 3254 630 Persarum
3310 577 3466 645 regis,
3530 576 3787 644 inspirasse

2238 666 2429 721 Esdra:
2464 667 2733 722 sacerdoti
2770 667 2936 720 tribus
2961 666 3085 719 Levi
3123 674 3364 719 veterum
3418 665 3787 734 prOpbetarum

2232 775 2501 813 sermones
2558 774 2735 813 omnes
2787 760 3119 821 instaurare,
3171 769 3218 812 et
3280 761 3562 835 restituere
3611 757 3787 827 populo

2232 867 2349 905 eam
2399 851 2586 920 legem,
2635 867 2751 921 quae
2788 851 2916 903 data
2966 860 3042 904 est
3082 867 3172 920 per
3204 847 3446 919 Moysen.
3492 850 3567 904 Ex
3604 849 3787 919 quibus

2232 944 2488 998 omnibus
2513 942 2791 998 concludit
2818 942 2935 1012 (qui
2964 957 3161 1011 scopus
3192 942 3354 1013 erat),
3399 959 3516 996 vere
3560 941 3787 1012 impudo-

2231 1048 2374 1091 ratos
2421 1046 2469 1090 et
2515 1035 2743 1091 audaces
2794 1050 2916 1090 esse
2960 1035 3269 1099 haereticos,
3300 1035 3417 1104 qtti,
3450 1043 3508 1088 ut
3551 1035 3787 1090 bIPI'esillt

2230 1144 2387 1183 suam
2436 1127 2853 1197 Scripturarunt
2909 1128 3247 1181 auctoritate
3304 1126 3587 1190 muniant,
3639 1126 3787 1189 alias,

2231 1228 2430 1289 prazter
2460 1220 2900 1290 antiquissimam
2935 1219 3108 1284 illam,
3133 1235 3257 1288 quae
3291 1220 3443 1274 miris
3471 1219 3605 1273 adeo
3627 1219 3791 1274 modis

2230 1311 2372 1368 facta
2420 1321 2523 1377 est,
2566 1312 2865 1383 Seripturze
2902 1313 3385 1382 interpretationes
3422 1312 3665 1381 proferre
3700 1328 3793 1366 au-

2229 1403 2364 1458 dent
2393 1426 2405 1459 :
2436 1404 2718 1473 apostolos
2760 1405 2931 1468 enim,
2957 1403 3233 1458 lnereticis
3257 1405 3512 1459 omnibus
3548 1404 3794 1458 vetustis.

2229 1508 2339 1561 res,
2374 1511 2667 1550 consonare
2692 1495 2962 1563 prwdictw
2988 1497 3436 1564 interpretationi,
3458 1507 3505 1549 et
3544 1497 3790 1564 interpre-

2228 1590 2479 1643 tationem
2527 1604 2818 1641 consonare
2870 1585 3009 1659 [CX]
3073 1589 3436 1657 apostolorum
3485 1588 3790 1653 traditioni;

2224 1696 2347 1737 cum
2371 1681 2425 1735 hi
2443 1681 2742 1750 prophetica
2768 1681 2948 1733 omnia
2968 1684 3042 1733 ita
3067 1681 3521 1745 annuntiaverint,
3541 1682 3784 1750 quemad-

2229 1774 2445 1828 modum
2462 1772 2745 1829 Seniorum
2764 1772 3124 1841 interpretatio
3142 1774 3390 1827 continet.
3405 1771 3499 1828 Sic
3516 1788 3796 1842 argumen-

536 1832 834 1908 snmttntur
874 1870 939 1910 ex
983 1855 1078 1913 lib.
1122 1874 1158 1912 tt
1196 1855 1463 1923 Pastoris,
1503 1832 1752 1916 MandSt.
1786 1861 1895 1916 Sed
1928 1862 2121 1917 eodem
2154 1832 2202 1892 Β
2231 1866 2451 1922 labatur
2498 1864 2757 1927 Irenzeus,
2792 1873 2852 1919 ut
2878 1832 3135 1933 probaret
3184 1866 3301 1920 haec
3344 1865 3496 1922 Isaia:
3524 1832 3688 1922 verba
3716 1867 3793 1932 “,

539 1947 700 2001 modo
751 1948 992 2003 citavere
1040 1948 1222 2018 plures
1267 1948 1359 2003 alii
1396 1949 1592 2008 Patres
1624 1952 1839 2019 Grarci,
1890 1970 2122 2024 quorum

535 2041 852 2097 testimonia
878 2042 1097 2113 collegit
1125 2045 1474 2101 doctissimus
1500 2045 1829 2115 Cotelerius,
1860 2048 2125 2118 librisque

538 2135 787 2190 Pastoris
840 2151 871 2191 a
919 2153 979 2192 se
1011 2138 1177 2194 editis
1218 2141 1504 2210 praemisit.
1548 2140 1762 2195 Latinis
1806 2155 1935 2196 vero
1986 2141 2121 2195 tanti

535 2247 644 2285 non
692 2231 796 2284 fuit
828 2232 933 2286 iste
967 2232 1185 2288 Hermae
1217 2231 1415 2287 Pastor
1448 2246 1468 2286 :
1498 2235 1642 2289 unde
1684 2243 1875 2305 postea
1906 2235 1974 2291 ab
2004 2250 2125 2289 om-

537 2322 696 2376 nibus
733 2320 997 2379 Ecclesiis
1043 2340 1075 2380 c
1120 2340 1350 2382 numero
1386 2325 1652 2383 librorum
1698 2342 1985 2383 sacrorum
2028 2344 2127 2384 ex-

533 2422 772 2482 punctus
801 2424 906 2471 est.

602 2505 657 2560 8.
695 2506 844 2561 Inter
890 2521 1104 2573 omnes,
1148 2509 1348 2579 quibus
1390 2524 1486 2564 usa
1525 2520 1610 2565 est
1647 2509 1915 2576 Ecclesia,
1954 2525 2126 2566 sacra:

532 2595 839 2666 Scriptura:
872 2600 1174 2666 versiones,
1204 2602 1346 2655 nulla
1378 2600 1584 2657 Irenaeo
1616 2603 1984 2659 venerabilior
2006 2605 2122 2659 visa

531 2700 616 2744 est
642 2704 705 2744 ea
731 2706 854 2759 qua:
885 2691 1091 2747 dicitur
1131 2692 1496 2764 Septuaginta
1538 2695 1929 2765 lnterpretum.
1969 2696 2124 2754 Hanc

533 2779 635 2850 ipsi
670 2782 807 2836 l'onti
844 2782 1074 2839 Hebraeo
1100 2784 1426 2841 auctoritate
1454 2783 1594 2856 pene
1627 2802 1812 2856 parem
1836 2789 2122 2844 existima-

532 2874 630 2937 vit,
656 2882 842 2944 utpote
873 2891 1034 2945 quam
1059 2892 1153 2946 per
1183 2878 1564 2945 aspirationem
1600 2879 1697 2934 Dei
1731 2879 1935 2936 factam
1994 2896 2121 2938 cre-

532 2965 688 3020 didit.
722 2967 779 3020 ln
821 2982 942 3022 eam
978 2982 1111 3022 vero
1139 2970 1471 3025 sententiam
1505 2971 1664 3035 abiit,
1709 2973 1855 3042 quod
1890 2972 2123 3043 Septua-

537 3058 717 3128 ginta,
765 3059 856 3129 qui
909 3060 1188 3126 dicuntur,
1230 3058 1587 3132 luterpretes,
1626 3064 1785 3134 quasi
1830 3065 2121 3135 pr0pltetas

534 3150 815 3219 habuerit,
842 3153 933 3221 qui
969 3152 1188 3207 amante
1227 3163 1393 3225 atque
1432 3156 1700 3225 dirigente
1732 3154 1937 3225 Spiritu
1987 3172 2117 3212 san-

528 3252 615 3297 cto
640 3244 950 3297 versionem
996 3259 1151 3298 suam
1185 3245 1664 3302 concinnaverint.
1702 3246 1903 3303 Censet
1948 3250 2116 3319 igitur

531 3334 806 3401 lrenazns,
840 3336 1189 3391 Ptolemaeum
1223 3337 1355 3408 Lagi
1382 3339 1576 3408 ﬁlium,
1615 3355 1739 3397 cum
1773 3356 1920 3410 eam,
1952 3359 2113 3412 quam

527 3429 879 3485 Alexandriae
929 3439 1334 3497 construxerat,
1370 3432 1759 3489 bibliothecam
1803 3436 2115 3506 omnigenis

526 3519 810 3575 codicibus
843 3536 1045 3576 ornare
1086 3522 1139 3576 itt
1176 3524 1318 3578 votis
1350 3523 1598 3593 haberet,
1655 3525 1870 3583 misisse
1908 3526 2116 3600 legatos

528 3612 624 3681 qui
670 3626 698 3664 a
731 3611 1179 3682 llierosolymitis
1231 3622 1343 3667 tum
1391 3612 1703 3684 Scripturas
1748 3634 1953 3686 eorum,
2000 3629 2114 3674 tum

528 3702 789 3759 Hebraici
834 3712 889 3760 et
938 3703 1116 3760 Graeci
1160 3706 1433 3761 sermonis
1479 3706 1687 3777 peritos
1729 3718 2112 3778 exposcerent,

527 3799 621 3867 qui
682 3800 905 3854 easdem
940 3814 1004 3855 ex
1041 3800 1273 3856 Hebraeo
1317 3800 1371 3855 in
1411 3800 1662 3859 Graecum
1707 3813 2114 3861 converterent.

529 3889 1000 3962 Hierosolymitte,
1058 3893 1151 3963 qtti
1211 3900 1323 3946 tum
1370 3892 1760 3949 Macedonibus
1820 3896 2113 3964 parebant,

527 3983 642 4052 regi
672 4000 875 4039 morem
897 3996 1170 4055 gerentes,
1192 3986 1435 4041 delectos
1460 3987 1807 4056 septuaginta
1845 3990 2113 4056 seniores,

529 4077 941 4145 Scripturarutu
985 4089 1041 4131 et
1074 4079 1365 4148 utriusque
1391 4079 1590 4150 lingua:
1621 4079 1944 4152 peritiores,
1993 4083 2119 4137 mit-

529 4176 670 4220 tunt.
728 4165 945 4222 Veritus
988 4168 1319 4226 Ptolemaeus
1362 4188 1430 4226 ne
1476 4172 1807 4243 interpretes
1852 4188 1920 4226 ex
1969 4187 2117 4228 cont-

525 4271 689 4328 pacto
732 4259 1147 4330 Scriptttrarutn
1192 4278 1394 4318 arcana
1443 4266 1680 4334 prodere
1720 4266 1995 4332 nolentes,
2031 4269 2116 4319 fu-

525 4370 649 4408 cum
682 4354 868 4422 spuria
905 4363 960 4409 et
991 4354 1299 4409 adulterina
1342 4356 1802 4426 interpretatione
1848 4357 2114 4421 facerent,

522 4461 774 4511 separaris
797 4461 885 4499 eos
907 4446 971 4499 ab
1008 4447 1250 4512 invicem,
1273 4445 1436 4515 jussit
1471 4463 1649 4501 omnes
1680 4448 1916 4503 eamdem
1953 4448 2117 4502 inter-

2231 1956 2367 2012 Ecce
2390 1957 2537 2027 virgo
2566 1957 2818 2026 concipiet
2843 1966 2890 2011 et
2926 1958 3096 2027 pariet
3132 1957 3329 2027 filium,
3362 1974 3392 2012 a
3423 1957 3794 2014 Theodotione

2227 2058 2281 2103 et
2306 2048 2503 2117 Aquila
2546 2058 2807 2117 corrupta
2848 2062 2998 2113 esse,
3034 2048 3161 2101 dum
3210 2063 3395 2103 vocem
3417 2032 3790 2119 ΠῒέἧπΝἱτςο,

2228 2148 2512 2196 verterunt
2543 2140 2749 2204 νεᾶνις,
2783 2139 3217 2201 adolescentulo;
3268 2155 3337 2195 ne
3387 2142 3597 2197 scilicet
3630 2159 3695 2197 ex
3732 2159 3799 2197 eo

2226 2233 2382 2290 Isaia:
2427 2233 2551 2288 loco
2598 2232 2903 2288 inferretur
2942 2230 3321 2298 Christumex
3351 2233 3571 2301 Virgine
3612 2243 3799 2289 natum

2224 2341 2371 2383 €588.

2296 2419 2355 2473 9.
2401 2416 2685 2488 Vulgatam
2715 2414 2982 2469 versionis
3017 2412 3161 2467 LXX
3209 2413 3567 2485 lnterpretum
3626 2414 3799 2469 histo-

2226 2511 2363 2566 riam
2406 2510 2494 2565 bic
2540 2508 2863 2563 examinare
2891 2508 3062 2561 nostri
3096 2522 3202 2561 non
3237 2518 3319 2562 est
3361 2505 3599 2562 instituti
3632 2525 3646 2561 :
3678 2523 3800 2563 cum

2227 2604 2468 2660 maxime
2503 2602 2556 2656 id
2594 2610 2774 2655 actum
2805 2600 2876 2654 sit
2904 2615 2933 2653 a
2958 2599 3229 2669 pluribus,
3264 2600 3440 2669 iisque
3468 2600 3808 2655 doctissimis

2224 2695 2557 2751 hominibus.
2580 2692 2766 2747 Pauca
2795 2691 3224 2746 duntaxatcirca
3251 2690 3441 2746 lrentei
3465 2693 3641 2747 nostri
3674 2710 3810 2748 nar-

2226 2786 2495 2840 rationem
2541 2784 2845 2839 observare
2887 2781 3135 2836 sulIiciat.
3167 2782 3347 2836 Primo
3387 2798 3493 2837 non
3535 2782 3811 2839 lrenzeunt

2221 2874 2397 2929 solum
2434 2873 2573 2927 tanti
2618 2872 2819 2929 fecisse
2854 2872 3169 2926 versionem
3219 2870 3362 2925 LXX
3399 2871 3811 2943 lnterpretum:

2221 2964 2414 3021 eodem
2447 2964 2502 3019 in
2533 2964 2746 3019 honore
2776 2964 2881 3019 fuit
2907 2965 3049 3029 apud
3075 2980 3265 3020 omnes
3287 2975 3526 3035 quatuor
3556 2968 3814 3035 priorum

2221 3053 2544 3109 saeculorum
2575 3053 2791 3118 Patres,
2846 3054 2991 3124 apud
3033 3070 3172 3124 quos
3217 3055 3533 3110 obtinuerat
3572 3072 3638 3112 ea
3682 3074 3819 3113 sen-

2228 3146 2433 3211 tentia,
2483 3138 2845 3215 Interpretes'
2878 3146 3268 3217 prophetarum
3327 3147 3477 3203 vices
3523 3158 3580 3203 et
3627 3149 3819 3205 oﬂicia

2221 3238 2525 3309 peregisse.
2565 3238 2710 3293 Fons
2741 3249 2921 3293 autem
2964 3255 3031 3293 ex
3069 3256 3177 3309 quo
3208 3238 3464 3308 proﬂuxit
3494 3244 3821 3298 communis

2218 3346 2282 3387 ea
2309 3342 2554 3386 veterum
2587 3330 2950 3395 existimatio,
2990 3330 3092 3385 fuit
3117 3333 3363 3388 Aristaeae
3394 3334 3648 3401 historia,
3690 3338 3823 3390 sive

2217 3437 2371 3490 vera,
2409 3423 2524 3477 sive
2553 3421 2721 3488 falsa;
2760 3424 2935 3490 testis,
2969 3432 3027 3477 ut
3050 3425 3166 3494 ipse
3195 3426 3342 3481 credi
3375 3435 3544 3492 amat,
3573 3427 3821 3493 oculati,

2216 3529 2379 3583 quam
2429 3512 2701 3583 Iosephus
2741 3514 2836 3573 lib.
2884 3531 2959 3571 xu
3011 3516 3427 3587 Antiquitatum,
3471 3532 3597 3589 cap.
3642 3519 3719 3583 2,
3765 3534 3825 3574 et

2216 3606 2372 3664 Philo
2402 3608 2496 3664 lib.
2532 3624 2572 3663 tt
2604 3610 2682 3663 De
2726 3610 2831 3663 vita
2862 3607 3054 3677 Mosis,
3098 3611 3425 3681 compendio
3468 3612 3821 3679 retulerunt,

2218 3716 2495 3771 quamque
2532 3716 2727 3756 omnes
2768 3709 2883 3757 tum
2927 3713 3144 3757 veteres
3187 3700 3384 3770 Judaei,
3428 3714 3540 3758 tum
3585 3706 3826 3773 priores

2217 3794 2520 3851 Christiani
2549 3794 2795 3849 unanimi
2834 3810 3107 3851 consensu
3129 3805 3491 3867 receperunt;
3530 3806 3652 3851 tum
3675 3814 3825 3867 per-

2217 3896 2411 3957 vagata
2444 3887 2654 3957 opinio,
2691 3886 3053 3958 Septuaginta
3098 3887 3430 3958 luterpretes
3466 3890 3523 3943 itt
3568 3890 3823 3946 totidem

2217 3980 2431 4037 cellulis
2459 3996 2490 4035 a
2532 3979 2827 4035 Ptolemaeo
2850 3980 3134 4050 inclusos,
3176 3983 3254 4037 sic
3290 3997 3318 4036 a
3355 3983 3464 4037 Deo
3497 3983 3830 4054 inspiratos

2220 4075 2412 4141 fuisse,
2442 4083 2504 4130 ut
2528 4074 2745 4130 collatis
2778 4075 2922 4128 inter
2938 4089 2998 4129 se
3033 4074 3378 4130 versionibus
3406 4075 3667 4143 singulis,
3692 4091 3831 4132 om-

2220 4181 2317 4222 nes
2342 4167 2397 4221 in
2429 4167 2623 4221 iisdem
2653 4166 2963 4230 sententiis,
2996 4167 3178 4221 verbis
3219 4175 3273 4220 et
3316 4167 3635 4223 nominibus
3676 4182 3831 4223 con-

2218 4259 2435 4315 venisse
2464 4260 2664 4328 reperti
2694 4258 2929 4313 fuerint.
2965 4257 3140 4329 llujus
3173 4258 3393 4327 quidem
3426 4258 3834 4316 circumstan—

2223 4354 2312 4409 tiae
2338 4369 2448 4408 non
2487 4352 2736 4407 meminit
2765 4351 3030 4406 Aristzeas
3064 4366 3080 4405 :
3118 4352 3327 4421 primus
3365 4360 3492 4406 ante
3530 4350 3833 4407 Irenaeum

2222 4443 2740 4501 meminitJuslinus
2777 4444 2990 4515 Martyr
3015 4445 3065 4499 in
3087 4444 3472 4498 Exhortatione
3498 4446 3565 4497 ad
3602 4456 3837 4513 gentes;

524 4538 723 4603 pretari
750 4536 1123 4605 Scripturam;
1154 4546 1204 4592 et
1241 4538 1342 4592 ltoc
1384 4540 1437 4593 in
1476 4538 1725 4593 omnibus
1764 4538 1916 4593 libris
1956 4539 2115 4607 fecit;
2148 4556 2193 4611 ο
2224 4550 2455 4609 uterque
2493 4554 2626 4595 vero
2677 4540 2934 4593 traditam
2984 4539 3199 4607 accepit
3231 4538 3430 4606 partim
3473 4551 3504 4589 a
3544 4537 3836 4608 Philone,

528 4629 579 4681 id
624 4637 733 4694 est,
782 4629 949 4698 jussit
988 4641 1044 4684 ut
1080 4645 1273 4684 omnes
1320 4631 1480 4685 simul
1520 4633 1773 4686 eumdem
1816 4630 2117 4699 Scriptura:

526 4721 726 4775 librum
756 4723 1275 4791 interpretarentur.
1304 4720 1744 4776 Convenientibus
1771 4732 1946 4777 autem
1976 4722 2109 4793 ipsis

527 4814 585 4865 in
633 4828 797 4867 unum
833 4816 975 4884 apud
1005 4812 1375 4879 Ptolemwunt,
1421 4822 1469 4868 et
1509 4816 1943 4883 comparantibus
1988 4832 2117 4870 suas

526 4904 1008 4974 interpretationes,
1040 4908 1183 4962 Deus
1226 4906 1562 4976 gloriﬁcatus
1602 4917 1703 4971 est,
1735 4918 1783 4961 et
1813 4908 2118 4978 Scriptura:

531 5013 650 5050 vere
677 4998 873 5051 divina:
900 5001 1114 5053 credita:
1140 5008 1286 5065 sunt,
1320 4999 1562 5052 omnibus
1600 4997 1805 5065 eadem,
1832 5010 1881 5053 et
1919 5000 2118 5054 eisdem

525 5089 722 5153 verbis,
752 5098 803 5143 et
850 5090 1051 5143 eisdem
1095 5092 1423 5154 nominibus,
1468 5091 1815 5144 recitantibus
1862 5091 1928 5143 ab
1968 5092 2118 5145 initio

524 5198 691 5251 usque
722 5183 791 5235 ad
838 5181 999 5250 ﬁnem
1029 5197 1047 5235 :
1081 5185 1157 5237 uti
1199 5192 1248 5237 et
1290 5194 1575 5252 praesentes
1621 5194 1798 5253 gentes
1841 5200 2121 5253 cognosce-

526 5285 663 5340 rent,
720 5276 973 5345 quoniam
1030 5293 1122 5341 per
1180 5278 1557 5345 aspirationem
1607 5276 1703 5330 Dei
1758 5277 2120 5345 interpretata:

526 5377 648 5420 sunt
683 5366 997 5437 Scriptum.
1027 5366 1101 5423 Ut
1143 5379 1327 5423 autem
1374 5385 1460 5424 res
1507 5370 1705 5423 habeat
1755 5369 1939 5433 lidetn,
1968 5368 2122 5423 addit

531 5459 769 5515 lrenaaus
807 5460 945 5515 nihil
981 5461 1176 5515 mirum
1226 5477 1369 5528 esse,
1414 5464 1458 5517 si
1494 5464 1636 5516 idem
1672 5463 1814 5517 Deus
1845 5460 1939 5531 qui
1980 5461 2115 5517 olim

529 5553 717 5607 Esdrte
737 5553 1057 5623 Scripturas
1078 5568 1268 5608 sacras
1302 5555 1626 5609 instanranti
1656 5556 1945 5625 aspiravit,
1973 5556 2120 5624 aspi-

529 5646 736 5699 raverit
784 5654 840 5700 et
886 5643 1030 5699 LXX
1078 5644 1479 5714 lnterpretibus
1519 5646 1740 5701 easdem
1779 5646 1831 5699 in
1866 5644 2117 5700 Gratcum

529 5753 841 5792 sermonem
873 5738 1346 5792 convertentibas.
1384 5739 1678 5807 Corruptis
1710 5738 1983 5809 siquidem
2017 5739 2120 5793 Ba-

530 5826 793 5898 bylonica:
839 5830 1175 5901 captivitatis
1227 5839 1474 5901 tempore
1519 5830 1868 5903 Scripturis,
1922 5830 2115 5897 Deum,

2219 4632 2420 4705 partim
2448 4647 2480 4685 a
2504 4631 2725 4686 caeteris
2755 4628 2984 4692 Judaeis,
3014 4628 3212 4699 quibus
3239 4628 3484 4682 Aristazae
3511 4628 3838 4685 historiam

2222 4725 2382 4781 novis
2423 4723 2705 4778 miraculis
2739 4737 2939 4777 ornare
2972 4720 3201 4790 placuit.
3249 4719 3308 4773 2°
3343 4719 3719 4775 Ptolemaeum
3766 4721 3845 4777 il-

2219 4817 2354 4883 lum,
2376 4831 2483 4885 quo
2502 4824 2765 4886 regnante
2787 4823 2949 4882 atque
2965 4813 3217 4881 jubente,
3235 4828 3299 4867 ex
3320 4810 3548 4867 llebrzeo
3568 4812 3629 4865 in
3657 4811 3846 4868 Gne-

2220 4923 2344 4963 cum
2396 4920 2712 4961 sermonem
2744 4919 3029 4959 conversae
3066 4912 3199 4957 sunt
3235 4904 3573 4973 Scripturte,
3611 4902 3847 4968 fuisse,

2220 5014 2285 5054 cx
2314 4998 2500 5053 lrentei
2527 4996 2823 5061 sententia,
2854 5011 2959 5049 non
2987 4994 3424 5064 Philadelphum,
3450 5004 3512 5049 ut
3556 4995 3855 5052 sentiunt

2220 5092 2506 5155 Aristmas,
2544 5088 2840 5157 Josepltus,
2876 5087 3055 5153 Philo,
3087 5086 3462 5141 Tertuilianus
3517 5087 3570 5141 in
3612 5086 3856 5156 Apolo-

2220 5184 2413 5255 getico,
2435 5192 2491 5237 et
2517 5183 2608 5237 alii
2639 5182 2885 5251 plerique
2915 5196 2946 5236 e
2979 5180 3236 5234 Patribus
3259 5222 3274 5245 ,
3301 5179 3398 5234 sed
3422 5178 3556 5249 Lagi
3598 5179 3808 5235 (ilium
3835 5201 3855 5249 ;

2221 5290 2342 5344 quae
2379 5284 2434 5329 et
2471 5274 2661 5328 eadem
2687 5273 2963 5327 sententia
2992 5271 3093 5325 fuit
3123 5271 3420 5327 Clementis
3444 5271 3711 5326 Alexand
3725 5275 3860 5330 riui

2223 5367 2361 5423 lib.t
2396 5365 2621 5431 Strom.,
2675 5380 2799 5435 pag.
2831 5364 2932 5418 541
2983 5373 3037 5418 et
3084 5378 3243 5433 seqq.
3281 5362 3554 5418 Gravibus
3583 5363 3865 5434 quidem

2223 5458 2339 5513 haec
2356 5458 2624 5526 premitur
2645 5456 3080 5521 dillicultatibus,
3131 5457 3332 5524 vixque
3362 5469 3428 5509 ac
3458 5469 3529 5509 ne
3560 5455 3665 5509 vix
3704 5459 3869 5527 qui-

2226 5550 2348 5604 dem
2397 5564 2522 5603 cum
2575 5549 2807 5603 historia
2842 5548 3111 5611 Arista’aa,
3160 5547 3253 5602 tibi
3306 5546 3434 5601 huic
3482 5546 3670 5601 semel
3740 5563 3869 5605 sua

2224 5641 2536 5697 constiterit
2561 5641 2889 5706 auctoritas,
2917 5640 3205 5696 conciliari
3242 5638 3468 5710 poterit.
3497 5638 3875 5697 Conciliare

2228 5742 2406 5788 tamen
2454 5744 2732 5802 utcunque
2779 5734 3041 5797 student,
3094 5731 3187 5800 qui
3237 5730 3490 5785 Anatolio
3544 5730 3875 5802 episcotso

2224 5826 2546 5887 Laodiceam)
2577 5825 2738 5896 duce,
2768 5828 2926 5898 cujus
2970 5825 3342 5897 fragmentum
3394 5823 3594 5879 recitat
3651 5823 3881 5882 Euse-
