3924 6354
195 394 309 448 255
1142 390 1603 449 DlSSEBTATlO
1635 389 1703 447 Ill
1740 391 1783 445 D

1892 387 2121 444 ΗΕΝᾸΞΙ
2163 380 2535 442 ΒΟΟΤΒΙΝΛ.
3374 377 3484 435 258
3502 384 3505 389 ’

194 511 321 564 hius
351 510 445 564 lib.
480 525 556 564 vn
594 507 769 576 Hist.,
822 526 875 566 e.
916 510 1007 577 32,
1040 520 1255 583 putant,
1298 512 1612 567 versionem
1642 508 1785 565 LXX
1814 516 1863 575 Α
1894 508 2046 561 nibus
2066 524 2260 560 ornare
2290 504 2553 574 cupiisse,
2578 500 2807 556 credere
2836 506 3243 570 consequenter
3268 497 3479 559 debuit,

196 600 589 669 lnterpretum,
617 602 663 656 si
693 617 801 658 non
833 601 1059 667 factam,
1084 601 1275 657 saltem
1299 602 1576 658 decretam
1600 601 1791 666 fuisse,

203 694 653 764 legationemque
683 697 751 749 ad
787 694 1027 760 Iudaeos,
1059 697 1557 766 comparandorum
1602 709 1792 749 sacro-

194 802 315 840 rum
357 787 617 840 codicum
647 802 838 854 causa,
881 788 1101 842 missam
1142 802 1209 843 eo
1235 798 1503 858 tempore,
1542 802 1651 856 quo
1675 785 1795 840 Pto-

195 880 421 934 lemaeus
466 880 619 935 ﬁlius
674 880 807 950 Lagi
851 880 1271 952 Philadelphum
1319 881 1491 935 [ilium
1537 881 1591 936 in
1638 880 1792 950 regni

191 972 529 1027 societatem
561 975 875 1037 asciverat;
922 975 1059 1027 adeo
1099 984 1156 1027 ut
1195 973 1420 1043 utrique
1453 972 1655 1028 ascribi
1695 986 1793 1043 po—

195 1063 383 1115 tuerit.
419 1061 535 1117 Sed
592 1080 792 1119 vereor
832 1076 894 1118 ut
946 1064 1086 1119 banc
1132 1065 1462 1121 conciliandi
1521 1066 1795 1123 rationem

193 1158 451 1212 admittat
502 1161 800 1215 Arisbras.
850 1160 1097 1225 Nodum,
1152 1177 1273 1217 meo
1313 1161 1535 1231 quidem
1584 1161 1793 1228 judicio

196 1262 414 1315 secant,
447 1252 550 1322 qui
589 1269 820 1307 excussa
849 1254 1181 1309 auctoritate
1206 1254 1643 1315 Aristaxeillius.
1670 1267 1794 1307 ceu-

194 1355 338 1409 sent,
368 1357 426 1397 ut
472 1357 697 1400 certum
722 1347 797 1400 sit
822 1347 1143 1416 Scripturas
1166 1346 1462 1402 Ptolemaeo
1491 1346 1609 1403 sive
1635 1345 1790 1415 Lagi,

190 1440 305 1490 sive
336 1437 731 1507 Philadelpho.
776 1439 827 1493 lo
846 1447 927 1494 rte
954 1439 1120 1493 etiam
1150 1450 1382 1510 utroque
1411 1448 1677 1510 regnante
1702 1446 1791 1491 at-

192 1545 298 1596 que
326 1528 592 1596 iubente,
627 1530 680 1582 in
710 1530 959 1585 Graecum
992 1544 1292 1585 conversas
1317 1531 1484 1586 fuisse
1513 1545 1542 1583 a
1567 1528 1792 1585 selectis

190 1622 529 1688 quibusdam
597 1624 903 1692 peritisqne
959 1622 1205 1690 Judzeis,
1245 1632 1445 1678 caetera
1492 1622 1679 1677 omnia
1725 1622 1791 1677 ah

190 1713 446 1776 Aristzea,
489 1712 696 1767 Judazo
742 1714 1070 1782 Hellenista,
1114 1716 1352 1785 aliisque
1391 1716 1791 1770 recentioribus

189 1801 419 1868 Judris,
450 1821 559 1873 pro
594 1807 778 1874 gentis
805 1808 988 1875 genio,
1019 1817 1076 1861 ut
1116 1823 1205 1862 res
1242 1807 1663 1862 admirationem
1689 1808 1789 1861 ha-

1896 600 2143 670 neglecta
2183 600 2251 652 ah
2294 612 2361 651 eo
2414 611 2521 651 non
2565 595 2733 650 fuisse
2779 594 3176 664 prophetarum
3218 588 3477 651 oracula;

1895 696 2082 763 dignas
2122 702 2271 747 certe
2297 690 2734 759 conscriptiones,
2767 703 2890 757 quae
2925 696 2979 741 et
3015 686 3148 754 ipsa!
3179 683 3479 737 bibliothe~

1895 802 2015 841 cam
2067 784 2273 855 regiam
2314 790 2597 839 ornarent.
2660 780 2908 849 Denique
2946 780 3014 840 si,
3056 776 3261 831 lrenzeo
3315 785 3476 839 teste,

1893 882 2197 951 prophetica
2230 880 2409 934 omnia
2451 881 2527 932 ita
2564 877 3013 932 annuntiauerunt
3046 871 3271 942 apostoli
3299 887 3483 943 quem-

1894 976 2182 1029 admodum
2253 973 2536 1029 Seniorum
2589 971 2951 1040 interpretatio
2996 969 3232 1023 continet
3272 983 3292 1021 :
3348 980 3481 1033 ergo

1893 1068 2198 1138 prophetica
2226 1068 2427 1131 omnia,
2467 1081 2575 1120 non
2615 1064 2792 1119 solum
2824 1063 3284 1123 Pcntateuchum,
3311 1060 3482 1113 inter-

1894 1159 2091 1228 pretati
2117 1169 2245 1213 sunt
2271 1158 2549 1220 Seniorcs,
2586 1172 2649 1210 ex
2692 1156 2940 1209 auctoris
2965 1152 3137 1207 nostri
3172 1151 3478 1214 sententia,

1894 1267 2016 1320 quae
2056 1261 2113 1305 et
2173 1250 2363 1305 eadem
2422 1249 2523 1303 fuit
2572 1247 2771 1303 Justini
2832 1245 3125 1316 Martyris,
3180 1241 3482 1300 Clementis

1892 1341 2271 1407 Alexandrini,
2330 1340 2692 1403 Tertulliani,
2758 1337 3041 1407 Origenis,
3104 1346 3161 1390 et
3218 1336 3479 1389 aliorum.

1892 1436 1951 1490 5°
1996 1436 2257 1497 Demum,
2296 1436 2443 1503 quod
2494 1449 2619 1488 cum
2669 1431 2917 1503 pluribus
2968 1446 3034 1483 ex
3075 1445 3199 1483 mox
3244 1427 3483 1481 laudatis

1892 1526 2153 1582 Patrihus
2177 1536 2367 1581 censet
2397 1526 2660 1592 lrenmus,
2687 1534 2976 1593 corruptas
3010 1523 3201 1584 fuisse,
3236 1531 3483 1589 tempore

1892 1618 2240 1684 captivitatis
2288 1618 2660 1690 Babylonica},
2708 1617 3028 1686 Scripturas
3068 1630 3280 1678 sacras,
3320 1622 3373 1668 et
3415 1614 3484 1667 ab

1893 1712 2067 1767 Esdra
2096 1712 2443 1780 postmodum
2476 1710 2757 1779 aspirante
2786 1709 2993 1777 Spiritu
3040 1717 3231 1761 sancto
3267 1707 3482 1761 instau-

1895 1816 2064 1871 ratas,
2098 1805 2355 1859 haustum
2393 1802 2630 1866 videtur,
2666 1813 2725 1855 ut
2754 1802 2866 1871 jam
2896 1800 3029 1861 dixi,
3061 1815 3137 1853 ex.
3165 1798 3484 1868 apocrypho

189 1896 363 1962 heret,
398 1899 656 1953 conﬁcta
692 1899 883 1954 fuisse.
916 1900 1025 1955 Sed
1051 1906 1166 1956 haec
1189 1901 1257 1956 ad
1294 1901 1521 1955 criticos
1550 1900 1784 1954 remitti-
1822 1876 1867 1931 Β
1896 1899 2037 1952 libro
2064 1914 2117 1953 tv
2149 1897 2359 1961 Esdraa,
2386 1911 2511 1965 cap.
2550 1894 2633 1960 Η,
2663 1895 2754 1948 ubi
2780 1901 3209 1954 narratauctor,
3244 1891 3486 1960 quinque

189 2004 303 2042 nius
330 2007 345 2042 :
378 1991 523 2043 satis
548 2002 637 2044 est
672 1991 831 2045 nobis
861 1993 905 2046 si
932 2008 1083 2045 vanxe
1114 1992 1466 2047 credulitatis
1493 1996 1653 2061 argui
1685 2008 1791 2047 non

189 2083 361 2148 possit
402 2080 706 2146 lrenams;
758 2096 947 2154 utpote
988 2086 1078 2154 qui
1124 2087 1459 2141 sententiam
1508 2085 1793 2155 amplexus

186 2175 370 2237 fuerit,
408 2191 588 2244 quam
633 2194 738 2230 suo
797 2188 1061 2247 tempore,
1101 2195 1160 2234 re
1196 2180 1436 2233 nondum
1476 2180 1542 2233 ad
1582 2179 1792 2234 critica!

185 2266 335 2336 leges
359 2278 594 2331 exacta,
626 2269 931 2325 Christiani
964 2287 1157 2326 omnes
1184 2288 1249 2327 eo
1277 2273 1531 2327 lidentius
1564 2274 1793 2327 tueban-

190 2369 301 2425 tur,
337 2376 452 2429 quo
492 2360 712 2417 Judaais
746 2373 876 2418 time
921 2365 1184 2433 temporis
1229 2365 1467 2419 versioni
1513 2364 1656 2419 LXX
1694 2362 1791 2417 ln-

186 2462 518 2524 terpretum,
555 2471 683 2524 quae
726 2456 990 2510 Ecclesiae
1033 2458 1365 2513 Christianae
1403 2474 1556 2512 arma
1596 2467 1789 2513 contra

186 2560 277 2599 eas
318 2548 734 2613 ministrabat,
786 2549 1025 2619 maligne
1077 2550 1537 2617 detrahentibus,
1584 2553 1795 2606 sanctis

185 2634 450 2691 Patrihus
493 2638 554 2691 in
606 2640 985 2709 suspicionem
1033 2641 1229 2696 venire
1275 2658 1382 2695 non
1426 2652 1640 2707 poterat
1669 2642 1793 2695 Ari-

183 2742 324 2783 snex:
357 2731 574 2784 librum
602 2747 631 2783 a
667 2731 856 2787 Jndmo
879 2734 1048 2789 inisse
1080 2735 1401 2789 conlictum.
1439 2736 1498 2789 5⁸
1526 2735 1642 2790 Νοιι
1674 2753 1793 2790 mo-

185 2823 360 2876 diCam
414 2825 570 2893 apud
604 2824 959 2881 Christianos
991 2830 1376 2883 auctoritatem
1409 2830 1649 2884 versioni
1682 2829 1797 2882 τῶν

182 2918 235 2968 0'
265 2917 606 2970 conciliavit
653 2935 715 2971 ea
747 2921 1052 2985 persuasio,
1079 2920 1364 2976 Christum
1412 2922 1701 2977 Dominum
1734 2926 1788 2978 in

185 3011 422 3066 citandis
461 3013 688 3066 Veteris
715 3010 1074 3066 lnstrumenti
1127 3013 1498 3082 testimoniis,
1541 3016 1791 3084 neglecto

185 3102 459 3158 Hebraico
490 3116 675 3167 textu,
703 3104 876 3159 solius
908 3104 1066 3159 dicta:
1095 3107 1365 3161 versionis
1390 3107 1656 3161 rationem
1694 3108 1791 3162 ha-

1894 1992 2064 2055 viros,
2120 1990 2313 2054 Esdra,
2370 2004 2493 2058 quae
2546 1988 2652 2042 sibi
2702 1986 2943 2042 revelata
2988 1995 3169 2051 erant,
3213 1986 3483 2044 dictante.

1894 2084 2081 2152 plures
2110 2083 2405 2151 scripsisse
2440 2080 2633 2137 libros.
2664 2080 2736 2136 Ut
2766 2090 2824 2134 ut
2851 2081 2946 2146 sit,
2987 2097 3052 2135 es
3081 2080 3262 2134 verbis
3296 2079 3487 2134 lrenwi

1897 2176 2089 2230 inferri
2129 2192 2290 2245 posse
2324 2190 2428 2228 non
2459 2186 2667 2245 putem,
2702 2175 3019 2241 Scripturas
3046 2183 3287 2242 tempore
3313 2173 3489 2241 capti-

1894 2269 2084 2322 vitatis
2128 2283 2354 2335 prorsus
2395 2266 2695 2323 interiisse.
2727 2265 2844 2320 Non
2880 2268 3028 2321 enim
3056 2266 3133 2319 ait
3169 2264 3489 2335 deperditus

1894 2362 2065 2416 fuisse
2092 2360 2431 2430 Scripturas,
2457 2361 2553 2415 sed
2592 2368 2907 2427 corruptas;
2962 2374 3062 2414 nec
3104 2359 3348 2423 easdem,
3376 2357 3490 2411 Deo

1895 2456 2082 2510 Esdra‘.
2114 2451 2354 2515 alliante,
2396 2454 2463 2507 de
2500 2454 2717 2523 integro
2746 2454 3044 2508 suscitatas
3078 2453 3128 2507 in
3166 2453 3341 2507 lucem
3380 2454 3485 2507 ite-

1897 2563 2015 2599 rum
2047 2546 2359 2615 prodiisse;
2394 2546 2491 2598 sed
2537 2544 2707 2598 Deum
2750 2543 3049 2613 inspirasse
3082 2543 3269 2598 ESdI‘iB
3302 2559 3489 2596 sat-er-

1893 2642 2028 2706 doti,
2058 2641 2166 2695 τῶν
2198 2640 2612 2713 προγεγονότων
2645 2639 2944 2712 προφητῶν
2967 2639 3180 2701 πάντας
3211 2638 3490 2703 ἀνατάξα-

1893 2732 2018 2787 σθαι
2068 2732 2280 2801 λόγους,
2330 2732 2423 2785 καὶ
2472 2732 2927 2801 ἀποκαταστῆσαι
2976 2731 3053 2803 τῷ
3100 2731 3215 2803 λαῴ
3260 2729 3358 2799 τὴν
3400 2731 3489 2785 διὰ

1890 2826 2170 2889 Μωῡσέως
2192 2824 2539 2896 νομοθεσίαν,
2554 2837 2782 2879 veterum
2816 2831 3191 2893 prophetarum
3216 2842 3487 2879 sermones

1892 2935 2069 2972 omnes
2108 2918 2164 2971 in
2194 2920 2430 2972 ordinem
2458 2920 2724 2989 digerere,
2751 2930 2798 2973 et
2827 2919 3105 2973 restituere
3134 2919 3332 2987 populo
3367 2938 3485 2973 eam

1892 3009 2056 3079 legem
2080 3027 2201 3079 qua:
2227 3011 2356 3064 data
2391 3020 2467 3065 est
2497 3028 2589 3077 per
2624 3010 2869 3082 Moysen.
2900 3012 2955 3064 ld
2999 3012 3176 3082 igitur
3201 3012 3316 3065 vult
3346 3013 3486 3066 dun-

1893 3111 2043 3157 taxat
2072 3101 2329 3168 lrenzeus,
2362 3112 2655 3173 corruptas
2701 3115 2810 3157 tum
2848 3104 3198 3173 ignorantia,
3227 3113 3342 3159 tum
3386 3122 3486 3159 ne-

184 3195 389 3250 buisse.
425 3196 525 3251 Sic
555 3197 781 3267 quidem
816 3212 1043 3251 sensere
1070 3198 1257 3267 plures
1279 3216 1310 3254 e
1335 3198 1596 3254 Patribus
1628 3218 1643 3254 :
1680 3215 1786 3255 non
1814 3236 1862 3298 ο
1891 3198 2152 3269 gligentia
2210 3196 2525 3253 Iudaeorum
2577 3197 2937 3266 Scripturas;
2997 3199 3067 3253 ab
3126 3198 3300 3253 Esdra
3322 3238 3337 3263 ,
3376 3198 3488 3253 Deo

188 3297 364 3341 tamen
403 3289 678 3343 IrenzL-us.
707 3290 920 3343 Saltem
955 3291 1007 3344 id
1052 3305 1082 3345 e
1112 3291 1295 3346 verbis
1326 3292 1444 3361 ejus
1472 3294 1591 3348 erui
1625 3308 1787 3363 posse

184 3394 283 3432 non
318 3391 549 3449 putem,
585 3391 645 3433 ut
673 3382 724 3433 in
768 3382 913 3435 notis
939 3383 1007 3435 ad
1050 3383 1198 3437 hunc
1228 3384 1409 3437 locum
1433 3385 1672 3440 ostendi.
1709 3386 1787 3439 Ex

183 3486 243 3524 eo
288 3482 512 3525 tantum
560 3475 959 3528 auctoritatem
1013 3474 1143 3530 huic
1194 3476 1435 3531 versioni
1488 3478 1787 3533 conciliare

186 3564 407 3619 videtur
456 3566 635 3635 (quod
678 3569 974 3635 genuinum
1029 3570 1381 3624 auctoritatis
1424 3571 1544 3641 ejus
1589 3571 1785 3625 funda-

186 3668 430 3710 mentum
473 3661 615 3725 εει),
662 3663 806 3729 quod
849 3661 901 3715 in
948 3663 1242 3727 omnibus,
1276 3680 1399 3733 quae.
1441 3665 1789 3733 protulerurit

187 3750 444 3816 apostoli.
482 3749 704 3805 Veteris
738 3753 1089 3809 lnsmtmcnti
1127 3756 1489 3822 testimoniis,
1523 3757 1659 3809 nihil
1689 3770 1786 3811 oc-

187 3852 371 3895 currat
420 3844 573 3910 quod
610 3844 849 3898 versioni
886 3845 995 3899 τῶν
1025 3848 1080 3901 0'
1103 3858 1409 3917 repugnet:
1446 3850 1555 3904 imo
1598 3866 1789 3903 conso-

189 3941 300 3982 nent
349 3932 668 4000 apostolica
709 3934 895 3988 omnia
930 3938 1204 4003 prwdicla:
1246 3941 1695 4008 interpretationi,
1737 3952 1786 3996 et

190 4020 565 4089 interpretatio
597 4035 845 4079 consonet
890 4029 1198 4095 apustulicw
1228 4032 1637 4098 prtcdicationi;
1666 4052 1791 4101 pro-

189 4116 501 4181 pheticaque
540 4119 722 4170 omnia
751 4120 826 4171 ita
862 4122 1295 4175 unnuntiaverint
1328 4124 1787 4194 apostoli,quem-

188 4208 475 4261 admodum
549 4208 831 4265 Seniorum
892 4211 1261 4281 interpretatio
1314 4216 1568 4271 continet.
1631 4214 1788 4282 Quod

188 4302 407 4368 quidem
433 4312 833 4371 argumentum
869 4312 926 4357 ut
956 4306 1159 4370 valeat,
1190 4322 1417 4362 necesse
1452 4323 1558 4362 non
1593 4317 1676 4363 est
1714 4322 1779 4363 ea

192 4396 395 4458 omnia,
423 4411 558 4463 qua:
601 4396 671 4450 ab
721 4398 987 4465 apostolis
1025 4398 1235 4467 prolata
1276 4409 1427 4465 sunt,
1460 4401 1783 4456 testimonia

191 4482 394 4541 Grauis
420 4488 535 4540 τῶν
558 4489 614 4541 0'
635 4490 1003 4558 respondere;
1034 4492 1129 4544 sed
1161 4492 1349 4546 borum
1384 4493 1521 4547 satis
1552 4495 1784 4562 probata

1893 3293 2225 3361 inspirante,
2274 3292 2598 3353 recensitas,
2656 3289 2822 3363 [CXI]
2874 3301 3039 3359 atque
3093 3292 3485 3362 recognitas,a

1891 3385 2106 3440 utendis
2125 3401 2247 3455 qua:
2274 3385 2639 3455 irrepseraut,
2664 3394 2932 3456 purgatas
2964 3384 3165 3449 fuisse;
3195 3384 3486 3440 confusos-

1892 3496 2004 3549 que
2054 3489 2109 3533 et
2166 3477 2493 3547 perturbato
2544 3479 2740 3533 ordine
2789 3478 3042 3545 jacentes
3088 3479 3481 3546 prophetarum

1892 3574 2094 3636 libros,
2138 3572 2192 3625 in
2243 3573 2537 3642 pristinum
2585 3571 2836 3625 ordinem
2890 3571 3135 3640 digestos
3184 3570 3375 3635 fuisse,
3416 3586 3483 3625 ac

1891 3666 2131 3736 denique
2156 3665 2334 3736 legem
2373 3665 2535 3735 longa
2574 3664 2854 3719 oblivione
2886 3664 3055 3718 veluti
3094 3664 3386 3733 sepultam,
3416 3665 3485 3717 de

1892 3771 2035 3810 novo
2060 3754 2471 3825 promulgatam
2497 3763 2551 3807 et
2576 3753 2913 3823 propositam
2941 3754 3140 3823 populo
3167 3754 3362 3810 fuisse.
3392 3754 3487 3809 Sic

1890 3846 2128 3902 lrcmeus
2150 3862 2180 3900 a
2207 3848 2485 3901 communi
2520 3856 2847 3901 czeterorum
2866 3846 3091 3901 Patrum
3124 3857 3288 3917 atque
3312 3849 3486 3903 inter-

1890 3948 2101 4006 pretum
2138 3938 2415 3993 sententia
2450 3954 2557 3992 non
2595 3939 2827 3994 recedit.

1962 4033 2049 4087 l0.
2094 4032 2331 4086 Duarum
2381 4032 2610 4085 aliarum
2643 4030 2857 4085 Veteris
2895 4030 3230 4086 Testameuti
3266 4032 3481 4088 versio-

1891 4134 2020 4172 nutn
2058 4119 2509 4175 meminiteodetn
2542 4118 2659 4174 loco
2684 4117 2939 4183 lreuteus,
2982 4118 3371 4174 Theodotionis
3400 4121 3484 4176 vi-

1892 4206 2090 4260 delicet
2114 4207 2353 4276 Ephesii,
2386 4217 2440 4262 et
2470 4208 2678 4277 Aquilae
2710 4207 2940 4272 Pontici,
2984 4209 3272 4277 utriusque
3302 4207 3479 4265 Judaei

1892 4300 2182 4369 prosclyti;
2233 4302 2328 4355 sed
2389 4300 2566 4354 obiter
2620 4310 2851 4365 tantum,
2897 4310 2953 4354 ct
2997 4302 3287 4356 occasione
3331 4300 3480 4356 illius

1891 4390 2044 4444 [sane
2078 4392 2368 4447 testimonii
2395 4410 2409 4447 :
2442 4392 2576 4447 Ecce
2606 4394 2753 4462 virgo
2775 4394 3055 4462 concipiet,
3076 4408 3237 4461 quem
3269 4393 3335 4446 ab
3374 4392 3481 4447 illis

1893 4494 2208 4551 corruptum
2246 4501 2409 4554 prava
2452 4485 2904 4554 interpretatione
2962 4484 3157 4538 merito
3191 4484 3483 4552 conqueri-

194 4589 367 4633 lllaltel
400 4580 703 4634 sinceritas
730 4591 786 4634 et
814 4584 969 4647 lides,
1000 4584 1045 4636 si
1079 4600 1203 4638 cum
1246 4588 1563 4655 apostolicis
1597 4590 1777 4658 quoad

1892 4585 1997 4628 tur.
2034 4574 2099 4628 Et
2128 4575 2252 4631 hinc
2306 4587 2527 4645 accepta
2568 4577 2877 4640 occasione,
2915 4575 3180 4629 versionis
3210 4572 3354 4627 LXX
3386 4572 3479 4627 ln-

190 4681 403 4722 scnsum
453 4674 813 4725 conveniant.
871 4674 930 4725 4ο
973 4675 1196 4730 Sentire
1250 4676 1467 4731 videtur
1518 4678 1777 4738 lrenarus.

192 4774 282 4811 non
306 4761 764 4814 Pentateuchmn
802 4765 1088 4828 duntaxat,
1124 4767 1216 4819 sed
1242 4778 1298 4821 et
1335 4770 1631 4824 canonicas
1663 4786 1783 4825 om-

194 4868 274 4905 nes
304 4852 637 4907 Judworum
687 4855 1008 4925 Scripturas
1045 4861 1096 4913 iu
1149 4861 1397 4915 Grzecum
1438 4878 1780 4931 sermonem,

195 4942 466 4999 Pwlermei
493 4949 640 5015 regis
668 4949 848 5016 jussu,
875 4966 1173 5007 conversas
1200 4953 1387 5010 fuisse.
1421 4952 1605 5009 Utitur
1634 4957 1780 5010 enim

192 5050 405 5105 semper
449 5054 587 5091 voce
630 5040 934 5105 indeﬁnito,
966 5043 1303 5113 Scripturas,
1336 5063 1435 5102 nec
1478 5050 1779 5118 quidquam

194 5126 332 5183 addit
377 5132 532 5199 quod
586 5134 811 5186 eamad
860 5134 1293 5192 Pentateuchum
1342 5150 1619 5195 coerceat.
1670 5142 1783 5196 lmo

193 5221 316 5284 quod
367 5222 592 5283 scribit,
644 5234 756 5277 tum
792 5224 1144 5284 Ptoleuneum
1185 5232 1400 5299 petiisse
1443 5250 1475 5285 a
1517 5232 1778 5288 llieroso-

192 5308 383 5379 lymitia
424 5316 801 5384 interpretatus
846 5322 1039 5375 habere
1070 5322 1379 5392 Scripturas
1415 5343 1637 5393 eorum;
1666 5338 1778 5383 tum

192 5408 437 5460 eatndem
471 5412 742 5475 separatis
775 5396 839 5464 aii
868 5414 1086 5467 invicem
1123 5417 1778 5487 interpretibusjussisse,

196 5506 243 5545 st
266 5514 456 5552 onsnes
488 5503 729 5553 eamdem
757 5503 1235 5568 interpretarentur
1266 5506 1631 5575 Scripturam;
1656 5510 1783 5561 liac-

194 5603 280 5653 qtte
317 5592 380 5642 in
422 5593 674 5645 omnibus
715 5591 865 5647 libris
908 5594 1096 5662 fecisse
1130 5612 1150 5650 :
1188 5598 1324 5651 satis
1357 5598 1565 5652 indicat
1610 5599 1781 5654 libros

197 5698 403 5750 attines,
430 5686 526 5751 qui
571 5684 782 5740 Judazis
825 5688 969 5741 sacri
1018 5700 1223 5755 essent,
1262 5707 1556 5746 conversos
1586 5692 1777 5747 fuisse.

199 5774 313 5828 Cum
346 5778 498 5832 enim
522 5778 875 5835 existimaret
906 5781 1161 5848 lremeus,
1196 5783 1549 5839 Ptolemwum
1585 5786 1777 5841 biblio-

204 5870 398 5926 thecam
431 5887 592 5927 suam
625 5872 863 5929 omnium
906 5875 1178 5933 hominum
1212 5878 1401 5950 dignis
1434 5879 1777 5950 conscriptio-

1890 4677 2186 4737 terpretum
2241 4670 2399 4722 iidem
2434 4678 2487 4723 et
2534 4670 2921 4724 auctoritatem
2987 4667 3354 4730 commendat,
3412 4681 3480 4720 eo

1888 4764 2050 4817 modo
2083 4778 2190 4832 quo
2222 4762 2480 4827 diximus,
2509 4777 2738 4829 eainque
2785 4759 3001 4814 caeteris
3032 4759 3286 4814 omnibus
3320 4760 3481 4831 longe

1887 4853 2128 4924 praefert.
2162 4853 2312 4908 Hanc
2351 4854 2402 4908 in
2436 4854 2669 4908 citandis
2699 4853 2915 4908 Veteris
2962 4851 3297 4908 Testameuti
3342 4854 3481 4910 locis

1886 4947 2207 5017 plerumque
2238 4947 2505 5016 sequitur.
2543 4945 2599 4999 Si
2634 4961 2762 5000 vero
2795 4946 3072 4999 interdum
3105 4948 3173 4999 ab
3208 4960 3271 5000 ea
3298 4946 3479 5001 disce~

1886 5040 2019 5094 dere
2050 5041 2318 5106 videatur,
2350 5039 2545 5108 triplex
2569 5038 2728 5106 hujus
2761 5038 2833 5091 rei
2864 5053 3028 5092 causa
3045 5037 3231 5093 aderri
3260 5049 3474 5108 potest:

1888 5132 1948 5184 1η
1976 5133 2129 5198 Quod
2161 5132 2461 5201 aliquando
2495 5148 2602 5185 non
2639 5146 2705 5186 ex
2743 5132 2949 5193 codice,
2986 5133 3078 5187 sed
3112 5147 3176 5187 ex
3210 5135 3476 5190 memoria

1884 5227 2050 5284 citet;
2091 5224 2254 5292 idque
2279 5238 2345 5277 ex
2378 5239 2444 5278 eo
2474 5233 2618 5293 patet
2651 5224 2797 5293 quod
2824 5225 3013 5277 cadent
3053 5225 3363 5280 testimonia
3395 5226 3481 5281 di-

1887 5318 2059 5371 versis
2090 5316 2142 5370 in
2186 5316 2323 5371 locis
2376 5332 2520 5386 δαίνυ
2563 5317 2872 5385 prolerens,
2916 5332 3021 5370 non
3068 5328 3247 5371 tamen
3280 5319 3477 5372 eodem

1887 5410 2046 5464 lllUdO
2096 5424 2313 5479 semper
2362 5410 2589 5474 scribat,
2642 5409 2738 5463 sed
2793 5409 2884 5463 hic
2920 5411 3103 5465 verbis
3146 5410 3475 5479 quihusdam

1884 5512 2067 5566 aucta,
2102 5501 2213 5557 illic
2244 5508 2550 5563 decurtata,
2589 5512 2748 5571 prout
2780 5503 3041 5557 memoria
3068 5503 3398 5572 suggerebat
3422 5511 3479 5556 et

1884 5593 2105 5647 occasio
2145 5592 2373 5648 ferebat.
2402 5593 2463 5647 ‘3“
2496 5594 2647 5661 Quod
2683 5612 2787 5649 non
2813 5610 3004 5649 clunes
3036 5593 3145 5647 τῶν
3170 5597 3225 5646 0’
3254 5593 3475 5647 codices

1883 5704 2067 5742 secum
2123 5688 2357 5743 invicem
2402 5688 2456 5741 in
2496 5689 2754 5743 otnnihus
2807 5688 3203 5742 consentirent.
3255 5682 3471 5753 Quanta

1885 5780 2027 5834 inter
2064 5794 2158 5835 eos
2199 5781 2442 5845 codices,
2471 5778 2723 5851 Origeuis
2766 5789 2949 5843 aetate,
2986 5778 3277 5833 diversitas
3301 5777 3475 5831 inter-

1882 5887 2048 5945 εῖδει,
2082 5892 2355 5948 quamque
2396 5877 2767 5933 desudandum
2807 5874 3029 5945 Origcui
3066 5873 3251 5936 fuerit,
3288 5882 3347 5929 ut
3376 5888 3472 5929 eos

3631 5586 3657 5613 ἢ
