3924 6354
578 364 685 421 255

1418 360 2017 418 DISSERTATIONES
2048 362 2357 419 PRAEVLE
2400 362 2468 420 IN
2496 361 2759 419 IRENA‘ZI
2798 360 3061 419 LIBROS.

3699 371 3782 428 S56

575 498 763 540 secum
795 483 1027 540 invicem
1063 483 1406 547 conciliaret,
1436 482 1524 537 vel
1549 483 1617 537 iis
1653 484 1881 539 resectis
1915 499 2036 552 quae
2069 498 2164 537 ne-
2191 487 2239 543 Α
2267 482 2511 536 Italicam
2549 482 2856 537 versionem
2896 483 2965 537 ad
2998 481 3222 537 verbum
3263 497 3365 535 non
3398 498 3515 538 raro
3541 496 3779 555 sequatur,

575 577 835 648 gligentia
869 578 951 633 vel
1003 578 1231 631 audacia
1269 576 1618 631 librariorum
1656 590 1941 646 perperam
1975 577 2157 630 addita

574 664 816 730 fuerant,
861 666 943 719 vel
983 667 1049 721 iis
1100 664 1298 719 additis
1332 680 1453 734 qua:
1501 665 1642 719 male
1674 666 1874 719 omissa
1919 667 2155 733 fuerant,

576 755 735 811 docet
784 758 898 826 ipse
950 768 988 813 t.
1024 775 1092 813 xv
1136 758 1494 812 Commentar.
1538 760 1594 812 in
1636 758 1971 815 Matthwum.
2021 759 2154 814 Cum

576 847 743 919 igitur
800 866 908 905 non
949 851 1110 905 iidem
1161 861 1345 906 essent
1392 851 1592 919 ubique
1623 852 1896 907 versionis
1951 851 2060 905 τῶν
2100 852 2155 905 0'

573 942 815 1009 codices,
871 959 977 997 non
1036 944 1231 997 mirum
1266 943 1309 996 si
1342 957 1427 1006 ea,
1462 957 1582 1011 qua:
1612 958 1679 997 ex
1710 958 1771 997 ea
1802 944 2013 1013 profert
2039 944 2152 999 Ire-

574 1047 748 1097 nteus,
793 1050 898 1089 non
941 1050 1158 1103 semper
1180 1050 1305 1088 cum
1334 1034 1540 1089 nostris
1573 1044 1765 1089 exacte
1796 1036 2149 1091 conveniant.

569 1121 673 1188 Qui
705 1125 851 1178 enim
884 1135 1181 1195 supersunt
1214 1125 1389 1190 nobis,
1418 1126 1705 1195 pauciores
1732 1142 1960 1181 numero
1989 1135 2149 1191 sunt;

570 1215 733 1281 longe
768 1217 952 1287 plures
985 1217 1170 1271 Irenmi
1202 1227 1362 1272 aetate
1396 1218 1951 1282 circumferebantur;
1977 1218 2067 1286 qui
2105 1219 2149 1273 si

571 1310 751 1363 adhuc
796 1318 1101 1376 exstarent,
1146 1309 1353 1363 certius
1393 1311 1460 1364 de
1505 1310 1591 1374 iis,
1643 1310 1843 1381 quibus
1882 1326 2010 1363 usus
2041 1318 2147 1376 est,

561 1399 813 1465 judicare
840 1417 1148 1471 possemus.
1195 1402 1258 1455 5ει
1299 1401 1451 1467 Quod
1488 1401 1717 1457 Latinus
1760 1401 1945 1456 Irenrei
1977 1401 2149 1456 inter-

566 1507 691 1559 pres
718 1508 808 1559 ea,
842 1508 963 1563 qua:
994 1492 1052 1547 S.
1091 1494 1283 1548 doctor
1318 1492 1619 1563 Scripturae
1662 1493 1974 1548 testimonia
2013 1491 2146 1545 alle-

564 1596 677 1652 gat,
717 1585 989 1639 interdum
1025 1586 1109 1640 vel
1144 1586 1325 1639 minus
1362 1596 1617 1640 accurate
1647 1585 1892 1651 verterit,
1929 1583 2011 1639 vel
2040 1599 2147 1638 non

560 1692 631 1731 ex
670 1676 788 1745 ipso
815 1676 1009 1732 Grazco
1032 1677 1290 1740 verterit;
1339 1676 1433 1730 sed
1478 1676 1652 1730 labori
1696 1691 1950 1745 parcens,
1985 1683 2147 1745 prout

561 1785 625 1824 ea
660 1770 711 1824 in
746 1770 984 1839 vulgatis
1029 1768 1354 1824 Latinorum
1404 1768 1752 1823 versionibus
1800 1768 2143 1838 legebantur,

562 1862 752 1917 Irenati
806 1863 977 1917 textui
1028 1861 1341 1916 inseruerit.
1395 1860 1717 1930 Emdetnque
1753 1860 1993 1913 rationes
2045 1876 2144 1912 va-

562 1953 698 2017 lent,
734 1970 839 2009 non
890 1971 988 2024 pro
1024 1954 1239 2009 Veteris
1286 1953 1573 2019 duntaxat,
1620 1955 1715 2007 sed
1767 1966 1821 2007 et
1854 1970 1952 2022 pro
2011 1950 2149 2006 Novi

560 2045 899 2102 Testamenti
946 2046 1081 2101 locis
1113 2063 1234 2117 qua:
1265 2047 1454 2101 citavit
1486 2042 1743 2101 Irenaeus.
1777 2046 1885 2101 Nec
1909 2046 2054 2101 enim
2083 2061 2146 2102 ea

557 2153 777 2208 semper
809 2155 875 2195 ex
911 2138 1100 2194 codice
1130 2139 1376 2208 protulit,
1410 2140 1503 2195 sed
1536 2140 1811 2193 interdum
1840 2153 1905 2192 ex
1942 2154 2149 2201 memo-

560 2234 674 2295 ria;
724 2246 822 2287 nec
857 2232 1035 2286 minor
1066 2230 1166 2285 fuit
1200 2233 1343 2287 inter
1376 2232 1511 2287 Novi
1550 2248 1715 2302 quam
1750 2233 1893 2286 inter
1931 2232 2148 2290 Veteris

556 2323 893 2379 Testamenti
929 2327 1149 2381 codices
1181 2326 1509 2391 diversitas,
1543 2337 1602 2380 ut
1639 2341 1782 2395 saepe
1811 2339 2148 2396 conquestus

554 2424 641 2468 est
670 2413 1055 2487 Hieronymus,
1094 2425 1149 2471 et
1184 2417 1319 2471 satis
1352 2426 1502 2486 patet
1533 2432 1599 2470 ex
1628 2417 1696 2470 iis
1720 2416 1976 2470 omnibus
2004 2416 2148 2472 Grae-

555 2506 656 2570 cis,
687 2507 779 2577 qui
813 2509 1111 2563 etiamnum
1142 2519 1479 2577 supersunt:
1517 2524 1616 2565 nec
1654 2510 1834 2564 minor
1865 2508 1968 2561 fuit
1998 2508 2050 2563 in
2078 2509 2146 2564 iis

558 2599 835 2654 vertendis
862 2598 1051 2656 Irenaei
1093 2603 1408 2671 interpretis
1438 2602 1672 2656 incuria.
1708 2601 1831 2655 llaec
1864 2618 1930 2657 ex
1959 2617 2025 2657 eo
2050 2617 2145 2669 po-

558 2693 832 2748 tissimum
891 2696 1336 2762 deprehenditur,
1388 2695 1534 2766 quod
1594 2705 1833 2750 veterem
1869 2692 2143 2765 vulgatam

2264 581 2321 628 ut
2354 572 2602 643 pluribus
2647 574 2700 627 in
2740 572 2879 628 locis
2911 573 3222 628 observavi.
3265 574 3405 628 Nihil
3440 589 3561 629 vero
3599 590 3783 633 necesse

2261 675 2347 719 est
2370 679 2642 730 moneam,
2668 674 2873 719 tantam
2902 680 3171 735 nusquam
3199 666 3476 720 exstitisse
3506 668 3782 724 varietatem

2260 756 2404 811 inter
2437 773 2630 812 omnes
2662 758 2779 813 sive
2809 759 3043 824 Veteris,
3076 758 3191 813 sive
3223 756 3353 812 Novi
3381 757 3686 814 Testamenti
3708 776 3781 816 co-

2257 846 2428 914 dices,
2478 847 2679 917 quibus
2712 863 2812 903 usa
2858 858 2942 903 est
2985 848 3525 917 Ecclesia,.quosque
3554 849 3672 919 legit
3699 851 3784 905 Ire-

2256 953 2426 1005 nazus,
2467 949 2526 993 ut
2558 939 2834 1009 quidpiam
2868 939 3137 1010 dispendii
3169 940 3453 1009 pertulerit
3483 955 3783 999 sensuszres

2255 1033 2371 1103 ipsa
2407 1047 2505 1102 per
2536 1047 2595 1089 se
2630 1033 2897 1103 loquitur,
2930 1042 2985 1088 et
3016 1035 3063 1089 ei
3102 1035 3197 1099 qui
3234 1034 3357 1089 loca
3391 1034 3566 1088 omnia
3593 1035 3696 1089 sive
3730 1036 3783 1092 ab

2256 1136 2480 1179 auctore
2517 1134 2727 1191 nostro,
2761 1125 2879 1179 sive
2920 1140 2950 1179 a
2985 1125 3265 1181 veteribus
3316 1126 3562 1183 Patribus
3592 1126 3782 1195 allegata

2254 1230 2377 1271 cum
2410 1217 2690 1273 hodiernis
2731 1219 2936 1274 nostris
2965 1235 3143 1276 sacrae
3178 1220 3478 1289 Scriptura:
3504 1219 3785 1290 exemplari-

2254 1309 2354 1365 bus
2409 1314 2662 1367 conl'erre
2697 1312 2959 1380 voluerit,
3014 1313 3193 1383 palam
3230 1313 3374 1369 illico
3408 1313 3498 1368 ﬁet
3541 1321 3692 1367 totum
3716 1314 3783 1367 di-

2252 1403 2487 1458 scrimen
2538 1404 2592 1458 in
2626 1405 2809 1460 verbis
2854 1406 3205 1475 quibusdam,
3253 1404 3420 1459 illmso
3465 1420 3667 1474 semper
3691 1421 3785 1458 ma-

2251 1504 2414 1549 nente
2447 1513 2636 1561 sensu,
2672 1497 2903 1552 hzerere.
2933 1498 2987 1551 Id
3022 1508 3232 1551 tantum
3267 1512 3331 1550 ex
3373 1498 3623 1551 hactenus
3653 1496 3785 1549 dictis

2252 1588 2433 1657 colligi
2474 1588 2655 1647 velim.
2711 1589 2795 1642 vix
2848 1588 3147 1657 quidquam
3200 1589 3335 1641 certi
3375 1588 3533 1640 statui
3568 1602 3705 1656 posse
3734 1590 3786 1642 de

2253 1680 2557 1747 iis,quihus
2588 1695 2717 1734 usus
2740 1689 2822 1733 est
2853 1680 3112 1742 lrenams,
3145 1677 3276 1731 Novi
3306 1679 3602 1746 praesertim
3630 1677 3787 1731 Testa-

2250 1771 2418 1825 tuenti
2444 1771 2764 1827 codicibus:
2814 1771 2949 1826 adeo
2978 1780 3035 1823 ut
3066 1787 3130 1826 ex
3168 1772 3235 1826 iis
3285 1786 3405 1839 qua:
3440 1770 3631 1839 allegat
3666 1770 3787 1824 Scri-

2248 1872 2421 1930 pturas
2443 1861 2598 1922 locis,
2628 1871 2688 1915 ut
2714 1860 2845 1931 quid
2876 1876 3087 1915 certum
3122 1871 3176 1914 et
3214 1860 3571 1914 indubitatum
3596 1857 3785 1911 conclu-

2247 1953 2298 2007 di
2333 1968 2440 2008 non
2476 1954 2672 2023 possit,
2711 1955 2789 2009 sic
2837 1954 2921 2008 vel
2969 1954 3049 2007 sic
3094 1952 3317 2007 omnino
3358 1952 3606 2005 habuisse
3635 1950 3787 2005 Irenaei

2246 2046 2499 2111 codices;
2530 2048 2626 2101 sed
2654 2046 2922 2113 ejusmodi
2959 2056 3283 2115 argumenta
3319 2043 3501 2098 sobrie
3526 2058 3788 2112 proponen-

2246 2137 2312 2192 da
2342 2138 2468 2200 sint,
2504 2148 2559 2193 et
2585 2137 2729 2191 intra
2761 2138 3203 2202 coniecturarum
3241 2137 3441 2190 limites
3480 2149 3684 2189 manere
3710 2134 3788 2187 de-

2244 2230 2429 2286 beant.
2478 2230 2561 2283 Ad
2596 2231 2710 2284 ha‘c
2742 2231 2785 2285 si
2833 2231 3159 2285 attendisset
3190 2230 3261 2283 cl.
3295 2229 3552 2289 Grabius,
3604 2243 3699 2280 non
3727 2227 3787 2278 ita

2246 2322 2482 2379 ﬁdenter
2515 2326 2952 2393 pronuntiasset,
2986 2325 3102 2379 ham
3128 2322 3210 2377 vel
3238 2323 3329 2377 illa
3365 2321 3631 2377 exstitisse
3657 2319 3703 2372 in
3724 2332 3790 2371 ve-

2244 2417 2452 2472 teribus
2508 2417 2769 2471 Ecclesia:
2813 2416 3119 2481 codicibus,
3177 2416 3263 2471 vel
3319 2416 3391 2471 ab
3452 2415 3517 2469 iis
3564 2412 3786 2467 abfuisse.

2244 2509 2506 2579 Quisquis
2541 2512 2783 2578 prudens
2806 2519 2913 2575 est,
2940 2520 2997 2564 et
3031 2509 3084 2564 in
3114 2508 3345 2563 lectione
3371 2507 3588 2561 Patrum
3630 2501 3789 2557 tantil-

2240 2599 2351 2656 lum
2386 2612 2659 2665 versatus,
2689 2602 2930 2656 abstinet
2976 2602 3044 2654 ah
3079 2600 3347 2669 ejusmodi
3378 2599 3617 2667 judiciis,
3644 2610 3703 2651 ne
3729 2603 3792 2647 le-

2245 2692 2514 2747 meritatis
2548 2702 2734 2747 notaui
2762 2693 3028 2748 incurrat.

1746 3044 2423 3135 ARTICULUS
2500 3045 2638 3132 II.

1370 3268 1463 3328 De
1507 3263 1984 3343 Scripturarum
2030 3258 2488 3339 perspicuitate
2523 3266 2585 3321 et
2617 3258 3030 3321 obscuritate.

626 3574 713 3628 II.
747 3572 935 3628 Claras
956 3581 1011 3627 et
1042 3572 1362 3642 perspicuas
1398 3586 1521 3626 esse
1555 3571 1879 3643 Scripturas
1920 3586 2131 3636 sacras,
2162 3574 2208 3638 ο
2237 3569 2321 3624 Itis
2351 3569 2659 3633 attenderit,
2702 3568 2947 3638 ignorare
2981 3565 3168 3635 possit.
3201 3562 3372 3618 Recte
3400 3562 3641 3621 omnino.
3676 3558 3797 3615 Sub-

553 3680 855 3735 earumque
884 3679 1106 3719 sensum
1153 3663 1381 3719 cuilibet
1424 3673 1635 3718 attento
1688 3674 1744 3718 et
1778 3664 2026 3718 studioso
2060 3664 2137 3719 lc-

552 3758 692 3811 cturi
717 3755 936 3811 facilem
970 3765 1028 3811 et
1064 3758 1286 3812 obvium
1335 3773 1477 3821 esse,
1528 3758 1780 3827 vulgatus
1816 3757 2135 3813 Protestan-

553 3851 685 3904 tium
726 3866 883 3905 error
923 3859 1029 3915 est,
1070 3866 1233 3920 quem
1264 3851 1484 3917 mirum,
1521 3852 1565 3906 si
1610 3850 1815 3907 Irenaeo
1846 3860 2009 3906 tanta:
2037 3868 2134 3906 au-

551 3942 827 3997 ctoritatis
880 3943 1029 3998 Patri
1066 3960 1170 3999 non
1221 3944 1581 4001 alliuvissent.
1615 3945 1768 4001 llttnc
1800 3946 2051 4015 quamvis
2080 3947 2130 4000 in

551 4034 698 4089 notis
743 4036 861 4090 suis
891 4036 1054 4106 paulo
1088 4038 1307 4107 parcius
1359 4038 1595 4092 insinuet
1637 4038 1709 4093 cl.
1757 4039 2013 4101 Grabius,
2078 4038 2130 4092 in

550 4128 735 4184 Iudice
768 4130 1008 4199 generali
1061 4131 1128 4184 ad
1175 4146 1362 4186 vocem
1404 4131 1681 4200 Scriptura
1722 4133 2009 4188 sollicitius
2050 4133 2132 4187 in-

548 4221 751 4275 culcat.
814 4220 1089 4291 Scriptura
1121 4240 1296 4285 sacra,
1356 4225 1554 4293 inqttit,
1610 4228 1787 4280 omnia
1837 4244 1955 4297 qua:
2001 4228 2133 4281 scire

547 4312 817 4377 debemus,
868 4325 1043 4381 aperte
1101 4324 1147 4367 et
1194 4316 1330 4368 citra
1381 4316 1756 4384 parabolarum
1804 4319 2132 4372 involucrum

546 4407 818 4474 proponit.
843 4403 1054 4459 Judwis
1080 4423 1197 4459 cum
1227 4406 1442 4476 legitur,
1476 4408 1695 4462 obscura
1734 4419 1783 4463 et
1832 4411 2025 4479 fabula:
2057 4413 2132 4465 si—

550 4496 712 4559 milis,
753 4495 1072 4551 Christianis
1105 4514 1223 4552 vero
1247 4501 1547 4567 perspicua.
1586 4500 1691 4555 Sed
1722 4502 1766 4555 si
1810 4518 1871 4556 ea
1905 4517 2027 4572 qum
2062 4503 2130 4557 ibi

551 4589 863 4643 indicantur
913 4588 1031 4644 loca
1087 4592 1363 4655 conferas,
1422 4593 1709 4647 miraberis
1741 4594 1871 4647 nihil
1929 4596 2129 4655 minus.

549 4698 713 4750 quam
758 4683 903 4751 quod
932 4684 1167 4751 spondet
1203 4683 1389 4747 Iudex,
1422 4700 1738 4739 orcurrere.
1774 4685 1883 4739 Nec
1918 4702 2137 4739 accura-

553 4775 680 4839 tior,
702 4792 769 4830 tte
792 4776 969 4830 dicam
998 4776 1288 4840 sincerior,
1318 4778 1417 4831 fuit
1443 4779 1523 4831 vir
1553 4778 1623 4832 cl.
1650 4780 1702 4831 in
1737 4779 1941 4842 notula,
1969 4794 2129 4848 quam

552 4864 645 4918 lib.
676 4881 737 4929 tt,
774 4882 892 4935 cap.
919 4866 1011 4931 46,
1042 4884 1155 4921 sua:
1183 4868 1445 4923 editionis
1472 4885 1599 4938 pag.
1630 4869 1731 4922 I79.
1758 4871 1984 4939 (nostra:
2006 4887 2133 4926 vero

2237 3661 2418 3733 jungit
2472 3676 2601 3715 vero
2648 3659 2932 3715 Grabius:
2984 3659 3225 3710 Attamen
3272 3655 3586 3725 prwcedenti
3629 3652 3795 3721 pagina

2239 3768 2427 3829 aperte
2455 3766 2511 3811 et
2561 3756 2679 3810 sine
2709 3756 2988 3821 ambiguo,
3036 3751 3169 3820 ipsis
3206 3750 3545 3805 dictionibus
3587 3749 3637 3801 in
3670 3742 3796 3799 Scri-

2238 3853 2410 3922 ptttris
2460 3850 2637 3921 posita
2691 3849 2817 3901 dicit
2874 3848 3131 3906 universe,
3174 3857 3293 3912 qua:
3319 3843 3538 3911 quidem
3588 3840 3726 3895 dedit
3751 3838 3793 3890 iu

2241 3942 2520 3998 hominum
2577 3949 2901 4012 potestatem
2970 3939 3127 4002 Deus,
3198 3946 3254 3991 ct
3315 3937 3563 3991 subdidit
3621 3941 3795 3987 nostra

2240 4036 2507 4096 scicnlim,
2545 4042 2699 4103 prout
2732 4034 2918 4086 ibidem
2961 4032 3195 4099 loquitur
3225 4044 3245 4082 :
3289 4030 3343 4083 id
3376 4039 3476 4095 est,
3515 4044 3630 4097 qua:
3680 4024 3794 4077 Deus

2236 4146 2266 4183 a
2300 4130 2447 4181 nobis
2489 4128 2640 4189 sciri,
2679 4126 2754 4179 vel
2785 4126 2929 4179 credi
2977 4127 3158 4178 voluit.
3214 4124 3416 4177 Verttm
3473 4122 3686 4191 quidem
3726 4125 3795 4167 est

2234 4223 2496 4277 Irenmunt
2522 4220 2681 4273 initio
2710 4218 2906 4286 capitis
2934 4232 3207 4281 asserere,
3232 4216 3484 4285 quaedam
3511 4231 3619 4269 esse
3646 4220 3795 4277 aperte

2236 4325 2281 4367 et
2306 4314 2417 4366 sine
2439 4312 2708 4380 ambiguo,
2736 4311 2864 4377 ipsis
2909 4309 3230 4361 dirtiouibus
3279 4309 3452 4374 posita
3486 4307 3542 4359 in
3581 4305 3796 4369 Scriptu-

2239 4406 2345 4469 ris;
2394 4404 2487 4457 scd
2548 4403 2689 4456 hanc
2735 4402 2922 4455 lrenmi
2980 4400 3413 4469 propositionem
3461 4395 3796 4453 universalem

2236 4515 2381 4562 esse,
2443 4498 2655 4567 hacque
2703 4495 2762 4549 S.
2817 4488 3096 4549 doctoretn
3132 4493 3424 4564 complecti
3474 4492 3706 4547 voluisse
3746 4502 3796 4540 ea

2237 4592 2417 4645 omnia
2440 4605 2557 4659 qua:
2592 4588 2726 4641 Deus
2752 4604 2782 4638 α
2806 4587 2952 4639 nobis
2979 4587 3124 4648 sciri,
3146 4586 3223 4638 vel
3252 4585 3395 4638 credi
3422 4584 3609 4646 voluit,
3634 4574 3799 4636 Grabii

2239 4682 2628 4739 commentaria
2667 4690 2792 4735 sunt
2843 4695 2967 4732 cum
3020 4681 3137 4747 ipso
3168 4686 3317 4732 textu
3366 4693 3397 4732 e
3431 4679 3694 4731 diametro
3720 4688 3801 4741 pu-

2240 4776 2484 4846 gnantia.
2520 4775 2783 4828 Nimirum
2812 4784 3096 4842 postquam
3129 4773 3367 4826 Irenzeus
3416 4772 3597 4840 capite
3623 4780 3801 4839 ιιι-ωερε

2242 4870 2389 4924 deuti
2429 4869 2674 4921 insanam
2706 4866 3088 4921 Gnostirorum
3119 4866 3499 4920 curiositatem
3528 4860 3800 4928 redargllil.

552 4971 672 5025 cap.
700 4956 791 5022 2'7,
812 4933 866 5010 ni.
888 4958 1014 5028 ΞΑ).
1046 4960 1197 5028 155),
1222 4960 1523 5015 subtexuit.
1552 4960 1817 5015 Nimirum
1847 4964 2134 5015 occasione
2168 4933 2211 4988 D
2241 4963 2333 5030 qui
2379 4960 2693 5028 Scripturas
2731 4970 2935 5013 tenterc
2968 4959 3221 5022 scrutati,
3264 4958 3593 5023 insulsisque
3626 4955 3685 5007 de
3714 4952 3804 5002 Deo

550 5048 782 5103 istorum
840 5046 1029 5103 Ircnmi
1087 5054 1423 5106 verborum:
1471 5050 1603 5105 Cum
1663 5053 1838 5121 itaque
1892 5055 2147 5107 universa:

552 5139 871 5209 Scriptum,
907 5152 955 5194 et
984 5140 1302 5210 Propltetire,
1338 5152 1385 5194 et
1413 5140 1721 5213 Evangelia,
1759 5144 1813 5196 in
1841 5154 2048 5213 aperto,
2096 5156 2143 5197 et

552 5232 667 5287 sine
693 5233 1062 5303 ambiguitate,
1100 5244 1147 5287 et
1182 5234 1427 5289 similiter
1458 5234 1521 5287 ab
1552 5235 1790 5289 omnibus
1825 5236 2004 5290 audiri
2024 5252 2145 5305 pos-

553 5324 681 5389 sint,
707 5332 839 5389 etc.,
877 5333 986 5377 tam
1008 5326 1149 5379 scite
1175 5339 1338 5394 quam
1364 5341 1492 5383 vere
1522 5327 1603 5381 sic
1631 5338 1918 5382 monuerat
1948 5328 2147 5383 Feuar-

555 5417 805 5471 dentius:
836 5413 961 5469 Non
985 5416 1113 5482 vult,
1143 5418 1242 5483 ait,
1273 5435 1449 5472 omnes
1486 5417 1791 5487 Scripturas
1827 5425 1959 5473 adeo
1990 5437 2142 5488 aper-

556 5521 659 5573 tas,
683 5520 731 5563 et
774 5509 941 5563 cuivis
972 5509 1148 5562 obvias
1178 5527 1313 5572 esse,
1344 5522 1397 5564 ut
1438 5514 1585 5566 nulla
1612 5515 1681 5566 sit
1709 5517 1761 5565 in
1805 5514 1879 5566 eis
1907 5514 2145 5568 obscuri-

557 5610 670 5666 tas;
692 5617 812 5654 cum
842 5602 940 5654 hoc
973 5601 1099 5654 alibi
1133 5603 1428 5672 frequenter
1464 5606 1708 5675 afﬁrmet,
1757 5616 1865 5661 etc.
1914 5606 2019 5662 Sed
2057 5624 2144 5661 eas

562 5695 696 5747 adeo
741 5694 1015 5763 perspicue
1050 5705 1096 5748 ct
1131 5706 1433 5753 constanter
1480 5716 1641 5754 unum
1686 5710 1733 5753 ct
1775 5698 1946 5753 solum
1979 5699 2145 5753 Deum

566 5787 748 5841 mundi
767 5795 1054 5842 creatorem
1085 5800 1129 5844 et
1155 5799 1402 5845 rectorem
1431 5793 1739 5862 pra'dicare,
1764 5802 1818 5847 ttt
1861 5809 2029 5858 nemo,
2058 5794 2144 5861 qui

2244 5054 2517 5121 rebusque
2553 5050 2750 5103 divinis
2791 5050 3185 5118 quaestionibus
3216 5058 3379 5117 atque
3412 5041 3805 5100 contmentatio~

2242 5148 2400 5200 nihns
2449 5144 2720 5203 delectati.
2773 5159 2917 5199 vano
2969 5142 3214 5196 scientia:
3265 5142 3486 5196 nomine
3539 5135 3806 5207 superbius

2241 5242 2650 5297 cllercbantur:
2690 5248 2801 5293 tum
2835 5237 2991 5292 initio
3035 5237 3230 5306 capitis
3274 5234 3558 5305 sequentis
3600 5233 3675 5300 tiu
3711 5241 3806 5296 quo

2241 5331 2721 5388 demonstrandum
2762 5329 2864 5384 sibi
2897 5329 3171 5398 proponit,
3201 5344 3265 5383 ex
3299 5326 3599 5398 parabolis,
3628 5324 3808 5393 quibus

2244 5423 2523 5491 multiplex
2552 5423 2774 5477 subesse
2804 5430 2982 5490 potest
3008 5436 3221 5485 sensus,
3249 5422 3479 5474 obscura
3507 5416 3811 5485 explicanda

2243 5532 2347 5570 non
2373 5530 2517 5577 esse,
2553 5515 2645 5568 sed
2668 5530 2733 5567 ex
2774 5515 2841 5567 iis
2874 5530 2993 5584 qure
3024 5513 3172 5568 clare
3198 5525 3251 5568 et
3293 5524 3477 5583 aperte
3502 5513 3674 5581 posita
3700 5516 3811 5562 sunt

2244 5608 2295 5661 itt
2337 5605 2522 5677 [CXII]
2573 5606 2894 5675 Scripturis)
2926 5604 3227 5675 sultjungit,
3275 5622 3484 5658 sensum
3516 5619 3727 5663 sanum,
3770 5607 3810 5650 et

2243 5702 2330 5770 qui
2365 5700 2476 5751 sine
2508 5699 2739 5767 periculo
2767 5710 2866 5761 est,
2892 5708 2937 5751 et
2978 5698 3307 5767 religiosum,
3350 5708 3396 5749 et
3429 5705 3694 5749 amantem
3732 5707 3808 5742 re-

2248 5807 2385 5857 rum,
2411 5809 2523 5861 qua'
2542 5790 2749 5859 quidem
2776 5792 2914 5846 dedit
2944 5792 2996 5843 in
3022 5792 3295 5847 hominum
3320 5798 3631 5852 potestatem
3660 5784 3807 5844 Deus,
