3924 6354
194 285 270 337 εἵη

1049 282 1507 339 DlSSERTATIO
1542 283 1631 348 lll,
1670 283 1759 337 DE
1794 281 2057 337 ῙΒΕΝΛΕΙ
2094 281 2466 338 DOCTRINA.

3295 293 3402 349 258

195 421 226 458 rt
252 404 454 458 subdidit
486 416 681 459 nostra!
732 404 986 469 sciettlitt’,
1020 406 1132 459 han:
1176 419 1412 477 prompte
1446 410 1714 474 meditari,
1751 411 1793 466 A
1825 404 2151 473 Scripturis,
2192 404 2577 476 respondebit:
2604 421 2709 461 non
2734 406 2991 471 universe,
3023 412 3081 462 ut
3111 420 3401 480 perperam

194 510 229 551 et
252 502 295 551 in
310 497 418 564 ipsis
438 498 708 565 proﬁcere,
730 501 978 553 diuturno
1002 506 1174 556 studio
1202 503 1413 567 facilem
1439 503 1712 556 scientiam

194 604 331 641 comit
357 590 664 658 efﬁcientem.
718 592 973 657 Qna'nam
1010 609 1137 646 vero
1166 610 1228 647 ea
1259 596 1394 653 sint,
1421 610 1538 663 qua:
1571 594 1711 647 dedit

194 678 480 734 inhominnm
533 690 845 749 potestatem
904 684 1067 751 Deus,
1120 695 1168 739 et
1221 686 1453 738 subdidit
1516 697 1713 739 nostra!

193 773 393 834 scientia,
424 773 604 826 statim
659 775 910 830 indicat:
959 777 1093 832 Sunt
1145 789 1322 832 autem
1366 779 1491 839 Ittrc,
1537 781 1708 843 addit,

192 879 276 930 qua
308 874 413 917 ante
458 864 638 917 oculos
682 878 891 923 nostros
936 882 1238 932 occurrunt,
1288 884 1334 924 et
1385 888 1711 942 quarcnnque

190 965 341 1024 aperte,
364 967 405 1010 et
427 959 535 1010 sine
561 960 836 1028 ambiguo,
870 962 993 1028 ipsis
1018 963 1342 1018 dictionibus
1381 966 1552 1032 posita
1586 975 1709 1019 sunt

190 1053 227 1104 in
257 1047 530 1117 Scripturis.
558 1049 643 1103 An
680 1066 836 1115 vero,
858 1054 1104 1123 quisquis
1130 1055 1199 1107 ita
1231 1055 1490 1126 loquitur,
1521 1070 1711 1127 aperte

189 1156 227 1196 et
259 1144 355 1196 sine
398 1144 672 1212 ambiguo,
727 1146 859 1215 ipsis
896 1146 1229 1202 dictionibus
1295 1150 1348 1202 in
1410 1147 1708 1220 Scriptnris

188 1235 315 1301 posita
350 1234 468 1287 dicit
493 1236 771 1298 universe.
806 1252 925 1305 quae
961 1239 1110 1293 dedit
1156 1239 1207 1292 in
1244 1240 1521 1293 hominum
1550 1252 1706 1309 pole-

190 1340 349 1384 ststem.
380 1329 529 1397 Deus,
580 1342 636 1387 et
662 1333 909 1389 subdidit
939 1346 1138 1390 nostra:
1186 1338 1459 1399 δςὶειιιὶως
1500 1340 1550 1393 id
1597 1350 1703 1404 est,

187 1436 273 1490 qua
294 1421 412 1475 Deus
434 1439 460 1475 a
488 1425 643 1479 nobis
676 1427 813 1481 sciri‘
838 1431 923 1482 vel
946 1430 1090 1483 credi
1126 1432 1334 1483 voluit?
1363 1430 1548 1502 Lippis
1576 1448 1706 1487 ocu-

190 1516 236 1569 lis
270 1512 498 1569 [reorum
548 1519 788 1589 legerit,
840 1521 931 1589 qui
987 1523 1067 1577 sic
1116 1524 1429 1579 concludat.
1490 1525 1544 1579 Id
1593 1527 1708 1581 vult

190 1606 229 1658 S.
252 1608 431 1669 doctor,
465 1609 716 1676 quaedam
755 1626 879 1666 esse
901 1652 915 1676 ,
956 1627 1190 1681 quorum
1226 1615 1703 1687 investigationem

189 1698 379 1764 permisit
396 1700 547 1753 nobis
578 1701 747 1764 Deus,
768 1717 999 1772 qumque
1029 1704 1273 1758 subdidit
1297 1715 1501 1760 nostra:
1518 1708 1701 1761 scien-

188 1793 273 1855 tiae;
298 1807 349 1845 ea
379 1808 501 1845 vero
523 1808 647 1848 esse
674 1796 727 1847 1ο
760 1794 891 1860 Quae
919 1806 1044 1851 ante
1076 1797 1260 1853 oculos
1284 1810 1491 1854 nostros
1510 1818 1698 1855 occur-

188 1900 293 1952 runt,
322 1904 397 1941 res
437 1889 715 1943 naturales
746 1890 1032 1956 videlicet;
1082 1908 1186 1945 non
1221 1904 1369 1947 certe
1395 1910 1456 1949 ea
1486 1897 1694 1961 omnia,

186 1991 273 2042 qua:
303 1976 345 2029 in
378 1976 677 2047 Scripturis
710 1980 1006 2047 habemur,
1035 1992 1225 2053 utpote
1264 1999 1385 2052 quae
1412 1996 1537 2039 ante
1567 2003 1700 2042 ocn-

188 2067 242 2120 los
268 2077 451 2122 nostros
494 2084 824 2133 occurrere,
859 2086 1017 2127 nemo
1047 2088 1191 2127 same
1233 2075 1430 2130 mentis
1475 2074 1697 2131 dixerit.

184 2157 548 2229 2‘Quacunque
584 2172 784 2230 aperte
830 2173 884 2217 et
918 2163 1038 2218 sine
1084 2165 1375 2236 ambiguo,
1434 2167 1565 2235 ipsis
1620 2168 1699 2222 di-

185 2252 396 2306 ctionibus
431 2254 599 2322 posita
644 2266 779 2309 sunt
826 2256 880 2310 in
918 2259 1238 2326 Scripturis.
1278 2258 1345 2315 Ut
1383 2274 1515 2330 ergo
1553 2276 1701 2331 qum-

186 2356 344 2412 cunque
385 2353 563 2413 aperte
612 2354 669 2400 et
723 2347 844 2401 sine
894 2348 1149 2418 ambiguo
1205 2351 1383 2419 posita
1449 2362 1579 2406 sunt
1640 2354 1693 2408 in

188 2432 458 2501 Scripturis,
502 2437 756 2493 scientia:
806 2448 1006 2495 nostra-
1059 2450 1225 2511 atque
1291 2444 1695 2515 investigationi

186 2526 437 2589 permiserit
466 2530 640 2596 Deus;
676 2546 784 2585 non
816 2531 943 2586 hinc
982 2542 1189 2599 tamen,
1223 2534 1324 2588 nisi
1362 2536 1559 2605 puerili
1603 2551 1699 2592 so-

188 2617 423 2684 phismata,
456 2622 710 2677 concludi
747 2634 960 2694 potest,
994 2641 1055 2680 ea
1096 2628 1278 2681 omnia
1300 2671 1317 2695 ,
1344 2643 1463 2697 qua:
1491 2630 1633 2685 Deus
1669 2645 1698 2683 a

188 2711 303 2765 nobis
328 2714 439 2767 sciri
471 2714 555 2769 vel
590 2715 746 2771 credi
776 2717 965 2782 voluit,
1002 2729 1189 2788 aperte
1216 2730 1271 2775 et
1297 2720 1415 2777 sine
1446 2722 1701 2793 ambiguo

187 2805 315 2869 ροδὶιι
348 2820 457 2862 esse
495 2808 547 2863 in
598 2809 933 2880 Scripturis.
968 2812 1122 2868 Alias
1168 2815 1359 2870 eodem
1404 2815 1522 2885 iure
1572 2833 1703 2872 con-

186 2894 289 2946 dadi
310 2905 502 2964 posset,
520 2914 583 2954 ea
614 2902 807 2954 omnia
840 2916 964 2970 qua:
1001 2904 1144 2959 Deus
1170 2920 1199 2959 a
1237 2907 1397 2962 nobis
1423 2908 1577 2974 sciri,
1614 2909 1701 2963 vel

188 2989 292 3041 credi
317 2990 484 3056 voluit,
524 3003 653 3046 ante
696 2993 878 3047 oculos
926 3007 1133 3050 nostros
1188 3014 1495 3065 occurrere,
1529 3001 1579 3055 id
1617 3014 1701 3058 est

1821 499 1975 567 lingit
2031 497 2305 564 Grabius,
2355 500 2447 553 sed
2497 500 2870 570 singulariter,
2916 513 2971 555 et
3016 513 3283 572 quantum
3336 504 3402 554 ad

1817 600 2195 659 argumentum
2260 605 2507 659 praesens
2560 592 2901 661 pertinebat,
2957 609 3126 647 unum
3177 607 3298 647 esse
3347 602 3404 646 et

1814 684 1989 737 solum
2030 683 2216 745 Deum,
2253 685 2435 738 mundi
2467 685 2805 739 conditorem
2844 695 2898 740 et
2927 695 3221 741 rectorem.
3258 686 3398 739 Cum

1816 775 2020 844 itaque,
2060 777 2261 843 inquit,
2310 776 2571 829 universa:
2610 775 2922 846 Scriptnrtr,
2968 788 3016 830 et
3070 775 3397 845 Prophetia’,

1812 878 1861 921 et
1896 868 2184 937 Evangelia
2214 869 2266 920 in
2300 878 2509 935 aperto,
2536 878 2586 921 et
2615 870 2728 921 sine
2752 869 3121 938 ambiguitate,
3159 878 3209 922 et
3240 870 3397 923 simi—

1812 956 1932 1011 liter
1960 958 2023 1009 ab
2061 958 2303 1011 omnibus
2331 958 2513 1010 audiri
2544 958 2763 1024 possint,
2809 958 2906 1011 etsi
2941 974 3046 1009 non
3071 972 3252 1010 omnes
3283 972 3401 1009 cre-

1810 1049 1963 1114 dunt,
2000 1067 2163 1103 unum
2195 1062 2241 1103 et
2289 1051 2460 1104 solum
2507 1050 2697 1115 Demn,
2730 1050 2798 1101 ad
2830 1049 3184 1103 excludendos
3230 1050 3397 1110 alios.

1807 1144 2092 1211 pra’dicent
2119 1144 2297 1197 omnia
2334 1144 2520 1212 fecisse
2549 1160 2641 1208 per
2678 1140 2902 1195 Verbum
2936 1159 3111 1207 suunt,
3148 1144 3255 1197 sive
3279 1143 3396 1195 visi-

1810 1234 1937 1289 bilia
1959 1275 1976 1301 ,
2007 1237 2116 1289 sive
2164 1235 2483 1301 invisibilia,
2525 1244 2656 1299 etc.,
2684 1245 2731 1289 et
2758 1236 2872 1304 ipsa
2904 1246 3080 1288 autem
3118 1245 3394 1295 creatura,

1810 1329 1864 1381 in
1887 1344 1992 1397 qua
2018 1345 2223 1391 sumus,
2254 1346 2347 1398 per
2382 1347 2442 1383 ea
2475 1347 2590 1400 qute
2634 1330 2687 1383 in
2720 1342 2982 1396 aspectum
3012 1330 3251 1392 veniunt,
3295 1329 3396 1381 hoc

1807 1420 1978 1490 ipsum
2005 1431 2253 1488 testante,
2283 1440 2449 1477 unum
2478 1439 2613 1487 esse,
2639 1423 2730 1491 qui
2762 1438 2877 1474 eam
2914 1422 3092 1490 [ecerit
3125 1430 3174 1473 et
3202 1432 3349 1489 regat
3376 1433 3398 1471 .·

1806 1512 1961 1566 valde
1992 1512 2196 1567 hebetes
2244 1517 2591 1584 apparebunt,
2633 1515 2720 1583 qui
2757 1516 2827 1564 ad
2856 1524 2962 1566 tam
2994 1512 3226 1565 Incidunt
3261 1514 3394 1564 ada-

1806 1607 2094 1673 pertionem
2120 1610 2405 1663 ctecntiunt
2440 1609 2641 1665 oculos.
2678 1618 2785 1663 etc.
2812 1607 2985 1675 Quam
3011 1605 3175 1659 multa
3203 1612 3390 1658 autem

1807 1701 1918 1754 sint
1966 1700 2021 1754 in
2077 1700 2380 1770 Scripturis
2422 1702 2844 1767 obscurissima,
2894 1715 3017 1769 qua:
3062 1698 3326 1769 explicari
3371 1718 3397 1751 a

1812 1795 1974 1849 nobis
2004 1811 2111 1848 non
2144 1804 2392 1863 possunt,
2429 1794 2606 1849 fusius
2641 1795 2800 1849 docet
2830 1809 2951 1862 cap.
2984 1793 3261 1863 sequenti,
3306 1793 3394 1845 ulli

1800 1888 2000 1958 probat
2051 1888 2236 1956 plures
2286 1889 2338 1941 in
2399 1888 2467 1942 iis
2519 1903 2809 1942 occurrere
2851 1886 3225 1950 dillicultates,
3276 1902 3397 1955 qua:

1801 1981 1937 2035 solvi
1975 1995 2003 2033 a
2038 1981 2197 2035 nobis
2232 1995 2337 2034 non
2370 1981 2603 2049 possint,
2628 1982 2723 2035 sed
2762 1995 2995 2050 quarum
3039 1980 3240 2035 solutio
3277 1978 3393 2032 Dco

1802 2073 1901 2127 soli
1963 2072 2159 2126 humili
2194 2072 2298 2125 ﬁde
2331 2072 2600 2127 committi
2649 2073 2842 2126 debeat
2878 2091 2891 2125 :
2930 2070 3243 2141 Scripturas
3274 2074 3396 2141 qni-

1802 2165 1921 2219 dem
1954 2165 2232 2234 perfectas
2260 2179 2402 2227 esse,
2444 2175 2627 2234 utpote
2656 2182 2687 2220 a
2723 2166 2898 2219 Verbo
2939 2165 3033 2219 Dei
3070 2174 3125 2219 et
3172 2165 3390 2234 Spiritu

1801 2255 1919 2322 ejus
1952 2257 2278 2325 inspiratas;
2326 2257 2420 2310 sed
2460 2258 2625 2312 tantis
2667 2258 2946 2327 mysteriis
2973 2257 3288 2324 abundare,
3338 2269 3398 2311 ut

1803 2348 1871 2401 ad
1899 2364 1960 2403 ea
1990 2347 2342 2417 intelligenda
2378 2349 2712 2403 revelatione
2742 2364 2880 2417 opus
2917 2350 3022 2405 sit:
3054 2350 3189 2405 adeo
3222 2352 3395 2419 siqni-

1803 2437 1925 2492 dem
1963 2450 2228 2509 angustos
2268 2454 2388 2494 esse
2434 2440 2635 2496 mentis
2664 2450 2864 2497 nostra:
2916 2441 3120 2498 limites
3147 2481 3164 2509 ,
3221 2453 3284 2498 ut
3340 2446 3392 2495 in

1805 2527 1939 2597 ipsis
1970 2530 2132 2583 rebus
2168 2530 2536 2595 naturalibus,
2567 2546 2799 2599 quarum
2827 2532 3082 2587 assiduus
3113 2532 3274 2587 nobis
3311 2545 3395 2585 est

1803 2636 1957 2684 usus,
1988 2635 2232 2689 quasque
2262 2622 2509 2688 quotidie
2562 2621 2813 2675 videmus
2861 2632 2917 2675 et
2960 2632 3396 2683 contrectamus,

1805 2715 2084 2769 caecutiat.
2116 2713 2245 2782 Legi
2278 2714 2443 2769 verba
2479 2712 2620 2782 apud
2665 2723 2947 2768 auctorem
2977 2725 3209 2783 possunt
3260 2731 3314 2769 η.
3365 2714 3401 2768 2

1802 2816 1857 2860 et
1884 2806 1939 2869 5,
1971 2807 2215 2874 longiora
2248 2806 2513 2875 siquidem
2546 2806 2663 2859 loca
2698 2815 2849 2873 sunt,
2876 2822 3039 2876 quam
3077 2816 3135 2861 ut
3165 2806 3253 2861 hic
3284 2823 3384 2861 ex-

1805 2899 2143 2953 scrihantur.
2198 2899 2265 2952 Et
2312 2898 2405 2952 lib.
2468 2913 2544 2963 tv,
2576 2914 2697 2967 cap.
2736 2897 2832 2963 26,
2885 2899 2996 2952 n.i
3050 2901 3190 2969 (quo
3224 2899 3391 2953 etiam

1806 2990 1928 3045 loco
1963 2990 2212 3044 abutitur
2240 2988 2530 3057 Grabius),
2568 2991 2746 3053 docet,
2788 2988 3072 3043 Christum
3106 3002 3227 3043 esse
3277 2990 3389 3043 the-

188 3077 257 3130 sub
279 3092 595 3148 conspectum
634 3092 886 3138 nostrum
915 3087 1152 3151 cadere;
1188 3088 1420 3143 alterum
1456 3090 1602 3144 enim
1630 3095 1697 3147 ab
1725 3106 1768 3160 ρ
1805 3096 2027 3135 saurum
2060 3079 2111 3133 in
2145 3078 2446 3148 Scripturis
2468 3078 2876 3143 absconditum,
2903 3078 3151 3148 ejusdem
3176 3079 3382 3134 Christi

190 3168 314 3223 altero
338 3187 430 3225 nou
478 3183 705 3242 separat
739 3175 1010 3242 lrenmus;
1050 3192 1171 3246 quae
1210 3188 1387 3234 tamen
1417 3182 1698 3237 conclusio

189 3261 507 3317 absurdissima
550 3266 719 3321 foret.
754 3265 939 3338 Longe
970 3270 1172 3338 quippe
1194 3270 1428 3326 diversa:
1459 3284 1586 3327 sunt
1615 3276 1697 3329 Ine

189 3356 516 3423 propositiones
547 3376 559 3410 :
596 3358 947 3429 Quwcunque
985 3371 1110 3414 ante
1140 3363 1321 3418 oculos
1368 3376 1576 3420 nostros
1614 3383 1699 3422 oc-

187 3459 377 3510 cumutt,
421 3462 464 3503 et
513 3460 700 3520 aperte
751 3462 799 3504 et
853 3457 962 3507 sine
1016 3456 1258 3525 ambiguo
1301 3457 1356 3510 in
1406 3454 1696 3527 Scripturis

187 3550 306 3600 posita
335 3551 461 3605 sunt,
499 3558 559 3594 ea
592 3544 779 3597 omnia
820 3545 961 3598 dedit
996 3546 1048 3597 in
1073 3546 1348 3599 hominum
1382 3554 1695 3614 potestatem

191 3624 316 3694 Deus,
354 3640 397 3683 et
439 3635 679 3687 subdidit
713 3644 911 3688 nostra:
946 3635 1217 3701 scientiw;
1247 3647 1299 3691 et
1339 3654 1352 3690 :
1394 3636 1476 3692 Ea
1517 3640 1694 3692 omnia

185 3732 267 3783 qua
286 3719 401 3776 Deus
427 3742 455 3777 a
480 3728 629 3779 nobis
663 3729 791 3779 sciri
819 3728 898 3780 vel
923 3728 1068 3780 credi
1085 3729 1270 3793 t'oluit,
1297 3740 1477 3799 aperte
1510 3740 1557 3784 et
1579 3730 1696 3785 sine

186 3814 387 3883 ambiguo,
415 3817 539 3887 ipsis
572 3821 905 3874 dictionibus
934 3821 1111 3891 posita
1135 3832 1256 3875 sunt
1288 3822 1342 3875 in
1371 3821 1690 3893 Scripturis.

187 3898 318 3958 Prima
341 3912 630 3979 propositio
684 3911 879 3968 lrenmi
919 3925 1044 3981 est;
1098 3919 1334 3972 secunda
1365 3916 1553 3974 Grabii
1599 3934 1693 3973 so-

188 3990 279 4056 lius,
300 4014 385 4053 non
415 4015 560 4058 certe
588 4005 654 4058 S.
687 4003 950 4058 doctoris.

235 4083 299 4138 12.
328 4086 546 4145 Tantum
598 4094 760 4147 abest
792 4094 882 4147 hic
931 4094 1097 4162 dicat,
1144 4110 1206 4150 ea
1238 4096 1446 4161 omnia,
1491 4113 1610 4168 qua:
1636 4100 1690 4155 in

190 4174 421 4247 Scripturis
445 4183 744 4252 habentur,
779 4195 967 4255 aperte
1010 4198 1067 4241 et
1100 4188 1218 4242 sine
1247 4188 1522 4257 ambiguo,
1562 4192 1692 4259 ipsis

188 4272 443 4336 dictionibus
494 4284 676 4353 posita
734 4297 890 4348 esse;
957 4284 1087 4351 quin
1153 4285 1352 4353 potius,
1402 4296 1689 4355 pOSIquatn

188 4375 367 4430 ostendit
396 4393 455 4432 es
484 4380 769 4449 parabolis
819 4380 1073 4434 obscuris
1118 4380 1262 4435 clara
1303 4392 1358 4436 et
1402 4385 1686 4452 perspicua

1802 3174 2038 3227 adventu
2096 3183 2150 3228 et
2205 3187 2372 3227 cruce
2419 3172 2742 3226 revelatum.
2784 3172 3117 3240 Prophetias
3169 3188 3387 3233 omnes.

1798 3265 2109 3335 priusquam
2159 3265 2391 3318 habeant
2442 3264 2765 3333 e/Iicaciant,
2804 3266 3087 3335 (enigmata
3120 3274 3168 3317 et
3213 3265 3386 3317 ambi-

1798 3358 2026 3426 guitates
2049 3374 2159 3410 esse
2192 3356 2497 3410 hominibus
2522 3371 2541 3409 :
2570 3374 2689 3411 cum
2718 3367 2897 3410 autem
2931 3356 3125 3412 venerit
3156 3366 3383 3425 tempus.

1798 3458 1847 3501 et
1879 3450 2105 3503 evenerit
2156 3449 2297 3519 quod
2340 3448 2712 3518 praphetatutn
2760 3458 2859 3513 est,
2916 3458 3042 3502 tunc
3082 3448 3385 3518 prophetias

1797 3540 1990 3594 habere
2016 3540 2273 3611 liquidam
2311 3551 2357 3594 et
2384 3552 2582 3595 certam
2624 3542 3029 3610 expositionem.
3056 3541 3126 3594 Et
3170 3555 3386 3610 propter

1799 3633 1899 3686 hoc
1922 3634 2132 3702 quidem
2156 3632 2387 3698 Juda'is,
2411 3651 2529 3687 cum
2550 3635 2741 3704 legitur
2762 3633 2870 3688 Lex
2897 3637 2950 3687 in
2976 3635 3074 3687 hoc
3099 3652 3235 3687 nunc
3256 3645 3387 3687 tem-

1796 3739 1945 3790 pore,
1980 3724 2180 3793 fabula:
2218 3726 2444 3780 similem
2492 3742 2657 3790 esse;
2684 3742 2785 3779 non
2826 3727 2963 3780 enim
2992 3724 3186 3779 habent
3216 3742 3381 3792 expo—

1796 3816 2040 3869 sitionem
2088 3818 2323 3869 omnium
2372 3835 2550 3870 rerum
2589 3820 2937 3887 pertinentem
2987 3822 3055 3870 ad
3099 3818 3381 3871 adventum

1796 3904 1933 3959 Filii
1978 3906 2099 3971 Dei,
2131 3910 2220 3977 qui
2248 3919 2323 3960 est
2347 3910 2635 3962 secundum
2672 3911 2969 3973 hominem;
2998 3927 3029 3963 a
3062 3909 3386 3964 Christianis

1798 4017 1917 4053 vero
1939 4018 2057 4053 cum
2090 4001 2301 4071 legitur,
2327 4003 2638 4055 thesaurum
2665 4019 2779 4056 esse
2800 4004 3123 4056 absconsum
3151 4005 3203 4055 in
3230 4020 3382 4072 agre,

1795 4104 1949 4147 cruce
1990 4110 2108 4148 vero
2147 4094 2348 4149 Christi
2402 4095 2691 4149 revelatum
2736 4113 2848 4152 esse
2898 4106 2948 4150 et
3013 4096 3383 4165 explanatum.

1794 4184 1961 4239 Ratio
1987 4196 2093 4251 est,
2123 4187 2249 4255 quia
2278 4188 2576 4241 Christiani
2608 4186 3228 4257 liabentexpositionem
3259 4204 3382 4239 om-

1796 4276 1944 4330 niunt
1980 4294 2163 4331 rerum
2195 4279 2564 4346 pertinentem
2603 4279 2670 4333 ad
2696 4280 2989 4334 adventum
3021 4279 3166 4333 Filii.
3201 4281 3243 4333 Α
3272 4297 3383 4348 quo

1799 4384 1932 4425 vero
1964 4371 2206 4424 habent?
2233 4369 2278 4401 “
2309 4371 2392 4425 Ab
2418 4373 2490 4425 eis
2515 4374 2607 4442 qui
2642 4373 2695 4425 in
2730 4371 2968 4426 Ecclesia
3009 4383 3128 4427 sunt
3168 4374 3355 4441 presby

189 4462 415 4533 scriptum
442 4446 602 4525 vérba
654 4470 980 4540 explicanda
1028 4487 1138 4524 ηοη
1172 4486 1292 4525 esse
1314 4510 1329 4537 ,
1378 4446 1686 4544 s1.bju',,gi.,
1722 4446 1765 4500 D
1796 4460 1941 4525 teris,
1985 4462 2185 4530 quibus
2221 4463 2449 4530 proinde
2477 4462 2733 4516 obaudire
2763 4473 2987 4530 Oportet,
3018 4463 3099 4515 his
3132 4463 3379 4515 nimirum

188 4557 351 4615 stulttnn
378 4579 491 4619 esse
536 4575 592 4620 et
637 4567 970 4630 absurdum,
1018 4584 1138 4637 quat
1171 4584 1272 4622 non
1318 4579 1500 4640 aperte
1545 4574 1689 4626 dicta

187 4662 266 4700 tatu
290 4652 331 4705 in
358 4652 674 4725 Scripturis,
709 4674 871 4727 neque
908 4669 1032 4711 ante
1077 4660 1255 4713 oculos
1296 4667 1491 4730 posita,
1524 4681 1689 4735 copu-

189 4740 264 4796 lare
284 4748 674 4805 absolutionibus
698 4752 1109 4820 parabolarum,
1147 4769 1279 4823 quas
1312 4756 1693 4827 unusquisque,

190 4848 297 4897 prout
326 4842 438 4907 vult,
466 4845 759 4897 adinvenit.
791 4844 961 4914 igitur
1001 4856 1201 4914 printer
1227 4845 1543 4915 parabolas,
1575 4847 1695 4916 qui-

192 4928 259 4985 ltus
279 4934 523 5007 multiplex
554 4938 795 4995 subesse
836 4948 1020 5007 potest
1057 4954 1275 5005 sensus,
1304 4939 1411 4993 alia
1462 4940 1513 4994 in
1548 4942 1696 4996 Scri-

192 5024 312 5085 Pluris
326 5041 625 5097 occurrunt,
643 5046 763 5102 quia
794 5046 895 5084 non
921 5039 1099 5097 aperte
1121 5032 1266 5085 dicta
1288 5042 1409 5085 sunt
1426 5047 1445 5096 ;
1464 5031 1693 5086 obscura

194 5115 374 5185 proinde,
399 5136 491 5178 nec
526 5125 829 5193 unicuique
865 5122 1029 5179 facile
1071 5124 1282 5192 pervia,
1324 5125 1418 5178 sed
1449 5139 1569 5192 quae
1596 5139 1694 5177 ex-

196 5204 413 5269 Plicatione
452 5224 505 5270 et
547 5217 856 5285 interprete
912 5216 1211 5285 indigeant.
1247 5216 1326 5270 Ea
1386 5231 1515 5271 vero
1566 5216 1693 5271 licet

196 5303 392 5375 Obscura,
442 5314 483 5368 si
535 5331 641 5369 non
672 5330 702 5367 a
745 5312 907 5367 nobis
941 5312 1106 5378 sciri,
1151 5318 1301 5367 certe
1344 5312 1496 5367 credi
1549 5311 1693 5368 Dens

200 5398 329 5455 toluit.
355 5406 402 5460 Si
445 5418 625 5465 autem
660 5410 728 5464 ab
758 5409 960 5464 Irenaeo
1011 5424 1233 5480 qttteras
1256 5451 1273 5476 ,
1334 5424 1587 5479 quaenam
1628 5424 1690 5464 ea

201 5492 389 5564 δίιιιιιιιεε
430 5516 613 5572 aperte
658 5512 715 5559 et
764 5503 885 5559 sine
933 5504 1191 5575 ambiguo
1245 5505 1427 5576 posita
1483 5505 1594 5557 sint
1637 5504 1691 5557 in

248 5716 389 5779 “Lib.
416 5744 479 5791 tv,
509 5746 558 5783 tt.
588 5730 646 5783 9..
742 5730 785 5761 ‘7
818 5730 970 5792 lhid..
1007 5746 1059 5783 η.
1253 5727 1298 5758 ⁸⁸
1335 5728 1491 5793 lhid.,
1538 5745 1591 5783 ll.
1629 5728 1683 5780 2.

1795 4552 1885 4620 qui
1909 4553 2291 4605 successionem
2319 4553 2508 4607 habent
2533 4552 2597 4606 ab
2623 4555 2909 4621 apostolis;
2932 4554 3020 4624 qui
3044 4571 3161 4607 cum
3185 4555 3381 4622 cpisco-

1789 4665 1946 4724 patns
1976 4655 2308 4708 successione
2346 4655 2618 4709 charisma
2653 4657 2891 4710 veritatis
2923 4668 3148 4720 certum,
3196 4671 3382 4708 secun-

1790 4758 1918 4810 dum
1953 4756 2205 4825 placitunt
2242 4755 2421 4810 Patris
2471 4766 2812 4820 acceperunt.
2842 4758 2886 4787 "
2932 4754 3076 4810 Nam
3126 4757 3215 4810 ubi
3254 4758 3381 4808 cha-

1792 4854 2014 4901 rismata
2046 4847 2263 4902 Domini
2286 4857 2408 4902 sunt
2430 4889 2445 4915 ,
2488 4848 2559 4900 ibi
2597 4848 2804 4901 discere
2832 4858 3033 4917 oportet
3060 4849 3341 4902 veritatem
3364 4890 3385 4912 ,

1792 4943 1934 5010 apud
1974 4959 2107 5010 quos
2156 4951 2235 4997 est
2279 4961 2339 4997 ea
2365 4985 2380 5007 ,
2424 4960 2542 5014 quw
2585 4951 2664 4995 est
2706 4944 2771 4996 ab
2821 4943 3079 5011 apostolis
3130 4942 3383 4996 Ecclesia.»

1791 5036 2076 5101 successio,
2112 5045 2158 5088 et
2180 5036 2237 5088 id
2268 5036 2411 5105 quod
2436 5046 2509 5090 est
2540 5051 2728 5088 sanum
2763 5045 2811 5087 et
2841 5034 3377 5104 irreprobabilecon-

1789 5130 2133 5192 :ersationis,
2159 5139 2206 5182 et
2237 5128 2655 5182 inadulteratum
2675 5138 2721 5180 et
2754 5128 3159 5196 incorruptibile
3177 5143 3377 5180 sermo—

1791 5222 1874 5276 nis
1898 5233 2128 5275 constat.
2162 5221 2237 5274 Hi
2260 5224 2400 5275 enim
2422 5232 2469 5273 et
2500 5238 2635 5288 eam,
2665 5237 2783 5289 qui:
2802 5232 2879 5274 est
2908 5222 2960 5273 in
2988 5237 3150 5274 unum
3181 5220 3374 5278 Deo-rt.

1788 5318 1878 5385 qui
1903 5316 2081 5369 omnia
2123 5314 2243 5383 fecit
2266 5356 2281 5380 ,
2315 5315 2474 5381 ﬁdem
2503 5323 2740 5368 nostram
2776 5314 3125 5378 custodiunt;
3155 5324 3200 5367 et
3237 5329 3369 5377 eam,

1787 5424 1906 5477 qua:
1940 5418 2016 5463 est
2057 5410 2111 5461 in
2143 5406 2347 5461 Filium
2374 5406 2503 5471 Dei,
2541 5407 2880 5461 dilectionem
2922 5407 3241 5475 adaugen:..
3275 5445 3292 5460 .
3326 5416 3373 5459 et

1789 5502 2081 5571 Scriptura:
2122 5502 2233 5557 sine
2274 5501 2509 5573 periculo
2552 5501 2700 5556 nobis
2741 5511 3012 5569 exponunt
3039 5498 3109 5553 “.
3155 5497 3374 5568 Reliqui
