3924 6354
413 277 448 283 ’“
490 320 590 378 259

1305 306 1903 367 DISSERTATIONES
1928 304 2233 362 ΡΒᾸΞΥΙᾸΞ
2274 306 2342 360 ΙΝ
2381 304 2636 361 ιιιΕΝιΕι
2672 301 2941 358 LIBROS.

3643 294 3749 349 200

489 449 606 489 vero
640 434 731 502 qui
756 432 1016 486 absistunt
1049 447 1079 484 a
1115 429 1403 500 principali
1450 428 1813 490 successione,
1854 433 1902 477 et
1933 439 2069 493 quo-
2100 429 2142 483 Α
2177 423 2405 474 ctrinam
2431 420 2765 483 custodiunt;
2801 427 2852 471 et
2872 433 2989 469 cum
3009 412 3320 485 presbyterii
3341 413 3527 466 ordine
3543 430 3751 465 sermo-

489 542 697 595 runque
732 526 846 578 loco
884 524 1173 592 colligunt,
1219 522 1447 592 suspecti
1488 520 1756 581 habendi,
1799 515 1877 571 vel
1917 518 2072 584 quasi

490 618 729 671 haeretici
758 627 803 670 et
830 617 985 670 mala:
1012 616 1319 680 sententiae;
1363 614 1438 667 vel
1467 612 1622 682 quasi
1655 610 1975 673 scindentcs,
2023 616 2073 661 et

493 707 643 771 elati,
667 718 712 760 et
736 707 833 761 sibi
856 706 1155 777 placentes;
1186 713 1275 757 aut
1301 719 1483 756 rursus
1507 711 1560 753 ut
1587 699 1894 770 hypocritaz,
1929 714 2075 767 qum-

492 810 609 856 stus
657 799 831 869 gratia
878 807 925 851 et
967 813 1114 850 vanre
1148 795 1332 865 gloria:
1381 794 1478 847 hoc
1526 799 1825 863 operantes.
1878 789 2073 844 Omnes

493 902 674 945 autem
701 890 756 943 hi
780 889 1086 943 deciderunt
1117 905 1148 941 a
1179 888 1417 941 veritate.

571 982 663 1038 l3.
695 982 895 1038 Videat
939 981 1053 1050 jam
1091 981 1163 1033 cl.
1204 977 1444 1033 Grabius
1483 984 1669 1031 utrttm
1724 975 1840 1028 haec
1884 971 2074 1027 Irenasi

497 1076 665 1131 verba
690 1114 706 1140 ,
762 1074 829 1127 ad
875 1087 995 1141 qua:
1035 1070 1150 1138 ipse
1178 1069 1451 1134 remittit,
1484 1083 1663 1123 causa
1692 1083 1802 1122 sua:
1836 1065 2072 1119 faveant.

501 1170 699 1224 Videat
735 1176 914 1219 utrum
943 1179 1009 1218 ex
1040 1160 1099 1215 S.
1134 1160 1376 1215 doctoris
1425 1159 1694 1214 sententia
1717 1200 1733 1225 ,
1775 1158 2076 1225 Scripturte

506 1262 643 1314 adeo
682 1256 985 1328 perspicuae
1018 1255 1126 1308 sint
1152 1262 1209 1306 et
1236 1262 1476 1320 apertae,
1526 1262 1586 1305 ut
1628 1251 1926 1318 interprete
1970 1263 2077 1302 non

504 1351 803 1420 indigeant.
844 1346 1037 1401 Videat
1090 1354 1273 1397 utrum
1324 1357 1511 1396 earum
1568 1342 1947 1411 interpretatio
1978 1355 2079 1394 cu-

497 1443 672 1511 jnsvis
712 1439 908 1509 privati
943 1436 1180 1491 hominis
1225 1433 1434 1502 judicio
1468 1434 1841 1503 permittatur.
1876 1432 2079 1486 Videat

504 1539 748 1597 demtim,
791 1541 844 1584 et
862 1529 1007 1584 serio
1048 1527 1370 1597 perpendat,
1403 1536 1584 1578 utrum
1615 1540 1677 1579 ea
1707 1525 1963 1587 societas,
1994 1522 2077 1577 vel

504 1622 557 1677 in
589 1639 692 1693 qua
728 1633 887 1677 natus
914 1630 1025 1686 est,
1058 1620 1144 1674 vel
1184 1621 1268 1673 cui
1314 1631 1373 1672 se
1399 1618 1673 1687 adjunxit,
1708 1617 1838 1684 tales
1866 1616 2081 1685 presby-

503 1727 643 1770 teros
676 1716 903 1777 nutriat,
931 1713 1126 1783 quales
1149 1712 1239 1767 hic
1265 1710 1528 1765 describit
1563 1709 1818 1774 lrenaeus,
1845 1710 1934 1778 qui
1955 1724 2080 1762 suc-

2176 530 2288 565 nent
2311 530 2499 565 sanum
2524 521 2572 563 et
2608 509 3058 563 conversationem
3094 508 3206 560 sine
3228 506 3431 574 offensa
3462 513 3752 572 prarstant,

2176 605 2245 658 ad
2279 604 2736 672 conﬁrmationem
2767 612 2813 655 et
2838 600 3222 667 correptionem
3266 599 3606 666 reliquorrm,
3637 606 3752 649 etc.

2178 698 2340 763 Edat,
2368 706 2427 750 ut
2450 712 2575 751 cum
2606 694 2948 748 Tertulliauo
2978 693 3023 727 δ’
3065 696 3278 761 loquar,
3304 691 3533 760 origines
3572 688 3757 743 Eccle-

2174 792 2380 842 siarum
2412 805 2668 854 suarum;
2714 786 2940 860 [CXIII]
2968 786 3166 841 evolvat
3205 785 3441 838 ordinem
3473 784 3753 850 episcopo-

2178 900 2293 936 rum
2318 899 2562 947 suorum,
2593 883 2666 936 ita
2695 898 2787 951 per
2810 882 3166 935 successiones
3190 879 3253 930 ab
3288 878 3439 929 initio
3471 876 3761 926 decurren-

2178 986 2279 1027 tem
2302 1014 2317 1039 ,
2343 987 2400 1027 ut
2426 975 2627 1043 primus
2659 974 2751 1026 ille
2788 974 3062 1043 episcopus
3106 972 3333 1041 aliquem
3367 985 3431 1022 ea:
3470 967 3756 1035 apos:olis,

2178 1066 2258 1120 vel
2296 1066 2602 1136 apostolicis
2626 1066 2775 1128 viris,
2800 1067 2887 1135 qui
2925 1074 3099 1117 tamen
3126 1080 3245 1115 cum
3286 1061 3540 1130 apostolis
3570 1076 3757 1130 perse-

2180 1160 2451 1222 veraverit,
2478 1159 2719 1211 habuerit
2746 1167 3014 1210 auctorem
3034 1167 3079 1208 et
3106 1165 3505 1207 antecessorem.
3533 1153 3759 1221 Conﬁn-

2177 1263 2264 1322 gat
2306 1252 2569 1321 quidquid
2613 1251 2869 1314 libuerit;
2904 1249 2947 1303 si
2978 1248 3209 1302 candide
3254 1258 3309 1302 et
3345 1249 3561 1301 sincere
3590 1260 3760 1316 agere

2180 1345 2445 1407 voluerit,
2480 1359 2602 1399 cum
2654 1341 2937 1397 devenerit
2978 1339 3045 1392 ad
3093 1341 3410 1396 Matthacum
3451 1338 3755 1394 Parkernm

2180 1436 2232 1492 in
2264 1436 2487 1506 Anglia,
2524 1435 2848 1491 Lutherum“
2878 1436 2932 1491 in
2987 1436 3279 1492 Germania
3305 1475 3320 1497 ,
3360 1434 3643 1488 Calvinum
3707 1433 3759 1484 in

2178 1526 2386 1592 Gallia,
2456 1526 2708 1596 aliosque
2762 1528 3029 1598 ejusmodi
3085 1528 3423 1582 recentiores
3482 1536 3759 1580 sectarum

2182 1619 2347 1673 duces
2389 1631 2443 1673 et
2476 1621 2821 1686 conditores;
2859 1620 3233 1690 deprehendet
3290 1634 3387 1673 eos
3453 1618 3758 1672 successio~

2183 1725 2307 1765 nem
2355 1712 2711 1781 apostolicam
2754 1712 2840 1767 vel
2890 1712 3098 1767 ludicra
3125 1722 3179 1765 et
3222 1699 3490 1779 sacrilega
3530 1712 3764 1763 ordina-

503 1811 788 1862 cessionem
819 1806 1009 1860 habent
1050 1805 1113 1858 ab
1138 1805 1424 1874 apostolis;
1455 1804 1545 1874 qui
1588 1819 1707 1856 cum
1746 1804 2080 1872 episcopatus
2112 1776 2153 1830 Β
2187 1805 2337 1858 tione
2379 1805 2702 1869 invertisse,
2746 1804 2830 1859 vel
2862 1816 3043 1875 spreta
3075 1804 3221 1858 omni
3254 1803 3601 1858 ordinatione
3636 1801 3766 1854 l‘un-

502 1899 833 1953 successione
888 1897 1152 1950 charisma
1206 1896 1443 1949 veritatis
1496 1908 1735 1958 certum,
1790 1894 2083 1947 secundum

506 1989 759 2059 placitum
788 1986 967 2042 Patris
990 1994 1341 2056 acceperunt;
1368 1986 1459 2057 qui
1490 1996 1539 2041 et
1572 1986 1935 2054 apostolorum
1984 1985 2085 2038 do—

2187 1895 2333 1951 ditus
2370 1896 2655 1952 evertisse.
2688 1894 2797 1952 Sed
2830 1896 2895 1951 de
2930 1897 3016 1952 his
3042 1906 3255 1965 postea.

1675 2320 2352 2412 ARTICULUS
2428 2321 2619 2411 ΙΙΙ.

1370 2515 1461 2585 De
1506 2510 1900 2575 Traditionis
1942 2511 2319 2574 auctoritate
2363 2517 2426 2574 et
2468 2510 2910 2574 fundamento.

586 2814 672 2874 ﬂ.
736 2814 1055 2885 Scripturas
1110 2815 1328 2884 quidem
1400 2829 1588 2870 sacras
1646 2813 1745 2870 Dei
1804 2830 2088 2870 sermones
2115 2822 2162 2885 ο
2195 2814 2262 2869 iis
2288 2814 2573 2885 distingui,
2608 2821 2792 2881 utpote
2820 2827 2941 2882 quae
2972 2827 3160 2867 earum
3194 2813 3265 2867 sit
3295 2814 3594 2884 interpres;
3629 2816 3787 2882 quod

509 2925 653 2977 esse,
689 2920 745 2965 et
783 2908 1030 2980 regulam
1056 2909 1302 2962 veritatis
1345 2918 1552 2961 certam
1585 2916 1640 2961 et
1666 2907 2091 2971 immutabilem,

509 3002 596 3056 cui
648 3001 784 3055 nihil
830 3001 1031 3055 addere
1068 2998 1155 3053 vel
1206 2999 1495 3053 detrahere
1555 2997 1743 3064 liceat,
1788 2999 2093 3053 rectissime

510 3094 669 3147 docet
710 3092 947 3147 Irenazus
1005 3091 1074 3147 '°.
1111 3090 1183 3144 lis
1226 3099 1404 3145 tamen
1464 3091 1646 3145 omnia
1675 3089 1770 3145 Dei
1799 3090 1967 3145 verba
1996 3106 2095 3145 cx-

510 3199 703 3251 presse
729 3201 834 3240 uon
853 3184 1148 3247 contineri,
1173 3185 1267 3238 sed
1305 3182 1605 3251 apostolos,
1626 3192 1685 3235 ut
1713 3182 1914 3237 Christi
1941 3182 2092 3252 legs-

512 3286 596 3330 tos
627 3286 793 3346 atque
842 3291 1146 3347 praecones,
1181 3275 1337 3344 plura
1394 3277 1670 3341 docuisse,
1722 3291 1844 3345 quae
1875 3276 2095 3346 scriptis

515 3368 937 3436 haudquaquam
1000 3369 1428 3437 consignarunt,
1486 3383 1592 3423 non
1649 3367 1830 3422 minus
1907 3376 2095 3438 aperte

514 3458 777 3527 praedicat
804 3458 871 3511 “.
910 3457 1242 3514 Traditionis
1264 3460 1531 3529 siquidem
1563 3463 1889 3516 auctoritate
1918 3462 2095 3531 impu-

514 3559 785 3619 gnaturus
839 3550 1149 3627 luereticqs,
1190 3550 1302 3620 jam
1339 3552 1407 3604 ab
1456 3552 1608 3607 initio
1652 3552 1776 3605 libri
1831 3554 1976 3606 tertii
2047 3551 2092 3583 ⁸¹

517 3641 781 3704 ostendit,
803 3654 923 3694 cam
947 3656 1068 3696 esse
1098 3642 1390 3711 impiorum
1427 3643 1705 3696 hominum
1741 3644 2093 3712 proterviam,

519 3742 578 3787 ut
626 3748 747 3785 cum
793 3747 857 3785 ex
877 3731 1166 3800 Scripturis
1216 3743 1550 3803 arguuntur,
1593 3736 1649 3786 in
1706 3734 2097 3787 accusationem

518 3838 894 3883 convertantur
921 3829 1157 3895 ipsarum
1188 3826 1607 3898 Scripturarum,
1637 3835 1790 3900 quasi
1832 3849 1934 3885 non
1966 3843 2098 3886 recte

519 3921 772 3984 habeant,
807 3936 972 3990 neque
995 3922 1099 3974 sint
1133 3937 1199 3975 ea:
1229 3923 1564 3989 auctoritate,
1588 3933 1636 3977 et
1667 3925 1791 3995 quia
1829 3926 1973 3978 varie
1992 3925 2097 3978 sint

520 4014 698 4077 dicta',
744 4021 790 4064 et
814 4013 940 4080 quia
976 4029 1079 4065 non
1113 4014 1275 4082 possit
1316 4031 1381 4069 ex
1423 4015 1505 4068 his
1546 4016 1768 4069 inveniri
1816 4016 2010 4070 veritas
2034 4020 2099 4070 ab

520 4103 603 4155 his
636 4103 727 4172 qui
751 4104 981 4156 nesciant
1031 4105 1365 4158 traditionem
1393 4122 1412 4171 ,'
1468 4122 1571 4159 non
1614 4110 1749 4161 enim
1776 4124 1869 4175 per
1895 4108 2099 4161 litteras

2195 2915 2249 2960 et
2277 2906 2391 2960 haec
2418 2904 2605 2959 lrenmi
2631 2904 2912 2958 conclusio
2930 2907 3273 2960 demonstrat
3309 2923 3324 2960 :
3364 2905 3546 2960 Evenit
3568 2907 3785 2976 itaque,

2196 3012 2357 3066 neque
2379 2994 2670 3064 Scripturis
2692 2994 2833 3062 jam,
2871 2996 3325 3063 nequetraditioni
3354 2999 3649 3050 consentire
3665 3015 3785 3051 eos.

2194 3090 2263 3145 Et
2316 3101 2602 3161 postquam
2633 3089 2700 3142 de
2728 3088 3025 3144 traditione
3073 3090 3369 3158 apostolica
3403 3091 3578 3145 fusius
3603 3092 3788 3145 disse-

2198 3184 2327 3245 ruit,
2359 3183 2472 3250 jam
2517 3191 2846 3252 argumento
2901 3183 3061 3237 ﬁnem
3107 3184 3409 3250 imponens,
3440 3194 3494 3237 et
3524 3185 3591 3237 ad
3620 3185 3785 3248 illud,

2197 3276 2339 3345 quod
2378 3290 2409 3329 e
2463 3273 2764 3343 Scripturis
2810 3275 3043 3344 petitum
3106 3287 3373 3345 coeperat,
3431 3293 3785 3345 reversurus,

2197 3371 2278 3423 sic
2305 3376 2469 3435 caput
2511 3366 2544 3420 5
2571 3368 2826 3420 orditur:
2889 3365 3194 3420 Traditione
3235 3369 3419 3438 igitur,
3447 3386 3565 3434 qua:
3606 3381 3689 3424 est
3715 3374 3784 3424 ab

2198 3457 2447 3528 apostolis
2482 3497 2497 3521 ,
2534 3457 2613 3509 sic
2655 3473 2707 3511 se
2729 3457 2949 3510 habente
2986 3457 3040 3510 in
3069 3456 3328 3521 Ecclesia,
3358 3467 3407 3512 et
3437 3473 3789 3524 permanente

2198 3552 2339 3619 apud
2376 3566 2488 3615 nos,
2521 3557 2843 3602 revertamur
2867 3548 2935 3600 ad
2966 3563 3103 3614 eam,
3143 3564 3260 3617 qua:
3283 3558 3357 3603 est
3388 3564 3452 3602 ea:
3478 3548 3789 3618 Scripturis

2199 3647 2569 3711 ostensionem,
2630 3659 2809 3698 eorum
2838 3643 2928 3711 qui
2959 3640 3307 3712 Evangelium
3349 3644 3813 3711 conscripserunt.

2199 3737 2557 3807 apostolorum
2582 3777 2595 3802 ,
2623 3744 2729 3789 etc.
2778 3734 2880 3789 Ubi
2924 3736 3277 3789 traditionem
3303 3737 3678 3805 apostolorum
3713 3741 3789 3793 ab

2200 3844 2391 3884 eorum
2440 3830 2661 3896 scriptis
2691 3828 2977 3897 perspicue
3019 3829 3321 3897 distinguit.
3372 3829 3476 3882 Sed
3517 3845 3624 3882 non
3652 3844 3794 3897 pos-

2199 3935 2317 3974 Slllll
2342 3919 2469 3988 quin
2503 3921 2591 3975 hic
2620 3920 2796 3974 obiter
2827 3920 3021 3973 malam
3044 3919 3267 3974 Gallasii
3304 3919 3459 3972 ﬁdem
3489 3921 3787 3988 castigem.

2200 4013 2430 4081 quicum
2456 4012 2599 4066 clara
2632 4011 2747 4066 haec
2779 4009 2965 4067 Irenaei
2996 4012 3161 4066 verba
3187 4011 3495 4064 adulterare
3536 4012 3586 4064 in
3624 4022 3789 4065 textu

2203 4120 2306 4159 non
2344 4106 2708 4173 potuisset,ea
2741 4104 2789 4157 in
2822 4104 3106 4158 summulis
3161 4105 3275 4159 suis
3307 4119 3661 4172 corrumpere
3683 4122 3792 4158 au-

524 4194 780 4248 traditam
801 4194 970 4260 illam,
1013 4197 1101 4249 sed
1147 4213 1239 4265 per
1261 4200 1429 4251 vivam
1489 4215 1730 4252 vocem...
1762 4197 1894 4252 Cum
1924 4208 2101 4251 autem
2131 4186 2177 4242 Ῑ)
2208 4212 2301 4252 sus
2330 4207 2432 4264 est,
2463 4195 2728 4259 Traditio,
2752 4197 2972 4267 ,iuquit,
3016 4200 3374 4266 apostolorum
3394 4199 3632 4251 convenit
3658 4216 3791 4252 cum

524 4286 594 4337 ad
619 4302 735 4339 eam
766 4286 954 4339 iterum
985 4287 1339 4345 traditionem.
1366 4304 1480 4358 qua'
1500 4296 1576 4342 est
1598 4289 1659 4341 ab
1684 4290 1959 4355 apostolis,
1977 4304 2095 4357 qute

522 4393 615 4448 per
646 4379 1004 4433 successiones
1048 4380 1468 4449 presbyterorum
1499 4381 1555 4434 in
1586 4379 1823 4435 Ecclesia
1862 4383 2097 4435 custodi-

524 4482 633 4532 tur,
676 4486 1021 4539 provocamus
1046 4485 1175 4532 eos;
1209 4470 1561 4523 adversantur
1602 4472 1899 4537 traditioni,
1928 4473 2103 4526 dicen-

525 4571 601 4610 tes
632 4576 686 4611 se
712 4576 817 4613 non
842 4560 1012 4613 solum
1035 4558 1374 4627 presbyteris,
1413 4558 1504 4611 sed
1533 4562 1691 4612 etiam
1742 4563 1990 4627 apostolis
2016 4580 2102 4616 ea:-

524 4657 765 4706 sistentes
798 4653 1162 4720 sapientiores,
1200 4653 1457 4704 sinceram
1480 4652 1738 4707 invenisse
1764 4656 2029 4707 veritatem
2060 4695 2097 4709 ..

530 4744 717 4799 Evenit
745 4748 920 4816 itaque
956 4761 1119 4813 neque
1152 4742 1442 4812 Scripturis
1475 4744 1610 4814 jam,
1637 4762 1797 4815 neque
1823 4747 2101 4799 traditioni

530 4838 825 4891 consentire
873 4853 981 4890 eos.
1008 4836 1085 4888 Ex
1114 4836 1311 4903 quibus
1366 4835 1481 4890 lucc
1541 4835 1746 4904 liquido
1777 4846 2099 4904 sequuntur,

529 4928 588 4982 1ο
615 4928 761 4997 ipsos
790 4928 1034 4980 omnium
1070 4926 1455 4981 htereticorum
1509 4928 1778 4996 pessimos
1812 4929 2104 4995 agnovisse

528 5029 585 5074 et
630 5018 912 5073 confessos
940 5018 1131 5083 fuisse,
1165 5020 1471 5089 Scripturas
1522 5022 1666 5071 varie
1695 5021 1862 5072 dictas
1886 5036 2017 5085 esse,
2049 5021 2101 5074 id

526 5121 613 5171 est
667 5109 938 5163 interdum
982 5109 1241 5164 obscuras
1271 5125 1409 5175 esse,
1446 5110 1735 5176 Variosque
1763 5110 1827 5162 iis
1878 5112 2103 5165 subesse

532 5216 745 5255 sensus.
776 5200 836 5252 2°
885 5196 1256 5253 Obscurorutu
1323 5200 1564 5253 locorum
1612 5213 1830 5252 sensum
1876 5214 1905 5252 a
1934 5199 2106 5252 tradi-

534 5293 681 5346 tione
733 5292 1022 5359 petendum
1067 5306 1206 5354 esse,
1239 5304 1344 5343 non
1382 5305 1469 5353 ea,
1499 5304 1618 5357 qua:
1643 5306 1733 5353 per
1759 5291 1962 5343 litteras
1990 5301 2103 5343 tra-

532 5384 647 5436 dita
676 5381 768 5446 sit,
793 5381 882 5432 sed
919 5396 1007 5447 per
1028 5380 1197 5432 vivam
1230 5397 1422 5434 vocem.
1466 5379 1589 5434 Ilaec
1624 5397 1727 5435 non
1756 5383 2106 5451 reprehendit

537 5473 790 5534 Iri-naeus,
824 5471 930 5524 into
960 5472 1010 5523 in
1037 5471 1621 5539 scqueutihusprohat,
1656 5482 1714 5524 ut
1748 5489 1869 5526 mox
1903 5474 2106 5528 videbi-

538 5576 646 5614 tur.
681 5561 740 5615 5ο
774 5560 1144 5618 Traditionetu
1185 5562 1349 5616 latius
1383 5573 1568 5632 patere
1614 5561 1939 5633 Scripturis,
1960 5576 2014 5621 et
2038 5568 2104 5621 ab

2202 4304 2383 4341 eorum
2405 4291 2637 4357 scriptis,
2671 4292 2743 4341 ad
2777 4304 2894 4358 qua:
2924 4300 3210 4357 semperest
3243 4290 3392 4341 nobis
3425 4289 3788 4346 redeundum.

2203 4379 2284 4432 An
2310 4381 2356 4433 is
2387 4380 2460 4434 sit
2488 4381 2671 4435 Irenmi
2710 4380 3005 4436 verborum
3032 4397 3248 4445 sensus,
3296 4382 3501 4451 judicet
3526 4383 3792 4451 qtlISQIlis

2203 4469 2396 4524 oculos
2429 4472 2611 4536 habet,
2647 4487 2746 4525 nec
2766 4472 3023 4540 deinceps
3056 4473 3318 4541 ejusmodi
3348 4488 3611 4527 novarum
3657 4476 3790 4528 edi-

2204 4563 2411 4615 tionum
2462 4564 2779 4617 auctoribus
2829 4563 2985 4618 (idat.
3015 4561 3149 4617 Illud
3215 4563 3381 4632 igitur
3442 4566 3632 4620 Irenzei
3665 4584 3793 4623 azvo

2203 4662 2411 4706 certum
2435 4663 2573 4715 erat,
2601 4669 2704 4707 non
2733 4656 2870 4708 satis
2914 4669 3033 4709 esse
3059 4662 3126 4709 ad
3158 4657 3482 4711 catholicam
3510 4659 3694 4719 tidem,
3724 4670 3792 4714 ιιι

2202 4749 2326 4816 quis
2365 4747 2669 4816 Scripturis
2720 4750 3082 4809 consentiret,
3118 4750 3222 4802 nisi
3248 4751 3467 4817 insuper
3494 4754 3791 4805 consenti-

2204 4850 2284 4893 ret
2329 4849 2384 4892 et
2446 4840 2741 4903 traditioni,
2767 4841 2815 4892 ei
2848 4856 2965 4906 qure
2994 4857 3087 4904 per
3131 4842 3296 4894 vivam
3332 4857 3523 4905 vocem,
3554 4858 3660 4895 non
3689 4861 3796 4909 per

2205 4929 2406 4982 litteras
2430 4931 2624 4982 tradita
2649 4930 2752 4982 fuit
2786 4931 2854 4984 ab
2886 4932 3168 5000 apostolis,
3191 4947 3417 5002 (piaeque
3440 4949 3533 5001 per
3566 4950 3793 4989 succes-

2205 5023 2376 5075 siones
2396 5021 2839 5090 presbyterorum,
2857 5024 2909 5078 id
2935 5026 3435 5094 estepiscoporum,
3460 5028 3514 5080 in
3539 5027 3796 5085 Ecclesia

2206 5115 2521 5167 custoditur.
2564 5115 2629 5167 Et
2678 5116 2809 5169 hinc
2852 5117 3015 5171 etiam
3079 5120 3130 5172 in
3176 5120 3426 5175 confesso
3479 5131 3602 5175 erat
3640 5128 3796 5191 apud

2206 5217 2418 5266 omnes,
2475 5218 2581 5255 non
2639 5204 2954 5274 Scripturas
3003 5216 3235 5273 tantum,
3291 5212 3384 5264 sed
3429 5212 3791 5269 traditionem

2206 5293 2391 5354 etiam,
2438 5294 2679 5362 regulam
2734 5312 2854 5351 esse
2905 5299 3024 5352 lidei
3049 5311 3281 5363 nostrae;
3323 5316 3498 5371 neque
3519 5305 3666 5357 enim
3716 5310 3795 5359 ad

2210 5384 2521 5455 Scripturas
2575 5387 2840 5443 duntaxat
2895 5394 3323 5458 provocabuntur
3372 5396 3646 5462 "haeretici,
3708 5403 3797 5453 uti

2207 5477 2488 5544 provocari
2521 5477 2722 5531 vellent
2756 5481 3088 5536 recentiores
3132 5484 3470 5548 heterodoxi,
3515 5489 3608 5541 sed
3633 5498 3687 5540 et
3719 5493 3796 5542 :ul

2211 5567 2581 5631 traditionem,
2618 5578 2872 5639 tanquam
2903 5572 2970 5625 ad
3026 5576 3395 5631 certissimam
3456 5578 3796 5635 Christiana:

605 5717 650 5748 ‘9
684 5719 755 5771 Dc
783 5720 1065 5788 prmscrip.
1150 5721 1196 5752 ”
1235 5720 1355 5775 Lib.
1394 5735 1470 5787 tv,
1505 5736 1556 5775 c.
1586 5721 1679 5789 '55,
1713 5740 1767 5779 ιι.
1801 5725 1853 5779 4.
1951 5726 1994 5757 ⁸¹
2030 5725 2109 5781 Lil

2196 5742 2247 5795 v,
2291 5743 2412 5799 cap.
2446 5728 2536 5797 50,
2569 5748 2620 5785 ιι.
2667 5730 2719 5785 2.
2796 5731 2842 5763 ⁸²
2873 5731 2930 5787 C.
2966 5730 3016 5789 Ξ.
