3924 6354
173 318 263 376 ἳϐι

1076 291 1542 353 DISSERTATIO
1578 290 1668 356 lll,
1708 287 1794 342 DE
1821 282 2079 341 lREN/El
2114 278 2485 337 DOCTRINA.

3320 277 3429 331 202

179 446 226 489 et
250 429 529 488 catholica:
553 422 811 481 veritatis
832 421 1067 491 regulam
1093 420 1339 488 :hacque
1353 413 1750 485 confundeban-
1783 413 1828 470 Α
1856 404 1933 458 ris
1966 400 2193 473 proinde
2248 395 2599 452 auctoritatis
2653 404 2757 459 est,
2789 410 2948 465 quam
2982 394 3096 462 ipsa
3129 398 3430 463 apostolica

182 540 275 584 tur.
304 534 364 577 ut
396 522 473 574 ait
502 528 699 574 auctor
720 526 907 570 noster
934 513 1115 581 capite
1153 510 1431 580 sequenti.
1472 522 1651 560 omnes
1680 505 1743 569 ii,

183 620 259 688 qui
288 631 496 686 quoquo
534 610 691 663 modo
734 608 815 663 vel
839 623 930 676 per
981 604 1079 658 sibi
1122 603 1414 672 placentia,

182 710 412 777 gloriam,
471 703 553 757 rel
582 718 677 771 per
720 701 1008 754 cwcitatem
1066 706 1115 748 et
1166 695 1361 747 malam
1416 689 1743 752 sententiam,

178 811 517 869 pra'terquam
544 803 748 863 oportet
776 790 1108 860 colligebant.
1139 786 1195 841 Si
1235 786 1325 854 qui
1366 794 1549 837 autem
1578 781 1749 835 tradi-

181 895 292 947 tioni
326 907 435 944 non
465 888 871 948 consentirent,
906 884 1159 936 adversus
1199 895 1287 933 eos
1326 889 1588 930 certamen
1613 883 1747 937 erat,

179 998 219 1037 et
254 983 487 1049 undique
525 978 873 1032 resistendum
906 990 1016 1028 esse
1038 973 1147 1025 illis
1174 959 1469 1026 censebant
1498 965 1751 1019 Ecclesia:

179 1076 371 1129 Patres.

240 1190 320 1243 15.
347 1186 466 1240 Cur
486 1198 623 1238 vero
655 1189 806 1235 tanta
858 1192 977 1233 esse
1015 1177 1069 1231 in
1109 1173 1419 1238 traditione,
1454 1171 1521 1224 ad
1559 1168 1751 1223 catho-

184 1285 322 1337 licam
350 1280 521 1334 tidem
540 1277 823 1339 tuendam,
839 1280 1112 1327 momenta
1131 1269 1330 1322 vellent
1353 1263 1455 1320 SS.
1476 1264 1752 1325 doctores,

181 1378 325 1439 ratio,
351 1389 418 1425 ex
453 1371 689 1431 Irenaeo,
726 1369 778 1421 in
826 1370 1233 1435 promptuest:
1270 1361 1395 1428 quia
1428 1358 1644 1410 traditio
1677 1361 1753 1407 est

186 1477 241 1523 ab
281 1464 567 1532 apostolis.
601 1460 893 1524 Nimirum,
921 1472 1029 1511 non
1082 1455 1264 1510 omnia
1302 1467 1422 1520 quae
1452 1450 1758 1503 docuerunt

186 1557 419 1628 apostoli,
438 1555 561 1609 [nec
577 1550 1164 1623 scriptismandarttnl,
1183 1545 1275 1601 sed
1296 1545 1447 1614 plura
1464 1543 1597 1595 viva:
1612 1540 1760 1596 vocis

185 1650 388 1706 oraculo
410 1649 780 1705 tradiderunt,
796 1644 862 1698 iis
877 1642 1111 1695 maxime
1126 1639 1324 1708 quibus
1337 1635 1607 1691 Eeclesiss
1621 1648 1762 1688 com-

189 1744 503 1807 mittebant;
527 1754 653 1809 quaa
684 1752 780 1808 per
805 1733 1186 1797 successiones
1219 1730 1599 1800 episcoporum
1633 1739 1761 1795 per-

185 1844 437 1891 venerunt
458 1847 639 1902 usque
662 1829 729 1884 ad
761 1843 883 1882 nos.
906 1826 1263 1879 Traditionem
1295 1823 1469 1890 itaque
1493 1817 1760 1887 apostolo-

188 1946 315 1992 ηιιιι,
360 1925 552 1995 inquit
576 1938 700 1991 cap.
754 1921 879 1984 3,u.
907 1920 959 1984 l,
988 1920 1041 1972 in
1067 1926 1175 1969 toto
1223 1913 1420 1967 mundo
1447 1909 1762 1977 manifesta-

188 2034 301 2083 tant,
327 2023 381 2071 in
430 2018 581 2071 omni
640 2013 879 2068 Ecclesia
918 2011 1066 2065 adest
1109 2009 1364 2077 respicere
1401 2005 1642 2059 omnibus
1670 2000 1762 2071 qui

187 2130 295 2166 rem
323 2110 483 2164 velint
517 2108 729 2172 videre;
762 2115 808 2158 et
863 2104 1114 2157 habemus
1161 2113 1513 2154 annumerare
1540 2112 1649 2162 eos,
1672 2096 1763 2165 qui

190 2206 245 2256 ab
300 2203 564 2271 apostolis
610 2199 843 2254 instituti
883 2206 1006 2250 sunt
1050 2194 1280 2264 episcopi
1303 2193 1357 2245 in
1401 2189 1673 2255 Ecclesiis,
1713 2194 1764 2241 et

190 2306 511 2345 successores
537 2305 726 2343 eorum
755 2302 914 2357 usque
942 2286 1010 2338 ad
1028 2301 1140 2347 nos,
1164 2286 1253 2354 qui
1286 2282 1418 2337 nihil
1445 2280 1549 2335 tale
1570 2282 1765 2334 docue-

190 2395 323 2449 runt,
356 2400 531 2452 neque
586 2390 974 2451 cognouerunt,
1023 2380 1179 2449 quale
1228 2378 1293 2431 ab
1340 2378 1425 2431 his
1477 2376 1762 2430 deliratur.

192 2476 388 2530 Etenim
421 2477 472 2528 si
515 2474 791 2527 recondita
834 2472 1081 2542 mysteria
1111 2472 1330 2525 scissent
1381 2468 1768 2539 apostoli,qute

192 2570 394 2622 seorsim
417 2578 469 2620 et
514 2566 748 2619 latenter
768 2581 799 2615 a
832 2564 1044 2633 reliquis
1071 2562 1332 2632 perfectos
1381 2560 1657 2624 docebant,
1685 2559 1768 2610 his

192 2661 259 2714 rel
289 2661 530 2713 maxime
558 2659 831 2711 traderent
863 2672 946 2719 ea,
995 2656 1187 2726 quibus
1216 2654 1373 2708 etiam
1404 2653 1545 2721 ipsas
1580 2649 1768 2704 Eccle-

193 2754 288 2806 sias
317 2752 747 2805 committebant.
790 2747 954 2801 Valde
994 2750 1131 2801 enim
1167 2745 1422 2817 perfectos
1464 2755 1509 2797 et
1540 2744 1771 2812 irrepre-

193 2846 466 2899 heusibiles
497 2845 555 2896 in
593 2844 835 2896 omnibus
863 2857 950 2894 eos
976 2840 1217 2894 volebant
1258 2854 1388 2901 esse,
1417 2854 1547 2905 quos
1575 2846 1623 2888 et
1652 2852 1773 2889 suc-

193 2954 409 2990 cessores
434 2935 830 3005 relinquebant,
852 2950 1003 2987 suum
1029 2933 1262 3000 ipsorum
1290 2929 1458 2982 locum
1483 2928 1771 2997 magisterii

196 3033 451 3084 tradentes
476 3071 495 3095 ,
540 3029 734 3097 quibus
768 3027 1041 3081 emendate
1068 3022 1344 3092 agentibus
1397 3022 1544 3090 ﬁeret
1579 3036 1772 3089 magna

199 3124 416 3185 utilitas,
464 3123 637 3191 lapsis
694 3130 871 3172 autem
910 3133 1120 3171 summa
1158 3116 1461 3169 calamitas.
1504 3114 1782 3169 Firmissi-
1807 3094 1850 3153 (ἶ

200 3234 332 3269 mutu
374 3216 573 3284 itaque
602 3223 658 3268 et
702 3211 1056 3267 ineluctabile
1104 3210 1233 3265 illud
1264 3220 1644 3278 argumentum
1674 3218 1776 3263 est.

199 3308 321 3365 Cum
352 3310 556 3379 dogma
589 3306 869 3376 quidpiam
902 3305 955 3359 in
987 3303 1229 3359 Ecclesia
1260 3302 1605 3372 proponitur,
1636 3302 1781 3369 quod

203 3401 500 3473 Scripturis
539 3410 630 3455 aut
680 3400 863 3454 fulciri
894 3407 987 3452 aut
1022 3396 1329 3466 impugnari
1376 3394 1511 3448 satis
1547 3407 1653 3446 non
1686 3406 1783 3459 po-

205 3506 321 3563 test,
359 3498 496 3552 illud
527 3496 595 3549 ad
640 3492 1008 3551 Ecclesiarum
1040 3490 1403 3559 traditionem
1454 3486 1781 3553 exigendum

206 3606 306 3660 est;
338 3595 382 3647 si
414 3610 544 3645 cum
576 3605 641 3643 ea
686 3588 1013 3651 consentiat,
1066 3586 1120 3640 id
1160 3582 1422 3653 apostolis
1464 3581 1595 3649 ipsis
1626 3594 1784 3633 acce-

209 3702 345 3759 ptum
379 3684 739 3740 referendum
769 3690 882 3745 est;
917 3680 960 3733 si
991 3677 1302 3741 dissentiat,
1341 3674 1487 3727 illico
1527 3671 1782 3739 rejicien—

210 3784 323 3835 dum
350 3790 407 3835 et
434 3776 835 3833 damnandum.
867 3774 1000 3828 Cum
1029 3772 1176 3826 enim
1197 3760 1455 3823 Ecclesiae
1482 3781 1673 3821 omnes
1701 3764 1785 3819 vel

212 3878 271 3929 ab
312 3873 582 3945 apostolis
636 3870 809 3939 ipsis,
854 3868 939 3920 vel
997 3866 1066 3919 ab
1109 3878 1299 3919 eorum
1365 3858 1645 3928 discipulis
1693 3869 1787 3911 aut

214 3966 623 4021 successoribus
657 3960 894 4015 fundata:
922 3957 1064 4019 sint;
1103 3955 1194 4024 qui
1233 3953 1393 4020 primi
1426 3951 1491 4004 ad
1540 3966 1631 4005 eas
1688 3948 1788 4002 Ec-

211 4058 395 4113 clesias
424 4054 703 4125 regendas
741 4049 977 4104 ordinati
1008 4057 1137 4099 sunt
1164 4044 1640 4112 episcopi,corum
1670 4054 1788 4094 om-

218 4153 349 4204 nium
381 4164 506 4219 qua:
535 4162 566 4199 a
601 4144 823 4199 Christo
864 4140 1063 4194 tradita
1114 4147 1170 4193 et
1198 4143 1419 4204 accepta
1465 4135 1785 4195 docuerant,

216 4244 290 4297 vel
340 4241 729 4310 explicuerant
775 4232 1025 4302 apostoli,
1071 4229 1266 4283 notitia
1309 4227 1476 4295 probe
1535 4224 1787 4279 instructi

219 4340 564 4389 accesserunt
596 4346 611 4381 :
646 4327 799 4382 valde
827 4327 965 4378 enim
1002 4322 1260 4391 perfectos
1314 4328 1364 4373 et
1414 4314 1789 4387 irreprehensi-

1847 495 2081 564 scripta,
2126 507 2252 546 cum
2288 500 2523 558 utraque
2554 487 2648 541 Dei
2692 497 2747 542 et
2781 486 2984 541 Christi
3016 487 3185 557 ipsius
3214 502 3434 542 sermo-

1453 599 1531 653 υρι
1556 611 1745 651 vanam
1846 598 1946 638 nes
1975 582 2106 636 sint.
2140 580 2273 633 Nam
2309 579 2425 633 sive
2480 576 2601 630 viva
2639 591 2790 637 voce,
2838 576 2952 629 sive
3006 577 3213 644 scripto
3241 575 3439 629 docue-

1847 675 1962 731 rint
1988 672 2219 742 apostoli
2276 669 2575 740 quidpiam,
2612 668 2755 736 quod
2812 667 2877 720 ad
2920 666 3081 720 tidem
3131 674 3225 719 aut
3256 679 3439 719 mores

1850 762 2163 817 necessario
2215 763 2515 829 pertineat,
2579 756 2789 812 Christi
2848 759 3099 810 doctrina
3159 768 3265 818 est,
3322 764 3435 807 cta

1851 852 2075 908 Christo
2104 851 2338 905 revelata
2394 858 2448 903 et
2477 858 2731 917 accepta,
2792 863 2954 917 quam
3004 848 3220 902 amante
3274 855 3439 914 atque

1851 943 2127 1014 dirigente
2157 942 2365 1012 Spiritu
2409 949 2603 995 sancto
2648 940 2997 994 tradiderunt
3030 959 3043 994 :
3078 941 3171 993 Dei
3209 941 3439 1009 proinde

1852 1036 2083 1088 verbum
2137 1043 2243 1097 est,
2283 1033 2392 1086 Deo
2424 1030 2527 1100 ipsi
2586 1039 2870 1099 acceptum
2927 1031 3300 1086 referendum.
3332 1031 3443 1083 Ea-

1853 1135 2078 1199 propter
2107 1124 2461 1179 traditionem
2494 1123 2691 1192 primis
2724 1122 2844 1175 libri
2878 1124 3028 1176 tertii
3062 1124 3339 1191 capitibus
3368 1125 3437 1187 ⁸³,

1857 1227 1912 1273 et
1940 1218 2069 1272 alibi
2100 1232 2265 1286 saepe,
2301 1225 2409 1270 tam
2442 1214 2670 1268 sollicite
2702 1214 2929 1281 opponit
2962 1215 3234 1267 haereticis
3253 1225 3445 1268 auctor

1857 1319 2068 1373 noster,
2100 1307 2403 1376 meritoque
2462 1316 2672 1360 tantum
2731 1305 2873 1358 illius
2906 1305 3119 1374 pondus
3153 1320 3273 1359 esse
3304 1307 3440 1365 vult.

1856 1410 1919 1454 ut
1946 1400 2050 1453 hoc
2079 1399 2384 1452 obruantur
2406 1397 2723 1466 quicunque
2751 1395 2892 1448 male
2918 1394 3179 1447 sentiunt.
3240 1393 3443 1462 Eapru-

1859 1500 1981 1561 pter
2008 1490 2285 1545 haereticis
2314 1490 2664 1543 traditionem
2698 1496 2788 1539 attt
2819 1484 3295 1539 contemnentibus
3348 1498 3445 1538 aut.

1864 1582 2195 1637 violantibus
2225 1582 2469 1648 undique
2498 1579 2883 1643 resistendum,
2916 1592 3119 1645 eosque
3148 1588 3205 1630 ut
3235 1578 3377 1647 fures
3397 1587 3444 1631 et

1863 1675 2100 1729 latrones
2155 1674 2481 1728 devitandas
2531 1687 2654 1727 esse
2704 1681 2911 1725 monet.
2971 1669 3215 1738 Oportet,
3247 1671 3447 1740 inquit,

1791 1755 1836 1813 Β
1866 1767 2098 1822 devitarc
2121 1766 2332 1834 quidem
2361 1764 2520 1827 illas;
2547 1780 2665 1833 qua:
2685 1774 2858 1816 autem
2900 1771 3020 1814 sunt
3048 1761 3297 1814 Ecclesia’
3326 1776 3445 1813 cum

1864 1876 2071 1912 summa
2101 1857 2373 1926 diligentia
2428 1857 2670 1925 diligere,
2710 1864 2755 1908 et
2786 1856 3175 1921 apprehendere
3209 1853 3446 1904 veritasis

1864 1951 2229 2008 traditionem.
2272 1948 2582 2017 Eapropter
2615 1947 2850 2014 denique
2907 1954 3120 1997 tantum
3158 1942 3441 1996 traditioni

1866 2042 2075 2104 tribuit,
2108 2050 2167 2094 ut
2194 2040 2240 2092 si
2268 2056 2432 2108 neque
2459 2038 2688 2106 apostoli
2742 2038 2952 2105 quidem
2984 2036 3296 2104 Scripturas
3326 2034 3449 2087 reli-

1868 2131 2106 2199 quissent
2137 2129 2311 2193 nobis,
2341 2136 2603 2196 Oporteret
2635 2135 2814 2178 tamen
2846 2125 3077 2178 ordinem
3112 2124 3257 2192 sequi
3283 2123 3451 2175 tradi.

1868 2222 2050 2289 tionis,
2081 2237 2243 2290 quam
2306 2221 2641 2273 tradiderunt
2696 2219 2760 2271 iis
2812 2218 3003 2287 quibus
3052 2216 3449 2269 committebant

1871 2314 2156 2367 Ecclesias.
2210 2311 2364 2379 Quod
2396 2312 2531 2364 adeo
2559 2323 2748 2362 verum
2799 2318 2901 2369 est,
2929 2308 3078 2360 addit
3107 2307 3175 2368 “,
3205 2317 3264 2359 ιιι
3322 2308 3446 2358 huic

1869 2406 2195 2460 ordinationi
2244 2403 2535 2457 assentiant
2587 2401 2774 2454 multte
2823 2411 3001 2470 gentes
3061 2399 3447 2461 barbarorum.

1868 2514 2048 2551 eorum
2077 2498 2167 2567 qui
2196 2498 2249 2549 in
2279 2496 2549 2549 Christum
2584 2496 2828 2557 credunt,
2859 2494 2971 2547 sine
2998 2493 3182 2546 charta
3217 2504 3268 2544 et
3303 2503 3453 2545 atra-

1871 2604 2043 2641 mento
2073 2588 2149 2657 (id
2177 2595 2260 2641 est
2288 2587 2409 2641 sine
2449 2585 2763 2654 scripturis)
2790 2585 3040 2652 scriptam
3090 2584 3336 2636 habentes
3363 2599 3455 2646 per

1873 2678 2135 2749 Spiritum
2171 2681 2224 2732 in
2254 2678 2503 2731 cordibus
2536 2677 2647 2731 suis
2680 2675 2923 2738 salutem,
2959 2683 3009 2727 et
3042 2684 3257 2728 veterem
3286 2676 3455 2727 tradi-

1874 2774 2070 2824 tionem
2122 2771 2400 2840 diligenter
2447 2770 2822 2834 custodientes,
2872 2768 2929 2820 in
2968 2784 3129 2820 unum
3158 2767 3319 2820 Deum
3342 2783 3456 2820 cre-

1873 2863 2068 2924 dentes,
2104 2864 2475 2931 fabricatorem
2508 2862 2623 2915 ειηίὶ
2650 2871 2696 2914 et
2725 2871 2901 2924 terraz,
2956 2867 3066 2912 etc.
3110 2857 3266 2911 Hauc
3295 2859 3456 2926 ﬁdem

1874 2956 1965 3025 qui
1994 2960 2106 3008 sine
2132 2956 2325 3008 litteris
2360 2955 2721 3014 crediderunt,
2752 2961 3005 3021 quantum
3041 2950 3111 3002 ad
3163 2966 3454 3003 sermonem

1884 3059 2145 3110 nostrum,
2201 3046 2412 3099 barbari
2440 3056 2601 3108 sunt;
2630 3053 2887 3112 quantum
2936 3052 3109 3092 autem
3141 3043 3209 3093 ad
3251 3052 3457 3093 senten-

1884 3138 2013 3189 tiam
2046 3145 2095 3189 et
2143 3136 2595 3195 consuetudinem,
2646 3143 2693 3187 et
2723 3133 3191 3191 conversationem.
3245 3139 3463 3199 propter

1884 3228 2040 3296 ﬁdem
2074 3242 2323 3295 perquam
2382 3225 2759 3293 sapientissimi
2814 3233 2957 3286 sunt,
2986 3233 3032 3275 et
3094 3224 3294 3291 placent
3325 3221 3461 3285 Dee,

1886 3327 2250 3372 conversantes
2274 3319 2327 3371 in
2359 3317 2500 3371 omni
2522 3317 2755 3386 justitia,
2803 3325 2851 3369 et
2882 3317 3148 3379 castitate,
3179 3327 3226 3370 et
3252 3316 3465 3383 sapien-

1886 3415 1983 3467 tia.
2022 3411 2101 3465 Ad
2135 3413 2275 3465 hanc
2305 3426 2466 3463 unam
2511 3410 2824 3463 traditionis
2855 3425 3098 3464 normam
3132 3409 3348 3464 barbari
3382 3409 3461 3463 illi

1885 3504 2167 3572 exigentes
2226 3517 2567 3571 qutccunqne
2602 3514 2737 3555 nova
2769 3502 2837 3555 ab
2874 3500 3149 3555 haereticis
3197 3515 3464 3568 propono-

1886 3604 2101 3655 renlur,
2137 3595 2317 3646 statim
2368 3592 2735 3646 concludentes
2762 3608 2916 3645 aures
2964 3608 3113 3654 suus,
3168 3589 3319 3659 longe
3344 3590 3464 3644 lon-

1886 3687 2004 3755 gius
2029 3685 2289 3753 fugerent,
2318 3699 2410 3736 nec
2438 3683 2629 3735 audire
2646 3682 2855 3750 quidem
2884 3682 3199 3734 sustinentes
3225 3679 3467 3747 blasphe-

1888 3793 2030 3828 mum
2061 3775 2399 3844 colloquium.
2424 3774 2516 3828 Sic
2547 3790 2639 3840 per
2680 3773 2827 3825 illam
2858 3782 3074 3825 veterem
3104 3770 3463 3838 apostolorum

1888 3868 2252 3929 traditionem,
2275 3882 2338 3918 ne
2372 3867 2426 3918 in
2458 3866 2845 3933 conceptionem
2886 3864 3094 3932 quidem
3141 3862 3327 3914 mentis
3360 3861 3466 3914 ad-

1890 3962 2110 4012 mittunt
2162 3957 2510 4027 quodcunque
2568 3956 2937 4009 Ittcreticorum
2994 3952 3462 4020 portentiloquium

1888 4058 1988 4102 est.
2018 4048 2094 4101 En
2123 4062 2246 4116 quae
2297 4056 2353 4101 et
2398 4054 2602 4115 quanta
2658 4045 2858 4115 priscis
2887 4042 3144 4098 Ecclesiae
3171 4042 3426 4097 Patribus
3446 4083 3463 4106 ,

1891 4140 2317 4210 apostolicisque
2344 4138 2499 4200 viris,
2532 4136 2844 4190 traditionis
2892 4136 3189 4190 auctoritas
3215 4144 3352 4188 erat.

1965 4231 2051 4285 i6.
2083 4229 2318 4285 Medium
2350 4239 2559 4292 autem,
2587 4242 2652 4281 ac
2694 4227 2858 4281 veluti
2895 4226 3122 4292 canalis,
3156 4240 3263 4294 quo
3300 4225 3470 4278 tradi-

1893 4324 1967 4376 lio
1998 4322 2295 4392 apostolica
2324 4321 2393 4373 ad
2425 4334 2526 4375 nos
2558 4334 2729 4387 usque
2763 4316 2918 4372 ﬂuxit
2952 4318 3301 4378 intemerata,
3335 4332 3466 4384 suc-

218 4431 332 4486 biles
360 4434 415 4484 in
445 4425 696 4480 omnibus
724 4439 810 4476 eos
841 4419 1076 4473 volebant
1132 4433 1244 4470 esse
1281 4414 1533 4485 apostoli.
1566 4429 1693 4483 quos
1740 4420 1786 4463 et
1822 4430 1865 4484 υ
1896 4416 2071 4469 cessio
2096 4414 2478 4482 episcoporum
2508 4420 2591 4464 est
2626 4409 2867 4479 legitime
2921 4410 2972 4461 in
3008 4409 3243 4461 Ecclesia
3287 4407 3472 4460 catho-

217 4532 533 4571 successores
572 4509 954 4579 relinquebant,
988 4522 1141 4559 suum
1191 4508 1425 4573 ipsorum
1473 4504 1645 4555 locum
1676 4517 1785 4553 ma-

216 4615 405 4685 gisterii
436 4612 733 4664 tradentes.
763 4607 801 4659 li
848 4621 977 4660 vero
1005 4604 1378 4675 apostolorum
1438 4616 1789 4655 successores

218 4724 326 4777 qua:
353 4708 422 4761 ab
455 4702 723 4773 apostolis
754 4706 1106 4768 acceperunt.
1137 4696 1252 4750 suis
1285 4693 1526 4747 vicissim
1577 4704 1796 4745 succes-

220 4799 425 4852 soribus
456 4794 813 4849 tradiderunt
836 4796 892 4843 et
925 4788 1298 4849 crediderunt,
1353 4784 1407 4837 bi
1448 4782 1594 4847 aliis,
1624 4782 1797 4836 donec

220 4907 298 4958 per
321 4889 686 4943 successiones
729 4884 1091 4951 episwporum
1121 4878 1497 4949 pervenientem
1532 4890 1694 4944 usque
1727 4876 1797 4925 ad

223 4998 306 5034 nos
336 4980 679 5032 traditionem
715 4984 773 5029 et
824 4973 1130 5029 doctrinam
1186 4968 1541 5038 apostolicam
1577 4966 1676 5035 ipsi
1708 4979 1799 5017 ac-

223 5076 544 5142 ceperimus.
606 5070 686 5123 Ex
722 5066 922 5136 quibus
955 5063 1240 5117 evidenter
1273 5070 1440 5129 patet,
1479 5074 1598 5114 eam
1635 5070 1797 5125 quam

226 5169 472 5226 irenzeus.
505 5164 713 5231 aliique
748 5159 850 5214 SS.
886 5158 1074 5211 Patres
1129 5155 1474 5209 traditionem
1517 5149 1798 5221 aposmlo-

228 5275 337 5312 rum
395 5259 616 5319 dicunt,
648 5255 977 5324 ipsissimam
1038 5264 1157 5305 esse
1190 5247 1557 5316 apostolorum
1595 5243 1801 5299 doctri—

232 5368 365 5412 nam.
394 5364 564 5417 quam
596 5347 718 5400 viva
773 5360 908 5400 voce
942 5354 1052 5397 tum
1087 5340 1349 5397 Ecclesiis
1386 5354 1415 5391 a
1447 5353 1505 5391 se
1534 5334 1799 5395 fundatis,

233 5440 430 5513 [CXIV]
464 5453 580 5494 tum
624 5439 693 5491 iis
746 5450 884 5504 quos
912 5435 1268 5488 instituerunt
1297 5427 1590 5498 episcopis,
1631 5424 1804 5478 tradi-

235 5540 419 5589 derunt
472 5542 529 5586 et
580 5530 962 5587 crediderunt;
1019 5528 1159 5580 hanc
1214 5522 1385 5582 enim,
1421 5528 1479 5571 ut
1525 5518 1635 5587 jam
1666 5514 1802 5581 dixi,

238 5626 459 5681 lrenaeus
488 5642 517 5679 a
551 5620 854 5691 Scriptnris
889 5626 1074 5687 aperte
1104 5612 1411 5684 distinguit.
1444 5608 1562 5663 Non
1620 5606 1803 5661 miuo-

302 5805 429 5860 “C.
464 5794 1059 5869 5,n.2;c.2,n.5;c.
1094 5793 1149 5858 4,
1182 5808 1235 5846 n.
1278 5791 1323 5844 I.

1404 5786 1448 5820 “
1481 5785 1544 5839 Ν.
1575 5786 1628 5838 2.
1726 5781 1867 5850 λθειν.

1895 4508 2000 4560 lica
2031 4507 2428 4559 nrdinatorum.
2462 4499 2648 4569 Neque
2676 4502 2818 4555 enim
2854 4513 3181 4568 quemquam
3214 4496 3470 4549 Ecclesiis

1895 4596 2256 4663 praefecerunt
2294 4593 2603 4662 pratlicique
2656 4591 3021 4659 permiserunt
3061 4586 3314 4657 apostoli.
3365 4587 3468 4639 nisi

1889 4686 2042 4754 prius
2065 4700 2127 4739 ea
2155 4684 2359 4748 omnia,
2402 4699 2522 4751 quae
2552 4682 2619 4735 ad
2653 4682 2812 4735 tidem
2842 4692 2897 4735 et
2926 4694 3105 4732 mores
3157 4679 3473 4731 necessario

1893 4779 2192 4849 pertinent,
2243 4777 2492 4845 apprime
2558 4776 2810 4837 calleret,
2866 4786 3168 4838 eorumque
3224 4771 3471 4823 omnium

1892 4886 2017 4941 qua:
2065 4869 2343 4924 credenda
2397 4876 2454 4922 et
2502 4868 2709 4936 agenda
2745 4864 3001 4918 Ecclesiae
3054 4872 3471 4931 proposuerant,

1896 4961 2087 5015 notitia
2118 4960 2351 5013 solerter
2380 4959 2625 5012 imbutus
2672 4955 2867 5009 luisset
2904 4971 2916 5007 :
2952 4962 3009 5006 ut
3036 4954 3289 5006 nimirum
3321 4968 3473 5007 eatu-

1896 5053 2018 5106 dem
2051 5053 2303 5106 notitiam
2357 5051 2589 5120 posteris
2642 5046 3065 5101 transmitteret.
3100 5045 3165 5098 Et
3198 5046 3322 5099 hinc
3356 5059 3475 5098 eam

1902 5146 2284 5214 episcoporum
2347 5141 2750 5195 successionem
2825 5147 2932 5190 tam
2987 5140 3190 5191 acriter
3260 5146 3478 5204 tamque

1898 5235 2217 5306 frequenter
2240 5234 2399 5302 urge‘t
2432 5232 2699 5284 adversus
2745 5229 3034 5283 luereticos
3084 5228 3355 5288 Irenmus;
3386 5242 3478 5280 ra-

1902 5337 1986 5383 tus
2014 5327 2292 5391 videlicet,
2327 5324 2460 5378 nihil
2490 5320 2766 5377 eﬂicacius
2825 5337 2945 5376 esse
2979 5320 3044 5373 ad
3085 5317 3475 5373 retundendam

1898 5436 2115 5477 Omnem
2171 5418 2485 5474 luereticam
2544 5414 2931 5484 pervicaciam.
2988 5411 3115 5466 Non
3178 5413 3334 5476 enim,
3396 5410 3480 5462 in-

1900 5512 2015 5581 quit
2030 5512 2097 5574 ⁸⁸,
2120 5518 2318 5579 oportet
2340 5522 2575 5578 quwrere
2592 5505 2732 5572 apud
2750 5505 2885 5556 alios
2904 5504 3191 5562 veritatem,
3213 5516 3367 5570 quam
3390 5500 3476 5569 [a-

1901 5604 1998 5658 cile
2017 5613 2088 5657 est
2131 5603 2194 5656 ab
2241 5598 2475 5653 Ecclesia
2512 5612 2716 5652 sumere
2747 5611 2766 5651 :
2818 5611 2936 5649 cum
2973 5593 3218 5664 apostoli,
3246 5593 3396 5662 quasi
3423 5594 3478 5646 in

1902 5782 1950 5834 l.
