3924 6354
515 335 622 391 265

1327 324 1926 385 DISSERTATIONES
1959 322 2097 377 ΡΜ

2204 322 2262 376 AZ
2294 319 2361 375 1N
2399 318 2659 375 IREN/El
2695 319 2963 375 LIBROS.
3652 322 3741 377 ΞΜ

515 449 896 518 depositorium
952 448 1116 513 dives,
1159 447 1459 514 plenissime
1492 449 1546 500 in
1595 464 1710 500 eam
1771 443 2089 497 contulerint
2128 447 2167 498 Α
2198 439 2297 500 sio,
2334 454 2495 489 unam
2539 449 2587 489 et
2623 437 2858 489 eamdem
2901 435 3290 503 viviﬁeatricem
3322 436 3469 503 [idem
3497 455 3617 501 esse,
3645 457 3744 509 qua:

513 541 720 603 omnia,
747 557 864 609 qua:
892 551 1013 593 sunt
1044 539 1311 601 veritatis;
1336 548 1390 590 ut
1420 540 1610 599 omnis,
1639 552 1938 607 quicunque
1956 535 2094 598 velit,

513 640 691 684 sumat
764 646 828 684 ea:
867 646 926 682 ea
952 643 1135 698 potant
1184 631 1322 683 vitm.
1352 627 1524 681 Porro
1587 628 1897 695 depositorii
1951 626 2098 682 illius

516 722 719 787 divitis,
758 722 812 776 in
839 722 979 792 quod
1010 721 1309 789 plenissime
1348 721 1684 773 contulerunt
1723 721 1951 789 apostoli
1988 736 2099 772 om-

515 814 605 867 nia
641 830 758 883 qua:
810 821 928 865 sunt
961 810 1216 872 veritatis,
1240 809 1497 863 custodes
1551 818 1677 861 sunt
1705 809 1760 871 ii,
1790 823 1928 875 quos
1958 806 2100 861 Dens

516 908 633 973 ipse
681 906 734 961 in
779 904 1016 959 Ecclesia
1048 917 1141 956 sua
1171 901 1452 955 constituit
1505 902 1772 953 ministros
1802 898 2023 967 Christi,
2049 913 2098 955 et

513 996 905 1065 dispensatores
954 994 1320 1061 mysteriorum
1376 989 1513 1054 Dei;
1549 990 1786 1059 episcopi
1822 990 2094 1056 videlicet,

512 1088 605 1157 qui
649 1101 749 1156 per
775 1086 1072 1156 legitimam
1126 1083 1533 1153 itupositioncm
1569 1097 1828 1135 manuum
1860 1081 1926 1136 ab
1964 1098 2098 1151 apo-

513 1178 673 1232 stolis
702 1191 1002 1245 eorumque
1024 1176 1436 1232 successoribus
1464 1175 1515 1228 in
1554 1174 1797 1229 Ecclesia
1826 1175 2095 1232 catholica

509 1271 756 1327 ordinati
803 1280 858 1325 et
895 1269 1203 1325 consecrati
1259 1278 1404 1324 sunt.
1442 1267 1761 1336 Propterea,
1800 1270 1876 1323 ait
1905 1280 2099 1325 auctor

515 1372 724 1428 noster,
746 1364 791 1417 si
811 1365 876 1417 de
907 1363 1089 1434 aliqua
1136 1363 1343 1416 modica
1371 1364 1661 1432 quazstione
1682 1366 1991 1431 disceptatio
2016 1382 2100 1419 es-

512 1467 612 1519 set,
646 1473 816 1510 nonne
838 1465 1097 1525 oporteret
1118 1456 1172 1509 in
1201 1456 1595 1523 antiquissimus
1614 1474 1880 1511 recurrere
1909 1458 2096 1513 Eccle-

512 1549 643 1612 sias,
673 1550 727 1602 in
756 1551 943 1617 quibus
991 1550 1219 1617 apostoli
1245 1552 1537 1603 conversati
1585 1560 1729 1613 sunt,
1762 1561 1809 1604 et
1838 1552 1903 1604 ab
1932 1553 2005 1605 ei‘s
2034 1553 2097 1605 de

510 1644 758 1707 prtesenti
785 1645 1069 1712 qttatstione
1095 1659 1301 1697 sumere
1347 1646 1488 1712 quod
1510 1655 1730 1707 certum,
1780 1654 1828 1698 et
1862 1662 1916 1698 re
1947 1645 2100 1716 liqui-

512 1733 640 1784 dum
664 1733 971 1788 estillatio
998 1744 1083 1787 est
1110 1735 1236 1804 quia
1283 1750 1387 1789 non
1424 1744 1635 1790 tantum
1677 1737 1729 1790 in
1780 1739 2098 1807 antiquissi-

516 1824 621 1877 mis
649 1823 755 1877 illis
786 1824 1044 1880 Ecclesiis
1072 1828 1381 1881 conversati
1435 1838 1566 1882 sunt
1625 1831 1876 1898 apostoli,
1910 1840 1963 1885 et
1988 1832 2099 1900 ple-

516 1916 733 1970 nissime
759 1918 814 1971 in
831 1934 919 1971 eus
938 1919 1269 1974 contulerunt
1298 1923 1473 1974 omnia
1501 1938 1619 1991 qua:
1635 1932 1757 1976 sunt
1780 1924 2012 1977 veritatis
2030 1924 2098 1990 ‘6;

514 2005 608 2059 sed
668 2015 724 2060 et
780 2008 967 2060 iisdem
1036 2007 1399 2076 praefecerunt
1468 2010 1787 2080 episc0pos,
1851 2011 1942 2079 qui
1995 2010 2098 2064 sibi

511 2098 564 2150 in
601 2112 790 2152 earum
844 2098 1104 2168 regimine
1158 2101 1555 2166 succederent;
1594 2116 1732 2169 quos
1790 2117 1914 2156 cum
1942 2100 2100 2154 valde

510 2191 810 2259 perfectos,
863 2204 918 2245 et
957 2194 1474 2263 irreprehcnsibiles
1508 2195 1559 2248 in
1605 2197 1858 2250 omnibus
1899 2195 2101 2251 vellent

508 2299 668 2351 esse;
696 2285 741 2339 si
774 2286 1056 2340 recondita
1079 2287 1338 2357 mysteria
1364 2287 1618 2348 scissent,
1647 2286 1731 2341 his
1756 2287 1836 2340 vel
1866 2287 2100 2341 maxime

516 2379 797 2434 traderent
819 2394 905 2441 ea,
933 2381 1130 2450 quibus
1154 2380 1318 2435 etiam
1366 2380 1511 2449 ipsas
1539 2378 1815 2433 Ecclesias
1847 2379 2099 2433 commit-

513 2470 726 2526 tebant.
2018 2478 2021 2479 '

583 2563 672 2617 17.
699 2563 896 2619 Merito
931 2564 1098 2633 igitur
1128 2563 1196 2618 ad
1257 2562 1640 2633 episwporum
1692 2562 2095 2617 successionem

510 2663 774 2719 provocat
834 2655 1125 2709 haereticos
1180 2655 1443 2719 Irenaeus,
1498 2654 1626 2722 quia
1670 2652 1761 2706 illa
1820 2655 2098 2709 successio

509 2749 880 2803 certissimum
920 2758 1025 2812 est,
1060 2745 1448 2811 indubitatum,
1496 2746 1863 2814 omnibusque
1922 2746 2099 2801 meni-

512 2845 715 2899 l'estum
741 2843 1055 2912 apostolica:
1084 2841 1397 2897 traditionis
1444 2850 1609 2910 atque
1643 2842 1904 2896 doetrime
1934 2856 2098 2910 argu-

510 2945 795 3001 mentum;
846 2935 962 2989 liatc
987 2950 1084 3003 per
1136 2934 1282 2987 illam
1336 2934 1709 3003 dignoscitur,
1758 2948 1935 2988 veraa
1965 2934 2097 2988 falsa

509 3028 841 3094 secernitur,
874 3027 1205 3094 sinceraque
1234 3035 1287 3079 et
1338 3026 1658 3079 intemerata
1688 3025 1754 3079 ad
1796 3041 1895 3081 nos
1925 3041 2099 3095 usque

2203 531 2255 581 in
2299 529 2537 581 Ecclesia
2567 531 2631 583 ab
2683 529 2940 597 apostolis
2978 546 3142 598 usque
3180 545 3336 589 nunc,
3373 531 3437 583 sit
3471 544 3745 588 conservata

2202 633 2249 676 et
2279 624 2478 676 tradita
2502 624 2557 675 in
2590 623 2829 676 veritate.

2274 717 2359 770 18.
2394 716 2651 767 Romana:
2680 713 2936 767 Ecclesia:
2968 713 3255 766 traditioni
3290 714 3560 784 subjungit
3584 715 3625 749 ”
3655 728 3747 771 tra-

2202 807 2465 861 ditionem
2499 806 2828 858 Asianarum
2867 802 3261 864 Ecclesiarum,
3303 802 3638 874 Smyrnensis
3682 808 3747 860 iu-

2202 898 2398 965 primis
2445 907 2500 951 et
2530 895 2839 963 Ephesius),
2871 909 3036 963 quam
3092 899 3301 961 pariter
3332 897 3519 963 probat
3549 908 3611 950 ex
3639 912 3745 951 suc-

2201 991 2454 1044 cessione
2497 989 2903 1057 episcoporum.
2948 987 3015 1041 In
3069 1005 3135 1043 ea
3182 988 3473 1058 siquidem,
3534 1006 3644 1059 qua:
3686 999 3748 1042 est

2205 1080 2470 1151 Smyrnis,
2501 1080 2738 1135 Ecclesia
2788 1078 3142 1150 Polycarpus,
3176 1081 3241 1133 ab
3273 1080 3519 1148 apostolis
3542 1082 3746 1143 edoctus,

2201 1182 2250 1226 et
2284 1185 2620 1227 conversatus
2660 1189 2779 1226 cum
2825 1174 3117 1226 multis'ex
3163 1175 3238 1225 eis
3260 1177 3348 1238 qui
3373 1172 3645 1226 Dominum
3675 1190 3748 1227 no-

2201 1276 2370 1318 strum
2402 1265 2667 1331 viderunt,
2702 1266 2767 1317 ab
2802 1267 3055 1334 apostolis
3085 1266 3139 1319 in
3166 1265 3291 1319 Asia
3316 1267 3624 1320 constitutus
3663 1267 3749 1333 epi-

2201 1373 2409 1425 scopus,
2446 1357 2558 1409 lttvc
2589 1357 2773 1409 docuit
2804 1373 3009 1425 semper
3040 1373 3159 1426 quia
3204 1358 3269 1409 ab
3304 1356 3551 1421 apostolis
3578 1358 3750 1409 didice-

2202 1460 2307 1515 rat,
2347 1465 2463 1517 qua:
2522 1459 2569 1502 et
2631 1445 2886 1502 Ecclesia:
2908 1449 3151 1512 tradidit,
3194 1458 3241 1500 et
3289 1449 3403 1500 sola
3464 1458 3580 1501 sunt
3627 1464 3745 1502 vera.

2204 1540 2581 1594 Testimonium
2613 1542 2694 1593 his
2723 1541 3015 1607 perhibent,
3043 1558 3159 1611 qua:
3187 1550 3309 1593 sunt
3340 1542 3392 1593 in
3418 1540 3564 1605 Asia,
3597 1539 3751 1593 Eccle-

2200 1632 2294 1684 siae
2322 1648 2517 1693 omnes,
2548 1643 2596 1683 et
2627 1633 2719 1700 qui
2754 1648 2916 1699 usque
2966 1634 3139 1686 adhuc
3196 1643 3555 1687 successerunt
3620 1631 3750 1703 Poly-

2201 1740 2429 1790 carpo...
2459 1724 2561 1777 Sed
2610 1735 2656 1777 et
2698 1741 2816 1795 qua:
2850 1734 2927 1778 est
2980 1725 3175 1791 Ephesi
3210 1724 3473 1789 Ecclesia,
3527 1743 3557 1778 a
3602 1725 3751 1779 Paulo

2202 1818 2413 1885 quidem
2442 1817 2694 1885 fundata,
2724 1818 2933 1872 JOunne
2964 1830 3139 1872 autem
3168 1828 3505 1887 permanente
3532 1819 3659 1887 apud
3679 1835 3752 1871 eos

2203 1928 2364 1981 usque
2398 1913 2467 1963 ad
2503 1911 2725 1981 'I'rajani
2754 1922 3010 1981 tempora,
3042 1912 3190 1965 testis
3235 1921 3313 1964 est
3344 1927 3496 1964 verus
3519 1912 3753 1980 apostolo-

2204 2021 2322 2057 rum
2360 2006 2692 2058 traditionis.
2750 2006 2813 2058 Et
2874 2005 3001 2059 hinc
3045 2006 3354 2060 rectissime
3407 2004 3669 2060 concludit
3693 2004 3749 2066 “,

2200 2098 2292 2159 eis,
2325 2098 2413 2164 qui
2440 2101 2493 2149 in
2520 2096 2756 2149 Ecclesia
2793 2106 2917 2149 sunt
2941 2136 2956 2160 ,
2986 2098 3307 2166 presbyteris
3335 2096 3585 2150 obaudire
3622 2111 3755 2164 apor-

2202 2198 2333 2252 tere,
2368 2190 2447 2242 his
2502 2192 2592 2259 qui
2644 2192 3028 2243 successionem
3059 2192 3251 2243 habent
3294 2192 3359 2242 ab
3385 2187 3752 2259 apostolis;qui

2201 2300 2318 2336 cum
2353 2286 2689 2354 episwpatus
2718 2285 3048 2339 successione
3091 2285 3357 2336 charisma
3408 2283 3634 2335 veritatis
3661 2295 3754 2333 cer-

2201 2389 2333 2445 tum,
2351 2380 2639 2433 secundum
2656 2376 2913 2447 placitum
2935 2374 3111 2430 Patris
3130 2373 3316 2447 [CXV]
3333 2386 3637 2443 acceperunt
3656 2392 3673 2440 ;
3691 2391 3757 2428 re-

2201 2472 2369 2541 liquos
2393 2486 2533 2533 vero,
2562 2473 2655 2539 qui
2679 2469 2940 2524 absistunt
2966 2486 2997 2522 a
3031 2467 3316 2537 principali
3356 2468 3693 2529 successione,
3714 2477 3755 2519 et

2197 2580 2510 2637 quocunque
2547 2564 2662 2617 loco
2687 2563 2960 2632 colligunt,
2983 2573 3248 2631 suspectos
3275 2561 3488 2621 habere.
3527 2558 3599 2615 vel
3628 2560 3755 2630 quasi

2197 2659 2478 2713 lttereticos
2504 2667 2551 2710 et
2577 2658 2733 2710 mala:
2762 2657 3040 2710 sententia:
3062 2671 3081 2720 ;
3107 2654 3186 2708 vel
3211 2656 3363 2725 quasi
3387 2653 3698 2715 scindentes,
3715 2660 3756 2705 et

2198 2749 2389 2817 elatos,
2438 2759 2486 2803 et
2530 2749 2631 2803 sibi
2675 2750 2981 2816 placentes;
3010 2759 3103 2801 aut
3154 2764 3340 2802 rursus
3371 2756 3426 2800 ut
3457 2746 3757 2816 Itypocritas,

2200 2852 2434 2911 quaestus
2460 2840 2636 2911 gratia
2684 2852 2731 2894 et
2763 2857 2913 2895 vana:
2936 2840 3126 2910 gloriw
3143 2839 3239 2893 hoc
3271 2849 3572 2907 operantes.
3619 2837 3677 2890 Et
3701 2836 3756 2898 “,

2201 2935 2343 3002 apud
2368 2949 2459 2986 eos
2502 2933 2704 2986 discere
2743 2942 2980 3000 oportere
3029 2932 3327 2997 veritatem,
3372 2932 3517 3001 apud
3548 2945 3669 3001 quos
3696 2941 3755 2982 est

2201 3041 2286 3087 ea,
2335 3042 2454 3096 qua:
2509 3034 2587 3079 est
2623 3023 2687 3077 ab
2740 3023 2997 3093 apostolis
3047 3022 3302 3078 Ecclesiae
3341 3024 3621 3087 successio,
3648 3031 3693 3075 et
3713 3021 3757 3073 id

512 3119 930 3174 transmittitur.
964 3117 1326 3172 Traditionem
1367 3120 1543 3189 itaque
1594 3119 1979 3187 apostolorum.
2014 3121 2093 3175 in-
2126 3135 2167 3192 ρ
2200 3118 2340 3186 quod
2373 3125 2449 3170 est
2502 3132 2692 3170 sanum
2724 3124 2774 3169 et
2820 3115 3198 3183 irreprobabile
3250 3116 3675 3179 conversationis,
3718 3124 3757 3168 et

508 3211 654 3280 quit,
694 3213 748 3263 in
780 3220 888 3264 toto
919 3210 1119 3263 mundo
1150 3210 1566 3278 manifestatum,
1595 3213 1648 3263 in
1677 3212 1819 3264 omni
1857 3212 2097 3266 Ecclesia

510 3306 663 3359 adest
693 3306 947 3373 respicere
967 3305 1229 3367 omnibus,
1259 3304 1350 3373 qui
1403 3319 1526 3356 veru
1569 3304 1728 3356 velint
1762 3306 1957 3359 videre.
1988 3307 2098 3361 Cur

512 3396 631 3449 ita?
658 3394 818 3464 Quia,
853 3393 1022 3457 addit,
1057 3394 1310 3447 habemus
1360 3411 1716 3449 annumerare
1762 3411 1871 3460 eos,
1906 3397 1995 3465 qui
2033 3396 2097 3449 ab

512 3488 768 3557 apostolis
807 3487 1039 3541 instituti
1093 3499 1216 3540 sunt
1261 3488 1492 3555 episcopi
1529 3489 1585 3540 in
1621 3485 1895 3551 Ecclesiis,
1931 3489 2101 3542 tradi-

512 3581 681 3636 tionis
710 3580 855 3635 illius
887 3577 1148 3634 cuswdes
1173 3587 1338 3648 atque
1366 3578 1799 3647 dispensatores,
1826 3589 1872 3632 et
1889 3595 2097 3633 succes-

510 3689 657 3727 sores
686 3687 866 3725 eorum
898 3686 1062 3741 usque
1089 3674 1156 3723 ad
1208 3686 1327 3734 nos,
1354 3668 1444 3739 qui
1470 3669 1602 3723 nihil
1635 3670 1740 3724 tale
1786 3672 2096 3738 docuerunt,

514 3782 680 3835 neque
702 3773 1076 3834 cognoverunt,
1105 3762 1261 3831 quale
1286 3764 1350 3815 ab
1380 3763 1643 3818 htcreticis
1668 3762 1944 3817 deliratur.
1962 3763 2097 3829 Quia

512 3872 645 3913 vero
668 3857 883 3927 longum
916 3866 1071 3920 esset,
1106 3868 1165 3910 ut
1203 3857 1320 3926 ipse
1348 3856 1424 3910 ait
1451 3855 1521 3920 ⁵⁷,
1565 3857 1799 3909 onmium
1841 3855 2102 3910 Ecclesiu-

510 3966 629 4004 rum
652 3963 963 4004 enumerare
1001 3948 1397 4011 successiones;
1428 3947 1563 4001 satis
1594 3961 1737 4011 esse,
1782 3947 1944 4015 idque
1969 3945 2097 4014 jure

514 4041 736 4105 merito,
764 4049 945 4111 putat,
974 4041 1019 4094 si
1078 4039 1477 4109 praecipuarum
1511 4055 1575 4093 ac
1610 4039 1994 4103 celebriorum,
2032 4054 2098 4092 ac

513 4134 569 4187 in
602 4131 793 4204 primis
820 4133 1089 4193 maximae,
1122 4140 1169 4183 et
1196 4129 1611 4198 antiquissimae,
1640 4141 1689 4184 et
1740 4132 1984 4184 omnibus
2010 4148 2100 4185 co—

511 4224 698 4296 gnitae,
752 4234 801 4278 et
846 4241 876 4277 u
898 4221 1294 4293 gloriosissimis
1344 4222 1549 4275 duobus
1579 4222 1828 4291 apostolis
1859 4222 2017 4279 Petro
2052 4235 2099 4278 et

512 4316 689 4371 Paulo
731 4316 914 4371 Romae
961 4316 1204 4385 fundatae
1248 4322 1298 4367 et
1347 4316 1650 4370 constituta:
1706 4314 1981 4383 Ecclesiae,
2013 4335 2099 4385 ea,

511 4426 672 4479 quam
702 4410 856 4464 habet
872 4411 934 4463 ab
962 4411 1242 4480 apostolis,
1274 4411 1515 4473 traditio,
1570 4418 1617 4463 et
1652 4410 1966 4463 annuntiata
2005 4410 2101 4464 lto-

2201 3202 2622 3256 inadulteratum
2663 3213 2709 3256 et
2742 3204 3143 3271 incorruptibile
3170 3206 3426 3259 sermonis
3459 3214 3673 3259 constat.
3697 3203 3757 3257 lii

2201 3294 2340 3347 enim
2375 3305 2421 3347 et
2453 3311 2591 3360 eam,
2615 3310 2735 3364 qua:
2765 3305 2839 3347 est
2877 3297 2931 3348 in
2962 3313 3128 3349 unum
3164 3296 3350 3355 Deum,
3376 3298 3469 3366 qui
3498 3300 3663 3350 omnia
3697 3298 3759 3365 [e-

2201 3388 2291 3451 cit,
2325 3387 2483 3455 ﬁdem
2533 3396 2769 3441 nostram
2815 3390 3158 3454 custodiunt;
3189 3400 3238 3443 et
3291 3406 3431 3455 eam,
3482 3408 3598 3461 qute
3622 3392 3759 3445 estin

2205 3475 2405 3531 Filium
2440 3477 2555 3543 Dei,
2586 3479 2922 3535 dilectionem
2948 3480 3254 3549 adaugent;
3279 3483 3368 3551 qui
3392 3494 3570 3537 tantas
3602 3484 3757 3550 dispo-

2200 3571 2417 3625 sitiones
2463 3582 2677 3642 propter
2722 3589 2817 3627 nos
2863 3572 2982 3637 fecit
3013 3581 3104 3625 :et
3152 3569 3464 3641 Scripturus
3511 3575 3619 3628 sine
3643 3572 3762 3643 peri—

2202 3666 2322 3719 culo
2355 3666 2502 3721 nobis
2530 3675 2820 3735 exponunt.
2842 3666 2978 3722 lliuc
3006 3666 3243 3736 denique
3297 3670 3495 3722 merito
3530 3666 3684 3721 infert
3703 3664 3759 3727 ⁶¹.

2202 3771 2300 3826 per
2328 3757 2682 3811 successiones
2726 3760 3112 3826 episcoporum,
3141 3757 3335 3827 quibus
3368 3757 3599 3824 apostoli
3640 3773 3761 3817 eam,

2200 3865 2319 3919 qua:
2359 3852 2413 3903 in
2445 3866 2753 3919 unoquoque
2791 3851 2907 3905 loco
2948 3859 3048 3914 est,
3083 3850 3377 3903 Ecclesium
3423 3851 3761 3910 tradiderunt,

2202 3944 2500 4012 pervenisse
2534 3959 2698 4010 usque
2749 3941 2818 3994 ad
2865 3958 2959 3996 nos
3005 3944 3358 3997 custoditione
3407 3944 3527 3997 sine
3573 3942 3763 4011 ﬁctione

2203 4034 2604 4105 Scripturarum
2634 4037 3006 4089 tractationem
3033 4035 3413 4105 plenissimam,
3441 4054 3603 4107 neque
3623 4034 3759 4092 addis

2204 4138 2519 4194 tamentam,
2544 4145 2710 4199 neque
2755 4130 3075 4183 ablutionem
3123 4130 3498 4199 recipientem;
3528 4142 3576 4185 et
3600 4131 3761 4185 lectio-

2205 4236 2322 4273 nem
2352 4222 2464 4275 sine
2506 4218 2828 4289 falsatione;
2858 4227 2905 4273 et
2930 4221 3216 4273 secundum
3249 4218 3558 4291 Scripturas
3577 4223 3764 4293 exposi-

2205 4314 2399 4367 tionem
2454 4314 2742 4384 legitintam
2776 4354 2791 4379 ,
2820 4320 2867 4364 et
2910 4310 3235 4380 diligentem,
3286 4324 3331 4366 et
3374 4314 3491 4368 sine
3530 4316 3761 4383 periculo,

2203 4416 2251 4459 et
2290 4406 2400 4458 sine
2430 4405 2753 4475 blasphemia
2785 4421 2803 4470 ;
2854 4415 2903 4457 et
2947 4404 3271 4473 prtecipuum
3328 4405 3626 4460 dilectionis
3666 4419 3765 4458 nnt-

511 4501 741 4556 minibus
768 4502 919 4571 ﬁdes,
972 4519 1066 4566 per
1092 4504 1479 4556 succcessiones
1523 4501 1880 4570 episcoporum
1927 4518 2102 4571 perve-
2132 4474 2176 4529 Β
2208 4513 2331 4562 nus,
2384 4505 2493 4553 etc.

512 4594 662 4647 niens
687 4610 851 4663 usque
874 4594 943 4647 ad
978 4611 1093 4661 nos,
1131 4594 1415 4659 indicetur,
1466 4607 1523 4647 ut
1556 4592 1964 4648 confundantur
1985 4609 2100 4646 om-

512 4702 629 4751 nes,
652 4687 742 4756 qui
771 4702 981 4757 quoquo
1023 4686 1179 4741 modo
1205 4696 1557 4755 pruzterquam
1595 4693 1799 4752 oportet
1827 4683 2103 4753 colligunt,

515 4777 699 4843 idest,
741 4788 946 4847 prmtcr
972 4779 1063 4848 jus
1115 4779 1308 4847 fasque
1352 4787 1659 4832 conventus
1704 4786 1894 4845 agunt.
1931 4775 1987 4830 lu
2041 4791 2103 4830 ea

514 4867 716 4938 quippe
775 4868 1019 4925 Ecclesia
1055 4886 1265 4939 semper
1294 4878 1608 4924 conservata
1668 4879 1743 4922 est
1772 4884 1855 4932 ea,
1886 4884 2004 4937 quae
2029 4879 2105 4922 est

513 4961 579 5012 ab
612 4959 893 5029 apostolis,
925 4960 1165 5014 traditio.
1197 4960 1351 5027 Quod
1382 4961 1620 5017 subinde
1662 4960 1855 5028 probat
1887 4975 1951 5013 ex
1981 4975 2109 5015 con-

513 5049 665 5105 tinua
696 5049 1069 5106 Romanorum
1100 5055 1485 5123 episcoporum
1513 5070 1541 5105 a
1570 5051 1730 5108 Petro
1760 5055 1825 5106 ad
1850 5052 2107 5108 Eleuthe-

513 5155 635 5196 rum
672 5157 869 5212 usque,
900 5142 993 5213 qui
1042 5159 1139 5198 suo
1174 5154 1416 5215 tempore
1460 5144 1763 5200 Rutiianam
1796 5144 2103 5201 Ecclesiam

515 5239 762 5302 regebat,
786 5239 1138 5295 successione
1164 5258 1178 5304 ;
1218 5256 1323 5308 qua
1351 5252 1700 5307 enumerata,
1724 5240 2001 5296 concludit
2020 5240 2066 5273 ⁵⁸
2089 5256 2103 5294 :

519 5326 633 5382 Hac
691 5330 1026 5385 ordinatione
1088 5346 1134 5386 et
1207 5337 1576 5396 successione,
1625 5350 1686 5385 ea
1746 5349 1865 5403 qua:
1917 5343 1992 5386 est
2037 5333 2102 5385 ab

518 5419 789 5485 apostolis,
818 5421 873 5473 in
901 5421 1138 5475 Ecclesia
1158 5424 1401 5487 traditio,
1429 5433 1477 5477 et
1514 5424 1751 5479 veritatis
1775 5423 2103 5493 prwconatio

516 5511 743 5575 pervenit
770 5526 931 5581 usque
959 5513 1027 5565 ad
1062 5529 1175 5566 nos.
1212 5513 1275 5565 Et
1312 5524 1386 5566 est
1429 5515 1739 5583 plenissima
1777 5518 1886 5568 lucc
1926 5527 2104 5570 osten-

589 5723 635 5755 ⁸⁶
666 5721 780 5777 Lib.
816 5740 902 5786 ttt,
936 5741 1055 5793 cap.
1091 5724 1146 5781 5,
1172 5743 1223 5777 u.
1261 5725 1312 5778 1.
1393 5724 1435 5754 ⁵⁷
1468 5724 1534 5778 Ν.
1562 5728 1619 5780 ‘2.

1697 5728 1741 5759 η
1773 5727 1837 5782 N.
1872 5729 1927 5795 δ,

519 5793 607 5860 55,
636 5812 688 5849 ιι.
718 5801 770 5851 8.
850 5798 895 5829 ⁸³
924 5797 1042 5852 Lib.
1076 5813 1155 5857 ιιι,
1194 5815 1241 5849 c.
1272 5796 1359 5859 2H,
1398 5812 1451 5850 n.
1490 5800 1533 5849 l.

2004 5728 2046 5764 ’9
2075 5724 2141 5785 N.
2189 5725 2245 5784 4.

2280 4593 2368 4649 19.
2400 4592 2480 4645 Ex
2508 4590 2578 4647 iis
2601 4590 2854 4645 omnibus
2902 4588 3172 4658 sequitur,
3228 4588 3529 4658 legitimam
3572 4588 3764 4659 episco-

2202 4700 2394 4755 porum
2427 4682 2837 4738 successionem
2898 4680 3269 4735 certissimum
3315 4695 3438 4736 esse
3489 4693 3765 4750 argumen-
3832 4747 3836 4751 ψ

2205 4790 2343 4844 tum,
2406 4791 2515 4846 quo
2566 4776 2972 4829 demonstratur
3019 4773 3372 4828 traditionem
3429 4771 3764 4842 apostolicam

2201 4887 2395 4942 puram
2428 4879 2486 4925 et
2515 4867 2780 4923 illibatam
2806 4882 3022 4937 seraper
3046 4865 3100 4920 in
3127 4866 3372 4921 Ecclesia
3396 4873 3765 4921 conservatam

2205 4966 2394 5029 fuisse;
2425 4975 2658 5031 eamque
2713 4960 3119 5024 intemeratam,
3175 4973 3275 5028 per
3319 4958 3627 5029 episcopos,
3681 4954 3763 5025 qui

2202 5056 2306 5111 sibi
2362 5054 2596 5109 invicem
2635 5051 2702 5105 ab
2753 5048 3125 5119 apostolorum
3179 5052 3516 5119 temporibus
3574 5048 3640 5104 ad
3682 5062 3766 5101 no-

2202 5158 2318 5201 stra
2343 5160 2517 5214 usque
2539 5154 2951 5211 successerunt,
2975 5144 3041 5196 ad
3074 5159 3174 5197 nos
3200 5145 3530 5213 pervenisse;
3553 5145 3597 5200 si
3621 5142 3767 5198 modo

2202 5240 2446 5309 cpisc0pi
2480 5238 2722 5309 legitime
2770 5246 2826 5291 et
2871 5236 3171 5292 secundum
3212 5237 3470 5292 Ecclesia:
3515 5237 3660 5306 leges
3687 5250 3766 5290 or-

2202 5332 2371 5387 dinati
2406 5332 2537 5397 sint,
2569 5341 2626 5384 et
2670 5331 2737 5385 ab
2764 5330 2976 5384 raritate
3026 5328 3288 5383 Ecclesia:
3317 5344 3425 5384 non
3458 5328 3765 5385 defecerint.

2206 5423 2364 5491 Nam,
2421 5433 2482 5477 ut
2533 5423 2610 5476 ait
2642 5432 2832 5477 auctor
2881 5432 3070 5476 uoster
3094 5421 3159 5483 ⁸³,
3229 5436 3357 5475 vera
3409 5420 3767 5484 apostolorum

2205 5516 2423 5570 traditio
2476 5523 2642 5584 atque
2697 5515 2973 5580 doctrina,
3023 5511 3121 5566 Dei
3172 5529 3363 5568 munus
3410 5524 3486 5567 est
3533 5510 3768 5565 Ecclesia

3264 5720 3305 5751 οι
3342 5720 3406 5775 Ν.
3446 5718 3496 5774 5.
3574 5716 3617 5749 ι·
3645 5713 3765 5784 Cap.

2323 5725 2367 5756 ⁶⁰
2396 5723 2569 5791 Item,
2596 5721 2694 5779 lib.
2728 5738 2802 5789 tv,
2833 5739 2883 5777 c.
2918 5722 3007 5787 26,
3040 5738 3094 5775 ιι.
3128 5720 3189 5775 il.
