3924 6354
125 498 196 551 265
954 484 1413 545 DISSERTATIO
1452 483 1540 547 lll,
1587 484 1671 537 DE
1722 480 1979 537 IRENr‘El
2019 476 2381 535 DOCTRINA.

3197 474 3303 527 9.66

122 616 341 679 creditum,
369 611 800 682 quemadmodum
833 610 1106 675 inspiratio
1140 608 1507 674 plasmationi,
1555 608 1623 657 ad
1654 610 1700 664 Α
1730 602 1861 673 ipsis
1888 616 1983 672 per
2008 612 2351 653 successores
2378 591 2751 654 intermedios,
2784 596 3061 655 acceptam
3096 583 3302 639 referre

123 711 188 759 hac
227 717 274 757 ut
304 708 459 758 omnia
484 711 718 757 membra
790 702 1127 771 percipientia
1155 699 1506 767 viviﬁcenmr.
1564 695 1628 749 Et

125 815 161 854 ut
191 802 287 868 jam
332 817 389 854 es
439 799 629 853 eodem
684 798 889 850 lreua‘o
923 795 1204 848 diximus:
1260 792 1382 845 Non
1427 798 1626 858 oportet

122 911 302 962 querere
326 893 457 962 apud
480 893 615 946 alios
644 891 938 955 veritatem,
958 904 1113 958 quam
1133 885 1289 956 facile
1319 895 1393 938 est
1423 884 1487 937 ab
1521 883 1627 935 Ec-

122 990 235 1042 clesia
257 1004 446 1041 sumere
492 1001 510 1039 :
536 1002 655 1039 cum
703 984 955 1054 apostoli,
987 983 1139 1052 quasi
1173 982 1226 1033 in
1251 978 1630 1042 depositorium

120 1082 239 1144 dices,
285 1078 572 1147 plenissime
621 1078 674 1128 in
723 1093 841 1130 eam
898 1074 1214 1129 contulerint
1253 1071 1452 1136 omnia,
1512 1084 1630 1138 qua:

122 1182 202 1223 sunt
228 1170 460 1223 ueritatis.
490 1169 817 1235 Quicunque
850 1167 1075 1236 proinde
1108 1166 1172 1218 ab
1204 1164 1415 1217 unitate
1446 1161 1630 1215 Eccle-

119 1260 184 1311 siae
207 1257 555 1319 desciverunt,
590 1272 620 1309 a
672 1257 845 1310 divite
889 1254 982 1308 illo
1019 1254 1351 1323 depositorio
1394 1252 1632 1320 Spiritus

122 1351 184 1404 Dei
206 1362 251 1405 et
269 1351 510 1403 veritatis
537 1349 724 1415 alieni,
754 1352 807 1402 in
828 1349 943 1416 ejus
972 1360 1178 1417 partem
1203 1362 1308 1400 non
1334 1344 1629 1400 veniunt“.

116 1442 233 1496 Ratio
254 1453 345 1505 est,
375 1444 501 1511 quia
536 1458 602 1495 es
641 1459 747 1510 quo
791 1443 1081 1508 episcopus
1122 1440 1339 1508 aliquis,
1377 1438 1505 1491 licet
1542 1452 1630 1492 se-

117 1536 299 1587 cundum
330 1534 605 1588 Ecclesia:
656 1534 940 1587 catholica:
999 1535 1164 1587 ritum
1221 1534 1526 1587 ordinatus.
1578 1540 1633 1585 et

116 1628 427 1679 successionis
470 1626 719 1679 ordinem
751 1635 964 1689 tenens,
1003 1626 1069 1677 ab
1118 1626 1326 1677 unitate
1377 1633 1629 1687 recessu;

114 1718 146 1770 si
171 1720 211 1770 iu
236 1733 471 1772 errorem
508 1717 745 1781 labatur,
789 1716 903 1785 jam
956 1717 1131 1770 media
1183 1716 1388 1777 Omnia,
1436 1715 1633 1783 quibus

110 1811 162 1863 ab
179 1812 342 1865 eodem
378 1823 695 1872 revocetur,
722 1809 825 1862 sibi
860 1809 973 1876 ipse
995 1808 1220 1861 ademit.
1279 1804 1630 1860 Potissimum

112 1899 251 1950 estad
295 1899 525 1950 aliarum
596 1897 1003 1961 Ecclesiarum,
1056 1894 1313 1949 Romana:
1362 1896 1631 1965 inprimis,

108 2004 203 2055 qua:
241 2000 483 2042 centrum
539 1997 626 2040 est
671 1987 915 2048 unitatis,
975 1986 1299 2039 traditiones
1369 1986 1633 2055 privatam

108 2080 387 2133 sententiam
419 2079 668 2146 exigere,
692 2087 743 2130 et
770 2078 836 2130 ab
859 2079 939 2131 eis
970 2076 1271 2144 legitimum
1316 2075 1635 2140 Scriptura-

104 2185 199 2223 rum
225 2185 434 2223 sensum
488 2181 702 2237 petere.
745 2167 804 2223 Si
852 2183 981 2237 ergo
1004 2183 1099 2220 eas
1124 2168 1320 2219 audire
1371 2174 1635 2227 renuertt,

104 2277 282 2315 omnem
324 2262 428 2316 sibi
461 2262 625 2316 dubio
651 2260 840 2331 procul
873 2261 940 2314 ad
971 2259 1262 2314 veritatem
1293 2257 1504 2311 aditum
1549 2257 1636 2311 in-

106 2354 339 2407 terciusit.

154 2446 232 2499 20.
266 2446 529 2515 Sequitur
559 2444 786 2503 deinde,
814 2443 867 2495 in
906 2456 969 2497 ea
1004 2441 1119 2496 sola
1155 2440 1399 2496 Ecclesia
1424 2456 1638 2495 conser-

97 2549 247 2590 rataru
265 2555 373 2592 esse
419 2555 559 2601 eam,
595 2552 712 2605 qua:
743 2546 816 2589 est
841 2537 905 2588 ab
953 2537 1230 2604 apostolis,
1276 2536 1636 2601 traditionem,

92 2645 173 2683 seu
199 2633 261 2685 ab
290 2632 357 2684 iis
386 2631 521 2684 solis
537 2630 867 2699 presbyteris
896 2629 1196 2682 discendam
1222 2644 1331 2681 esse
1348 2628 1637 2693 veritatem,

93 2722 234 2775 abiis
260 2721 391 2774 solis
417 2721 577 2787 [idem
611 2732 845 2772 nostram
900 2720 1181 2783 custodiri,
1230 2730 1276 2772 et
1333 2716 1638 2787 Scripturas

88 2814 186 2865 sine
203 2814 435 2880 periculo
469 2813 622 2865 nobis
673 2813 886 2879 exponi;
918 2827 1014 2880 per
1045 2827 1137 2865 eos
1167 2812 1313 2865 solos
1344 2812 1640 2881 pervenisse

90 2920 233 2973 usque
253 2907 320 2958 ad
351 2922 447 2958 nos
478 2904 829 2957 custoditione
855 2906 965 2956 sine
991 2903 1208 2971 ﬁctione
1242 2900 1642 2973 Scripturarum

86 2998 442 3049 tractationem
516 2994 900 3063 plenissimam,
975 3010 1139 3061 neque
1196 2995 1641 3059 additamentum,

87 3102 239 3157 neque
264 3090 589 3141 oblationem
622 3086 975 3154 recipientem,
1016 3096 1063 3138 et
1102 3084 1373 3139 lectionem
1399 3084 1509 3137 sine
1535 3084 1642 3154 ful-

82 3186 296 3245 sstione,
318 3190 366 3233 et
385 3180 675 3232 secundum
714 3175 1019 3247 Scripturas
1058 3175 1437 3246 expositionem
1469 3177 1644 3246 legitio

85 3288 236 3338 nam,
264 3286 309 3326 et
326 3272 631 3341 diligentem
660 3280 708 3323 et
730 3271 842 3322 sine
861 3270 1119 3336 periculo,
1152 3279 1197 3321 et
1228 3268 1340 3321 sine
1388 3268 1637 3336 blasphe-

82 3382 203 3427 me,
232 3365 373 3435 apud
398 3381 531 3434 quos
560 3374 635 3416 est
664 3379 748 3427 ea,
772 3378 888 3433 qua:
910 3372 984 3415 est
1015 3362 1077 3414 ab
1111 3362 1363 3427 apostolis
1391 3359 1646 3415 Ecclesia:

86 3460 328 3513 successio
352 3475 373 3523 ;
432 3468 623 3527 utpote
677 3460 767 3526 qui
812 3473 929 3508 cum
958 3456 1291 3524 episcopatus
1320 3452 1648 3507 successione

84 3554 338 3605 (antistita
388 3550 628 3604 ueritatis
661 3560 880 3612 certum,
919 3548 1199 3601 secundum
1235 3546 1488 3615 placitum
1536 3543 1646 3597 Pa-

86 3646 197 3707 tris,
225 3654 563 3711 acceperunt.
612 3641 867 3709 Reliquos
927 3654 1056 3694 vero
1107 3654 1317 3704 omnes,
1370 3640 1460 3708 qui
1507 3638 1649 3692 absi-

83 3747 223 3789 stunt
276 3754 306 3788 a
363 3734 656 3805 principali
697 3733 1035 3794 successione,
1080 3743 1128 3787 et
1158 3750 1461 3802 quocunque
1532 3735 1647 3788 loco

82 3838 233 3880 ests:
259 3843 378 3880 eam
425 3825 755 3888 Ecclesium,
810 3825 861 3878 in
893 3840 999 3892 qua
1035 3836 1288 3879 servatur
1331 3826 1649 3896 principalis

86 3934 145 3971 ea
207 3922 500 3980 SucceSsio,
579 3915 854 3984 colligunt,
915 3932 1007 3970 seu
1085 3928 1383 3972 conventus
1460 3930 1649 3988 agunt,

82 4025 341 4081 περίεισι
400 4011 675 4064 habendas
728 4024 876 4073 esse;
921 4010 1118 4079 quippe
1158 4011 1249 4079 qui
1307 4026 1489 4064 omnes
1561 4012 1652 4065 de-

85 4106 302 4158 ciderinl
332 4122 363 4157 a
384 4104 637 4165 veritate,
662 4115 781 4165 quae
835 4102 888 4154 in
918 4115 981 4156 ea
1012 4101 1122 4155 sola
1152 4101 1393 4155 Ecclesia
1427 4102 1651 4171 reperiri

86 4207 284 4263 potest,
317 4196 367 4250 in
396 4210 505 4265 qua
551 4191 915 4247 successionis
972 4193 1278 4262 apostolica:
1327 4195 1462 4247 ordo
1502 4208 1654 4263 repe-

92 4288 243 4341 ritur.
269 4288 438 4342 Porro
473 4288 528 4340 in
558 4284 675 4339 sola
703 4284 945 4338 Ecclesia
980 4283 1217 4338 Romana
1273 4284 1401 4356 (quo
1434 4288 1650 4341 nomine

86 4396 189 4434 eas
217 4396 403 4435 omnes
431 4379 714 4435 Ecclesias
744 4377 831 4431 hic
859 4377 1118 4446 intelligo,
1146 4393 1267 4447 qua:
1301 4394 1422 4433 cum
1455 4376 1656 4432 Roma-

92 4475 455 4535 na,onmium,
480 4471 690 4533 [remeo
718 4479 871 4536 teste,
902 4470 1158 4538 maxima,
1189 4480 1236 4525 et
1262 4472 1654 4541 antiquissima,

88 4576 135 4613 ex
172 4565 395 4617 omnibus
424 4563 659 4633 cognita,
698 4562 1030 4631 unitatisque
1061 4573 1270 4627 centro,
1315 4563 1651 4617 communio-

1728 697 1961 766 possiut.
1994 692 2218 747 Frustra
2254 691 2420 756 igitur
2459 696 2613 742 extra
2664 684 2961 737 Romanam
2996 678 3299 734 Ecclesium

1730 787 2013 860 quasieris
2046 799 2164 839 eam
2227 797 2344 850 qua:
2397 789 2483 832 est
2533 778 2600 831 ab
2634 774 2894 846 apostolis
2932 772 3301 830 traditionem.

1732 882 1935 937 frustra
1974 880 2279 939 veritatem,
2332 873 2833 942 expositionemque
2882 868 3298 936 Scripturarutu

1735 974 2060 1043 legitimam,
2121 968 2473 1035 diligentem,
2507 964 2623 1017 sine
2674 959 2915 1027 periculo
2942 968 2998 1012 et
3036 958 3154 1011 sine
3192 955 3304 1009 blu-

1733 1063 2001 1135 sphemia,
2038 1070 2145 1115 etc.
2170 1058 2343 1127 Hujus
2367 1058 2607 1126 pondere
2640 1054 2877 1107 obruere
2909 1066 2971 1105 se
3009 1063 3169 1119 posse
3197 1048 3310 1101 lue-

1732 1159 1932 1213 reticos
1958 1169 2148 1209 omnes
2182 1168 2247 1207 ac
2284 1148 2666 1207 schismaticos
2695 1146 2777 1200 sui
2807 1143 3071 1212 temporis
3110 1140 3306 1195 merito

1732 1249 2039 1305 conﬁdebat
2066 1245 2301 1299 lrenteus
2342 1260 2357 1298 :
2399 1240 2592 1295 eodem
2643 1238 2976 1308 posteriores
3012 1235 3307 1289 hzereticos

1733 1355 2075 1415 oppressere,
2111 1340 2208 1409 qui
2249 1336 2422 1391 secuti
2451 1342 2575 1387 sunt
2615 1332 2717 1388 SS.
2753 1331 2965 1393 Patres,
3009 1328 3309 1383 Tertullia-

1736 1452 1856 1499 nus,
1894 1433 2220 1505 Cyprianus,
2254 1426 2504 1497 Optatus,
2541 1423 2900 1494 Epiphanius,
2945 1420 3306 1487 Augustinus,

1733 1527 1933 1595 aliique
1961 1523 2186 1592 passim.

1804 1618 1893 1672 2'1.
1951 1613 2102 1681 Quod
2136 1618 2315 1665 autem
2347 1607 2447 1662 SS.
2484 1605 2743 1660 Patribus
2782 1602 3224 1659 etltcacissimum
3256 1613 3311 1655 et

1736 1707 2082 1767 ineluctabile
2121 1704 2294 1758 visum
2326 1709 2410 1756 est
2457 1699 2523 1753 ad
2554 1697 2961 1753 confundendos
3004 1708 3194 1749 omnes
3224 1696 3307 1746 sui

1737 1805 1995 1874 temporis
2040 1802 2327 1857 liazreticos
2378 1808 2432 1852 et
2487 1794 2904 1858 schismaticos,
2966 1805 3075 1845 non
3129 1789 3311 1843 minus

1736 1897 1923 1952 eﬂicax
1962 1910 2081 1951 esse
2132 1894 2292 1949 debet
2337 1892 2403 1945 ad
2469 1884 2895 1959 prosternendos
2939 1882 3110 1939 nostri
3167 1892 3276 1935 tem

1671 1962 1712 2015 Β
1741 1990 1889 2060 poris
1922 1987 2232 2048 haereticos,
2286 1983 2651 2042 Lutherauos,
2714 1976 3083 2037 Calviniauos,
3139 1972 3308 2027 alios-

1738 2097 1842 2151 que
1875 2087 2141 2151 quotquot
2168 2078 2233 2131 ab
2264 2074 2504 2130 Ecclesia
2538 2072 2797 2126 'Romaua
2825 2068 3193 2123 secessionem
3229 2062 3309 2120 fe-

1737 2183 1947 2231 cerunt.
1981 2173 2047 2228 lli
2080 2173 2279 2241 quippe
2302 2184 2425 2224 cum
2455 2182 2561 2221 non
2593 2166 2775 2220 minus
2812 2178 2975 2231 quam
3009 2169 3243 2221 veteres,
3278 2176 3311 2213 a

1738 2263 2023 2338 principali
2038 2262 2366 2318 successione
2381 2255 2715 2319 abstiterim,
2733 2256 2835 2309 hoc
2859 2255 2973 2323 ipso
3002 2266 3109 2306 non
3134 2252 3312 2305 minus

1740 2374 1904 2429 quam
1923 2356 2018 2421 illi,
2041 2355 2299 2408 decidisse
2315 2350 2578 2407 aoeritate
2604 2348 3028 2402 convincuntur.
3066 2344 3311 2411 Quorum

1739 2453 1963 2522 proinde
1977 2459 2139 2505 sectae
2153 2446 2485 2509 architectis,
2500 2442 2731 2497 ducibus
2745 2453 2796 2495 et
2810 2440 3188 2509 antesignanis
3205 2439 3312 2494 Lu-

1744 2548 1920 2604 thero,
1938 2541 2182 2605 Calvino,
2197 2536 2471 2607 Zuiuglio,
2494 2534 2751 2603 aliisque,
2772 2534 2964 2587 eodem
2985 2533 3108 2603 jure
3125 2534 3311 2587 dicere

1743 2648 2052 2705 possumus,
2083 2647 2190 2702 quo
2223 2630 2592 2686 Tertullianus
2616 2628 2683 2659 “'
2716 2626 2992 2681 veteribus
3023 2625 3132 2679 illis
3162 2642 3175 2678 :
3210 2624 3313 2691 Qui

1740 2727 1893 2780 estis?
1920 2724 2144 2790 Quando
2191 2732 2237 2777 et
2268 2722 2406 2775 unde
2438 2719 2682 2774 venistis?
2715 2717 2853 2783 Quid
2886 2718 2939 2771 in
2983 2732 3097 2770 meo
3126 2717 3310 2783 agitis.

1744 2837 1847 2875 non
1881 2819 2008 2872 mei?
2035 2817 2150 2883 Quo
2182 2817 2430 2882 denique.
2460 2812 2696 2881 Zuiugli,
2733 2811 2859 2880 jure
2902 2811 3089 2864 silvam
3143 2825 3312 2863 meant

1744 2913 1932 2969 credis?
1966 2910 2083 2975 Qua
2105 2909 2341 2973 licentia,
2380 2906 2627 2972 Calvine,
2671 2904 2841 2975 fontes
2876 2919 3014 2957 meos
3042 2912 3314 2955 transuer-

1746 3004 1841 3057 tis?
1888 3004 2005 3067 Qua
2028 3008 2305 3068 potestate,
2333 2996 2595 3061 Luthere,
2619 2995 2811 3049 limites
2836 3011 2975 3047 meos
2999 2997 3319 3049 commoves?

1745 3094 1867 3151 Hea
1915 3102 1994 3149 est
2041 3092 2337 3162 possessio:
2381 3090 2505 3143 olim
2535 3089 2797 3159 possideo,
2852 3088 2999 3155 prior
3047 3088 3314 3157 possideo,

1746 3189 1910 3243 habeo
1960 3188 2184 3255 origines
2209 3183 2417 3252 ﬁrmas,
2448 3183 2513 3235 ab
2562 3183 2691 3250 ipsis
2747 3182 3049 3233 auctoribus
3095 3196 3317 3249 quorum

1748 3280 1848 3350 fuit
1875 3296 1975 3334 res.
2004 3277 2116 3347 Ego
2164 3292 2282 3330 sum
2313 3276 2479 3329 hwres
2520 3272 2904 3343 apostolorum.
2959 3270 3125 3341 Cupio
3152 3272 3316 3341 igitur

1750 3373 2023 3427 ostendant
2078 3371 2207 3424 mihi
2260 3368 2552 3431 Lutherus,
2610 3366 2883 3426 Calvinus,
2919 3374 3053 3430 etc.,
3112 3381 3178 3419 ea:
3215 3381 3318 3435 qun

1750 3463 2064 3518 auctoritate
2104 3461 2508 3531 prodierunt....
2559 3454 2617 3511 Si
2648 3472 2834 3511 eorum
2865 3457 3096 3511 haereses
3122 3456 3320 3512 audent

1748 3557 2057 3609 interserere
2104 3569 2157 3607 se
2186 3552 2332 3606 tutati
2360 3550 2733 3619 apostolicre...
2784 3563 3062 3617 possumus
3102 3548 3318 3604 dicere:

1751 3644 1927 3700 Edunt
1957 3663 2078 3717 ergo
2103 3647 2335 3714 origines
2372 3643 2739 3697 Ecclesiarum
2787 3657 3008 3695 suarum
3035 3657 3053 3695 :
3080 3640 3320 3694 evolvunt

1750 3739 1990 3793 ordinent
2020 3738 2379 3805 episcoporum
2406 3751 2648 3799 suorum,
2697 3733 2776 3787 ita
2821 3748 2915 3800 per
2951 3732 3311 3786 successiones

1751 3836 1815 3888 ab
1856 3833 2011 3886 initio
2040 3832 2418 3884 decurrentem.
2463 3839 2515 3882 ut
2548 3830 2752 3893 primus
2790 3828 2879 3880 ille
2913 3826 3181 3895 episcopus
3214 3828 3317 3882 ali-

1750 3942 1901 3996 quem
1932 3941 1996 3979 επ
2024 3923 2295 3993 apostolis,
2344 3923 2418 3976 uel
2464 3920 2769 3990 apostolicis
2809 3920 2955 3984 viris,
3009 3924 3101 3989 qui
3146 3931 3320 3976 tamen

1756 4033 1874 4071 cum
1907 4014 2157 4087 apostolis
2185 4012 2650 4084 perseveraverint,
2682 4011 2923 4064 habuerit
2971 4018 3242 4065 auctorem
3273 4024 3320 4066 et

1753 4120 2156 4164 antecessorem.
2214 4104 2330 4159 Iloc
2376 4105 2513 4158 enim
2554 4104 2709 4156 modo
2746 4100 2995 4158 Ecclesia:
3017 4104 3323 4172 apostolica:

1752 4211 2086 4250 censussuos
2127 4193 2413 4262 deferunt;
2467 4192 2601 4246 sicut
2628 4190 3027 4261 Smyrnarorum
3077 4192 3315 4247 Ecclesia

1754 4290 1945 4342 habens
1979 4287 2325 4357 Polycarpum
2346 4302 2376 4337 a
2400 4282 2608 4337 Joanne
2633 4283 2947 4338 collocatum
2975 4285 3166 4354 refert:
3188 4287 3323 4339 sicut

1756 4380 2138 4442 Romanorum,
2175 4375 2490 4430 Clementem
2524 4392 2557 4428 a
2608 4372 2769 4428 Petro
2819 4378 3125 4431 ordinatum
3173 4377 3323 4430 edit:

1752 4473 1973 4543 proinde
1998 4472 2171 4540 utique
2196 4483 2242 4524 et
2271 4479 2473 4523 caetera:
2500 4468 2767 4536 exhibent,
2798 4487 2927 4540 quos
2973 4470 3039 4522 ab
3069 4473 3321 4537 apostolis

1755 4570 1808 4621 in
1827 4574 2180 4636 episcopatum
2199 4565 2526 4628 constitutos,
2550 4564 2823 4632 apostolici
2844 4565 3056 4618 seminis
3079 4566 3321 4620 traduces

92 4656 183 4708 uis
228 4672 366 4711 nexu
410 4656 683 4726 colligata:
734 4656 884 4725 sunt)
939 4655 1179 4709 occurrit
1206 4652 1475 4725 legitimus
1513 4653 1650 4708 ordo
1682 4668 1725 4723 ι)
1753 4661 1995 4713 habeant.
2052 4656 2365 4726 Confingam
2406 4655 2606 4726 aliquid
2636 4656 2741 4709 tale
2783 4656 3016 4710 haeretici
3047 4656 3319 4712 hodierni.

86 4751 453 4803 successimus
483 4749 818 4819 apostolicae;
877 4750 928 4801 in
960 4763 1024 4803 eo
1053 4747 1279 4817 positus,
1326 4756 1382 4799 ut
1445 4747 1651 4815 primus

84 4840 347 4911 cujusque
404 4840 670 4896 Ecolesim
704 4844 992 4909 episcopus
1058 4840 1125 4894 ab
1196 4838 1479 4907 apostolis,
1558 4854 1653 4893 eo-

82 4948 282 4988 ηιπτε
350 4933 636 5002 discspulis
668 4943 763 4985 aut
795 4932 1210 4987 successoribus
1239 4941 1482 4998 vocatus,
1512 4931 1661 4986 ordi-

80 5032 255 5076 δυὰς
309 5038 362 5080 et
438 5025 774 5080 constitutus
832 5026 1161 5095 episcopus,
1219 5025 1531 5079 missionem
1595 5038 1659 5079 ac

74 5125 413 5184 paeantem
468 5116 745 5184 acceperit
810 5130 933 5171 eam
1001 5116 1302 5171 Ecclesiam
1369 5115 1657 5181 laudandi,

80 5211 337 5276 regendi,
400 5211 556 5264 verbi
620 5208 715 5263 Dei
773 5209 1069 5291 commisso
1132 5207 1235 5262 sibi
1306 5209 1457 5280 gregi
1520 5224 1659 5279 pra:-

76 5302 336 5366 sﬁandi,
385 5312 730 5358 sacramenta
783 5301 1227 5364 administrandi,
1277 5302 1522 5369 aliosque
1553 5301 1657 5355 mi-

76 5396 294 5448 aﬁtros
329 5404 439 5449 tum
466 5394 806 5462 superiores,
856 5402 970 5447 tum
1008 5392 1295 5448 inferiores
1346 5392 1655 5457 ordinandi,

86 5484 197 5549 ξεί
220 5486 585 5542 ministerium
612 5485 1047 5540 ecclesiasticum
1102 5485 1158 5539 iu
1188 5484 1430 5541 Ecclesia
1458 5498 1656 5555 perpe-

84 5586 265 5630 sunt.
290 5577 457 5634 Extra
499 5578 801 5633 Romanam
822 5577 1119 5633 Ecclesium
1143 5579 1346 5633 nullam
1381 5579 1661 5649 assignare

84 5676 193 5719 σι
216 5668 474 5736 ejusmodi
510 5671 809 5742 legitimam
836 5669 1213 5739 episcoporum
1239 5670 1657 5737 successionem,

78 5752 199 5825 9'
235 5762 547 5817 missionem
612 5776 677 5817 ac
730 5761 1117 5817 auctoritatem
1186 5777 1338 5819 suam
1396 5762 1661 5836 apostolis

184 5933 222 5966 “
247 5940 306 5999 li.
333 5948 380 6003 Ξ.
464 5945 535 5975 ⁸⁸⁸
570 5946 643 5999 De
673 5958 869 6013 prtesc.
943 5940 989 5972 "
1021 5926 1167 6000 lbid.‘

401 6044 682 6105 Ριτιιοι..
718 6039 838 6099 Gn.
885 6036 1018 6097 νη.

1757 4749 2083 4819 Couliugere
2113 4756 2260 4804 certe
2288 4762 2392 4802 non
2422 4757 2668 4818 possunt,
2703 4748 2793 4817 qui
2834 4748 2983 4801 omni
3011 4748 3324 4818 apostolica:

1757 4841 2123 4898 successionis
2146 4842 2339 4896 ordine
2393 4855 2597 4909 susque
2645 4840 2823 4909 deque
2873 4855 3053 4905 verso,
3112 4840 3321 4913 [CXVI]

1750 4951 1941 4991 eversa
1965 4934 2030 4990 ab
2050 4934 2176 4988 imis
2200 4934 2565 4989 fundamentis
2586 4933 2956 4988 ecclesiastica
2988 4934 3319 5003 bierarchia,

1752 5031 1950 5085 violata
2002 5045 2098 5099 per
2146 5043 2419 5082 summum
2474 5026 2628 5082 uel'as
2672 5026 2934 5095 legitima,
2989 5026 3218 5098 antiqua
3267 5042 3323 5084 et

1752 5126 2047 5197 apostolica
2094 5124 2380 5178 ordinandi
2410 5122 2689 5176 ministros
2718 5136 2907 5176 saeros
2954 5121 3096 5192 lege,
3148 5123 3319 5178 nulla-

1754 5231 1861 5287 que
1914 5224 2138 5283 accepta
2196 5214 2458 5267 missione
2512 5221 2566 5265 et
2625 5213 2953 5267 anctOritate
2997 5214 3065 5268 ab
3112 5215 3202 5279 iis,
3232 5218 3321 5285 qui

1755 5323 1908 5363 suam
1940 5307 2009 5360 ab
2048 5305 2311 5374 apostolis
2357 5302 2490 5373 ipsis
2530 5316 2626 5371 per
2666 5301 2960 5371 legitimam
3019 5307 3324 5360 successio-

1758 5414 1879 5455 nem
1929 5397 2275 5460 derivabant,
2321 5405 2667 5450 assumentes
2694 5394 2799 5450 sibi
2857 5396 2988 5467 ipsis
3035 5397 3321 5460 honorem,

1754 5507 1857 5547 nec
1887 5493 2063 5547 vocati
2093 5508 2121 5545 a
2151 5492 2261 5547 Deo
2300 5501 2558 5560 tauquam
2601 5492 2807 5556 Aaron,
2845 5490 3204 5545 ministerium
3235 5505 3324 5545 ec-

1755 5582 2129 5640 clesiasticum
2167 5594 2524 5654 usurparunt.
2548 5583 2627 5638 Ad
2654 5598 2810 5653 quos,
2838 5595 2993 5649 aque
3017 5582 3083 5635 ad
3113 5594 3321 5637 veteres

1756 5673 2066 5739 haereticos,
2091 5682 2342 5744 spectant
2369 5688 2433 5728 ea
2462 5673 2703 5744 ejusdem
2729 5672 3048 5728 Tertulliani
3072 5671 3317 5727 verba“:

1760 5762 2137 5822 Ordinationes
2159 5781 2341 5822 eorum
2387 5764 2891 5831 temerariw,leves,
2945 5764 3321 5826 inconstantes.

3014 6040 3048 6093 9
