3924 6354
131 471 205 524 269
989 458 1445 520 DlSSERTATlO
1486 458 1574 521 Ill,
1614 453 1703 508 DE
1736 453 1991 511 IRENA‘JI
2036 451 2403 508 DOCTBINA.

3212 446 3319 504 270

127 591 362 659 querenda
384 590 447 644 sit
471 584 781 648 veritas,'et
813 584 903 639 ubi
938 600 1064 638 vera
1090 583 1292 639 Christi
1324 579 1564 634 Ecclesia
1583 577 1648 629 °'.
1681 580 1727 631 Α
1752 589 1904 629 suam
1929 575 2185 630 continua
2214 571 2561 624 successione
2582 567 2841 637 apostolis
2872 567 3005 636 ipsis
3040 580 3317 639 acceptam

126 684 165 737 Si
188 682 407 737 Romana
439 679 741 734 deserenda
778 677 898 740 fuit,
941 677 1009 730 ad
1052 675 1290 742 aliquam
1323 671 1481 725 aliam
1518 684 1649 723 con-

126 773 390 843 fugiendum
425 772 549 838 fuit,
603 786 728 839 qua
782 786 905 823 cum
954 766 1252 835 apostolica
1301 761 1650 818 successione

124 865 426 919 traditionem
455 864 838 918 intemeratum
884 845 1285 921 conservasset;
1310 856 1435 910 huic
1469 853 1650 907 adha-

122 957 329 1018 reuduin,
380 969 569 1009 coram
628 969 693 1007 ea
768 950 1125 1011 damnandus,
1185 963 1249 1002 ac
1321 945 1650 1015 rejiciendus

38 1039 44 1049 ’
119 1045 307 1118 [CXVII]
337 1061 495 1100 error
527 1048 791 1100 hactenus
828 1048 1222 1112 propugnatus,
1241 1039 1649 1105 emittendaque

119 1141 355 1195 catholica
370 1137 495 1192 fidei
518 1134 828 1206 professio:
852 1135 952 1187 hoc
974 1133 1117 1187 enim
1143 1131 1301 1183 modo
1326 1129 1652 1197 resipiscen.

117 1242 175 1285 tes
188 1230 414 1285 haretici
435 1228 588 1283 omni
607 1242 722 1280 avo
740 1225 1077 1280 reconciliati
1093 1233 1244 1285 sunt,
1262 1237 1360 1275 nec
1377 1222 1536 1275 aliter
1567 1235 1651 1273 re-

117 1322 356 1377 conciliari
388 1335 520 1375 vera
556 1334 782 1387 usquam
821 1315 1345 1387 permisitEcclesia.
1372 1312 1493 1368 Jam
1522 1328 1651 1367 vero

114 1414 268 1482 probet
295 1412 557 1475 Crabius,
594 1413 638 1465 si
685 1412 877 1478 possit,
911 1409 1167 1464 Romana
1234 1406 1489 1461 Ecclesia
1536 1406 1651 1458 hat!-

115 1504 264 1566 resim,
288 1512 345 1556 ut
374 1508 587 1556 vocant
619 1502 729 1564 sui,
771 1500 959 1555 eadem
993 1498 1166 1552 forma
1193 1511 1315 1551 esse
1366 1498 1649 1560 revictam,

112 1610 194 1661 qua
223 1595 314 1663 ipsi
365 1596 733 1648 revincuntur
762 1609 775 1645 :
802 1591 952 1645 dicat
1004 1589 1223 1644 ubinam
1279 1589 1566 1643 veritatem
1596 1596 1654 1639 et

114 1686 371 1741 Ecclesiam
394 1687 717 1755 quaesierint
752 1699 904 1739 nova
936 1682 1218 1753 religionis
1257 1678 1568 1747 architecti,
1600 1688 1655 1734 et

110 1779 162 1831 ad
186 1794 333 1848 quam
368 1777 699 1841 Ecclesium,
732 1792 759 1829 a
796 1776 1040 1830 Romana
1084 1775 1472 1835 desciscentes,
1518 1785 1653 1825 con-

110 1870 334 1939 fugerint.
364 1868 489 1925 Non
524 1879 677 1923 certe
734 1869 801 1922 ad
854 1867 1235 1923 Occidentales
1275 1866 1434 1929 alias,
1473 1873 1655 1933 utpote

1750 665 2011 724 referunt.
2037 680 2143 718 non
2172 673 2255 717 est
2293 676 2354 714 ea
2379 675 2499 727 qua
2528 668 2613 713 est
2639 661 2706 712 ab
2748 659 3011 727 apostolis
3062 659 3320 715 Ecclesia
3356 692 3363 700 -

1750 760 2047 813 successio.
2082 758 2311 811 Frustra
2341 755 2481 824 apud
2510 754 2683 823 ipsam
2718 754 3035 808 hodiernam
3065 754 3321 825 Anglica-

1751 863 1875 902 nam
1908 846 2327 911 Ecclesiam,cui
2347 846 2456 912 jam
2476 860 2534 899 se
2557 845 2851 913 adiungere
2874 845 3076 900 Grahio
3094 846 3321 914 placuit.

1750 940 2056 1010 quaesieris.
2090 936 2215 992 Hac
2234 938 2451 1007 quidem
2482 938 2771 1005 episcopali
2799 937 2991 992 ordine
3023 948 3077 992 et
3102 954 3323 994 succes-

1750 1033 1907 1089 sione
1943 1030 2253 1101 gloriatur:
2289 1030 2385 1084 sed
2437 1044 2638 1083 meram
2687 1027 2928 1095 ejusdem
2969 1030 3218 1085 umbram
3266 1042 3323 1087 et

1750 1125 1980 1189 larvam,
2012 1138 2133 1192 quae
2169 1123 2435 1192 imperitis
2464 1123 2649 1176 fucum
2683 1122 2866 1189 faciat,
2901 1138 3013 1177 rem
3041 1133 3191 1179 certe
3214 1140 3319 1179 non

1756 1228 1922 1274 tenet.
1951 1217 2174 1272 Certum
2200 1218 2467 1287 siquidem
2498 1228 2601 1281 est,
2629 1218 3013 1272 hodieruorum
3040 1220 3326 1289 episcopo-

1755 1326 1874 1363 rum
1929 1310 2226 1379 Anglorum
2278 1310 2676 1364 ordinationem
2721 1318 2775 1363 et
2834 1312 3239 1365 successionem
3293 1330 3322 1367 a

1754 1402 2006 1455 Matthao
2033 1401 2291 1465 Parkero,
2322 1401 2376 1455 in
2401 1402 2918 1471 archiepiscopalem
2956 1402 3325 1458 Cantuarien-

1756 1510 1866 1549 sein
1921 1494 2102 1549 sedem
2151 1494 2383 1559 intruso,
2420 1504 2675 1563 tanquam
2732 1510 2760 1547 a
2818 1496 3001 1564 capite
3052 1506 3107 1549 et
3172 1495 3325 1551 fonte

1755 1584 1997 1640 illuxisse.
2023 1586 2255 1641 Tantum
2309 1586 2474 1657 igitur
2507 1586 2669 1649 valet,
2701 1597 2964 1654 quantum
3002 1589 3172 1643 valuit
3196 1590 3325 1643 Par-

1756 1678 1872 1733 keri
1919 1679 2214 1734 ordinatio.
2265 1680 2334 1732 At
2389 1678 2654 1733 ludicram
2714 1679 2875 1747 hujus
2921 1680 3324 1735 ordinationem

1758 1769 1945 1832 fuisse,
1972 1772 2039 1823 ah
2063 1771 2323 1824 ementito
2339 1770 2593 1840 episcopo
2609 1768 2815 1825 Joanne
2835 1769 3004 1842 Scory
3021 1771 3097 1842 (a)
3140 1776 3324 1840 (quem

1759 1862 1995 1916 Eduardi
2069 1861 2137 1915 Vl
2212 1863 2548 1933 temporibus
2600 1862 2922 1932 Zwingliani
2977 1876 3032 1918 et
3079 1864 3328 1919 Puritani

111 1979 205 2032 qua
246 1980 365 2017 cum
418 1962 666 2017 Romana
728 1960 995 2015 sentirent
1029 1969 1085 2014 et
1129 1958 1598 2013 communicarent
1636 1972 1649 2009 :
1691 1929 1732 1985 Β
1757 1954 2097 2023 episcopum,
2139 1956 2437 2010 secundum
2470 1955 2594 2008 navi
2651 1954 2886 2010 Ritualis
2908 1956 3191 2028 Anglicani
3220 1958 3329 2014 for—

109 2055 282 2107 nonad
317 2051 653 2115 Orientales,
694 2051 1015 2117 quibuscum
1066 2049 1214 2104 nullo
1257 2048 1654 2103 communionis

110 2158 222 2197 nexa
272 2144 449 2213 juncti
515 2158 746 2211 usquam
806 2142 1045 2196 fuerunt.
1086 2139 1227 2207 Quid
1250 2138 1417 2211 ergo?
1448 2138 1653 2193 Novam

108 2235 189 2287 sibi
236 2235 421 2297 ﬁdem,
478 2248 674 2287 novam
716 2231 1057 2301 religionem,
1107 2246 1301 2286 novam
1356 2230 1655 2286 Ecclesium

106 2327 191 2395 ipsi
229 2342 259 2380 a
285 2325 667 2380 fundamentis
690 2329 1101 2380 exstruxerunt.
1132 2322 1375 2380 lmmane
1420 2323 1665 2379 facinus!

102 2421 241 2489 cujus
292 2420 646 2473 atrocitatem
703 2417 887 2489 prodit
940 2418 1056 2486 ipsa
1097 2416 1478 2472 hesternarum
1520 2433 1660 2487 pene

104 2509 453 2567 Ecclesiarum
486 2510 725 2566 novitas.
750 2509 841 2574 At,
863 2510 1036 2579 inquit
1059 2509 1405 2573 cl.Grabius,
1428 2510 1479 2564 in
1513 2510 1659 2565 notis

97 2607 154 2658 ad
188 2620 307 2673 cap.
336 2604 412 2658 26
463 2603 560 2657 lib.
590 2617 669 2664 tv,
692 2601 755 2654 ab
782 2602 1054 2671 improbis,
1084 2618 1147 2655 ac
1184 2603 1239 2655 in
1268 2604 1660 2657 conversatione

99 2698 391 2751 Christiana
412 2695 559 2749 haud
582 2703 720 2749 recte
745 2711 800 2748 se
820 2694 1114 2763 gerentibus
1137 2694 1479 2747 recedendum
1509 2694 1657 2748 docet

96 2786 342 2853 lreareus,
379 2798 538 2856 atque
570 2788 638 2840 iis
659 2786 1055 2850 adhwrendum,
1087 2786 1175 2855 qui
1207 2801 1325 2838 cum
1351 2786 1658 2856 presbyterii

96 2884 265 2935 ordine
275 2896 568 2935 sermonem
586 2894 795 2941 sanum,
809 2886 859 2930 et
873 2878 1316 2931 conversationem
1327 2879 1438 2931 sine
1454 2877 1658 2947 oﬁ’ensa

92 2984 354 3037 prauam.
389 2970 593 3027 Verum
643 2971 696 3025 id
750 2969 1001 3039 quidem;
1059 2971 1155 3025 sed
1202 2970 1657 3026 dissimulandum

96 3082 192 3119 non
248 3075 369 3120 erat
427 3063 707 3133 improbos
767 3062 923 3124 illos,
992 3076 1056 3115 ac
1108 3062 1162 3114 in
1242 3062 1659 3117 conversatione

89 3160 398 3214 Christiana
455 3158 604 3212 haud
647 3165 793 3209 recte
848 3169 906 3208 se
946 3163 1218 3224 gerentes,
1263 3167 1357 3208 eos
1400 3168 1520 3209 esse
1569 3156 1661 3222 qui

1760 2061 1927 2109 mam,
1964 2046 2627 2113 ordinaverantlwiolatis
2666 2049 2921 2103 omnibus
2943 2050 3202 2105 Ecclesia:
3239 2067 3330 2106 ca-

1759 2137 2014 2205 nonibus,
2047 2137 2357 2207 spretisque
2409 2139 2678 2195 hactenus
2732 2152 2949 2210 recepta
3004 2144 3228 2197 materia
3274 2153 3330 2199 et

1760 2228 1932 2283 forma
1977 2227 2203 2294 factam,
2238 2230 2437 2284 invicte
2473 2231 2608 2286 adeo
2647 2234 3092 2289 demonstrarunt
3127 2238 3331 2292 Catho-

1758 2319 1847 2374 lici
1876 2335 1891 2385 ;
1925 2328 1984 2373 ut
2006 2333 2193 2372 eorum
2247 2323 2585 2390 argumentis
2624 2324 2781 2387 nihil,
2812 2326 2914 2379 nisi
2958 2341 3124 2381 vanas
3163 2328 3331 2381 cavil-

1761 2413 1989 2468 lationes
2038 2414 2304 2468 hactenus
2348 2430 2623 2483 opponere
2670 2418 2948 2487 potuerint
2994 2419 3332 2475 heterodoxi.

1760 2510 1975 2566 Viderit
2020 2511 2188 2579 igitur
2214 2510 2281 2565 cl.
2331 2508 2587 2575 Grabius,
2615 2526 2678 2564 ac
2724 2511 2868 2565 serio
2916 2512 3232 2581 perpendat,
3264 2527 3332 2566 an

1761 2604 1902 2671 apud
1926 2603 2222 2658 hodieruos
2246 2600 2559 2670 Anglicana
2588 2602 2840 2657 Ecclesia
2869 2605 3148 2660 ministros
3169 2606 3240 2659 sit
3268 2622 3330 2659 ea

1760 2710 1880 2765 qua
1906 2705 1990 2751 est
2019 2696 2086 2749 ab
2112 2694 2373 2765 apostolis
2398 2693 2658 2749 Ecclesia
2699 2699 2994 2764 successio,
3026 2700 3329 2753 certissima

1761 2802 1907 2842 vera
1951 2786 2210 2843 Ecclesia
2236 2797 2384 2853 nota,
2415 2802 2478 2841 ac
2520 2787 2746 2856 proinde
2775 2800 2956 2842 utrum
2985 2805 3047 2844 ea
3090 2792 3334 2847 Ecclesia

1763 2880 2132 2952 apostolorum
2161 2880 2467 2934 doctrinam
2499 2881 2775 2936 custodire
2806 2883 3049 2951 poluerit
3070 2926 3085 2948 ,
3123 2898 3337 2938 sermo-

1763 2991 1998 3045 nemque
2024 2989 2215 3030 sanum
2240 2983 2294 3027 et
2312 2975 2781 3028 conversationem
2814 2978 2931 3029 sine
2952 2973 3157 3031 oll‘ensa
3187 2978 3342 3030 exhio

1759 3071 1914 3135 bere,
1971 3084 2093 3138 qua
2148 3083 2176 3120 a
2240 3067 2529 3137 principali
2578 3069 2928 3122 successione
2983 3078 3094 3123 tam
3144 3072 3334 3139 procul

1763 3161 1995 3215 abstitit.
2026 3157 2242 3213 Viderit
2277 3159 2495 3214 demum
2537 3158 2653 3228 ipse
2684 3158 2769 3213 vir
2810 3159 3159 3215 doctissimus
3205 3162 3336 3232 quid

91 3254 394 3305 abstiterunt
432 3246 806 3315 a'principali
858 3246 1204 3309 successione,
1254 3254 1302 3297 et
1353 3261 1661 3314 quocunque
1690 3264 1733 3321 ο
1767 3249 2055 3319 quastioni
2111 3266 2139 3302 a
2210 3264 2270 3303 se
2319 3250 2613 3318 proposita
2654 3250 2705 3302 in
2755 3248 2860 3302 line
2911 3260 3052 3305 nota
3085 3253 3340 3321 superius

88 3343 195 3396 loco
216 3343 568 3411 colligebant;
599 3340 874 3393 hareticos
902 3336 1149 3391 videlicet
1177 3347 1222 3390 et
1267 3338 1422 3391 mala
1462 3350 1665 3393 senten-

89 3436 195 3497 tia,
219 3436 544 3497 scindentes,
569 3446 663 3486 seu
688 3430 1094 3492 schismaticos,
1122 3441 1169 3483 et
1196 3431 1384 3493 elatos,
1416 3431 1518 3483 sibi
1551 3432 1667 3498 pla-

90 3538 254 3580 centes
278 3566 293 3590 ,
321 3534 373 3579 et
406 3522 746 3595 hypocritas,
789 3528 1019 3589 quastus
1056 3519 1250 3588 gratia,
1279 3532 1325 3572 et
1371 3537 1520 3574 vana
1547 3520 1664 3590 glo-

86 3620 178 3673 ri:
208 3622 308 3672 hoc
334 3627 617 3687 operantes
640 3656 656 3679 ,
698 3612 791 3683 qui
830 3629 1006 3667 omnes
1037 3629 1068 3665 a
1100 3614 1312 3666 veritate
1340 3613 1663 3667 deciderant.

93 3709 165 3766 De
204 3713 406 3781 quibus
450 3707 708 3763 omnibus
752 3714 1036 3776 postquam
1088 3704 1368 3774 sigillatim
1406 3706 1670 3761 disseruit

80 3804 343 3869 lrenaus,
372 3819 444 3857 ac
498 3798 826 3857 nominatim
877 3799 944 3852 de
982 3797 1133 3852 falsis
1176 3798 1283 3853 illis
1332 3798 1666 3867 pastoribus,

79 3898 171 3964 qui
194 3897 381 3952 crediti
402 3896 621 3963 quidem
651 3900 773 3946 sunt
800 3907 831 3943 a
853 3889 1032 3944 multis
1067 3907 1175 3944 esse
1218 3891 1528 3960 presbyteri,
1560 3907 1670 3944 ser-

74 3994 231 4043 uiunt
254 3999 437 4042 autem
480 3987 593 4039 suis
624 3983 1000 4050 voluptatibus,
1045 3994 1093 4037 et
1125 4000 1231 4037 non
1258 3993 1566 4052 praponunt
1600 3986 1669 4036 ti-

76 4097 285 4135 uoreus
316 4079 419 4134 Dei
454 4079 511 4132 in
537 4077 788 4130 cordibus
814 4077 948 4141 suis,
992 4076 1083 4128 sed
1127 4076 1458 4129 contumeliis
1507 4086 1669 4144 agunt

71 4176 405 4244 reliquos,“
428 4170 745 4239 principalis
759 4169 1111 4222 concessionis
1142 4178 1344 4221 tumore
1363 4169 1490 4222 elati
1521 4179 1667 4232 sunt,

72 4278 125 4319 et
158 4271 219 4321 ia
246 4266 525 4321 absconsis
556 4271 721 4330 agunt
767 4261 953 4327 mala;
992 4260 1289 4326 concludit,
1323 4260 1387 4313 ab
1425 4262 1669 4316 omnibus

70 4362 282 4415 talibus
330 4360 598 4413 absistere
633 4368 911 4426 oportere;
947 4355 1217 4408 adhaerere
1238 4371 1355 4408 vero
1376 4354 1457 4409 his
1504 4359 1593 4425 qui
1623 4367 1672 4411 et

70 4453 455 4520 omniomni
475 4451 772 4505 doctrinam
807 4448 1194 4513 custodiunt,et
1219 4464 1333 4501 cum
1364 4448 1675 4518 presbyterii

68 4547 270 4599 "diu
294 4557 594 4597 sermonem
621 4555 834 4603 sanum,
871 4546 921 4592 et
951 4539 1392 4593 conversationem
1424 4540 1558 4593 sine.
1584 4540 1670 4609 of-

70 4637 546 4707 !esuprastant,
596 4635 667 4686 ad
699 4631 1155 4700 conﬁrmationem
1201 4642 1250 4685 et
1290 4636 1669 4696 correptionem

62 4730 445 4797 rdiquorum.
492 4724 592 4779 [ibi
627 4741 750 4778 vero
797 4723 927 4776 tales
964 4724 1193 4777 inveniat
1241 4723 1456 4793 aliquis,
1490 4732 1672 4789 statim

58 4838 145 4876 ex
213 4820 461 4891 apostolo
505 4819 676 4874 Paulo
726 4818 955 4881 indicat,
989 4818 1040 4871 in
1096 4816 1334 4871 Ecclesia
1379 4818 1631 4880 videlicet
1669 4848 1681 4882 :

58 4911 290 4977 Ida,
340 4913 440 4972 ait,
504 4911 835 4979 presbyteros
888 4909 1055 4961 nutrit
1104 4906 1364 4964 Ecclesia.
1419 4910 1679 4977 Quanam

52 5004 377 5061 Ecclesia?
428 5003 506 5057 Ea
569 5002 831 5055 nimirum
899 5001 952 5053 in
999 5015 1101 5068 qua
1158 5011 1232 5054 est
1267 5017 1327 5055 ea
1354 5019 1470 5071 qua:
1502 5014 1579 5058 est
1618 5008 1683 5060 ab

48 5100 349 5165 vestalis
377 5096 635 5151 Ecclesiae
682 5094 969 5148 successio.
1008 5093 1232 5147 Frustra
1285 5094 1452 5163 igitur
1490 5096 1543 5150 in
1577 5098 1685 5151 alia

52 5193 291 5264 quavis
330 5192 593 5244 societate
627 5187 1011 5258 presbyteros,
1045 5187 1236 5256 quales
1260 5188 1551 5258 descripsit
1574 5188 1687 5244 lre-

58 5297 276 5346 usus,
305 5296 546 5352 quaeras.
568 5279 805 5335 Frustra
832 5278 1059 5349 proinde
1095 5281 1239 5349 apud
1268 5294 1461 5335 onmes
1492 5295 1689 5336 recen-

1770 3346 1953 3398 citata
1983 3343 2424 3412 respondendum
2463 3343 2554 3398 sit.
2590 3340 2733 3407 Quid
2767 3359 2882 3396 vero
2905 3353 3030 3396 tunc
3050 3344 3338 3413 agendum,

1768 3443 1981 3508 quando
2029 3435 2327 3503 erroribus,
2368 3434 2774 3499 schismatibus,
2820 3437 2956 3489 vitiis
2999 3437 3154 3504 plena
3217 3448 3343 3492 sunt

1770 3530 1993 3584 omnia?
2017 3528 2084 3581 Id
2110 3529 2301 3592 dicere,
2336 3528 2529 3595 inquit,
2570 3544 2661 3581 nec
2692 3528 2869 3596 facile,
2910 3544 3001 3581 nec
3026 3529 3187 3598 hujus
3240 3529 3345 3583 loci

1769 3632 1865 3676 est.
1892 3623 2003 3677 lmo
2024 3622 2212 3675 dicere
2250 3619 2576 3675 facillimum
2610 3629 2764 3683 erat,
2798 3620 3110 3676 chimaeram
3144 3638 3266 3677 esse
3311 3635 3343 3674 e

1769 3713 2195 3769 Protestantium
2252 3715 2479 3767 cerebro
2520 3722 2741 3776 natam;
2803 3714 3140 3783 impossibile
3170 3717 3344 3786 siqui.

1771 3807 1897 3860 dem
1955 3820 2096 3872 esse,
2140 3806 2445 3870 erroribus,
2473 3805 2869 3860 schismatibus
2908 3816 2964 3859 et
3002 3807 3153 3862 vitiis
3180 3809 3341 3877 plena

1772 3912 1892 3953 esse
1907 3898 2114 3962 omnia,
2137 3896 2400 3966 quandiu,
2419 3911 2487 3951 ex
2506 3895 2707 3951 Christi
2729 3897 3031 3966 promissis,
3059 3898 3240 3954 futura
3262 3914 3346 3955 est

1773 3991 1827 4044 in
1872 3987 2004 4044 orbe
2039 4003 2171 4044 vera
2222 3987 2488 4050 Ecclesia,
2527 3988 2835 4056 depositor'ii
2875 3988 3023 4045 illius
3060 3992 3255 4058 divitis,
3288 4002 3340 4047 ut

1773 4096 1896 4136 cum
1928 4081 2131 4136 lrenao
2164 4079 2387 4149 loquar,
2423 4089 2630 4144 custos,
2682 4080 2735 4134 in
2775 4082 2918 4149 quod
2966 4084 3193 4152 apostoli
3237 4086 3343 4153 ple-

1774 4175 2001 4230 nissime
2048 4173 2400 4230 contulerunt
2454 4174 2659 4238 omnia,
2720 4187 2845 4243 qua
2897 4184 3025 4227 sunt
3078 4175 3345 4230 veritatis.

1775 4267 1985 4322 Tandiu
2010 4277 2195 4322 autem
2227 4264 2409 4319 futura
2450 4273 2536 4318 est
2573 4280 2634 4320 ea
2673 4264 2939 4332 Ecclesia,
2975 4266 3218 4334 quandiu
3262 4264 3351 4318 fu-

1775 4360 1885 4414 turi
1944 4368 2070 4414 sunt
2132 4357 2457 4427 presbyteri,
2500 4358 2591 4425 qui
2633 4358 3014 4409 successionem
3058 4357 3246 4410 habent
3284 4359 3349 4409 ab

1775 4451 2045 4522 apostolis,
2073 4452 2161 4521 qui
2187 4467 2307 4504 cum
2344 4450 2673 4519 episcopatus
2717 4452 3045 4505 successione
3087 4451 3353 4503 charisma

1779 4542 2015 4596 veritatis
2048 4550 2281 4605 certum,
2320 4539 2607 4594 secundum
2637 4538 2893 4607 placitum
2931 4537 3113 4591 Patris
3138 4554 3352 4605 accepe-

1786 4646 1929 4690 runt.
1960 4633 2112 4688 Tales
2132 4642 2280 4689 certe
2308 4632 2633 4701 presbyteros
2680 4633 2844 4685 nutrit
2875 4630 3113 4686 Ecclesia
3143 4632 3347 4685 Roma-

1782 4746 1869 4795 na,
1906 4729 1961 4781 in
1985 4744 2088 4796 qua
2129 4738 2219 4793 per
2248 4725 2603 4778 successiones
2644 4724 3003 4790 episcoporum
3040 4738 3245 4790 semper
3287 4723 3352 4775 ab

1777 4823 1860 4876 his
1882 4822 1971 4891 qui
2009 4829 2131 4873 sunt
2171 4816 2427 4886 undique,
2449 4824 2758 4871 conservata
2788 4823 2865 4868 est
2896 4831 2981 4878 ea,
3024 4831 3140 4882 qua
3169 4824 3247 4868 est
3288 4816 3351 4868 ab

1778 4913 2034 4983 apostolis
2080 4911 2321 4977 traditio,
2350 4925 2405 4966 et
2459 4915 2688 4977 pervenit
2733 4923 2895 4975 usque
2953 4907 3020 4959 ad
3077 4923 3170 4960 nos
3225 4922 3353 4961 vera

1781 5007 1985 5062 Christi
2004 5005 2275 5059 doctrina.
2290 5002 2449 5057 Tales
2468 5015 2599 5055 vero
2617 5000 2883 5054 exhibere
2914 5015 3020 5053 non
3042 5009 3221 5069 potest
3245 5000 3354 5053 ulla

1782 5097 2211 5155 Protestantium
2249 5095 2522 5156 societas;
2561 5092 2700 5160 apud
2735 5092 2873 5159 quos
2908 5104 3029 5146 cum
3054 5106 3160 5148 non
3186 5092 3257 5146 sit
3290 5109 3352 5147 ea

1785 5205 1908 5261 quae
1930 5199 2017 5245 est
2046 5190 2113 5243 ab
2133 5187 2395 5257 apostolis
2429 5183 2689 5239 Ecclesia:
2719 5184 3015 5248 successio,
3052 5199 3355 5252 verumque

1790 5282 2177 5346 ministerium,
2196 5279 2358 5349 quale
2383 5277 2635 5332 Christus
2661 5275 2922 5339 instituit,
2949 5276 3140 5330 deesse
3163 5276 3355 5340 etiam,

58 5380 271 5431 sin-tes
319 5375 586 5430 sectarios
631 5372 946 5443 quaesieris;
1004 5372 1146 5443 apud
1192 5387 1330 5439 quos
1386 5388 1508 5427 cum
1555 5372 1691 5427 nulli
1786 5375 1842 5429 id
1870 5375 2010 5445 quod
2053 5381 2129 5427 est
2178 5387 2367 5425 sanum
2411 5379 2461 5424 et
2517 5366 2898 5435 irreprobabile
2921 5368 3357 5430 conversationis,

66 5480 387 5529 “mm
411 5469 657 5541 episcopi
684 5467 847 5522 abiis
868 5466 1129 5533 ordinati,
1161 5467 1253 5537 qui
1283 5467 1689 5523 ordinationem

172 5604 235 5640 ⁸⁸
253 5610 381 5667 ibid.

134 5816 147 5819 ,ί
182 5750 341 5819 mv.
368 5754 410 5806 Δ
444 5752 687 5808 Treatise
706 5749 770 5818 of
791 5749 876 5803 the
906 5748 1148 5803 vocation
1194 5745 1258 5815 of
1296 5745 1523 5819 bishops,
1566 5745 1671 5799 and

287 5822 658 5879 ecclesiastical
674 5816 960 5885 ministers,
986 5821 1057 5888 by
1083 5818 1301 5888 Antony
1331 5816 1660 5888 Cbampneyi

1518 5885 1529 5900 Ὁ

38 5872 55 5887 μ
76 5818 268 5880 ἀὲ
287 5822 658 5879 ecclesiastical
674 5822 960 5885 ministers,
986 5821 1020 5874 b
1083 5818 1301 5888 Antony
1331 5818 1497 5872 Cbam
1542 5830 1660 5881 ney,

38 5894 428 5969 "‘00u3y,
460 5891 628 5951 1616.
654 5889 954 5964 A‘Treatise
987 5835 1057 5959 οἵ
1072 5889 1154 5945 the
1188 5898 1382 5945 nature
1408 5888 1464 5959 o]
1490 5831 1686 5941 gatho-

1786 5479 1835 5522 et
1868 5465 2306 5531 inadulteratum,
2345 5471 2392 5518 et
2424 5457 2820 5529 incorruptibile
2842 5459 3102 5513 sermonis
3129 5468 3357 5514 constat.

1780 5739 1883 5807 lick
1915 5738 2049 5807 faith
2079 5737 2185 5789 and
2212 5737 2423 5807 heresy,
2450 5732 2694 5807 etc.,‘by
2826 5725 3128 5807 lfl._,_1657._
3152 5726 3363 5807 {Vullity

1780 5755 1883 5881 “fit
1915 5755 2049 5807 [tum
2079 5755 2182 5815 ana
2212 5755 2423 5804 neresy,
2450 5755 2583 5796 etc.,
2626 5755 2691 5802 υ]
2728 5755 2790 5786 μ,
2826 5755 3102 5813 unguor.
3152 5755 3363 5797 uuuuy

1773 5829 1801 5866 ο
1848 5810 1937 5863 the
1966 5807 2218 5881 prelatick
2245 5802 2767 5881 clergqandChuIclt
2792 5800 2854 5871 of
2880 5799 3128 5871 England
3153 5798 3364 5867 further

1797 5870 2122 5945 discovered,
2143 5891 2276 5942 etc.,
2306 5870 2375 5945 by
2394 5870 2473 5930 Ν.
2508 5873 2600 5942 Ν.,
2627 5870 2784 5929 1659.
