  <div class='ocr_page' id='page_1' title='image "/cluster/home/n/w/nwhite01/storage/ocr_20150623/7/hvd.32044019206614/143.png"; bbox 0 0 3924 6354; ppageno 0'>
   <div class='ocr_carea' id='block_1_1' title="bbox 646 477 755 532">
    <p class='ocr_par' dir='ltr' id='par_1_1' title="bbox 646 477 755 532">
     <span class='ocr_line' id='line_1_1' title="bbox 646 477 755 532; baseline 0 0"><span class='ocrx_word' id='word_1_1' title='bbox 646 477 727 532; x_wconf 63' lang='grc' dir='ltr'><strong>ΕΠ</strong></span> <span class='ocrx_word' id='word_1_2' title='bbox 738 480 755 532; x_wconf 91' lang='lat' dir='ltr'><strong>I</strong></span> 
     </span>
    </p>
   </div>
   <div class='ocr_carea' id='block_1_2' title="bbox 1436 474 2216 535">
    <p class='ocr_par' dir='ltr' id='par_1_2' title="bbox 1436 476 2216 533">
     <span class='ocr_line' id='line_1_2' title="bbox 1436 476 2216 533; baseline 0.003 -4"><span class='ocrx_word' id='word_1_3' title='bbox 1436 476 2030 533; x_wconf 80' lang='lat' dir='ltr'><strong>DISSERTATIONES</strong></span> <span class='ocrx_word' id='word_1_4' title='bbox 2068 476 2216 531; x_wconf 49' lang='lat' dir='ltr'><strong>PR1!</strong></span> 
     </span>
    </p>
   </div>
   <div class='ocr_carea' id='block_1_3' title="bbox 2319 474 3860 535">
    <p class='ocr_par' dir='ltr' id='par_1_3' title="bbox 2319 474 3860 535">
     <span class='ocr_line' id='line_1_3' title="bbox 2319 474 3860 535; baseline 0.002 -5"><span class='ocrx_word' id='word_1_5' title='bbox 2319 476 2373 530; x_wconf 64' lang='grc' dir='ltr'><strong>με</strong></span> <span class='ocrx_word' id='word_1_6' title='bbox 2418 474 2483 528; x_wconf 68' lang='lat' dir='ltr'>IN</span> <span class='ocrx_word' id='word_1_7' title='bbox 2524 474 2788 531; x_wconf 74' lang='grc' dir='ltr'><strong>ΙΒΕΝΑΞΙ</strong></span> <span class='ocrx_word' id='word_1_8' title='bbox 2825 476 3096 535; x_wconf 78' lang='lat' dir='ltr'><strong>LIBROS.</strong></span> <span class='ocrx_word' id='word_1_9' title='bbox 3780 479 3860 533; x_wconf 66' lang='lat'><strong>275</strong></span> 
     </span>
    </p>
   </div>
   <div class='ocr_carea' id='block_1_4' title="bbox 722 593 3860 666">
    <p class='ocr_par' dir='ltr' id='par_1_4' title="bbox 722 593 3860 666">
     <span class='ocr_line' id='line_1_4' title="bbox 722 593 3860 666; baseline 0 -13"><span class='ocrx_word' id='word_1_10' title='bbox 722 598 815 653; x_wconf 73' lang='grc'><strong>25.</strong></span> <span class='ocrx_word' id='word_1_11' title='bbox 844 596 1103 665; x_wconf 88' lang='lat' dir='ltr'><strong>Sequitur</strong></span> <span class='ocrx_word' id='word_1_12' title='bbox 1126 596 1361 666; x_wconf 91' lang='lat' dir='ltr'><strong>denique</strong></span> <span class='ocrx_word' id='word_1_13' title='bbox 1392 610 1460 651; x_wconf 76' lang='lat' dir='ltr'><strong>ex</strong></span> <span class='ocrx_word' id='word_1_14' title='bbox 1509 597 1773 651; x_wconf 75' lang='lat' dir='ltr'><strong>hactenus</strong></span> <span class='ocrx_word' id='word_1_15' title='bbox 1803 596 2076 666; x_wconf 79' lang='lat' dir='ltr'><strong>explicata</strong></span> <span class='ocrx_word' id='word_1_16' title='bbox 2118 597 2228 651; x_wconf 89' lang='lat' dir='ltr'><strong>Ire-</strong></span> <span class='ocrx_word' id='word_1_17' title='bbox 2260 601 2301 656; x_wconf 81' lang='grc' dir='ltr'><strong>Α</strong></span> <span class='ocrx_word' id='word_1_18' title='bbox 2335 604 2392 649; x_wconf 91' lang='lat' dir='ltr'><strong>et</strong></span> <span class='ocrx_word' id='word_1_19' title='bbox 2456 595 2738 661; x_wconf 79' lang='lat' dir='ltr'><strong>catalogus</strong></span> <span class='ocrx_word' id='word_1_20' title='bbox 2781 595 2831 645; x_wconf 92' lang='lat' dir='ltr'><strong>in</strong></span> <span class='ocrx_word' id='word_1_21' title='bbox 2885 608 3211 663; x_wconf 84' lang='lat' dir='ltr'><strong>unaquaque</strong></span> <span class='ocrx_word' id='word_1_22' title='bbox 3265 593 3502 650; x_wconf 75' lang='lat' dir='ltr'><strong>Ecclesia</strong></span> <span class='ocrx_word' id='word_1_23' title='bbox 3544 600 3860 653; x_wconf 62' lang='lat' dir='ltr'><strong>servaretur?</strong></span> 
     </span>
    </p>
   </div>
   <div class='ocr_carea' id='block_1_5' title="bbox 622 688 2225 757">
    <p class='ocr_par' dir='ltr' id='par_1_5' title="bbox 622 688 2225 757">
     <span class='ocr_line' id='line_1_5' title="bbox 622 688 2225 757; baseline -0.004 -12"><span class='ocrx_word' id='word_1_24' title='bbox 622 692 757 745; x_wconf 42' lang='lat' dir='ltr'><strong>snai</strong></span> <span class='ocrx_word' id='word_1_25' title='bbox 808 689 1087 752; x_wconf 93' lang='lat' dir='ltr'><strong>doctrina,</strong></span> <span class='ocrx_word' id='word_1_26' title='bbox 1127 688 1527 757; x_wconf 89' lang='lat' dir='ltr'><strong>descriptisqne</strong></span> <span class='ocrx_word' id='word_1_27' title='bbox 1589 688 1828 755; x_wconf 84' lang='lat' dir='ltr'><strong>ejusdem</strong></span> <span class='ocrx_word' id='word_1_28' title='bbox 1879 688 2225 753; x_wconf 85' lang='lat' dir='ltr'><strong>testimoniis,</strong></span> 
     </span>
    </p>
   </div>
   <div class='ocr_carea' id='block_1_6' title="bbox 656 779 2229 851">
    <p class='ocr_par' dir='ltr' id='par_1_6' title="bbox 656 779 2229 851">
     <span class='ocr_line' id='line_1_6' title="bbox 656 779 2229 851; baseline -0.004 -14"><span class='ocrx_word' id='word_1_29' title='bbox 656 782 929 851; x_wconf 80' lang='lat' dir='ltr'><strong>apostolos</strong></span> <span class='ocrx_word' id='word_1_30' title='bbox 953 780 1004 834; x_wconf 92' lang='lat' dir='ltr'><strong>in</strong></span> <span class='ocrx_word' id='word_1_31' title='bbox 1034 782 1123 847; x_wconf 88' lang='lat' dir='ltr'><strong>iis,</strong></span> <span class='ocrx_word' id='word_1_32' title='bbox 1152 796 1285 849; x_wconf 92' lang='lat' dir='ltr'><strong>quas</strong></span> <span class='ocrx_word' id='word_1_33' title='bbox 1318 780 1699 845; x_wconf 85' lang='lat' dir='ltr'><strong>fundaverunt,</strong></span> <span class='ocrx_word' id='word_1_34' title='bbox 1729 779 2011 843; x_wconf 89' lang='lat' dir='ltr'><strong>Ecclesiis,</strong></span> <span class='ocrx_word' id='word_1_35' title='bbox 2042 779 2229 846; x_wconf 77' lang='lat' dir='ltr'><strong>singu-</strong></span> 
     </span>
    </p>
   </div>
   <div class='ocr_carea' id='block_1_7' title="bbox 654 871 2229 944">
    <p class='ocr_par' dir='ltr' id='par_1_7' title="bbox 654 871 2229 944">
     <span class='ocr_line' id='line_1_7' title="bbox 654 871 2229 944; baseline -0.003 -14"><span class='ocrx_word' id='word_1_36' title='bbox 654 875 766 941; x_wconf 90' lang='lat' dir='ltr'><strong>los,</strong></span> <span class='ocrx_word' id='word_1_37' title='bbox 813 875 907 944; x_wconf 91' lang='lat' dir='ltr'><strong>qui</strong></span> <span class='ocrx_word' id='word_1_38' title='bbox 962 874 1029 928; x_wconf 90' lang='lat' dir='ltr'><strong>iis</strong></span> <span class='ocrx_word' id='word_1_39' title='bbox 1073 882 1395 943; x_wconf 86' lang='lat' dir='ltr'><strong>praesscnt,</strong></span> <span class='ocrx_word' id='word_1_40' title='bbox 1457 871 1744 941; x_wconf 88' lang='lat' dir='ltr'><strong>episcopos</strong></span> <span class='ocrx_word' id='word_1_41' title='bbox 1805 871 2107 926; x_wconf 89' lang='lat' dir='ltr'><strong>instituisse</strong></span> <span class='ocrx_word' id='word_1_42' title='bbox 2164 885 2229 925; x_wconf 91' lang='lat' dir='ltr'><strong>ac</strong></span> 
     </span>
    </p>
   </div>
   <div class='ocr_carea' id='block_1_8' title="bbox 653 962 2227 1035">
    <p class='ocr_par' dir='ltr' id='par_1_8' title="bbox 653 962 2227 1035">
     <span class='ocr_line' id='line_1_8' title="bbox 653 962 2227 1035; baseline -0.003 -12"><span class='ocrx_word' id='word_1_43' title='bbox 653 981 1008 1023; x_wconf 85' lang='lat' dir='ltr'><strong>successores</strong></span> <span class='ocrx_word' id='word_1_44' title='bbox 1033 982 1195 1030; x_wconf 85' lang='lat' dir='ltr'><strong>suos;</strong></span> <span class='ocrx_word' id='word_1_45' title='bbox 1241 964 1582 1035; x_wconf 79' lang='lat' dir='ltr'><strong>presbyteris</strong></span> <span class='ocrx_word' id='word_1_46' title='bbox 1614 963 1840 1033; x_wconf 86' lang='lat' dir='ltr'><strong>proinde</strong></span> <span class='ocrx_word' id='word_1_47' title='bbox 1891 962 2014 1033; x_wconf 89' lang='lat' dir='ltr'><strong>jure</strong></span> <span class='ocrx_word' id='word_1_48' title='bbox 2046 962 2227 1019; x_wconf 90' lang='lat' dir='ltr'><strong>divino</strong></span> 
     </span>
    </p>
   </div>
   <div class='ocr_carea' id='block_1_9' title="bbox 652 1052 2227 1129">
    <p class='ocr_par' dir='ltr' id='par_1_9' title="bbox 652 1052 2227 1129">
     <span class='ocr_line' id='line_1_9' title="bbox 652 1052 2227 1129; baseline -0.005 -16"><span class='ocrx_word' id='word_1_49' title='bbox 652 1075 716 1114; x_wconf 90' lang='lat' dir='ltr'><strong>ac</strong></span> <span class='ocrx_word' id='word_1_50' title='bbox 748 1076 814 1115; x_wconf 79' lang='lat' dir='ltr'><strong>ex</strong></span> <span class='ocrx_word' id='word_1_51' title='bbox 857 1060 970 1129; x_wconf 91' lang='lat' dir='ltr'><strong>ipsa</strong></span> <span class='ocrx_word' id='word_1_52' title='bbox 1001 1056 1206 1112; x_wconf 88' lang='lat' dir='ltr'><strong>Christi</strong></span> <span class='ocrx_word' id='word_1_53' title='bbox 1242 1055 1581 1111; x_wconf 88' lang='lat' dir='ltr'><strong>institutione</strong></span> <span class='ocrx_word' id='word_1_54' title='bbox 1607 1054 1914 1123; x_wconf 82' lang='lat' dir='ltr'><strong>superiores</strong></span> <span class='ocrx_word' id='word_1_55' title='bbox 1951 1054 2015 1107; x_wconf 82' lang='grc'><strong>⁵⁷.</strong></span> <span class='ocrx_word' id='word_1_56' title='bbox 2050 1052 2227 1106; x_wconf 80' lang='lat' dir='ltr'><strong>Habe-</strong></span> 
     </span>
    </p>
   </div>
   <div class='ocr_carea' id='block_1_10' title="bbox 652 1146 2226 1219">
    <p class='ocr_par' dir='ltr' id='par_1_10' title="bbox 652 1146 2226 1219">
     <span class='ocr_line' id='line_1_10' title="bbox 652 1146 2226 1219; baseline -0.005 -13"><span class='ocrx_word' id='word_1_57' title='bbox 652 1169 793 1217; x_wconf 96' lang='lat' dir='ltr'><strong>mus,</strong></span> <span class='ocrx_word' id='word_1_58' title='bbox 834 1152 1033 1219; x_wconf 87' lang='lat' dir='ltr'><strong>inquit,</strong></span> <span class='ocrx_word' id='word_1_59' title='bbox 1067 1163 1417 1202; x_wconf 88' lang='lat' dir='ltr'><strong>annumerare</strong></span> <span class='ocrx_word' id='word_1_60' title='bbox 1444 1162 1554 1211; x_wconf 86' lang='lat' dir='ltr'><strong>eos,</strong></span> <span class='ocrx_word' id='word_1_61' title='bbox 1600 1148 1691 1214; x_wconf 84' lang='lat' dir='ltr'><strong>qui</strong></span> <span class='ocrx_word' id='word_1_62' title='bbox 1746 1146 1811 1200; x_wconf 91' lang='lat' dir='ltr'><strong>ab</strong></span> <span class='ocrx_word' id='word_1_63' title='bbox 1844 1146 2096 1214; x_wconf 88' lang='lat' dir='ltr'><strong>apostolis</strong></span> <span class='ocrx_word' id='word_1_64' title='bbox 2142 1147 2226 1199; x_wconf 90' lang='lat' dir='ltr'><strong>in-</strong></span> 
     </span>
    </p>
   </div>
   <div class='ocr_carea' id='block_1_11' title="bbox 649 1238 2224 1311">
    <p class='ocr_par' dir='ltr' id='par_1_11' title="bbox 649 1238 2224 1311">
     <span class='ocr_line' id='line_1_11' title="bbox 649 1238 2224 1311; baseline -0.006 -11"><span class='ocrx_word' id='word_1_65' title='bbox 649 1245 822 1300; x_wconf 81' lang='lat' dir='ltr'><strong>stituti</strong></span> <span class='ocrx_word' id='word_1_66' title='bbox 870 1253 996 1297; x_wconf 89' lang='lat' dir='ltr'><strong>sunt</strong></span> <span class='ocrx_word' id='word_1_67' title='bbox 1031 1240 1259 1311; x_wconf 86' lang='lat' dir='ltr'><strong>episcopi</strong></span> <span class='ocrx_word' id='word_1_68' title='bbox 1294 1250 1343 1294; x_wconf 89' lang='lat' dir='ltr'><strong>et</strong></span> <span class='ocrx_word' id='word_1_69' title='bbox 1370 1256 1697 1294; x_wconf 76' lang='lat' dir='ltr'><strong>successores</strong></span> <span class='ocrx_word' id='word_1_70' title='bbox 1748 1254 1928 1293; x_wconf 87' lang='lat' dir='ltr'><strong>eorum</strong></span> <span class='ocrx_word' id='word_1_71' title='bbox 1970 1254 2131 1308; x_wconf 88' lang='lat' dir='ltr'><strong>usque</strong></span> <span class='ocrx_word' id='word_1_72' title='bbox 2156 1238 2224 1291; x_wconf 87' lang='lat' dir='ltr'><strong>ad</strong></span> 
     </span>
    </p>
   </div>
   <div class='ocr_carea' id='block_1_12' title="bbox 649 1328 2221 1402">
    <p class='ocr_par' dir='ltr' id='par_1_12' title="bbox 649 1328 2221 1402">
     <span class='ocr_line' id='line_1_12' title="bbox 649 1328 2221 1402; baseline -0.006 -12"><span class='ocrx_word' id='word_1_73' title='bbox 649 1353 762 1392; x_wconf 86' lang='lat' dir='ltr'><strong>nos.</strong></span> <span class='ocrx_word' id='word_1_74' title='bbox 806 1333 1009 1389; x_wconf 82' lang='lat' dir='ltr'><strong>Harum</strong></span> <span class='ocrx_word' id='word_1_75' title='bbox 1046 1331 1275 1402; x_wconf 87' lang='lat' dir='ltr'><strong>proinde</strong></span> <span class='ocrx_word' id='word_1_76' title='bbox 1333 1331 1741 1386; x_wconf 90' lang='lat' dir='ltr'><strong>successionum</strong></span> <span class='ocrx_word' id='word_1_77' title='bbox 1793 1328 2221 1398; x_wconf 88' lang='lat' dir='ltr'><strong>episcoporum,</strong></span> 
     </span>
    </p>
   </div>
   <div class='ocr_carea' id='block_1_13' title="bbox 644 1420 2223 1496">
    <p class='ocr_par' dir='ltr' id='par_1_13' title="bbox 644 1420 2223 1496">
     <span class='ocr_line' id='line_1_13' title="bbox 644 1420 2223 1496; baseline -0.006 -15"><span class='ocrx_word' id='word_1_78' title='bbox 644 1426 808 1481; x_wconf 88' lang='lat' dir='ltr'><strong>unius</strong></span> <span class='ocrx_word' id='word_1_79' title='bbox 839 1434 960 1496; x_wconf 92' lang='lat' dir='ltr'><strong>post</strong></span> <span class='ocrx_word' id='word_1_80' title='bbox 988 1424 1245 1487; x_wconf 88' lang='lat' dir='ltr'><strong>alterum,</strong></span> <span class='ocrx_word' id='word_1_81' title='bbox 1280 1422 1586 1491; x_wconf 87' lang='lat' dir='ltr'><strong>catalogus,</strong></span> <span class='ocrx_word' id='word_1_82' title='bbox 1608 1420 1789 1475; x_wconf 89' lang='lat' dir='ltr'><strong>Irenai</strong></span> <span class='ocrx_word' id='word_1_83' title='bbox 1814 1428 2000 1483; x_wconf 92' lang='lat' dir='ltr'><strong>atate,</strong></span> <span class='ocrx_word' id='word_1_84' title='bbox 2035 1427 2223 1473; x_wconf 76' lang='lat' dir='ltr'><strong>exsta-</strong></span> 
     </span>
    </p>
   </div>
   <div class='ocr_carea' id='block_1_14' title="bbox 646 1511 2223 1583">
    <p class='ocr_par' dir='ltr' id='par_1_14' title="bbox 646 1511 2223 1583">
     <span class='ocr_line' id='line_1_14' title="bbox 646 1511 2223 1583; baseline -0.006 -9"><span class='ocrx_word' id='word_1_85' title='bbox 646 1520 742 1575; x_wconf 87' lang='lat' dir='ltr'><strong>bat</strong></span> <span class='ocrx_word' id='word_1_86' title='bbox 784 1520 838 1574; x_wconf 91' lang='lat' dir='ltr'><strong>in</strong></span> <span class='ocrx_word' id='word_1_87' title='bbox 884 1518 1121 1573; x_wconf 88' lang='lat' dir='ltr'><strong>archivis</strong></span> <span class='ocrx_word' id='word_1_88' title='bbox 1170 1518 1414 1570; x_wconf 90' lang='lat' dir='ltr'><strong>omnium</strong></span> <span class='ocrx_word' id='word_1_89' title='bbox 1474 1513 1869 1570; x_wconf 87' lang='lat' dir='ltr'><strong>Ecclesiarum.</strong></span> <span class='ocrx_word' id='word_1_90' title='bbox 1936 1511 2042 1568; x_wconf 88' lang='lat' dir='ltr'><strong>Sed</strong></span> <span class='ocrx_word' id='word_1_91' title='bbox 2095 1512 2223 1583; x_wconf 88' lang='lat' dir='ltr'><strong>quia</strong></span> 
     </span>
    </p>
   </div>
   <div class='ocr_carea' id='block_1_15' title="bbox 642 1606 2223 1684">
    <p class='ocr_par' dir='ltr' id='par_1_15' title="bbox 642 1606 2223 1684">
     <span class='ocr_line' id='line_1_15' title="bbox 642 1606 2223 1684; baseline -0.004 -18"><span class='ocrx_word' id='word_1_92' title='bbox 642 1610 862 1684; x_wconf 79' lang='lat' dir='ltr'><strong>longius</strong></span> <span class='ocrx_word' id='word_1_93' title='bbox 897 1611 1112 1674; x_wconf 76' lang='lat' dir='ltr'><strong>fuisset,</strong></span> <span class='ocrx_word' id='word_1_94' title='bbox 1139 1620 1199 1665; x_wconf 90' lang='lat' dir='ltr'><strong>ut</strong></span> <span class='ocrx_word' id='word_1_95' title='bbox 1234 1612 1349 1680; x_wconf 90' lang='lat' dir='ltr'><strong>ipse</strong></span> <span class='ocrx_word' id='word_1_96' title='bbox 1380 1609 1534 1672; x_wconf 86' lang='lat' dir='ltr'><strong>dicit,</strong></span> <span class='ocrx_word' id='word_1_97' title='bbox 1564 1622 1659 1662; x_wconf 89' lang='lat' dir='ltr'><strong>eas</strong></span> <span class='ocrx_word' id='word_1_98' title='bbox 1694 1622 1885 1662; x_wconf 90' lang='lat' dir='ltr'><strong>omnes</strong></span> <span class='ocrx_word' id='word_1_99' title='bbox 1915 1606 2223 1661; x_wconf 87' lang='lat' dir='ltr'><strong>successio-</strong></span> 
     </span>
    </p>
   </div>
   <div class='ocr_carea' id='block_1_16' title="bbox 643 1698 2223 1768">
    <p class='ocr_par' dir='ltr' id='par_1_16' title="bbox 643 1698 2223 1768">
     <span class='ocr_line' id='line_1_16' title="bbox 643 1698 2223 1768; baseline -0.005 -9"><span class='ocrx_word' id='word_1_100' title='bbox 643 1720 744 1761; x_wconf 87' lang='lat' dir='ltr'><strong>nes</strong></span> <span class='ocrx_word' id='word_1_101' title='bbox 802 1718 1111 1767; x_wconf 85' lang='lat' dir='ltr'><strong>recensere,</strong></span> <span class='ocrx_word' id='word_1_102' title='bbox 1176 1701 1389 1756; x_wconf 89' lang='lat' dir='ltr'><strong>illarum</strong></span> <span class='ocrx_word' id='word_1_103' title='bbox 1450 1702 1727 1768; x_wconf 88' lang='lat' dir='ltr'><strong>specimen</strong></span> <span class='ocrx_word' id='word_1_104' title='bbox 1785 1700 1838 1754; x_wconf 90' lang='lat' dir='ltr'><strong>in</strong></span> <span class='ocrx_word' id='word_1_105' title='bbox 1868 1714 1972 1754; x_wconf 92' lang='lat' dir='ltr'><strong>una</strong></span> <span class='ocrx_word' id='word_1_106' title='bbox 2016 1698 2223 1768; x_wconf 80' lang='lat' dir='ltr'><strong>prabet</strong></span> 
     </span>
    </p>
   </div>
   <div class='ocr_carea' id='block_1_17' title="bbox 642 1791 2222 1864">
    <p class='ocr_par' dir='ltr' id='par_1_17' title="bbox 642 1791 2222 1864">
     <span class='ocr_line' id='line_1_17' title="bbox 642 1791 2222 1864; baseline -0.008 -11"><span class='ocrx_word' id='word_1_107' title='bbox 642 1797 892 1853; x_wconf 81' lang='lat' dir='ltr'><strong>Romana</strong></span> <span class='ocrx_word' id='word_1_108' title='bbox 921 1795 1185 1859; x_wconf 88' lang='lat' dir='ltr'><strong>Ecclesia,</strong></span> <span class='ocrx_word' id='word_1_109' title='bbox 1209 1808 1329 1864; x_wconf 86' lang='lat' dir='ltr'><strong>qua</strong></span> <span class='ocrx_word' id='word_1_110' title='bbox 1348 1794 1559 1849; x_wconf 84' lang='lat' dir='ltr'><strong>caeteris</strong></span> <span class='ocrx_word' id='word_1_111' title='bbox 1590 1792 1901 1856; x_wconf 90' lang='lat' dir='ltr'><strong>antecellit;</strong></span> <span class='ocrx_word' id='word_1_112' title='bbox 1928 1791 2050 1845; x_wconf 91' lang='lat' dir='ltr'><strong>aliis</strong></span> <span class='ocrx_word' id='word_1_113' title='bbox 2072 1807 2222 1845; x_wconf 83' lang='lat' dir='ltr'><strong>sum-</strong></span> 
     </span>
    </p>
   </div>
   <div class='ocr_carea' id='block_1_18' title="bbox 641 1883 2219 1953">
    <p class='ocr_par' dir='ltr' id='par_1_18' title="bbox 641 1883 2219 1953">
     <span class='ocr_line' id='line_1_18' title="bbox 641 1883 2219 1953; baseline -0.005 -9"><span class='ocrx_word' id='word_1_114' title='bbox 641 1890 834 1945; x_wconf 87' lang='lat' dir='ltr'><strong>matim</strong></span> <span class='ocrx_word' id='word_1_115' title='bbox 878 1896 1085 1942; x_wconf 89' lang='lat' dir='ltr'><strong>tantum</strong></span> <span class='ocrx_word' id='word_1_116' title='bbox 1120 1887 1439 1941; x_wconf 82' lang='lat' dir='ltr'><strong>memoratis</strong></span> <span class='ocrx_word' id='word_1_117' title='bbox 1473 1884 1824 1940; x_wconf 87' lang='lat' dir='ltr'><strong>:Fundantes</strong></span> <span class='ocrx_word' id='word_1_118' title='bbox 1848 1884 2031 1953; x_wconf 89' lang='lat' dir='ltr'><strong>igitur,</strong></span> <span class='ocrx_word' id='word_1_119' title='bbox 2066 1883 2219 1946; x_wconf 73' lang='lat' dir='ltr'><strong>ait“,</strong></span> 
     </span>
    </p>
   </div>
   <div class='ocr_carea' id='block_1_19' title="bbox 640 1952 2297 2046">
    <p class='ocr_par' dir='ltr' id='par_1_19' title="bbox 640 1952 2297 2046">
     <span class='ocr_line' id='line_1_19' title="bbox 640 1952 2297 2046; baseline -0.007 -9"><span class='ocrx_word' id='word_1_120' title='bbox 640 1991 688 2037; x_wconf 83' lang='lat' dir='ltr'><strong>et</strong></span> <span class='ocrx_word' id='word_1_121' title='bbox 717 1982 1033 2036; x_wconf 82' lang='lat' dir='ltr'><strong>instruentes</strong></span> <span class='ocrx_word' id='word_1_122' title='bbox 1079 1980 1215 2033; x_wconf 81' lang='lat' dir='ltr'><strong>beati</strong></span> <span class='ocrx_word' id='word_1_123' title='bbox 1245 1978 1468 2046; x_wconf 82' lang='lat' dir='ltr'><strong>apostoli</strong></span> <span class='ocrx_word' id='word_1_124' title='bbox 1500 1978 1691 2032; x_wconf 82' lang='lat' dir='ltr'><strong>Petrus</strong></span> <span class='ocrx_word' id='word_1_125' title='bbox 1715 1986 1769 2030; x_wconf 91' lang='lat' dir='ltr'><strong>et</strong></span> <span class='ocrx_word' id='word_1_126' title='bbox 1800 1952 1999 2029; x_wconf 86' lang='lat' dir='ltr'><strong>Paulus</strong></span> <span class='ocrx_word' id='word_1_127' title='bbox 2042 1972 2221 2027; x_wconf 86' lang='lat' dir='ltr'><strong>Eccle-</strong></span> <span class='ocrx_word' id='word_1_128' title='bbox 2252 1952 2297 2012; x_wconf 72' lang='grc' dir='ltr'><strong>Β</strong></span> 
     </span>
    </p>
   </div>
   <div class='ocr_carea' id='block_1_20' title="bbox 640 2064 2220 2137">
    <p class='ocr_par' dir='ltr' id='par_1_20' title="bbox 640 2064 2220 2137">
     <span class='ocr_line' id='line_1_20' title="bbox 640 2064 2220 2137; baseline -0.005 -10"><span class='ocrx_word' id='word_1_129' title='bbox 640 2073 776 2127; x_wconf 85' lang='lat' dir='ltr'><strong>siam</strong></span> <span class='ocrx_word' id='word_1_130' title='bbox 821 2070 1147 2137; x_wconf 82' lang='lat' dir='ltr'><strong>Romanam,</strong></span> <span class='ocrx_word' id='word_1_131' title='bbox 1206 2067 1339 2123; x_wconf 88' lang='lat' dir='ltr'><strong>Lino</strong></span> <span class='ocrx_word' id='word_1_132' title='bbox 1388 2068 1743 2137; x_wconf 82' lang='lat' dir='ltr'><strong>episcopatum</strong></span> <span class='ocrx_word' id='word_1_133' title='bbox 1790 2064 2220 2119; x_wconf 65' lang='lat' dir='ltr'><strong>administrandae</strong></span> 
     </span>
    </p>
   </div>
   <div class='ocr_carea' id='block_1_21' title="bbox 640 2159 2217 2224">
    <p class='ocr_par' dir='ltr' id='par_1_21' title="bbox 640 2159 2217 2224">
     <span class='ocr_line' id='line_1_21' title="bbox 640 2159 2217 2224; baseline -0.005 -3"><span class='ocrx_word' id='word_1_134' title='bbox 640 2166 895 2222; x_wconf 74' lang='lat' dir='ltr'><strong>Ecclesia:</strong></span> <span class='ocrx_word' id='word_1_135' title='bbox 932 2167 1286 2222; x_wconf 89' lang='lat' dir='ltr'><strong>tradiderunt.</strong></span> <span class='ocrx_word' id='word_1_136' title='bbox 1320 2161 1566 2218; x_wconf 81' lang='lat' dir='ltr'><strong>Succedit</strong></span> <span class='ocrx_word' id='word_1_137' title='bbox 1615 2169 1790 2214; x_wconf 91' lang='lat' dir='ltr'><strong>autem</strong></span> <span class='ocrx_word' id='word_1_138' title='bbox 1820 2161 1866 2214; x_wconf 89' lang='lat' dir='ltr'><strong>ei</strong></span> <span class='ocrx_word' id='word_1_139' title='bbox 1905 2159 2217 2224; x_wconf 81' lang='lat' dir='ltr'><strong>Anacletus;</strong></span> 
     </span>
    </p>
   </div>
   <div class='ocr_carea' id='block_1_22' title="bbox 637 2252 2221 2330">
    <p class='ocr_par' dir='ltr' id='par_1_22' title="bbox 637 2252 2221 2330">
     <span class='ocr_line' id='line_1_22' title="bbox 637 2252 2221 2330; baseline -0.006 -17"><span class='ocrx_word' id='word_1_140' title='bbox 637 2269 751 2330; x_wconf 90' lang='lat' dir='ltr'><strong>post</strong></span> <span class='ocrx_word' id='word_1_141' title='bbox 784 2274 903 2313; x_wconf 90' lang='lat' dir='ltr'><strong>eum</strong></span> <span class='ocrx_word' id='word_1_142' title='bbox 953 2257 1106 2312; x_wconf 89' lang='lat' dir='ltr'><strong>tertio</strong></span> <span class='ocrx_word' id='word_1_143' title='bbox 1141 2256 1256 2310; x_wconf 91' lang='lat' dir='ltr'><strong>loco</strong></span> <span class='ocrx_word' id='word_1_144' title='bbox 1285 2255 1349 2308; x_wconf 92' lang='lat' dir='ltr'><strong>ab</strong></span> <span class='ocrx_word' id='word_1_145' title='bbox 1382 2252 1638 2322; x_wconf 80' lang='lat' dir='ltr'><strong>apostolis</strong></span> <span class='ocrx_word' id='word_1_146' title='bbox 1669 2252 2022 2320; x_wconf 83' lang='lat' dir='ltr'><strong>episcopatum</strong></span> <span class='ocrx_word' id='word_1_147' title='bbox 2060 2252 2221 2304; x_wconf 89' lang='lat' dir='ltr'><strong>sorti-</strong></span> 
     </span>
    </p>
   </div>
   <div class='ocr_carea' id='block_1_23' title="bbox 643 2343 2218 2415">
    <p class='ocr_par' dir='ltr' id='par_1_23' title="bbox 643 2343 2218 2415">
     <span class='ocr_line' id='line_1_23' title="bbox 643 2343 2218 2415; baseline -0.004 -11"><span class='ocrx_word' id='word_1_148' title='bbox 643 2362 733 2405; x_wconf 87' lang='lat' dir='ltr'><strong>tur</strong></span> <span class='ocrx_word' id='word_1_149' title='bbox 762 2351 1023 2406; x_wconf 85' lang='lat' dir='ltr'><strong>Clemens.</strong></span> <span class='ocrx_word' id='word_1_150' title='bbox 1066 2348 1307 2403; x_wconf 83' lang='lat' dir='ltr'><strong>Cateros</strong></span> <span class='ocrx_word' id='word_1_151' title='bbox 1342 2347 1603 2415; x_wconf 84' lang='lat' dir='ltr'><strong>deinceps</strong></span> <span class='ocrx_word' id='word_1_152' title='bbox 1625 2354 1913 2399; x_wconf 89' lang='lat' dir='ltr'><strong>enumerat</strong></span> <span class='ocrx_word' id='word_1_153' title='bbox 1945 2358 2114 2412; x_wconf 89' lang='lat' dir='ltr'><strong>usque</strong></span> <span class='ocrx_word' id='word_1_154' title='bbox 2151 2343 2218 2397; x_wconf 87' lang='lat' dir='ltr'><strong>ad</strong></span> 
     </span>
    </p>
   </div>
   <div class='ocr_carea' id='block_1_24' title="bbox 645 2436 2220 2510">
    <p class='ocr_par' dir='ltr' id='par_1_24' title="bbox 645 2436 2220 2510">
     <span class='ocr_line' id='line_1_24' title="bbox 645 2436 2220 2510; baseline -0.006 -12"><span class='ocrx_word' id='word_1_155' title='bbox 645 2440 1148 2510; x_wconf 82' lang='lat' dir='ltr'><strong>Eleutherum,qui,</strong></span> <span class='ocrx_word' id='word_1_156' title='bbox 1178 2440 1273 2505; x_wconf 89' lang='lat' dir='ltr'><strong>ait,</strong></span> <span class='ocrx_word' id='word_1_157' title='bbox 1306 2454 1447 2492; x_wconf 89' lang='lat' dir='ltr'><strong>nunc</strong></span> <span class='ocrx_word' id='word_1_158' title='bbox 1470 2436 1784 2491; x_wconf 86' lang='lat' dir='ltr'><strong>duodecimo</strong></span> <span class='ocrx_word' id='word_1_159' title='bbox 1808 2436 1923 2488; x_wconf 89' lang='lat' dir='ltr'><strong>loco</strong></span> <span class='ocrx_word' id='word_1_160' title='bbox 1950 2438 2220 2503; x_wconf 85' lang='lat' dir='ltr'><strong>episcopa-</strong></span> 
     </span>
    </p>
   </div>
   <div class='ocr_carea' id='block_1_25' title="bbox 639 2527 2214 2603">
    <p class='ocr_par' dir='ltr' id='par_1_25' title="bbox 639 2527 2214 2603">
     <span class='ocr_line' id='line_1_25' title="bbox 639 2527 2214 2603; baseline -0.007 -11"><span class='ocrx_word' id='word_1_161' title='bbox 639 2546 754 2593; x_wconf 85' lang='lat' dir='ltr'><strong>tum</strong></span> <span class='ocrx_word' id='word_1_162' title='bbox 781 2536 846 2589; x_wconf 90' lang='lat' dir='ltr'><strong>ab</strong></span> <span class='ocrx_word' id='word_1_163' title='bbox 877 2534 1130 2603; x_wconf 85' lang='lat' dir='ltr'><strong>apostolis</strong></span> <span class='ocrx_word' id='word_1_164' title='bbox 1160 2533 1333 2589; x_wconf 85' lang='lat' dir='ltr'><strong>habet.</strong></span> <span class='ocrx_word' id='word_1_165' title='bbox 1359 2530 1622 2586; x_wconf 78' lang='lat' dir='ltr'><strong>Romana</strong></span> <span class='ocrx_word' id='word_1_166' title='bbox 1653 2528 1819 2598; x_wconf 82' lang='lat' dir='ltr'><strong>igitur</strong></span> <span class='ocrx_word' id='word_1_167' title='bbox 1843 2527 2122 2592; x_wconf 89' lang='lat' dir='ltr'><strong>Ecclesia,</strong></span> <span class='ocrx_word' id='word_1_168' title='bbox 2150 2541 2214 2581; x_wconf 82' lang='lat' dir='ltr'><strong>ex</strong></span> 
     </span>
    </p>
   </div>
   <div class='ocr_carea' id='block_1_26' title="bbox 639 2616 2216 2699">
    <p class='ocr_par' dir='ltr' id='par_1_26' title="bbox 639 2616 2216 2699">
     <span class='ocr_line' id='line_1_26' title="bbox 639 2616 2216 2699; baseline -0.011 -15"><span class='ocrx_word' id='word_1_169' title='bbox 639 2626 939 2699; x_wconf 86' lang='lat' dir='ltr'><strong>apostolica</strong></span> <span class='ocrx_word' id='word_1_170' title='bbox 970 2624 1337 2689; x_wconf 87' lang='lat' dir='ltr'><strong>institutione,</strong></span> <span class='ocrx_word' id='word_1_171' title='bbox 1362 2620 1704 2690; x_wconf 83' lang='lat' dir='ltr'><strong>praefuerunt</strong></span> <span class='ocrx_word' id='word_1_172' title='bbox 1733 2616 1929 2687; x_wconf 82' lang='lat' dir='ltr'><strong>singuli</strong></span> <span class='ocrx_word' id='word_1_173' title='bbox 1966 2616 2216 2671; x_wconf 84' lang='lat' dir='ltr'><strong>modera-</strong></span> 
     </span>
    </p>
   </div>
   <div class='ocr_carea' id='block_1_27' title="bbox 642 2709 2217 2789">
    <p class='ocr_par' dir='ltr' id='par_1_27' title="bbox 642 2709 2217 2789">
     <span class='ocr_line' id='line_1_27' title="bbox 642 2709 2217 2789; baseline -0.008 -13"><span class='ocrx_word' id='word_1_174' title='bbox 642 2731 795 2776; x_wconf 85' lang='lat' dir='ltr'><strong>tores</strong></span> <span class='ocrx_word' id='word_1_175' title='bbox 818 2728 873 2774; x_wconf 91' lang='lat' dir='ltr'><strong>et</strong></span> <span class='ocrx_word' id='word_1_176' title='bbox 904 2726 1177 2789; x_wconf 85' lang='lat' dir='ltr'><strong>pastores,</strong></span> <span class='ocrx_word' id='word_1_177' title='bbox 1205 2714 1443 2785; x_wconf 91' lang='lat' dir='ltr'><strong>episcopi</strong></span> <span class='ocrx_word' id='word_1_178' title='bbox 1490 2711 1714 2767; x_wconf 88' lang='lat' dir='ltr'><strong>nomine</strong></span> <span class='ocrx_word' id='word_1_179' title='bbox 1745 2725 1810 2765; x_wconf 91' lang='lat' dir='ltr'><strong>ac</strong></span> <span class='ocrx_word' id='word_1_180' title='bbox 1843 2709 2015 2763; x_wconf 91' lang='lat' dir='ltr'><strong>titnlo.</strong></span> <span class='ocrx_word' id='word_1_181' title='bbox 2064 2709 2217 2774; x_wconf 86' lang='lat' dir='ltr'><strong>Quod</strong></span> 
     </span>
    </p>
   </div>
   <div class='ocr_carea' id='block_1_28' title="bbox 639 2802 2213 2879">
    <p class='ocr_par' dir='ltr' id='par_1_28' title="bbox 639 2802 2213 2879">
     <span class='ocr_line' id='line_1_28' title="bbox 639 2802 2213 2879; baseline -0.009 -11"><span class='ocrx_word' id='word_1_182' title='bbox 639 2822 749 2868; x_wconf 85' lang='lat' dir='ltr'><strong>tam</strong></span> <span class='ocrx_word' id='word_1_183' title='bbox 790 2820 997 2867; x_wconf 85' lang='lat' dir='ltr'><strong>certum</strong></span> <span class='ocrx_word' id='word_1_184' title='bbox 1037 2818 1119 2865; x_wconf 91' lang='lat' dir='ltr'><strong>est</strong></span> <span class='ocrx_word' id='word_1_185' title='bbox 1142 2809 1281 2879; x_wconf 90' lang='lat' dir='ltr'><strong>apud</strong></span> <span class='ocrx_word' id='word_1_186' title='bbox 1311 2808 1595 2869; x_wconf 85' lang='lat' dir='ltr'><strong>Irenaeum,</strong></span> <span class='ocrx_word' id='word_1_187' title='bbox 1625 2820 1787 2875; x_wconf 92' lang='lat' dir='ltr'><strong>quam</strong></span> <span class='ocrx_word' id='word_1_188' title='bbox 1827 2803 1941 2872; x_wconf 86' lang='lat' dir='ltr'><strong>ipsa</strong></span> <span class='ocrx_word' id='word_1_189' title='bbox 1975 2802 2213 2867; x_wconf 81' lang='lat' dir='ltr'><strong>traditio,</strong></span> 
     </span>
    </p>
   </div>
   <div class='ocr_carea' id='block_1_29' title="bbox 636 2893 2214 2975">
    <p class='ocr_par' dir='ltr' id='par_1_29' title="bbox 636 2893 2214 2975">
     <span class='ocr_line' id='line_1_29' title="bbox 636 2893 2214 2975; baseline -0.01 -15"><span class='ocrx_word' id='word_1_190' title='bbox 636 2905 795 2975; x_wconf 86' lang='lat' dir='ltr'><strong>cujus</strong></span> <span class='ocrx_word' id='word_1_191' title='bbox 842 2918 908 2959; x_wconf 89' lang='lat' dir='ltr'><strong>eo</strong></span> <span class='ocrx_word' id='word_1_192' title='bbox 976 2900 1079 2957; x_wconf 90' lang='lat' dir='ltr'><strong>loci</strong></span> <span class='ocrx_word' id='word_1_193' title='bbox 1130 2899 1512 2955; x_wconf 88' lang='lat' dir='ltr'><strong>auctoritatem</strong></span> <span class='ocrx_word' id='word_1_194' title='bbox 1576 2896 1846 2949; x_wconf 83' lang='lat' dir='ltr'><strong>adversus</strong></span> <span class='ocrx_word' id='word_1_195' title='bbox 1928 2893 2214 2948; x_wconf 85' lang='lat' dir='ltr'><strong>hareticos</strong></span> 
     </span>
    </p>
   </div>
   <div class='ocr_carea' id='block_1_30' title="bbox 638 2985 2214 3054">
    <p class='ocr_par' dir='ltr' id='par_1_30' title="bbox 638 2985 2214 3054">
     <span class='ocr_line' id='line_1_30' title="bbox 638 2985 2214 3054; baseline -0.01 1"><span class='ocrx_word' id='word_1_196' title='bbox 638 2997 947 3054; x_wconf 88' lang='lat' dir='ltr'><strong>astruebat.</strong></span> <span class='ocrx_word' id='word_1_197' title='bbox 976 2993 1091 3049; x_wconf 93' lang='lat' dir='ltr'><strong>Imo</strong></span> <span class='ocrx_word' id='word_1_198' title='bbox 1143 2990 1486 3047; x_wconf 84' lang='lat' dir='ltr'><strong>manifestior</strong></span> <span class='ocrx_word' id='word_1_199' title='bbox 1527 3003 1592 3043; x_wconf 91' lang='lat' dir='ltr'><strong>ac</strong></span> <span class='ocrx_word' id='word_1_200' title='bbox 1627 2987 1811 3043; x_wconf 87' lang='lat' dir='ltr'><strong>notior</strong></span> <span class='ocrx_word' id='word_1_201' title='bbox 1857 3001 1980 3042; x_wconf 90' lang='lat' dir='ltr'><strong>esse</strong></span> <span class='ocrx_word' id='word_1_202' title='bbox 2026 2985 2214 3041; x_wconf 87' lang='lat' dir='ltr'><strong>debuit</strong></span> 
     </span>
    </p>
   </div>
   <div class='ocr_carea' id='block_1_31' title="bbox 638 3077 2215 3155">
    <p class='ocr_par' dir='ltr' id='par_1_31' title="bbox 638 3077 2215 3155">
     <span class='ocr_line' id='line_1_31' title="bbox 638 3077 2215 3155; baseline -0.01 -9"><span class='ocrx_word' id='word_1_203' title='bbox 638 3087 938 3152; x_wconf 88' lang='lat' dir='ltr'><strong>successio,</strong></span> <span class='ocrx_word' id='word_1_204' title='bbox 976 3101 1137 3155; x_wconf 89' lang='lat' dir='ltr'><strong>quam</strong></span> <span class='ocrx_word' id='word_1_205' title='bbox 1192 3083 1435 3146; x_wconf 88' lang='lat' dir='ltr'><strong>traditio,</strong></span> <span class='ocrx_word' id='word_1_206' title='bbox 1468 3096 1563 3137; x_wconf 90' lang='lat' dir='ltr'><strong>seu</strong></span> <span class='ocrx_word' id='word_1_207' title='bbox 1591 3080 1796 3149; x_wconf 89' lang='lat' dir='ltr'><strong>potius,</strong></span> <span class='ocrx_word' id='word_1_208' title='bbox 1823 3077 2050 3132; x_wconf 88' lang='lat' dir='ltr'><strong>traditio</strong></span> <span class='ocrx_word' id='word_1_209' title='bbox 2090 3092 2215 3132; x_wconf 86' lang='lat' dir='ltr'><strong>suc-</strong></span> 
     </span>
    </p>
   </div>
   <div class='ocr_carea' id='block_1_32' title="bbox 636 3169 2211 3249">
    <p class='ocr_par' dir='ltr' id='par_1_32' title="bbox 636 3169 2211 3249">
     <span class='ocr_line' id='line_1_32' title="bbox 636 3169 2211 3249; baseline -0.01 -11"><span class='ocrx_word' id='word_1_210' title='bbox 636 3181 924 3244; x_wconf 88' lang='lat' dir='ltr'><strong>cessionis,</strong></span> <span class='ocrx_word' id='word_1_211' title='bbox 950 3193 1114 3249; x_wconf 90' lang='lat' dir='ltr'><strong>quam</strong></span> <span class='ocrx_word' id='word_1_212' title='bbox 1132 3176 1402 3247; x_wconf 81' lang='lat' dir='ltr'><strong>dogmatis</strong></span> <span class='ocrx_word' id='word_1_213' title='bbox 1431 3181 1485 3230; x_wconf 87' lang='lat' dir='ltr'><strong>et</strong></span> <span class='ocrx_word' id='word_1_214' title='bbox 1516 3172 1782 3227; x_wconf 89' lang='lat' dir='ltr'><strong>doctrina</strong></span> <span class='ocrx_word' id='word_1_215' title='bbox 1810 3188 1823 3225; x_wconf 88' lang='lat'><strong>:</strong></span> <span class='ocrx_word' id='word_1_216' title='bbox 1847 3185 1970 3225; x_wconf 92' lang='lat' dir='ltr'><strong>cum</strong></span> <span class='ocrx_word' id='word_1_217' title='bbox 2004 3169 2211 3224; x_wconf 84' lang='lat' dir='ltr'><strong>doctri-</strong></span> 
     </span>
    </p>
   </div>
   <div class='ocr_carea' id='block_1_33' title="bbox 636 3261 2281 3352">
    <p class='ocr_par' dir='ltr' id='par_1_33' title="bbox 636 3261 2281 3352">
     <span class='ocr_line' id='line_1_33' title="bbox 636 3261 2281 3352; baseline -0.009 -23"><span class='ocrx_word' id='word_1_218' title='bbox 636 3290 720 3329; x_wconf 91' lang='lat' dir='ltr'><strong>na</strong></span> <span class='ocrx_word' id='word_1_219' title='bbox 753 3272 974 3328; x_wconf 84' lang='lat' dir='ltr'><strong>traditio</strong></span> <span class='ocrx_word' id='word_1_220' title='bbox 1008 3285 1104 3339; x_wconf 91' lang='lat' dir='ltr'><strong>per</strong></span> <span class='ocrx_word' id='word_1_221' title='bbox 1135 3268 1365 3323; x_wconf 86' lang='lat' dir='ltr'><strong>alteram</strong></span> <span class='ocrx_word' id='word_1_222' title='bbox 1390 3264 1795 3322; x_wconf 88' lang='lat' dir='ltr'><strong>successionem</strong></span> <span class='ocrx_word' id='word_1_223' title='bbox 1828 3261 2155 3331; x_wconf 87' lang='lat' dir='ltr'><strong>approbetur</strong></span> <span class='ocrx_word' id='word_1_224' title='bbox 2196 3278 2208 3315; x_wconf 89' lang='lat'><strong>:</strong></span> <span class='ocrx_word' id='word_1_225' title='bbox 2238 3293 2281 3352; x_wconf 65' lang='grc' dir='ltr'>ο</span> 
     </span>
    </p>
   </div>
   <div class='ocr_carea' id='block_1_34' title="bbox 637 3353 2209 3437">
    <p class='ocr_par' dir='ltr' id='par_1_34' title="bbox 637 3353 2209 3437">
     <span class='ocr_line' id='line_1_34' title="bbox 637 3353 2209 3437; baseline -0.011 -15"><span class='ocrx_word' id='word_1_226' title='bbox 637 3367 780 3437; x_wconf 90' lang='lat' dir='ltr'><strong>quod</strong></span> <span class='ocrx_word' id='word_1_227' title='bbox 812 3365 858 3420; x_wconf 87' lang='lat' dir='ltr'><strong>si</strong></span> <span class='ocrx_word' id='word_1_228' title='bbox 903 3379 1093 3419; x_wconf 86' lang='lat' dir='ltr'><strong>verum</strong></span> <span class='ocrx_word' id='word_1_229' title='bbox 1145 3371 1248 3426; x_wconf 88' lang='lat' dir='ltr'><strong>est,</strong></span> <span class='ocrx_word' id='word_1_230' title='bbox 1272 3376 1336 3415; x_wconf 90' lang='lat' dir='ltr'><strong>ac</strong></span> <span class='ocrx_word' id='word_1_231' title='bbox 1371 3376 1476 3414; x_wconf 93' lang='lat' dir='ltr'><strong>non</strong></span> <span class='ocrx_word' id='word_1_232' title='bbox 1513 3358 1700 3413; x_wconf 72' lang='lat' dir='ltr'><strong>Itonia</strong></span> <span class='ocrx_word' id='word_1_233' title='bbox 1746 3364 1980 3419; x_wconf 88' lang='lat' dir='ltr'><strong>tantum,</strong></span> <span class='ocrx_word' id='word_1_234' title='bbox 2012 3353 2106 3407; x_wconf 89' lang='lat' dir='ltr'><strong>sed</strong></span> <span class='ocrx_word' id='word_1_235' title='bbox 2157 3355 2209 3405; x_wconf 92' lang='lat' dir='ltr'><strong>in</strong></span> 
     </span>
    </p>
   </div>
   <div class='ocr_carea' id='block_1_35' title="bbox 633 3444 2213 3527">
    <p class='ocr_par' dir='ltr' id='par_1_35' title="bbox 633 3444 2213 3527">
     <span class='ocr_line' id='line_1_35' title="bbox 633 3444 2213 3527; baseline -0.011 -11"><span class='ocrx_word' id='word_1_236' title='bbox 633 3458 862 3527; x_wconf 84' lang='lat' dir='ltr'><strong>reliquis</strong></span> <span class='ocrx_word' id='word_1_237' title='bbox 894 3456 1058 3511; x_wconf 89' lang='lat' dir='ltr'><strong>etiam</strong></span> <span class='ocrx_word' id='word_1_238' title='bbox 1087 3454 1338 3515; x_wconf 88' lang='lat' dir='ltr'><strong>urbibus.</strong></span> <span class='ocrx_word' id='word_1_239' title='bbox 1365 3450 1681 3506; x_wconf 88' lang='lat' dir='ltr'><strong>auctoribus</strong></span> <span class='ocrx_word' id='word_1_240' title='bbox 1718 3445 1997 3517; x_wconf 86' lang='lat' dir='ltr'><strong>apostolis,</strong></span> <span class='ocrx_word' id='word_1_241' title='bbox 2026 3444 2213 3500; x_wconf 90' lang='lat' dir='ltr'><strong>eadem</strong></span> 
     </span>
    </p>
   </div>
   <div class='ocr_carea' id='block_1_36' title="bbox 636 3537 2217 3615">
    <p class='ocr_par' dir='ltr' id='par_1_36' title="bbox 636 3537 2217 3615">
     <span class='ocr_line' id='line_1_36' title="bbox 636 3537 2217 3615; baseline -0.012 -7"><span class='ocrx_word' id='word_1_242' title='bbox 636 3550 940 3609; x_wconf 89' lang='lat' dir='ltr'><strong>constituta</strong></span> <span class='ocrx_word' id='word_1_243' title='bbox 966 3546 1142 3601; x_wconf 88' lang='lat' dir='ltr'><strong>forma</strong></span> <span class='ocrx_word' id='word_1_244' title='bbox 1180 3553 1262 3600; x_wconf 92' lang='lat' dir='ltr'><strong>est</strong></span> <span class='ocrx_word' id='word_1_245' title='bbox 1294 3541 1773 3615; x_wconf 90' lang='lat' dir='ltr'><strong>gubernandarum</strong></span> <span class='ocrx_word' id='word_1_246' title='bbox 1808 3537 2217 3602; x_wconf 88' lang='lat' dir='ltr'><strong>Ecclesiarum,</strong></span> 
     </span>
    </p>
   </div>
   <div class='ocr_carea' id='block_1_37' title="bbox 634 3637 2216 3715">
    <p class='ocr_par' dir='ltr' id='par_1_37' title="bbox 634 3637 2216 3715">
     <span class='ocr_line' id='line_1_37' title="bbox 634 3637 2216 3715; baseline -0.011 -14"><span class='ocrx_word' id='word_1_247' title='bbox 634 3644 881 3715; x_wconf 87' lang='lat' dir='ltr'><strong>profecto</strong></span> <span class='ocrx_word' id='word_1_248' title='bbox 928 3642 1125 3697; x_wconf 80' lang='lat' dir='ltr'><strong>falsum</strong></span> <span class='ocrx_word' id='word_1_249' title='bbox 1189 3648 1277 3696; x_wconf 88' lang='lat' dir='ltr'><strong>cst</strong></span> <span class='ocrx_word' id='word_1_250' title='bbox 1356 3637 1745 3692; x_wconf 89' lang='lat' dir='ltr'><strong>Puritanorum</strong></span> <span class='ocrx_word' id='word_1_251' title='bbox 1802 3639 2216 3693; x_wconf 89' lang='lat' dir='ltr'><strong>commentum,</strong></span> 
     </span>
    </p>
   </div>
   <div class='ocr_carea' id='block_1_38' title="bbox 636 3722 2217 3807">
    <p class='ocr_par' dir='ltr' id='par_1_38' title="bbox 636 3722 2217 3807">
     <span class='ocr_line' id='line_1_38' title="bbox 636 3722 2217 3807; baseline -0.009 -18"><span class='ocrx_word' id='word_1_252' title='bbox 636 3730 896 3807; x_wconf 78' lang='lat' dir='ltr'><strong>[CXVIII]</strong></span> <span class='ocrx_word' id='word_1_253' title='bbox 922 3745 1028 3785; x_wconf 91' lang='lat' dir='ltr'><strong>non</strong></span> <span class='ocrx_word' id='word_1_254' title='bbox 1066 3729 1170 3783; x_wconf 87' lang='lat' dir='ltr'><strong>nisi</strong></span> <span class='ocrx_word' id='word_1_255' title='bbox 1219 3735 1342 3798; x_wconf 88' lang='lat' dir='ltr'><strong>post</strong></span> <span class='ocrx_word' id='word_1_256' title='bbox 1378 3724 1751 3796; x_wconf 88' lang='lat' dir='ltr'><strong>apostolorum</strong></span> <span class='ocrx_word' id='word_1_257' title='bbox 1780 3722 2009 3786; x_wconf 91' lang='lat' dir='ltr'><strong>obitum,</strong></span> <span class='ocrx_word' id='word_1_258' title='bbox 2036 3736 2099 3777; x_wconf 90' lang='lat' dir='ltr'><strong>ac</strong></span> <span class='ocrx_word' id='word_1_259' title='bbox 2130 3736 2217 3775; x_wconf 91' lang='lat' dir='ltr'><strong>se-</strong></span> 
     </span>
    </p>
   </div>
   <div class='ocr_carea' id='block_1_39' title="bbox 633 3813 2217 3886">
    <p class='ocr_par' dir='ltr' id='par_1_39' title="bbox 633 3813 2217 3886">
     <span class='ocr_line' id='line_1_39' title="bbox 633 3813 2217 3886; baseline -0.009 -3"><span class='ocrx_word' id='word_1_260' title='bbox 633 3825 816 3883; x_wconf 85' lang='lat' dir='ltr'><strong>cundo</strong></span> <span class='ocrx_word' id='word_1_261' title='bbox 864 3824 1044 3880; x_wconf 89' lang='lat' dir='ltr'><strong>medio</strong></span> <span class='ocrx_word' id='word_1_262' title='bbox 1084 3827 1285 3877; x_wconf 85' lang='lat' dir='ltr'><strong>sacuto</strong></span> <span class='ocrx_word' id='word_1_263' title='bbox 1317 3860 1331 3886; x_wconf 94' lang='lat'><strong>,</strong></span> <span class='ocrx_word' id='word_1_264' title='bbox 1390 3834 1548 3875; x_wconf 90' lang='lat' dir='ltr'><strong>suum</strong></span> <span class='ocrx_word' id='word_1_265' title='bbox 1600 3815 1897 3885; x_wconf 88' lang='lat' dir='ltr'><strong>unicuique</strong></span> <span class='ocrx_word' id='word_1_266' title='bbox 1954 3813 2217 3869; x_wconf 83' lang='lat' dir='ltr'><strong>Ecclesia</strong></span> 
     </span>
    </p>
   </div>
   <div class='ocr_carea' id='block_1_40' title="bbox 634 3905 2215 3987">
    <p class='ocr_par' dir='ltr' id='par_1_40' title="bbox 634 3905 2215 3987">
     <span class='ocr_line' id='line_1_40' title="bbox 634 3905 2215 3987; baseline -0.008 -15"><span class='ocrx_word' id='word_1_267' title='bbox 634 3916 983 3987; x_wconf 84' lang='lat' dir='ltr'><strong>prapositum</strong></span> <span class='ocrx_word' id='word_1_268' title='bbox 1001 3913 1319 3984; x_wconf 88' lang='lat' dir='ltr'><strong>episcopum</strong></span> <span class='ocrx_word' id='word_1_269' title='bbox 1346 3911 1553 3974; x_wconf 84' lang='lat' dir='ltr'><strong>fuisse;</strong></span> <span class='ocrx_word' id='word_1_270' title='bbox 1588 3923 1708 3963; x_wconf 91' lang='lat' dir='ltr'><strong>cum</strong></span> <span class='ocrx_word' id='word_1_271' title='bbox 1739 3908 2002 3963; x_wconf 88' lang='lat' dir='ltr'><strong>hactenus</strong></span> <span class='ocrx_word' id='word_1_272' title='bbox 2040 3921 2069 3959; x_wconf 92' lang='lat' dir='ltr'><strong>a</strong></span> <span class='ocrx_word' id='word_1_273' title='bbox 2096 3905 2215 3976; x_wconf 89' lang='lat' dir='ltr'><strong>plu-</strong></span> 
     </span>
    </p>
   </div>
   <div class='ocr_carea' id='block_1_41' title="bbox 634 3997 2214 4076">
    <p class='ocr_par' dir='ltr' id='par_1_41' title="bbox 634 3997 2214 4076">
     <span class='ocr_line' id='line_1_41' title="bbox 634 3997 2214 4076; baseline -0.009 -11"><span class='ocrx_word' id='word_1_274' title='bbox 634 4010 811 4071; x_wconf 88' lang='lat' dir='ltr'><strong>ribus.</strong></span> <span class='ocrx_word' id='word_1_275' title='bbox 838 4008 944 4063; x_wconf 92' lang='lat' dir='ltr'><strong>hoc</strong></span> <span class='ocrx_word' id='word_1_276' title='bbox 991 4016 1076 4062; x_wconf 88' lang='lat' dir='ltr'><strong>est</strong></span> <span class='ocrx_word' id='word_1_277' title='bbox 1109 4015 1223 4062; x_wconf 92' lang='lat' dir='ltr'><strong>toto</strong></span> <span class='ocrx_word' id='word_1_278' title='bbox 1259 4003 1601 4076; x_wconf 88' lang='lat' dir='ltr'><strong>presbyterio</strong></span> <span class='ocrx_word' id='word_1_279' title='bbox 1623 4001 1738 4055; x_wconf 84' lang='lat' dir='ltr'><strong>sive</strong></span> <span class='ocrx_word' id='word_1_280' title='bbox 1774 3997 2214 4070; x_wconf 86' lang='lat' dir='ltr'><strong>presbyterorum</strong></span> 
     </span>
    </p>
   </div>
   <div class='ocr_carea' id='block_1_42' title="bbox 635 4086 2215 4166">
    <p class='ocr_par' dir='ltr' id='par_1_42' title="bbox 635 4086 2215 4166">
     <span class='ocr_line' id='line_1_42' title="bbox 635 4086 2215 4166; baseline -0.008 -15"><span class='ocrx_word' id='word_1_281' title='bbox 635 4093 891 4166; x_wconf 87' lang='lat' dir='ltr'><strong>collegio,</strong></span> <span class='ocrx_word' id='word_1_282' title='bbox 924 4094 1041 4165; x_wconf 90' lang='lat' dir='ltr'><strong>pari</strong></span> <span class='ocrx_word' id='word_1_283' title='bbox 1081 4094 1198 4151; x_wconf 92' lang='lat' dir='ltr'><strong>iure</strong></span> <span class='ocrx_word' id='word_1_284' title='bbox 1227 4102 1281 4147; x_wconf 90' lang='lat' dir='ltr'><strong>et</strong></span> <span class='ocrx_word' id='word_1_285' title='bbox 1314 4098 1583 4162; x_wconf 87' lang='lat' dir='ltr'><strong>potestate</strong></span> <span class='ocrx_word' id='word_1_286' title='bbox 1627 4097 1966 4160; x_wconf 87' lang='lat' dir='ltr'><strong>regerentur.</strong></span> <span class='ocrx_word' id='word_1_287' title='bbox 2013 4086 2215 4156; x_wconf 90' lang='lat' dir='ltr'><strong>thuid</strong></span> 
     </span>
    </p>
   </div>
   <div class='ocr_carea' id='block_1_43' title="bbox 638 4182 2216 4253">
    <p class='ocr_par' dir='ltr' id='par_1_43' title="bbox 638 4182 2216 4253">
     <span class='ocr_line' id='line_1_43' title="bbox 638 4182 2216 4253; baseline -0.005 -9"><span class='ocrx_word' id='word_1_288' title='bbox 638 4190 787 4245; x_wconf 87' lang='lat' dir='ltr'><strong>enim</strong></span> <span class='ocrx_word' id='word_1_289' title='bbox 824 4189 1093 4244; x_wconf 87' lang='lat' dir='ltr'><strong>scriberet</strong></span> <span class='ocrx_word' id='word_1_290' title='bbox 1122 4185 1382 4249; x_wconf 83' lang='lat' dir='ltr'><strong>lrenaus,</strong></span> <span class='ocrx_word' id='word_1_291' title='bbox 1420 4184 1509 4239; x_wconf 86' lang='lat' dir='ltr'><strong>vir</strong></span> <span class='ocrx_word' id='word_1_292' title='bbox 1553 4182 1977 4253; x_wconf 89' lang='lat' dir='ltr'><strong>apostolicorum</strong></span> <span class='ocrx_word' id='word_1_293' title='bbox 2015 4191 2216 4251; x_wconf 87' lang='lat' dir='ltr'><strong>tempo-</strong></span> 
     </span>
    </p>
   </div>
   <div class='ocr_carea' id='block_1_44' title="bbox 638 4273 2219 4351">
    <p class='ocr_par' dir='ltr' id='par_1_44' title="bbox 638 4273 2219 4351">
     <span class='ocr_line' id='line_1_44' title="bbox 638 4273 2219 4351; baseline -0.007 -14"><span class='ocrx_word' id='word_1_294' title='bbox 638 4296 786 4349; x_wconf 86' lang='lat' dir='ltr'><strong>rum,</strong></span> <span class='ocrx_word' id='word_1_295' title='bbox 813 4279 1057 4351; x_wconf 84' lang='lat' dir='ltr'><strong>singulos</strong></span> <span class='ocrx_word' id='word_1_296' title='bbox 1090 4281 1145 4333; x_wconf 91' lang='lat' dir='ltr'><strong>in</strong></span> <span class='ocrx_word' id='word_1_297' title='bbox 1198 4277 1430 4347; x_wconf 78' lang='lat' dir='ltr'><strong>singulis</strong></span> <span class='ocrx_word' id='word_1_298' title='bbox 1481 4275 1742 4331; x_wconf 85' lang='lat' dir='ltr'><strong>Ecclesiis</strong></span> <span class='ocrx_word' id='word_1_299' title='bbox 1775 4276 2104 4329; x_wconf 87' lang='lat' dir='ltr'><strong>constitutos</strong></span> <span class='ocrx_word' id='word_1_300' title='bbox 2149 4273 2219 4327; x_wconf 89' lang='lat' dir='ltr'><strong>ab</strong></span> 
     </span>
    </p>
   </div>
   <div class='ocr_carea' id='block_1_45' title="bbox 633 4364 2218 4443">
    <p class='ocr_par' dir='ltr' id='par_1_45' title="bbox 633 4364 2218 4443">
     <span class='ocr_line' id='line_1_45' title="bbox 633 4364 2218 4443; baseline -0.006 -16"><span class='ocrx_word' id='word_1_301' title='bbox 633 4372 908 4443; x_wconf 90' lang='lat' dir='ltr'><strong>apostolis</strong></span> <span class='ocrx_word' id='word_1_302' title='bbox 929 4372 1217 4442; x_wconf 82' lang='lat' dir='ltr'><strong>episcopos</strong></span> <span class='ocrx_word' id='word_1_303' title='bbox 1246 4368 1451 4434; x_wconf 89' lang='lat' dir='ltr'><strong>fuisse;</strong></span> <span class='ocrx_word' id='word_1_304' title='bbox 1487 4367 1691 4438; x_wconf 87' lang='lat' dir='ltr'><strong>quibus</strong></span> <span class='ocrx_word' id='word_1_305' title='bbox 1722 4365 1954 4421; x_wconf 86' lang='lat' dir='ltr'><strong>mortuis</strong></span> <span class='ocrx_word' id='word_1_306' title='bbox 1983 4365 2073 4418; x_wconf 88' lang='lat' dir='ltr'><strong>alii</strong></span> <span class='ocrx_word' id='word_1_307' title='bbox 2104 4364 2218 4419; x_wconf 90' lang='lat' dir='ltr'><strong>sin-</strong></span> 
     </span>
    </p>
   </div>
   <div class='ocr_carea' id='block_1_46' title="bbox 631 4457 2217 4539">
    <p class='ocr_par' dir='ltr' id='par_1_46' title="bbox 631 4457 2217 4539">
     <span class='ocr_line' id='line_1_46' title="bbox 631 4457 2217 4539; baseline -0.009 -16"><span class='ocrx_word' id='word_1_308' title='bbox 631 4467 745 4539; x_wconf 80' lang='lat' dir='ltr'><strong>guli</strong></span> <span class='ocrx_word' id='word_1_309' title='bbox 770 4467 851 4524; x_wconf 91' lang='lat' dir='ltr'><strong>sic</strong></span> <span class='ocrx_word' id='word_1_310' title='bbox 871 4463 1274 4528; x_wconf 67' lang='lat' dir='ltr'><strong>subicerentur,</strong></span> <span class='ocrx_word' id='word_1_311' title='bbox 1302 4471 1362 4517; x_wconf 91' lang='lat' dir='ltr'><strong>ut</strong></span> <span class='ocrx_word' id='word_1_312' title='bbox 1387 4476 1577 4516; x_wconf 87' lang='lat' dir='ltr'><strong>earum</strong></span> <span class='ocrx_word' id='word_1_313' title='bbox 1603 4459 2016 4515; x_wconf 88' lang='lat' dir='ltr'><strong>successionum</strong></span> <span class='ocrx_word' id='word_1_314' title='bbox 2042 4457 2217 4511; x_wconf 86' lang='lat' dir='ltr'><strong>series</strong></span> 
     </span>
    </p>
   </div>
   <div class='ocr_carea' id='block_1_47' title="bbox 1807 4680 2719 4773">
    <p class='ocr_par' dir='ltr' id='par_1_47' title="bbox 1807 4680 2719 4773">
     <span class='ocr_line' id='line_1_47' title="bbox 1807 4680 2719 4773; baseline -0.004 -1"><span class='ocrx_word' id='word_1_315' title='bbox 1807 4680 2483 4772; x_wconf 81' lang='lat' dir='ltr'><strong>ARTICULUS</strong></span> <span class='ocrx_word' id='word_1_316' title='bbox 2558 4681 2719 4773; x_wconf 91' lang='lat' dir='ltr'><strong>IV.</strong></span> 
     </span>
    </p>
   </div>
   <div class='ocr_carea' id='block_1_48' title="bbox 822 4838 3672 4920">
    <p class='ocr_par' dir='ltr' id='par_1_48' title="bbox 822 4838 3672 4920">
     <span class='ocr_line' id='line_1_48' title="bbox 822 4838 3672 4920; baseline -0.001 -17"><span class='ocrx_word' id='word_1_317' title='bbox 822 4841 912 4904; x_wconf 90' lang='lat' dir='ltr'><strong>De</strong></span> <span class='ocrx_word' id='word_1_318' title='bbox 955 4840 1261 4916; x_wconf 84' lang='lat' dir='ltr'><strong>Ecclesia,</strong></span> <span class='ocrx_word' id='word_1_319' title='bbox 1303 4841 1442 4919; x_wconf 90' lang='lat' dir='ltr'><strong>ejus</strong></span> <span class='ocrx_word' id='word_1_320' title='bbox 1480 4839 1650 4901; x_wconf 87' lang='lat' dir='ltr'><strong>notis</strong></span> <span class='ocrx_word' id='word_1_321' title='bbox 1688 4857 1759 4901; x_wconf 85' lang='lat' dir='ltr'><strong>ac</strong></span> <span class='ocrx_word' id='word_1_322' title='bbox 1795 4839 2305 4912; x_wconf 86' lang='lat' dir='ltr'><strong>characteribus,</strong></span> <span class='ocrx_word' id='word_1_323' title='bbox 2344 4847 2405 4902; x_wconf 90' lang='lat' dir='ltr'><strong>et</strong></span> <span class='ocrx_word' id='word_1_324' title='bbox 2432 4841 2737 4901; x_wconf 82' lang='lat' dir='ltr'><strong>Romana</strong></span> <span class='ocrx_word' id='word_1_325' title='bbox 2767 4838 3044 4918; x_wconf 82' lang='lat' dir='ltr'><strong>primatu</strong></span> <span class='ocrx_word' id='word_1_326' title='bbox 3075 4849 3265 4920; x_wconf 84' lang='lat' dir='ltr'><strong>atque</strong></span> <span class='ocrx_word' id='word_1_327' title='bbox 3294 4842 3672 4907; x_wconf 82' lang='lat' dir='ltr'><strong>auctoritate.</strong></span> 
     </span>
    </p>
   </div>
   <div class='ocr_carea' id='block_1_49' title="bbox 2332 683 3860 759">
    <p class='ocr_par' dir='ltr' id='par_1_49' title="bbox 2332 683 3860 759">
     <span class='ocr_line' id='line_1_49' title="bbox 2332 683 3860 759; baseline 0.003 -20"><span class='ocrx_word' id='word_1_328' title='bbox 2332 684 2535 753; x_wconf 86' lang='lat' dir='ltr'><strong>thuid</strong></span> <span class='ocrx_word' id='word_1_329' title='bbox 2578 684 2742 738; x_wconf 91' lang='lat' dir='ltr'><strong>unius</strong></span> <span class='ocrx_word' id='word_1_330' title='bbox 2773 683 2931 738; x_wconf 91' lang='lat' dir='ltr'><strong>alteri</strong></span> <span class='ocrx_word' id='word_1_331' title='bbox 2988 685 3334 741; x_wconf 91' lang='lat' dir='ltr'><strong>snccedentis</strong></span> <span class='ocrx_word' id='word_1_332' title='bbox 3382 687 3639 742; x_wconf 88' lang='lat' dir='ltr'><strong>memoria</strong></span> <span class='ocrx_word' id='word_1_333' title='bbox 3676 689 3860 759; x_wconf 76' lang='lat' dir='ltr'><strong>scriptu</strong></span> 
     </span>
    </p>
   </div>
   <div class='ocr_carea' id='block_1_50' title="bbox 2328 774 3860 849">
    <p class='ocr_par' dir='ltr' id='par_1_50' title="bbox 2328 774 3860 849">
     <span class='ocr_line' id='line_1_50' title="bbox 2328 774 3860 849; baseline 0.004 -20"><span class='ocrx_word' id='word_1_334' title='bbox 2328 784 2439 829; x_wconf 89' lang='lat' dir='ltr'><strong>tam</strong></span> <span class='ocrx_word' id='word_1_335' title='bbox 2492 775 2736 829; x_wconf 89' lang='lat' dir='ltr'><strong>studiose</strong></span> <span class='ocrx_word' id='word_1_336' title='bbox 2780 774 3031 829; x_wconf 90' lang='lat' dir='ltr'><strong>mandata</strong></span> <span class='ocrx_word' id='word_1_337' title='bbox 3078 785 3203 843; x_wconf 89' lang='lat' dir='ltr'><strong>est;</strong></span> <span class='ocrx_word' id='word_1_338' title='bbox 3245 776 3290 832; x_wconf 92' lang='lat' dir='ltr'><strong>si</strong></span> <span class='ocrx_word' id='word_1_339' title='bbox 3342 779 3643 849; x_wconf 82' lang='lat' dir='ltr'><strong>presbyteri</strong></span> <span class='ocrx_word' id='word_1_340' title='bbox 3696 797 3860 837; x_wconf 88' lang='lat' dir='ltr'><strong>omnes</strong></span> 
     </span>
    </p>
   </div>
   <div class='ocr_carea' id='block_1_51' title="bbox 2326 866 3860 939">
    <p class='ocr_par' dir='ltr' id='par_1_51' title="bbox 2326 866 3860 939">
     <span class='ocr_line' id='line_1_51' title="bbox 2326 866 3860 939; baseline 0.004 -19"><span class='ocrx_word' id='word_1_341' title='bbox 2326 866 2566 935; x_wconf 78' lang='lat' dir='ltr'><strong>aquales</strong></span> <span class='ocrx_word' id='word_1_342' title='bbox 2588 868 2768 929; x_wconf 83' lang='lat' dir='ltr'><strong>erant,</strong></span> <span class='ocrx_word' id='word_1_343' title='bbox 2786 875 2845 921; x_wconf 91' lang='lat' dir='ltr'><strong>ut</strong></span> <span class='ocrx_word' id='word_1_344' title='bbox 2872 867 3255 937; x_wconf 88' lang='lat' dir='ltr'><strong>appellatione,</strong></span> <span class='ocrx_word' id='word_1_345' title='bbox 3280 868 3353 923; x_wconf 91' lang='lat' dir='ltr'><strong>ita</strong></span> <span class='ocrx_word' id='word_1_346' title='bbox 3377 878 3431 922; x_wconf 91' lang='lat' dir='ltr'><strong>et</strong></span> <span class='ocrx_word' id='word_1_347' title='bbox 3455 869 3739 939; x_wconf 83' lang='lat' dir='ltr'><strong>dignitate,</strong></span> <span class='ocrx_word' id='word_1_348' title='bbox 3763 872 3860 926; x_wconf 88' lang='lat' dir='ltr'><strong>nul-</strong></span> 
     </span>
    </p>
   </div>
   <div class='ocr_carea' id='block_1_52' title="bbox 2326 958 3860 1031">
    <p class='ocr_par' dir='ltr' id='par_1_52' title="bbox 2326 958 3860 1031">
     <span class='ocr_line' id='line_1_52' title="bbox 2326 958 3860 1031; baseline 0.003 -18"><span class='ocrx_word' id='word_1_349' title='bbox 2326 959 2524 1028; x_wconf 89' lang='lat' dir='ltr'><strong>lusque</strong></span> <span class='ocrx_word' id='word_1_350' title='bbox 2550 958 2673 1014; x_wconf 88' lang='lat' dir='ltr'><strong>aliis</strong></span> <span class='ocrx_word' id='word_1_351' title='bbox 2694 959 2818 1029; x_wconf 87' lang='lat' dir='ltr'><strong>jure</strong></span> <span class='ocrx_word' id='word_1_352' title='bbox 2850 960 3035 1015; x_wconf 83' lang='lat' dir='ltr'><strong>divino</strong></span> <span class='ocrx_word' id='word_1_353' title='bbox 3069 961 3318 1031; x_wconf 90' lang='lat' dir='ltr'><strong>superior</strong></span> <span class='ocrx_word' id='word_1_354' title='bbox 3348 960 3491 1015; x_wconf 83' lang='lat' dir='ltr'><strong>fuit?</strong></span> <span class='ocrx_word' id='word_1_355' title='bbox 3534 960 3860 1028; x_wconf 87' lang='lat' dir='ltr'><strong>Quamobrem</strong></span> 
     </span>
    </p>
   </div>
   <div class='ocr_carea' id='block_1_53' title="bbox 2326 1052 3860 1126">
    <p class='ocr_par' dir='ltr' id='par_1_53' title="bbox 2326 1052 3860 1126">
     <span class='ocr_line' id='line_1_53' title="bbox 2326 1052 3860 1126; baseline 0.003 -19"><span class='ocrx_word' id='word_1_356' title='bbox 2326 1053 2419 1107; x_wconf 87' lang='lat' dir='ltr'><strong>hic</strong></span> <span class='ocrx_word' id='word_1_357' title='bbox 2472 1054 2649 1122; x_wconf 90' lang='lat' dir='ltr'><strong>potius</strong></span> <span class='ocrx_word' id='word_1_358' title='bbox 2684 1067 2843 1121; x_wconf 88' lang='lat' dir='ltr'><strong>quam</strong></span> <span class='ocrx_word' id='word_1_359' title='bbox 2893 1052 3031 1116; x_wconf 89' lang='lat' dir='ltr'><strong>istc,</strong></span> <span class='ocrx_word' id='word_1_360' title='bbox 3062 1068 3185 1109; x_wconf 93' lang='lat' dir='ltr'><strong>cum</strong></span> <span class='ocrx_word' id='word_1_361' title='bbox 3234 1068 3425 1109; x_wconf 89' lang='lat' dir='ltr'><strong>omnes</strong></span> <span class='ocrx_word' id='word_1_362' title='bbox 3472 1054 3585 1109; x_wconf 91' lang='lat' dir='ltr'><strong>sint</strong></span> <span class='ocrx_word' id='word_1_363' title='bbox 3633 1056 3860 1126; x_wconf 85' lang='lat' dir='ltr'><strong>aquales,</strong></span> 
     </span>
    </p>
   </div>
   <div class='ocr_carea' id='block_1_54' title="bbox 2326 1144 3860 1216">
    <p class='ocr_par' dir='ltr' id='par_1_54' title="bbox 2326 1144 3860 1216">
     <span class='ocr_line' id='line_1_54' title="bbox 2326 1144 3860 1216; baseline 0.003 -17"><span class='ocrx_word' id='word_1_364' title='bbox 2326 1145 2574 1215; x_wconf 90' lang='lat' dir='ltr'><strong>catalogo</strong></span> <span class='ocrx_word' id='word_1_365' title='bbox 2625 1144 2987 1201; x_wconf 81' lang='lat' dir='ltr'><strong>inscribitur?</strong></span> <span class='ocrx_word' id='word_1_366' title='bbox 3043 1146 3141 1201; x_wconf 86' lang='lat' dir='ltr'><strong>Ubi</strong></span> <span class='ocrx_word' id='word_1_367' title='bbox 3196 1147 3327 1202; x_wconf 91' lang='lat' dir='ltr'><strong>illud</strong></span> <span class='ocrx_word' id='word_1_368' title='bbox 3372 1157 3453 1202; x_wconf 91' lang='lat' dir='ltr'><strong>est</strong></span> <span class='ocrx_word' id='word_1_369' title='bbox 3506 1149 3647 1216; x_wconf 89' lang='lat' dir='ltr'><strong>quod</strong></span> <span class='ocrx_word' id='word_1_370' title='bbox 3704 1149 3860 1204; x_wconf 79' lang='lat' dir='ltr'><strong>scribi</strong></span> 
     </span>
    </p>
   </div>
   <div class='ocr_carea' id='block_1_55' title="bbox 2328 1234 3860 1313">
    <p class='ocr_par' dir='ltr' id='par_1_55' title="bbox 2328 1234 3860 1313">
     <span class='ocr_line' id='line_1_55' title="bbox 2328 1234 3860 1313; baseline 0.005 -22"><span class='ocrx_word' id='word_1_371' title='bbox 2328 1234 2648 1300; x_wconf 86' lang='lat' dir='ltr'><strong>Salmasius,</strong></span> <span class='ocrx_word' id='word_1_372' title='bbox 2679 1238 2956 1305; x_wconf 84' lang='lat' dir='ltr'><strong>apostolos</strong></span> <span class='ocrx_word' id='word_1_373' title='bbox 2986 1238 3162 1295; x_wconf 93' lang='lat' dir='ltr'><strong>nullos</strong></span> <span class='ocrx_word' id='word_1_374' title='bbox 3189 1256 3425 1310; x_wconf 91' lang='lat' dir='ltr'><strong>unquam</strong></span> <span class='ocrx_word' id='word_1_375' title='bbox 3452 1242 3751 1313; x_wconf 85' lang='lat' dir='ltr'><strong>prafecisse</strong></span> <span class='ocrx_word' id='word_1_376' title='bbox 3773 1246 3860 1301; x_wconf 90' lang='lat' dir='ltr'><strong>sin-</strong></span> 
     </span>
    </p>
   </div>
   <div class='ocr_carea' id='block_1_56' title="bbox 2324 1329 3859 1403">
    <p class='ocr_par' dir='ltr' id='par_1_56' title="bbox 2324 1329 3859 1403">
     <span class='ocr_line' id='line_1_56' title="bbox 2324 1329 3859 1403; baseline 0.007 -22"><span class='ocrx_word' id='word_1_377' title='bbox 2324 1329 2540 1400; x_wconf 91' lang='lat' dir='ltr'><strong>gulares</strong></span> <span class='ocrx_word' id='word_1_378' title='bbox 2567 1332 2853 1401; x_wconf 90' lang='lat' dir='ltr'><strong>episcopos</strong></span> <span class='ocrx_word' id='word_1_379' title='bbox 2882 1332 2948 1386; x_wconf 91' lang='lat' dir='ltr'><strong>iis</strong></span> <span class='ocrx_word' id='word_1_380' title='bbox 2976 1332 3239 1388; x_wconf 80' lang='lat' dir='ltr'><strong>Ecclesiis</strong></span> <span class='ocrx_word' id='word_1_381' title='bbox 3265 1350 3399 1403; x_wconf 90' lang='lat' dir='ltr'><strong>quas</strong></span> <span class='ocrx_word' id='word_1_382' title='bbox 3426 1335 3742 1403; x_wconf 80' lang='lat' dir='ltr'><strong>fundarunt;</strong></span> <span class='ocrx_word' id='word_1_383' title='bbox 3762 1353 3859 1393; x_wconf 85' lang='lat' dir='ltr'><strong>cum</strong></span> 
     </span>
    </p>
   </div>
   <div class='ocr_carea' id='block_1_57' title="bbox 2323 1421 3859 1497">
    <p class='ocr_par' dir='ltr' id='par_1_57' title="bbox 2323 1421 3859 1497">
     <span class='ocr_line' id='line_1_57' title="bbox 2323 1421 3859 1497; baseline 0.007 -22"><span class='ocrx_word' id='word_1_384' title='bbox 2323 1421 2560 1478; x_wconf 81' lang='lat' dir='ltr'><strong>Irenaus</strong></span> <span class='ocrx_word' id='word_1_385' title='bbox 2604 1424 2882 1494; x_wconf 89' lang='lat' dir='ltr'><strong>sigillatim</strong></span> <span class='ocrx_word' id='word_1_386' title='bbox 2931 1440 3218 1480; x_wconf 90' lang='lat' dir='ltr'><strong>recensere</strong></span> <span class='ocrx_word' id='word_1_387' title='bbox 3269 1442 3328 1481; x_wconf 77' lang='lat' dir='ltr'><strong>se.</strong></span> <span class='ocrx_word' id='word_1_388' title='bbox 3358 1444 3517 1497; x_wconf 86' lang='lat' dir='ltr'><strong>posse</strong></span> <span class='ocrx_word' id='word_1_389' title='bbox 3564 1439 3859 1485; x_wconf 89' lang='lat' dir='ltr'><strong>contestetur</strong></span> 
     </span>
    </p>
   </div>
   <div class='ocr_carea' id='block_1_58' title="bbox 2322 1514 3857 1590">
    <p class='ocr_par' dir='ltr' id='par_1_58' title="bbox 2322 1514 3857 1590">
     <span class='ocr_line' id='line_1_58' title="bbox 2322 1514 3857 1590; baseline 0.004 -22"><span class='ocrx_word' id='word_1_390' title='bbox 2322 1514 2679 1584; x_wconf 78' lang='lat' dir='ltr'><strong>Singularium</strong></span> <span class='ocrx_word' id='word_1_391' title='bbox 2716 1516 2931 1569; x_wconf 92' lang='lat' dir='ltr'><strong>illorum</strong></span> <span class='ocrx_word' id='word_1_392' title='bbox 2969 1518 3373 1587; x_wconf 86' lang='lat' dir='ltr'><strong>episcoporum,</strong></span> <span class='ocrx_word' id='word_1_393' title='bbox 3429 1521 3498 1574; x_wconf 94' lang='lat' dir='ltr'><strong>ab</strong></span> <span class='ocrx_word' id='word_1_394' title='bbox 3527 1522 3774 1590; x_wconf 87' lang='lat' dir='ltr'><strong>apostolis</strong></span> <span class='ocrx_word' id='word_1_395' title='bbox 3798 1522 3857 1574; x_wconf 85' lang='lat' dir='ltr'><strong>in-</strong></span> 
     </span>
    </p>
   </div>
   <div class='ocr_carea' id='block_1_59' title="bbox 2322 1606 3856 1682">
    <p class='ocr_par' dir='ltr' id='par_1_59' title="bbox 2322 1606 3856 1682">
     <span class='ocr_line' id='line_1_59' title="bbox 2322 1606 3856 1682; baseline 0.003 -20"><span class='ocrx_word' id='word_1_396' title='bbox 2322 1608 2660 1674; x_wconf 81' lang='lat' dir='ltr'><strong>stitutorum,</strong></span> <span class='ocrx_word' id='word_1_397' title='bbox 2700 1608 3111 1665; x_wconf 87' lang='lat' dir='ltr'><strong>successiones?</strong></span> <span class='ocrx_word' id='word_1_398' title='bbox 3137 1606 3325 1667; x_wconf 88' lang='lat' dir='ltr'><strong>Nodus</strong></span> <span class='ocrx_word' id='word_1_399' title='bbox 3358 1622 3464 1675; x_wconf 89' lang='lat' dir='ltr'><strong>est,</strong></span> <span class='ocrx_word' id='word_1_400' title='bbox 3506 1628 3667 1682; x_wconf 90' lang='lat' dir='ltr'><strong>quem</strong></span> <span class='ocrx_word' id='word_1_401' title='bbox 3709 1611 3856 1667; x_wconf 86' lang='lat' dir='ltr'><strong>nullus</strong></span> 
     </span>
    </p>
   </div>
   <div class='ocr_carea' id='block_1_60' title="bbox 2320 1700 3854 1769">
    <p class='ocr_par' dir='ltr' id='par_1_60' title="bbox 2320 1700 3854 1769">
     <span class='ocr_line' id='line_1_60' title="bbox 2320 1700 3854 1769; baseline 0.002 -15"><span class='ocrx_word' id='word_1_402' title='bbox 2320 1716 2559 1769; x_wconf 88' lang='lat' dir='ltr'><strong>unquam</strong></span> <span class='ocrx_word' id='word_1_403' title='bbox 2588 1700 2923 1767; x_wconf 86' lang='lat' dir='ltr'><strong>dissolverit,</strong></span> <span class='ocrx_word' id='word_1_404' title='bbox 2954 1705 3255 1760; x_wconf 86' lang='lat' dir='ltr'><strong>secueritve</strong></span> <span class='ocrx_word' id='word_1_405' title='bbox 3279 1703 3617 1766; x_wconf 89' lang='lat' dir='ltr'><strong>Blondellus,</strong></span> <span class='ocrx_word' id='word_1_406' title='bbox 3661 1702 3854 1757; x_wconf 80' lang='lat' dir='ltr'><strong>Dallaus</strong></span> 
     </span>
    </p>
   </div>
   <div class='ocr_carea' id='block_1_61' title="bbox 2321 1794 3853 1865">
    <p class='ocr_par' dir='ltr' id='par_1_61' title="bbox 2321 1794 3853 1865">
     <span class='ocr_line' id='line_1_61' title="bbox 2321 1794 3853 1865; baseline 0.001 -17"><span class='ocrx_word' id='word_1_407' title='bbox 2321 1804 2416 1848; x_wconf 92' lang='lat' dir='ltr'><strong>aut</strong></span> <span class='ocrx_word' id='word_1_408' title='bbox 2450 1794 2773 1849; x_wconf 86' lang='lat' dir='ltr'><strong>Salmasius.</strong></span> <span class='ocrx_word' id='word_1_409' title='bbox 2808 1794 2914 1849; x_wconf 92' lang='lat' dir='ltr'><strong>Sed</strong></span> <span class='ocrx_word' id='word_1_410' title='bbox 2967 1810 3089 1849; x_wconf 91' lang='lat' dir='ltr'><strong>cum</strong></span> <span class='ocrx_word' id='word_1_411' title='bbox 3138 1798 3243 1851; x_wconf 90' lang='lat' dir='ltr'><strong>hoc</strong></span> <span class='ocrx_word' id='word_1_412' title='bbox 3301 1804 3675 1865; x_wconf 87' lang='lat' dir='ltr'><strong>argumentum</strong></span> <span class='ocrx_word' id='word_1_413' title='bbox 3712 1796 3853 1851; x_wconf 79' lang='lat' dir='ltr'><strong>solide</strong></span> 
     </span>
    </p>
   </div>
   <div class='ocr_carea' id='block_1_62' title="bbox 2322 1888 3851 1957">
    <p class='ocr_par' dir='ltr' id='par_1_62' title="bbox 2322 1888 3851 1957">
     <span class='ocr_line' id='line_1_62' title="bbox 2322 1888 3851 1957; baseline 0.002 -16"><span class='ocrx_word' id='word_1_414' title='bbox 2322 1888 2776 1957; x_wconf 90' lang='lat' dir='ltr'><strong>pertractaverint</strong></span> <span class='ocrx_word' id='word_1_415' title='bbox 2817 1889 3122 1945; x_wconf 89' lang='lat' dir='ltr'><strong>doctissimi</strong></span> <span class='ocrx_word' id='word_1_416' title='bbox 3163 1889 3288 1955; x_wconf 88' lang='lat' dir='ltr'><strong>viri,</strong></span> <span class='ocrx_word' id='word_1_417' title='bbox 3333 1898 3445 1944; x_wconf 92' lang='lat' dir='ltr'><strong>tum</strong></span> <span class='ocrx_word' id='word_1_418' title='bbox 3474 1889 3739 1953; x_wconf 87' lang='lat' dir='ltr'><strong>catholici,</strong></span> <span class='ocrx_word' id='word_1_419' title='bbox 3763 1900 3851 1945; x_wconf 89' lang='lat' dir='ltr'><strong>tum</strong></span> 
     </span>
    </p>
   </div>
   <div class='ocr_carea' id='block_1_63' title="bbox 2323 1980 3853 2052">
    <p class='ocr_par' dir='ltr' id='par_1_63' title="bbox 2323 1980 3853 2052">
     <span class='ocr_line' id='line_1_63' title="bbox 2323 1980 3853 2052; baseline 0.001 -19"><span class='ocrx_word' id='word_1_420' title='bbox 2323 1980 2606 2051; x_wconf 87' lang='lat' dir='ltr'><strong>Anglicani</strong></span> <span class='ocrx_word' id='word_1_421' title='bbox 2632 1981 2994 2052; x_wconf 88' lang='lat' dir='ltr'><strong>episcopales,</strong></span> <span class='ocrx_word' id='word_1_422' title='bbox 3024 1992 3076 2037; x_wconf 90' lang='lat' dir='ltr'><strong>et</strong></span> <span class='ocrx_word' id='word_1_423' title='bbox 3100 1997 3128 2036; x_wconf 90' lang='lat' dir='ltr'><strong>a</strong></span> <span class='ocrx_word' id='word_1_424' title='bbox 3160 1982 3548 2036; x_wconf 87' lang='lat' dir='ltr'><strong>Puritanorum</strong></span> <span class='ocrx_word' id='word_1_425' title='bbox 3594 1983 3736 2037; x_wconf 91' lang='lat' dir='ltr'><strong>tricis</strong></span> <span class='ocrx_word' id='word_1_426' title='bbox 3759 1998 3853 2035; x_wconf 86' lang='lat' dir='ltr'><strong>mu-</strong></span> 
     </span>
    </p>
   </div>
   <div class='ocr_carea' id='block_1_64' title="bbox 2324 2072 3851 2145">
    <p class='ocr_par' dir='ltr' id='par_1_64' title="bbox 2324 2072 3851 2145">
     <span class='ocr_line' id='line_1_64' title="bbox 2324 2072 3851 2145; baseline 0 -19"><span class='ocrx_word' id='word_1_427' title='bbox 2324 2073 2553 2137; x_wconf 89' lang='lat' dir='ltr'><strong>nicrint,</strong></span> <span class='ocrx_word' id='word_1_428' title='bbox 2586 2072 2833 2142; x_wconf 90' lang='lat' dir='ltr'><strong>pluribus</strong></span> <span class='ocrx_word' id='word_1_429' title='bbox 2868 2074 3115 2128; x_wconf 89' lang='lat' dir='ltr'><strong>dicendis</strong></span> <span class='ocrx_word' id='word_1_430' title='bbox 3149 2075 3504 2145; x_wconf 82' lang='lat' dir='ltr'><strong>supersedeo.</strong></span> <span class='ocrx_word' id='word_1_431' title='bbox 3542 2073 3713 2130; x_wconf 87' lang='lat' dir='ltr'><strong>Unum</strong></span> <span class='ocrx_word' id='word_1_432' title='bbox 3740 2075 3851 2129; x_wconf 85' lang='lat' dir='ltr'><strong>dun-</strong></span> 
     </span>
    </p>
   </div>
   <div class='ocr_carea' id='block_1_65' title="bbox 2323 2163 3850 2233">
    <p class='ocr_par' dir='ltr' id='par_1_65' title="bbox 2323 2163 3850 2233">
     <span class='ocr_line' id='line_1_65' title="bbox 2323 2163 3850 2233; baseline 0.001 -16"><span class='ocrx_word' id='word_1_433' title='bbox 2323 2172 2474 2218; x_wconf 79' lang='lat' dir='ltr'><strong>taxat</strong></span> <span class='ocrx_word' id='word_1_434' title='bbox 2532 2165 2618 2218; x_wconf 90' lang='lat' dir='ltr'><strong>hic</strong></span> <span class='ocrx_word' id='word_1_435' title='bbox 2660 2165 2984 2229; x_wconf 85' lang='lat' dir='ltr'><strong>observabo,</strong></span> <span class='ocrx_word' id='word_1_436' title='bbox 3039 2163 3304 2219; x_wconf 85' lang='lat' dir='ltr'><strong>lrenaum</strong></span> <span class='ocrx_word' id='word_1_437' title='bbox 3342 2166 3544 2220; x_wconf 91' lang='lat' dir='ltr'><strong>dudum</strong></span> <span class='ocrx_word' id='word_1_438' title='bbox 3596 2178 3850 2233; x_wconf 79' lang='lat' dir='ltr'><strong>occupasse</strong></span> 
     </span>
    </p>
   </div>
   <div class='ocr_carea' id='block_1_66' title="bbox 2321 2251 3847 2325">
    <p class='ocr_par' dir='ltr' id='par_1_66' title="bbox 2321 2251 3847 2325">
     <span class='ocr_line' id='line_1_66' title="bbox 2321 2251 3847 2325; baseline 0.001 -22"><span class='ocrx_word' id='word_1_439' title='bbox 2321 2262 2701 2319; x_wconf 86' lang='lat' dir='ltr'><strong>argumentum</strong></span> <span class='ocrx_word' id='word_1_440' title='bbox 2733 2251 2863 2305; x_wconf 90' lang='lat' dir='ltr'><strong>illud</strong></span> <span class='ocrx_word' id='word_1_441' title='bbox 2888 2254 3028 2321; x_wconf 79' lang='lat' dir='ltr'><strong>quod</strong></span> <span class='ocrx_word' id='word_1_442' title='bbox 3056 2251 3301 2308; x_wconf 89' lang='lat' dir='ltr'><strong>Pnritani</strong></span> <span class='ocrx_word' id='word_1_443' title='bbox 3331 2263 3523 2325; x_wconf 90' lang='lat' dir='ltr'><strong>petunt</strong></span> <span class='ocrx_word' id='word_1_444' title='bbox 3548 2253 3615 2309; x_wconf 89' lang='lat' dir='ltr'><strong>ab</strong></span> <span class='ocrx_word' id='word_1_445' title='bbox 3634 2256 3695 2308; x_wconf 90' lang='lat' dir='ltr'><strong>iis</strong></span> <span class='ocrx_word' id='word_1_446' title='bbox 3712 2255 3847 2309; x_wconf 82' lang='lat' dir='ltr'><strong>Acto-</strong></span> 
     </span>
    </p>
   </div>
   <div class='ocr_carea' id='block_1_67' title="bbox 2322 2342 3847 2414">
    <p class='ocr_par' dir='ltr' id='par_1_67' title="bbox 2322 2342 3847 2414">
     <span class='ocr_line' id='line_1_67' title="bbox 2322 2342 3847 2414; baseline 0.001 -19"><span class='ocrx_word' id='word_1_447' title='bbox 2322 2357 2440 2396; x_wconf 89' lang='lat' dir='ltr'><strong>rum</strong></span> <span class='ocrx_word' id='word_1_448' title='bbox 2469 2359 2560 2405; x_wconf 81' lang='lat' dir='ltr'><strong>xx.</strong></span> <span class='ocrx_word' id='word_1_449' title='bbox 2588 2342 2676 2407; x_wconf 81' lang='lat' dir='ltr'><strong>I7,</strong></span> <span class='ocrx_word' id='word_1_450' title='bbox 2708 2344 2890 2399; x_wconf 79' lang='lat' dir='ltr'><strong>verbis</strong></span> <span class='ocrx_word' id='word_1_451' title='bbox 2918 2362 2931 2398; x_wconf 89' lang='lat'><strong>:</strong></span> <span class='ocrx_word' id='word_1_452' title='bbox 2965 2347 3009 2398; x_wconf 80' lang='grc' dir='ltr'><em>Α</em></span> <span class='ocrx_word' id='word_1_453' title='bbox 3041 2345 3224 2399; x_wconf 80' lang='lat' dir='ltr'><strong>Mileto</strong></span> <span class='ocrx_word' id='word_1_454' title='bbox 3253 2345 3461 2400; x_wconf 87' lang='lat' dir='ltr'><strong>Paulus</strong></span> <span class='ocrx_word' id='word_1_455' title='bbox 3485 2349 3679 2401; x_wconf 90' lang='lat' dir='ltr'><strong>mittens</strong></span> <span class='ocrx_word' id='word_1_456' title='bbox 3711 2345 3847 2414; x_wconf 77' lang='lat' dir='ltr'><strong>Ephe-</strong></span> 
     </span>
    </p>
   </div>
   <div class='ocr_carea' id='block_1_68' title="bbox 2317 2436 3844 2511">
    <p class='ocr_par' dir='ltr' id='par_1_68' title="bbox 2317 2436 3844 2511">
     <span class='ocr_line' id='line_1_68' title="bbox 2317 2436 3844 2511; baseline 0.003 -23"><span class='ocrx_word' id='word_1_457' title='bbox 2317 2451 2453 2499; x_wconf 89' lang='lat' dir='ltr'><strong>sum,</strong></span> <span class='ocrx_word' id='word_1_458' title='bbox 2487 2436 2686 2489; x_wconf 83' lang='lat' dir='ltr'><strong>vocavit</strong></span> <span class='ocrx_word' id='word_1_459' title='bbox 2716 2436 2943 2505; x_wconf 85' lang='lat' dir='ltr'><strong>majores</strong></span> <span class='ocrx_word' id='word_1_460' title='bbox 2967 2450 3094 2491; x_wconf 89' lang='lat' dir='ltr'><strong>natu</strong></span> <span class='ocrx_word' id='word_1_461' title='bbox 3121 2437 3392 2505; x_wconf 66' lang='lat' dir='ltr'><strong>Ecclesiae,</strong></span> <span class='ocrx_word' id='word_1_462' title='bbox 3426 2440 3557 2504; x_wconf 77' lang='grc' dir='ltr'><strong>τοὺς</strong></span> <span class='ocrx_word' id='word_1_463' title='bbox 3589 2439 3844 2511; x_wconf 80' lang='grc' dir='ltr'><strong>πρεσϐυτέ-</strong></span> 
     </span>
    </p>
   </div>
   <div class='ocr_carea' id='block_1_69' title="bbox 2320 2527 3843 2600">
    <p class='ocr_par' dir='ltr' id='par_1_69' title="bbox 2320 2527 3843 2600">
     <span class='ocr_line' id='line_1_69' title="bbox 2320 2527 3843 2600; baseline -0.003 -13"><span class='ocrx_word' id='word_1_464' title='bbox 2320 2544 2446 2597; x_wconf 79' lang='grc' dir='ltr'><strong>ρους</strong></span> <span class='ocrx_word' id='word_1_465' title='bbox 2476 2527 2577 2599; x_wconf 83' lang='grc' dir='ltr'><strong>τῆς</strong></span> <span class='ocrx_word' id='word_1_466' title='bbox 2623 2528 2969 2600; x_wconf 74' lang='grc' dir='ltr'><strong>Ἐκκλησίας.</strong></span> <span class='ocrx_word' id='word_1_467' title='bbox 3002 2532 3104 2597; x_wconf 85' lang='lat' dir='ltr'><strong>Qui</strong></span> <span class='ocrx_word' id='word_1_468' title='bbox 3132 2550 3251 2586; x_wconf 91' lang='lat' dir='ltr'><strong>cum</strong></span> <span class='ocrx_word' id='word_1_469' title='bbox 3282 2534 3538 2587; x_wconf 84' lang='lat' dir='ltr'><strong>venissent</strong></span> <span class='ocrx_word' id='word_1_470' title='bbox 3576 2534 3641 2585; x_wconf 90' lang='lat' dir='ltr'><strong>ad</strong></span> <span class='ocrx_word' id='word_1_471' title='bbox 3667 2549 3785 2597; x_wconf 86' lang='lat' dir='ltr'><strong>eum,</strong></span> <span class='ocrx_word' id='word_1_472' title='bbox 3808 2541 3843 2583; x_wconf 83' lang='lat' dir='ltr'><strong>et</strong></span> 
     </span>
    </p>
   </div>
   <div class='ocr_carea' id='block_1_70' title="bbox 2317 2620 3842 2683">
    <p class='ocr_par' dir='ltr' id='par_1_70' title="bbox 2317 2620 3842 2683">
     <span class='ocr_line' id='line_1_70' title="bbox 2317 2620 3842 2683; baseline 0.002 -10"><span class='ocrx_word' id='word_1_473' title='bbox 2317 2620 2476 2673; x_wconf 90' lang='lat' dir='ltr'><strong>simul</strong></span> <span class='ocrx_word' id='word_1_474' title='bbox 2506 2629 2699 2683; x_wconf 86' lang='lat' dir='ltr'><strong>essent,</strong></span> <span class='ocrx_word' id='word_1_475' title='bbox 2723 2623 2858 2674; x_wconf 73' lang='lat' dir='ltr'><strong>dixit</strong></span> <span class='ocrx_word' id='word_1_476' title='bbox 2887 2626 3050 2677; x_wconf 89' lang='lat' dir='ltr'><strong>eis....</strong></span> <span class='ocrx_word' id='word_1_477' title='bbox 3093 2626 3360 2679; x_wconf 83' lang='lat' dir='ltr'><strong>Attendite</strong></span> <span class='ocrx_word' id='word_1_478' title='bbox 3380 2627 3525 2680; x_wconf 66' lang='lat' dir='ltr'><strong>vobis</strong></span> <span class='ocrx_word' id='word_1_479' title='bbox 3555 2636 3602 2680; x_wconf 89' lang='lat' dir='ltr'><strong>et</strong></span> <span class='ocrx_word' id='word_1_480' title='bbox 3643 2630 3842 2680; x_wconf 76' lang='lat' dir='ltr'><strong>universo</strong></span> 
     </span>
    </p>
   </div>
   <div class='ocr_carea' id='block_1_71' title="bbox 2316 2711 3841 2787">
    <p class='ocr_par' dir='ltr' id='par_1_71' title="bbox 2316 2711 3841 2787">
     <span class='ocr_line' id='line_1_71' title="bbox 2316 2711 3841 2787; baseline 0.003 -24"><span class='ocrx_word' id='word_1_481' title='bbox 2316 2711 2480 2780; x_wconf 84' lang='lat' dir='ltr'><strong>gregi,</strong></span> <span class='ocrx_word' id='word_1_482' title='bbox 2528 2713 2581 2767; x_wconf 91' lang='lat' dir='ltr'><strong>in</strong></span> <span class='ocrx_word' id='word_1_483' title='bbox 2621 2729 2722 2783; x_wconf 82' lang='lat' dir='ltr'><strong>quo</strong></span> <span class='ocrx_word' id='word_1_484' title='bbox 2758 2729 2846 2767; x_wconf 77' lang='lat' dir='ltr'><strong>vos</strong></span> <span class='ocrx_word' id='word_1_485' title='bbox 2878 2713 3111 2783; x_wconf 86' lang='lat' dir='ltr'><strong>Spiritus</strong></span> <span class='ocrx_word' id='word_1_486' title='bbox 3158 2728 3373 2772; x_wconf 89' lang='lat' dir='ltr'><strong>sanctus</strong></span> <span class='ocrx_word' id='word_1_487' title='bbox 3412 2720 3591 2783; x_wconf 88' lang='lat' dir='ltr'><strong>posuit</strong></span> <span class='ocrx_word' id='word_1_488' title='bbox 3619 2718 3841 2787; x_wconf 82' lang='lat' dir='ltr'><strong>episcopos</strong></span> 
     </span>
    </p>
   </div>
   <div class='ocr_carea' id='block_1_72' title="bbox 2316 2803 3841 2877">
    <p class='ocr_par' dir='ltr' id='par_1_72' title="bbox 2316 2803 3841 2877">
     <span class='ocr_line' id='line_1_72' title="bbox 2316 2803 3841 2877; baseline 0.003 -23"><span class='ocrx_word' id='word_1_489' title='bbox 2316 2818 2490 2871; x_wconf 85' lang='lat' dir='ltr'><strong>regere</strong></span> <span class='ocrx_word' id='word_1_490' title='bbox 2519 2803 2814 2859; x_wconf 81' lang='lat' dir='ltr'><strong>Ecclesium</strong></span> <span class='ocrx_word' id='word_1_491' title='bbox 2856 2805 2975 2859; x_wconf 89' lang='lat' dir='ltr'><strong>Dei.</strong></span> <span class='ocrx_word' id='word_1_492' title='bbox 3021 2807 3187 2873; x_wconf 82' lang='lat' dir='ltr'><strong>Quasi</strong></span> <span class='ocrx_word' id='word_1_493' title='bbox 3217 2808 3421 2863; x_wconf 87' lang='lat' dir='ltr'><strong>Paulus</strong></span> <span class='ocrx_word' id='word_1_494' title='bbox 3458 2810 3550 2866; x_wconf 91' lang='lat' dir='ltr'><strong>hic</strong></span> <span class='ocrx_word' id='word_1_495' title='bbox 3588 2819 3732 2865; x_wconf 85' lang='lat' dir='ltr'><strong>vocet</strong></span> <span class='ocrx_word' id='word_1_496' title='bbox 3758 2808 3841 2877; x_wconf 87' lang='lat' dir='ltr'><strong>epi-</strong></span> 
     </span>
    </p>
   </div>
   <div class='ocr_carea' id='block_1_73' title="bbox 2315 2897 3839 2967">
    <p class='ocr_par' dir='ltr' id='par_1_73' title="bbox 2315 2897 3839 2967">
     <span class='ocr_line' id='line_1_73' title="bbox 2315 2897 3839 2967; baseline 0.001 -19"><span class='ocrx_word' id='word_1_497' title='bbox 2315 2910 2543 2963; x_wconf 89' lang='lat' dir='ltr'><strong>sc0pos,</strong></span> <span class='ocrx_word' id='word_1_498' title='bbox 2589 2910 2724 2965; x_wconf 92' lang='lat' dir='ltr'><strong>quos</strong></span> <span class='ocrx_word' id='word_1_499' title='bbox 2760 2897 3067 2953; x_wconf 90' lang='lat' dir='ltr'><strong>immediate</strong></span> <span class='ocrx_word' id='word_1_500' title='bbox 3118 2909 3275 2953; x_wconf 90' lang='lat' dir='ltr'><strong>antea</strong></span> <span class='ocrx_word' id='word_1_501' title='bbox 3322 2910 3614 2957; x_wconf 84' lang='lat' dir='ltr'><strong>vocaverat</strong></span> <span class='ocrx_word' id='word_1_502' title='bbox 3653 2900 3839 2967; x_wconf 81' lang='lat' dir='ltr'><strong>majores</strong></span> 
     </span>
    </p>
   </div>
   <div class='ocr_carea' id='block_1_74' title="bbox 2316 2986 3836 3059">
    <p class='ocr_par' dir='ltr' id='par_1_74' title="bbox 2316 2986 3836 3059">
     <span class='ocr_line' id='line_1_74' title="bbox 2316 2986 3836 3059; baseline 0.004 -24"><span class='ocrx_word' id='word_1_503' title='bbox 2316 2992 2468 3048; x_wconf 94' lang='lat' dir='ltr'><strong>natu,</strong></span> <span class='ocrx_word' id='word_1_504' title='bbox 2500 3000 2596 3039; x_wconf 90' lang='lat' dir='ltr'><strong>seu</strong></span> <span class='ocrx_word' id='word_1_505' title='bbox 2636 2987 2985 3057; x_wconf 87' lang='lat' dir='ltr'><strong>presbyteros</strong></span> <span class='ocrx_word' id='word_1_506' title='bbox 3010 2986 3269 3045; x_wconf 89' lang='lat' dir='ltr'><strong>Ecclesia</strong></span> <span class='ocrx_word' id='word_1_507' title='bbox 3312 2988 3617 3059; x_wconf 83' lang='lat' dir='ltr'><strong>Ephesina.</strong></span> <span class='ocrx_word' id='word_1_508' title='bbox 3659 2988 3755 3044; x_wconf 83' lang='lat' dir='ltr'><strong>Eos</strong></span> <span class='ocrx_word' id='word_1_509' title='bbox 3783 2988 3836 3042; x_wconf 87' lang='lat' dir='ltr'><strong>si-</strong></span> 
     </span>
    </p>
   </div>
   <div class='ocr_carea' id='block_1_75' title="bbox 2314 3075 3835 3148">
    <p class='ocr_par' dir='ltr' id='par_1_75' title="bbox 2314 3075 3835 3148">
     <span class='ocr_line' id='line_1_75' title="bbox 2314 3075 3835 3148; baseline 0.001 -19"><span class='ocrx_word' id='word_1_510' title='bbox 2314 3075 2529 3145; x_wconf 77' lang='lat' dir='ltr'><strong>quidem</strong></span> <span class='ocrx_word' id='word_1_511' title='bbox 2556 3078 3081 3148; x_wconf 82' lang='lat' dir='ltr'><strong>presbyteros.quos</strong></span> <span class='ocrx_word' id='word_1_512' title='bbox 3110 3078 3309 3134; x_wconf 88' lang='lat' dir='ltr'><strong>Paulus</strong></span> <span class='ocrx_word' id='word_1_513' title='bbox 3359 3080 3602 3137; x_wconf 80' lang='lat' dir='ltr'><strong>Miletum</strong></span> <span class='ocrx_word' id='word_1_514' title='bbox 3650 3083 3835 3134; x_wconf 81' lang='lat' dir='ltr'><strong>advoca-</strong></span> 
     </span>
    </p>
   </div>
   <div class='ocr_carea' id='block_1_76' title="bbox 2314 3166 3834 3242">
    <p class='ocr_par' dir='ltr' id='par_1_76' title="bbox 2314 3166 3834 3242">
     <span class='ocr_line' id='line_1_76' title="bbox 2314 3166 3834 3242; baseline 0.004 -23"><span class='ocrx_word' id='word_1_515' title='bbox 2314 3176 2484 3231; x_wconf 80' lang='lat' dir='ltr'><strong>verat,</strong></span> <span class='ocrx_word' id='word_1_516' title='bbox 2526 3166 2695 3223; x_wconf 81' lang='lat' dir='ltr'><strong>fuisse</strong></span> <span class='ocrx_word' id='word_1_517' title='bbox 2720 3176 2833 3222; x_wconf 90' lang='lat' dir='ltr'><strong>tum</strong></span> <span class='ocrx_word' id='word_1_518' title='bbox 2861 3169 3140 3239; x_wconf 88' lang='lat' dir='ltr'><strong>simplices</strong></span> <span class='ocrx_word' id='word_1_519' title='bbox 3169 3174 3548 3242; x_wconf 84' lang='lat' dir='ltr'><strong>presbyteros,</strong></span> <span class='ocrx_word' id='word_1_520' title='bbox 3609 3182 3708 3227; x_wconf 88' lang='lat' dir='ltr'><strong>tum</strong></span> <span class='ocrx_word' id='word_1_521' title='bbox 3749 3170 3834 3239; x_wconf 87' lang='lat' dir='ltr'><strong>epi-</strong></span> 
     </span>
    </p>
   </div>
   <div class='ocr_carea' id='block_1_77' title="bbox 2316 3263 3832 3333">
    <p class='ocr_par' dir='ltr' id='par_1_77' title="bbox 2316 3263 3832 3333">
     <span class='ocr_line' id='line_1_77' title="bbox 2316 3263 3832 3333; baseline -0.001 -20"><span class='ocrx_word' id='word_1_522' title='bbox 2316 3274 2526 3329; x_wconf 89' lang='lat' dir='ltr'><strong>sc0pos,</strong></span> <span class='ocrx_word' id='word_1_523' title='bbox 2555 3269 2608 3314; x_wconf 90' lang='lat' dir='ltr'><strong>et</strong></span> <span class='ocrx_word' id='word_1_524' title='bbox 2632 3270 2894 3327; x_wconf 90' lang='lat' dir='ltr'><strong>utrosque</strong></span> <span class='ocrx_word' id='word_1_525' title='bbox 2924 3278 3029 3318; x_wconf 92' lang='lat' dir='ltr'><strong>non</strong></span> <span class='ocrx_word' id='word_1_526' title='bbox 3056 3264 3124 3317; x_wconf 90' lang='lat' dir='ltr'><strong>ab</strong></span> <span class='ocrx_word' id='word_1_527' title='bbox 3143 3263 3354 3333; x_wconf 84' lang='lat' dir='ltr'><strong>Epheso</strong></span> <span class='ocrx_word' id='word_1_528' title='bbox 3385 3275 3613 3329; x_wconf 89' lang='lat' dir='ltr'><strong>tantum,</strong></span> <span class='ocrx_word' id='word_1_529' title='bbox 3636 3264 3717 3319; x_wconf 88' lang='lat' dir='ltr'><strong>sed</strong></span> <span class='ocrx_word' id='word_1_530' title='bbox 3748 3275 3789 3315; x_wconf 85' lang='lat' dir='ltr'><strong>et</strong></span> <span class='ocrx_word' id='word_1_531' title='bbox 3812 3275 3832 3311; x_wconf 84' lang='lat' dir='ltr'><strong>a</strong></span> 
     </span>
    </p>
   </div>
   <div class='ocr_carea' id='block_1_78' title="bbox 2320 3352 3831 3424">
    <p class='ocr_par' dir='ltr' id='par_1_78' title="bbox 2320 3352 3831 3424">
     <span class='ocr_line' id='line_1_78' title="bbox 2320 3352 3831 3424; baseline 0.002 -21"><span class='ocrx_word' id='word_1_532' title='bbox 2320 3352 2583 3419; x_wconf 83' lang='lat' dir='ltr'><strong>proximis</strong></span> <span class='ocrx_word' id='word_1_533' title='bbox 2605 3352 2751 3406; x_wconf 84' lang='lat' dir='ltr'><strong>Asia</strong></span> <span class='ocrx_word' id='word_1_534' title='bbox 2782 3353 3094 3408; x_wconf 85' lang='lat' dir='ltr'><strong>civitatibus</strong></span> <span class='ocrx_word' id='word_1_535' title='bbox 3137 3364 3469 3412; x_wconf 91' lang='lat' dir='ltr'><strong>convocatos</strong></span> <span class='ocrx_word' id='word_1_536' title='bbox 3492 3397 3507 3424; x_wconf 91' lang='lat'><strong>,</strong></span> <span class='ocrx_word' id='word_1_537' title='bbox 3546 3356 3729 3411; x_wconf 89' lang='lat' dir='ltr'><strong>diserte</strong></span> <span class='ocrx_word' id='word_1_538' title='bbox 3765 3368 3831 3407; x_wconf 80' lang='lat' dir='ltr'><strong>as-</strong></span> 
     </span>
    </p>
   </div>
   <div class='ocr_carea' id='block_1_79' title="bbox 2323 3442 3833 3518">
    <p class='ocr_par' dir='ltr' id='par_1_79' title="bbox 2323 3442 3833 3518">
     <span class='ocr_line' id='line_1_79' title="bbox 2323 3442 3833 3518; baseline 0.001 -24"><span class='ocrx_word' id='word_1_539' title='bbox 2323 3442 2458 3495; x_wconf 88' lang='lat' dir='ltr'><strong>serit</strong></span> <span class='ocrx_word' id='word_1_540' title='bbox 2510 3442 2748 3498; x_wconf 76' lang='lat' dir='ltr'><strong>Irenaus</strong></span> <span class='ocrx_word' id='word_1_541' title='bbox 2773 3445 2837 3497; x_wconf 75' lang='grc'><strong>⁸³.</strong></span> <span class='ocrx_word' id='word_1_542' title='bbox 2878 3443 2946 3499; x_wconf 87' lang='grc' dir='ltr'><em>1η</em></span> <span class='ocrx_word' id='word_1_543' title='bbox 2983 3444 3188 3511; x_wconf 81' lang='lat' dir='ltr'><strong>Mileto,</strong></span> <span class='ocrx_word' id='word_1_544' title='bbox 3220 3447 3419 3518; x_wconf 84' lang='lat' dir='ltr'><strong>inquit.</strong></span> <span class='ocrx_word' id='word_1_545' title='bbox 3454 3448 3731 3503; x_wconf 85' lang='lat' dir='ltr'><strong>convocatis</strong></span> <span class='ocrx_word' id='word_1_546' title='bbox 3750 3444 3833 3512; x_wconf 85' lang='lat' dir='ltr'><strong>epi-</strong></span> 
     </span>
    </p>
   </div>
   <div class='ocr_carea' id='block_1_80' title="bbox 2318 3535 3828 3607">
    <p class='ocr_par' dir='ltr' id='par_1_80' title="bbox 2318 3535 3828 3607">
     <span class='ocr_line' id='line_1_80' title="bbox 2318 3535 3828 3607; baseline 0.003 -20"><span class='ocrx_word' id='word_1_547' title='bbox 2318 3535 2489 3603; x_wconf 86' lang='lat' dir='ltr'><strong>scopis</strong></span> <span class='ocrx_word' id='word_1_548' title='bbox 2508 3545 2554 3588; x_wconf 92' lang='lat' dir='ltr'><strong>et</strong></span> <span class='ocrx_word' id='word_1_549' title='bbox 2576 3535 2907 3605; x_wconf 86' lang='lat' dir='ltr'><strong>presbyteris,</strong></span> <span class='ocrx_word' id='word_1_550' title='bbox 2931 3536 3021 3607; x_wconf 87' lang='lat' dir='ltr'><strong>qui</strong></span> <span class='ocrx_word' id='word_1_551' title='bbox 3051 3548 3198 3591; x_wconf 88' lang='lat' dir='ltr'><strong>erant</strong></span> <span class='ocrx_word' id='word_1_552' title='bbox 3217 3541 3280 3591; x_wconf 92' lang='lat' dir='ltr'><strong>ab</strong></span> <span class='ocrx_word' id='word_1_553' title='bbox 3304 3538 3533 3607; x_wconf 83' lang='lat' dir='ltr'><strong>Epheso,</strong></span> <span class='ocrx_word' id='word_1_554' title='bbox 3554 3551 3599 3596; x_wconf 85' lang='lat' dir='ltr'><strong>et</strong></span> <span class='ocrx_word' id='word_1_555' title='bbox 3619 3558 3649 3594; x_wconf 89' lang='lat' dir='ltr'><strong>a</strong></span> <span class='ocrx_word' id='word_1_556' title='bbox 3664 3538 3828 3606; x_wconf 68' lang='lat' dir='ltr'><strong>reliqua</strong></span> 
     </span>
    </p>
   </div>
   <div class='ocr_carea' id='block_1_81' title="bbox 2313 3628 3827 3701">
    <p class='ocr_par' dir='ltr' id='par_1_81' title="bbox 2313 3628 3827 3701">
     <span class='ocr_line' id='line_1_81' title="bbox 2313 3628 3827 3701; baseline 0.001 -22"><span class='ocrx_word' id='word_1_557' title='bbox 2313 3628 2564 3696; x_wconf 72' lang='lat' dir='ltr'><strong>proximis</strong></span> <span class='ocrx_word' id='word_1_558' title='bbox 2588 3628 2904 3693; x_wconf 86' lang='lat' dir='ltr'><strong>civitatibus,</strong></span> <span class='ocrx_word' id='word_1_559' title='bbox 2934 3630 3182 3698; x_wconf 89' lang='lat' dir='ltr'><strong>quoniam</strong></span> <span class='ocrx_word' id='word_1_560' title='bbox 3220 3633 3329 3699; x_wconf 87' lang='lat' dir='ltr'><strong>ipse</strong></span> <span class='ocrx_word' id='word_1_561' title='bbox 3359 3634 3636 3701; x_wconf 79' lang='lat' dir='ltr'><strong>festinaret</strong></span> <span class='ocrx_word' id='word_1_562' title='bbox 3682 3630 3827 3685; x_wconf 82' lang='lat' dir='ltr'><strong>Hiero-</strong></span> 
     </span>
    </p>
   </div>
   <div class='ocr_carea' id='block_1_82' title="bbox 2312 3716 3826 3795">
    <p class='ocr_par' dir='ltr' id='par_1_82' title="bbox 2312 3716 3826 3795">
     <span class='ocr_line' id='line_1_82' title="bbox 2312 3716 3826 3795; baseline 0.001 -24"><span class='ocrx_word' id='word_1_563' title='bbox 2312 3720 2569 3787; x_wconf 81' lang='lat' dir='ltr'><strong>solymam</strong></span> <span class='ocrx_word' id='word_1_564' title='bbox 2596 3716 2932 3774; x_wconf 87' lang='lat' dir='ltr'><strong>Pentecosten</strong></span> <span class='ocrx_word' id='word_1_565' title='bbox 2963 3738 3138 3791; x_wconf 87' lang='lat' dir='ltr'><strong>agere,</strong></span> <span class='ocrx_word' id='word_1_566' title='bbox 3181 3724 3345 3777; x_wconf 77' lang='lat' dir='ltr'><strong>multa</strong></span> <span class='ocrx_word' id='word_1_567' title='bbox 3377 3726 3658 3795; x_wconf 71' lang='lat' dir='ltr'><strong>testiﬁcaris</strong></span> <span class='ocrx_word' id='word_1_568' title='bbox 3683 3724 3760 3786; x_wconf 88' lang='lat' dir='ltr'><strong>eis,</strong></span> <span class='ocrx_word' id='word_1_569' title='bbox 3791 3728 3826 3772; x_wconf 82' lang='lat' dir='ltr'><strong>et</strong></span> 
     </span>
    </p>
   </div>
   <div class='ocr_carea' id='block_1_83' title="bbox 2311 3810 3833 3885">
    <p class='ocr_par' dir='ltr' id='par_1_83' title="bbox 2311 3810 3833 3885">
     <span class='ocr_line' id='line_1_83' title="bbox 2311 3810 3833 3885; baseline 0 -22"><span class='ocrx_word' id='word_1_570' title='bbox 2311 3810 2489 3864; x_wconf 87' lang='lat' dir='ltr'><strong>dicens</strong></span> <span class='ocrx_word' id='word_1_571' title='bbox 2508 3828 2626 3882; x_wconf 77' lang='lat' dir='ltr'><strong>qua:</strong></span> <span class='ocrx_word' id='word_1_572' title='bbox 2643 3823 2901 3881; x_wconf 89' lang='lat' dir='ltr'><strong>oporteret</strong></span> <span class='ocrx_word' id='word_1_573' title='bbox 2924 3814 2973 3867; x_wconf 87' lang='lat' dir='ltr'><strong>ei</strong></span> <span class='ocrx_word' id='word_1_574' title='bbox 3004 3814 3383 3885; x_wconf 83' lang='lat' dir='ltr'><strong>Hierosolymis</strong></span> <span class='ocrx_word' id='word_1_575' title='bbox 3404 3819 3623 3884; x_wconf 76' lang='lat' dir='ltr'><strong>evenire,</strong></span> <span class='ocrx_word' id='word_1_576' title='bbox 3646 3814 3833 3883; x_wconf 58' lang='lat' dir='ltr'><strong>adjecit:</strong></span> 
     </span>
    </p>
   </div>
   <div class='ocr_carea' id='block_1_84' title="bbox 2313 3902 3831 3979">
    <p class='ocr_par' dir='ltr' id='par_1_84' title="bbox 2313 3902 3831 3979">
     <span class='ocr_line' id='line_1_84' title="bbox 2313 3902 3831 3979; baseline 0.003 -23"><span class='ocrx_word' id='word_1_577' title='bbox 2313 3902 2437 3957; x_wconf 88' lang='lat' dir='ltr'><strong>Scio</strong></span> <span class='ocrx_word' id='word_1_578' title='bbox 2485 3906 2735 3974; x_wconf 87' lang='lat' dir='ltr'><strong>quoniam</strong></span> <span class='ocrx_word' id='word_1_579' title='bbox 2757 3905 2873 3976; x_wconf 86' lang='lat' dir='ltr'><strong>jam</strong></span> <span class='ocrx_word' id='word_1_580' title='bbox 2898 3923 3006 3961; x_wconf 88' lang='lat' dir='ltr'><strong>non</strong></span> <span class='ocrx_word' id='word_1_581' title='bbox 3046 3908 3285 3963; x_wconf 75' lang='lat' dir='ltr'><strong>videbitis</strong></span> <span class='ocrx_word' id='word_1_582' title='bbox 3317 3909 3508 3979; x_wconf 78' lang='lat' dir='ltr'><strong>[aciem</strong></span> <span class='ocrx_word' id='word_1_583' title='bbox 3536 3926 3717 3974; x_wconf 81' lang='lat' dir='ltr'><strong>meum,</strong></span> <span class='ocrx_word' id='word_1_584' title='bbox 3744 3916 3831 3969; x_wconf 54' lang='lat' dir='ltr'><strong>etc;</strong></span> 
     </span>
    </p>
   </div>
   <div class='ocr_carea' id='block_1_85' title="bbox 2314 3994 3827 4073">
    <p class='ocr_par' dir='ltr' id='par_1_85' title="bbox 2314 3994 3827 4073">
     <span class='ocr_line' id='line_1_85' title="bbox 2314 3994 3827 4073; baseline 0.002 -23"><span class='ocrx_word' id='word_1_585' title='bbox 2314 3994 2474 4050; x_wconf 85' lang='lat' dir='ltr'><strong>Clara</strong></span> <span class='ocrx_word' id='word_1_586' title='bbox 2504 4006 2630 4051; x_wconf 91' lang='lat' dir='ltr'><strong>sunt</strong></span> <span class='ocrx_word' id='word_1_587' title='bbox 2652 3996 2787 4064; x_wconf 85' lang='lat' dir='ltr'><strong>hac,</strong></span> <span class='ocrx_word' id='word_1_588' title='bbox 2814 4014 2916 4053; x_wconf 93' lang='lat' dir='ltr'><strong>nec</strong></span> <span class='ocrx_word' id='word_1_589' title='bbox 2938 3999 3060 4053; x_wconf 92' lang='lat' dir='ltr'><strong>ullis</strong></span> <span class='ocrx_word' id='word_1_590' title='bbox 3095 4000 3479 4057; x_wconf 89' lang='lat' dir='ltr'><strong>Puritanorum</strong></span> <span class='ocrx_word' id='word_1_591' title='bbox 3518 4004 3707 4059; x_wconf 89' lang='lat' dir='ltr'><strong>nebulis</strong></span> <span class='ocrx_word' id='word_1_592' title='bbox 3731 4000 3827 4073; x_wconf 52' lang='lat' dir='ltr'><strong>otism;</strong></span> 
     </span>
    </p>
   </div>
   <div class='ocr_carea' id='block_1_86' title="bbox 2316 4087 3823 4165">
    <p class='ocr_par' dir='ltr' id='par_1_86' title="bbox 2316 4087 3823 4165">
     <span class='ocr_line' id='line_1_86' title="bbox 2316 4087 3823 4165; baseline 0 -24"><span class='ocrx_word' id='word_1_593' title='bbox 2316 4087 2580 4141; x_wconf 88' lang='lat' dir='ltr'><strong>curanda.</strong></span> <span class='ocrx_word' id='word_1_594' title='bbox 2608 4087 2755 4154; x_wconf 89' lang='lat' dir='ltr'><strong>Quos</strong></span> <span class='ocrx_word' id='word_1_595' title='bbox 2787 4089 3013 4159; x_wconf 89' lang='lat' dir='ltr'><strong>proinde</strong></span> <span class='ocrx_word' id='word_1_596' title='bbox 3038 4090 3330 4162; x_wconf 85' lang='lat' dir='ltr'><strong>Apostolus</strong></span> <span class='ocrx_word' id='word_1_597' title='bbox 3368 4094 3650 4165; x_wconf 90' lang='lat' dir='ltr'><strong>episcopos</strong></span> <span class='ocrx_word' id='word_1_598' title='bbox 3676 4091 3823 4165; x_wconf 76' lang='lat' dir='ltr'><strong>dicite</strong></span> 
     </span>
    </p>
   </div>
   <div class='ocr_carea' id='block_1_87' title="bbox 2317 4162 3821 4253">
    <p class='ocr_par' dir='ltr' id='par_1_87' title="bbox 2317 4162 3821 4253">
     <span class='ocr_line' id='line_1_87' title="bbox 2317 4162 3821 4253; baseline -0.001 -18"><span class='ocrx_word' id='word_1_599' title='bbox 2317 4179 2523 4250; x_wconf 86' lang='lat' dir='ltr'><strong>Spiritu</strong></span> <span class='ocrx_word' id='word_1_600' title='bbox 2572 4193 2755 4236; x_wconf 84' lang='lat' dir='ltr'><strong>sancto</strong></span> <span class='ocrx_word' id='word_1_601' title='bbox 2800 4184 2996 4251; x_wconf 89' lang='lat' dir='ltr'><strong>positos</strong></span> <span class='ocrx_word' id='word_1_602' title='bbox 3054 4200 3229 4253; x_wconf 87' lang='lat' dir='ltr'><strong>regere</strong></span> <span class='ocrx_word' id='word_1_603' title='bbox 3277 4162 3570 4241; x_wconf 75' lang='lat' dir='ltr'><strong>Ecclesium</strong></span> <span class='ocrx_word' id='word_1_604' title='bbox 3604 4186 3703 4247; x_wconf 84' lang='lat' dir='ltr'><strong>Dei,</strong></span> <span class='ocrx_word' id='word_1_605' title='bbox 3743 4162 3821 4253; x_wconf 53' lang='lat' dir='ltr'><strong>nos</strong></span> 
     </span>
    </p>
   </div>
   <div class='ocr_carea' id='block_1_88' title="bbox 2315 4250 3817 4346">
    <p class='ocr_par' dir='ltr' id='par_1_88' title="bbox 2315 4250 3817 4346">
     <span class='ocr_line' id='line_1_88' title="bbox 2315 4250 3817 4346; baseline -0.002 -19"><span class='ocrx_word' id='word_1_606' title='bbox 2315 4282 2474 4327; x_wconf 89' lang='lat' dir='ltr'><strong>erant</strong></span> <span class='ocrx_word' id='word_1_607' title='bbox 2507 4250 2810 4344; x_wconf 84' lang='lat' dir='ltr'><strong>presbyteri</strong></span> <span class='ocrx_word' id='word_1_608' title='bbox 2842 4250 3127 4343; x_wconf 65' lang='lat' dir='ltr'><strong>Ephesini,</strong></span> <span class='ocrx_word' id='word_1_609' title='bbox 3151 4277 3244 4329; x_wconf 89' lang='lat' dir='ltr'><strong>sed</strong></span> <span class='ocrx_word' id='word_1_610' title='bbox 3278 4276 3521 4346; x_wconf 89' lang='lat' dir='ltr'><strong>ejusdem</strong></span> <span class='ocrx_word' id='word_1_611' title='bbox 3551 4275 3688 4330; x_wconf 89' lang='lat' dir='ltr'><strong>urbis</strong></span> <span class='ocrx_word' id='word_1_612' title='bbox 3732 4267 3816 4338; x_wconf 67' lang='lat' dir='ltr'><strong>epit</strong></span> 
     </span>
    </p>
   </div>
   <div class='ocr_carea' id='block_1_89' title="bbox 2315 4342 3814 4585">
    <p class='ocr_par' dir='ltr' id='par_1_89' title="bbox 2315 4342 3814 4585">
     <span class='ocr_line' id='line_1_89' title="bbox 2315 4342 3814 4585; baseline -0.004 -165"><span class='ocrx_word' id='word_1_613' title='bbox 2315 4380 2555 4433; x_wconf 86' lang='lat' dir='ltr'><strong>scopus,</strong></span> <span class='ocrx_word' id='word_1_614' title='bbox 2637 4378 2682 4418; x_wconf 88' lang='lat' dir='ltr'><strong>et</strong></span> <span class='ocrx_word' id='word_1_615' title='bbox 2760 4366 3079 4436; x_wconf 85' lang='lat' dir='ltr'><strong>reliquarum</strong></span> <span class='ocrx_word' id='word_1_616' title='bbox 3167 4342 3534 4437; x_wconf 71' lang='lat' dir='ltr'><strong>proximarum</strong></span> <span class='ocrx_word' id='word_1_617' title='bbox 3606 4342 3814 4585; x_wconf 52' lang='lat' dir='ltr'><strong>civitatuT</strong></span> 
     </span>
     <span class='ocr_line' id='line_1_90' title="bbox 2315 4468 2578 4524; baseline 0 -15"><span class='ocrx_word' id='word_1_618' title='bbox 2315 4468 2578 4524; x_wconf 78' lang='lat' dir='ltr'><strong>episcopi.</strong></span> 
     </span>
    </p>
   </div>
   <div class='ocr_carea' id='block_1_90' title="bbox 2315 4468 2578 4524">
    <p class='ocr_par' dir='ltr' id='par_1_90' title="bbox 2315 4468 2578 4524">
     <span class='ocr_line' id='line_1_91' title="bbox 2315 4468 2578 4524; baseline 0 -15"><span class='ocrx_word' id='word_1_619' title='bbox 2315 4468 2578 4524; x_wconf 81' lang='lat' dir='ltr'><strong>episcopi.</strong></span> 
     </span>
    </p>
   </div>
   <div class='ocr_carea' id='block_1_91' title="bbox 3783 4808 3795 5097">
    <p class='ocr_par' dir='ltr' id='par_1_91' title="bbox 3783 4808 3795 5097">
     <span class='ocr_line' id='line_1_92' title="bbox 3783 4808 3795 5097; baseline 0 -256"><span class='ocrx_word' id='word_1_620' title='bbox 3784 4848 3793 4995; x_wconf 29' lang='grc' dir='ltr'><strong><em>ᾗ</em></strong></span> 
     </span>
    </p>
   </div>
   <div class='ocr_carea' id='block_1_92' title="bbox 702 5098 3784 5169">
    <p class='ocr_par' dir='ltr' id='par_1_92' title="bbox 702 5098 3784 5169">
     <span class='ocr_line' id='line_1_93' title="bbox 702 5098 3784 5169; baseline -0.002 -16"><span class='ocrx_word' id='word_1_621' title='bbox 702 5098 794 5153; x_wconf 76' lang='grc'><strong>26.</strong></span> <span class='ocrx_word' id='word_1_622' title='bbox 843 5098 979 5154; x_wconf 88' lang='lat' dir='ltr'><strong>Cum</strong></span> <span class='ocrx_word' id='word_1_623' title='bbox 1032 5110 1186 5156; x_wconf 80' lang='lat' dir='ltr'><strong>extra</strong></span> <span class='ocrx_word' id='word_1_624' title='bbox 1244 5116 1427 5156; x_wconf 91' lang='lat' dir='ltr'><strong>veram</strong></span> <span class='ocrx_word' id='word_1_625' title='bbox 1482 5100 1684 5157; x_wconf 86' lang='lat' dir='ltr'><strong>Christi</strong></span> <span class='ocrx_word' id='word_1_626' title='bbox 1730 5100 2035 5155; x_wconf 75' lang='lat' dir='ltr'><strong>Ecclesium</strong></span> <span class='ocrx_word' id='word_1_627' title='bbox 2059 5100 2208 5154; x_wconf 90' lang='lat' dir='ltr'><strong>salus</strong></span> <span class='ocrx_word' id='word_1_628' title='bbox 2239 5108 2283 5162; x_wconf 82' lang='grc' dir='ltr'><strong>ι)</strong></span> <span class='ocrx_word' id='word_1_629' title='bbox 2318 5109 2465 5162; x_wconf 88' lang='lat' dir='ltr'><strong>rant,</strong></span> <span class='ocrx_word' id='word_1_630' title='bbox 2520 5099 2898 5168; x_wconf 77' lang='lat' dir='ltr'><strong>hareticisque</strong></span> <span class='ocrx_word' id='word_1_631' title='bbox 2937 5115 3001 5156; x_wconf 88' lang='lat' dir='ltr'><strong>ac</strong></span> <span class='ocrx_word' id='word_1_632' title='bbox 3055 5100 3421 5157; x_wconf 89' lang='lat' dir='ltr'><strong>schismaticis</strong></span> <span class='ocrx_word' id='word_1_633' title='bbox 3462 5098 3699 5169; x_wconf 88' lang='lat' dir='ltr'><strong>objiciunt</strong></span> <span class='ocrx_word' id='word_1_634' title='bbox 3732 5100 3784 5169; x_wconf 64' lang='grc' dir='ltr'><strong>ιιῃ</strong></span> 
     </span>
    </p>
   </div>
   <div class='ocr_carea' id='block_1_93' title="bbox 633 5191 2202 5263">
    <p class='ocr_par' dir='ltr' id='par_1_93' title="bbox 633 5191 2202 5263">
     <span class='ocr_line' id='line_1_94' title="bbox 633 5191 2202 5263; baseline -0.001 -16"><span class='ocrx_word' id='word_1_635' title='bbox 633 5191 871 5247; x_wconf 87' lang='lat' dir='ltr'><strong>obtineri</strong></span> <span class='ocrx_word' id='word_1_636' title='bbox 900 5208 1007 5248; x_wconf 91' lang='lat' dir='ltr'><strong>non</strong></span> <span class='ocrx_word' id='word_1_637' title='bbox 1043 5194 1250 5263; x_wconf 91' lang='lat' dir='ltr'><strong>possit,</strong></span> <span class='ocrx_word' id='word_1_638' title='bbox 1285 5194 1483 5250; x_wconf 84' lang='lat' dir='ltr'><strong>divina</strong></span> <span class='ocrx_word' id='word_1_639' title='bbox 1506 5193 1738 5249; x_wconf 89' lang='lat' dir='ltr'><strong>bonitati</strong></span> <span class='ocrx_word' id='word_1_640' title='bbox 1776 5202 2202 5247; x_wconf 87' lang='lat' dir='ltr'><strong>consentaneum</strong></span> 
     </span>
    </p>
   </div>
   <div class='ocr_carea' id='block_1_94' title="bbox 632 5283 2203 5352">
    <p class='ocr_par' dir='ltr' id='par_1_94' title="bbox 632 5283 2203 5352">
     <span class='ocr_line' id='line_1_95' title="bbox 632 5283 2203 5352; baseline 0.001 -17"><span class='ocrx_word' id='word_1_641' title='bbox 632 5290 776 5346; x_wconf 86' lang='lat' dir='ltr'><strong>erat,</strong></span> <span class='ocrx_word' id='word_1_642' title='bbox 820 5291 878 5335; x_wconf 93' lang='lat' dir='ltr'><strong>ut</strong></span> <span class='ocrx_word' id='word_1_643' title='bbox 903 5295 990 5347; x_wconf 90' lang='lat' dir='ltr'><strong>ea,</strong></span> <span class='ocrx_word' id='word_1_644' title='bbox 1016 5283 1145 5337; x_wconf 91' lang='lat' dir='ltr'><strong>solis</strong></span> <span class='ocrx_word' id='word_1_645' title='bbox 1170 5284 1361 5347; x_wconf 91' lang='lat' dir='ltr'><strong>instar,</strong></span> <span class='ocrx_word' id='word_1_646' title='bbox 1389 5283 1721 5339; x_wconf 89' lang='lat' dir='ltr'><strong>clarissimos</strong></span> <span class='ocrx_word' id='word_1_647' title='bbox 1749 5283 1991 5352; x_wconf 90' lang='lat' dir='ltr'><strong>undique</strong></span> <span class='ocrx_word' id='word_1_648' title='bbox 2021 5283 2203 5337; x_wconf 89' lang='lat' dir='ltr'><strong>radios</strong></span> 
     </span>
    </p>
   </div>
   <div class='ocr_carea' id='block_1_95' title="bbox 634 5370 2206 5444">
    <p class='ocr_par' dir='ltr' id='par_1_95' title="bbox 634 5370 2206 5444">
     <span class='ocr_line' id='line_1_96' title="bbox 634 5370 2206 5444; baseline 0.001 -19"><span class='ocrx_word' id='word_1_649' title='bbox 634 5370 984 5438; x_wconf 79' lang='lat' dir='ltr'><strong>diffunderet,</strong></span> <span class='ocrx_word' id='word_1_650' title='bbox 1028 5373 1224 5442; x_wconf 85' lang='lat' dir='ltr'><strong>quibus</strong></span> <span class='ocrx_word' id='word_1_651' title='bbox 1260 5373 1519 5430; x_wconf 90' lang='lat' dir='ltr'><strong>facillime</strong></span> <span class='ocrx_word' id='word_1_652' title='bbox 1568 5376 1817 5442; x_wconf 74' lang='lat' dir='ltr'><strong>cognosci</strong></span> <span class='ocrx_word' id='word_1_653' title='bbox 1859 5383 2076 5444; x_wconf 90' lang='lat' dir='ltr'><strong>posset;</strong></span> <span class='ocrx_word' id='word_1_654' title='bbox 2111 5389 2206 5429; x_wconf 89' lang='lat' dir='ltr'><strong>seu</strong></span> 
     </span>
    </p>
   </div>
   <div class='ocr_carea' id='block_1_96' title="bbox 633 5464 2209 5537">
    <p class='ocr_par' dir='ltr' id='par_1_96' title="bbox 633 5464 2209 5537">
     <span class='ocr_line' id='line_1_97' title="bbox 633 5464 2209 5537; baseline 0 -18"><span class='ocrx_word' id='word_1_655' title='bbox 633 5465 800 5519; x_wconf 89' lang='lat' dir='ltr'><strong>certis</strong></span> <span class='ocrx_word' id='word_1_656' title='bbox 834 5464 1157 5533; x_wconf 87' lang='lat' dir='ltr'><strong>quibusdam</strong></span> <span class='ocrx_word' id='word_1_657' title='bbox 1193 5480 1258 5519; x_wconf 91' lang='lat' dir='ltr'><strong>ac</strong></span> <span class='ocrx_word' id='word_1_658' title='bbox 1282 5466 1587 5537; x_wconf 84' lang='lat' dir='ltr'><strong>perspicuis</strong></span> <span class='ocrx_word' id='word_1_659' title='bbox 1620 5467 1763 5523; x_wconf 92' lang='lat' dir='ltr'><strong>notis</strong></span> <span class='ocrx_word' id='word_1_660' title='bbox 1791 5476 1846 5522; x_wconf 90' lang='lat' dir='ltr'><strong>et</strong></span> <span class='ocrx_word' id='word_1_661' title='bbox 1869 5466 2209 5521; x_wconf 76' lang='lat' dir='ltr'><strong>characteri-</strong></span> 
     </span>
    </p>
   </div>
   <div class='ocr_carea' id='block_1_97' title="bbox 634 5557 2199 5628">
    <p class='ocr_par' dir='ltr' id='par_1_97' title="bbox 634 5557 2199 5628">
     <span class='ocr_line' id='line_1_98' title="bbox 634 5557 2199 5628; baseline 0.001 -16"><span class='ocrx_word' id='word_1_662' title='bbox 634 5557 736 5613; x_wconf 90' lang='lat' dir='ltr'><strong>bus</strong></span> <span class='ocrx_word' id='word_1_663' title='bbox 777 5557 1154 5627; x_wconf 85' lang='lat' dir='ltr'><strong>insigniretur.</strong></span> <span class='ocrx_word' id='word_1_664' title='bbox 1188 5560 1382 5627; x_wconf 89' lang='lat' dir='ltr'><strong>quibus</strong></span> <span class='ocrx_word' id='word_1_665' title='bbox 1433 5562 1504 5616; x_wconf 91' lang='lat' dir='ltr'><strong>ab</strong></span> <span class='ocrx_word' id='word_1_666' title='bbox 1543 5561 1689 5616; x_wconf 90' lang='lat' dir='ltr'><strong>omni</strong></span> <span class='ocrx_word' id='word_1_667' title='bbox 1741 5559 1878 5613; x_wconf 89' lang='lat' dir='ltr'><strong>falsa</strong></span> <span class='ocrx_word' id='word_1_668' title='bbox 1916 5559 2199 5628; x_wconf 87' lang='lat' dir='ltr'><strong>religione,</strong></span> 
     </span>
    </p>
   </div>
   <div class='ocr_carea' id='block_1_98' title="bbox 637 5648 2209 5722">
    <p class='ocr_par' dir='ltr' id='par_1_98' title="bbox 637 5648 2209 5722">
     <span class='ocr_line' id='line_1_99' title="bbox 637 5648 2209 5722; baseline 0.003 -21"><span class='ocrx_word' id='word_1_669' title='bbox 637 5648 865 5718; x_wconf 88' lang='lat' dir='ltr'><strong>aliisque</strong></span> <span class='ocrx_word' id='word_1_670' title='bbox 895 5650 1097 5720; x_wconf 89' lang='lat' dir='ltr'><strong>spuriis</strong></span> <span class='ocrx_word' id='word_1_671' title='bbox 1127 5650 1556 5722; x_wconf 87' lang='lat' dir='ltr'><strong>adulterinisque</strong></span> <span class='ocrx_word' id='word_1_672' title='bbox 1604 5653 1959 5707; x_wconf 89' lang='lat' dir='ltr'><strong>societatibus</strong></span> <span class='ocrx_word' id='word_1_673' title='bbox 2005 5652 2209 5706; x_wconf 85' lang='lat' dir='ltr'><strong>discer-</strong></span> 
     </span>
    </p>
   </div>
   <div class='ocr_carea' id='block_1_99' title="bbox 639 5740 2202 5800">
    <p class='ocr_par' dir='ltr' id='par_1_99' title="bbox 639 5740 2202 5800">
     <span class='ocr_line' id='line_1_100' title="bbox 639 5740 2202 5800; baseline 0.002 -5"><span class='ocrx_word' id='word_1_674' title='bbox 639 5751 880 5797; x_wconf 90' lang='lat' dir='ltr'><strong>neretur.</strong></span> <span class='ocrx_word' id='word_1_675' title='bbox 920 5740 1116 5797; x_wconf 75' lang='lat' dir='ltr'><strong>Multas</strong></span> <span class='ocrx_word' id='word_1_676' title='bbox 1144 5751 1323 5798; x_wconf 89' lang='lat' dir='ltr'><strong>autem</strong></span> <span class='ocrx_word' id='word_1_677' title='bbox 1348 5757 1487 5798; x_wconf 85' lang='lat' dir='ltr'><strong>vera</strong></span> <span class='ocrx_word' id='word_1_678' title='bbox 1506 5742 1768 5800; x_wconf 85' lang='lat' dir='ltr'><strong>Ecclesia</strong></span> <span class='ocrx_word' id='word_1_679' title='bbox 1784 5754 1941 5800; x_wconf 90' lang='lat' dir='ltr'><strong>notas</strong></span> <span class='ocrx_word' id='word_1_680' title='bbox 1971 5758 2202 5799; x_wconf 82' lang='lat' dir='ltr'><strong>enunie-</strong></span> 
     </span>
    </p>
   </div>
   <div class='ocr_carea' id='block_1_100' title="bbox 745 5900 1781 5972">
    <p class='ocr_par' dir='ltr' id='par_1_100' title="bbox 745 5900 1781 5972">
     <span class='ocr_line' id='line_1_101' title="bbox 745 5900 1781 5972; baseline 0.002 -17"><span class='ocrx_word' id='word_1_681' title='bbox 745 5902 788 5933; x_wconf 81' lang='lat'><strong>&quot;</strong></span> <span class='ocrx_word' id='word_1_682' title='bbox 820 5900 981 5969; x_wconf 86' lang='lat' dir='ltr'><strong>lren.,</strong></span> <span class='ocrx_word' id='word_1_683' title='bbox 1008 5901 1046 5957; x_wconf 92' lang='grc' dir='ltr'><strong>Ι.</strong></span> <span class='ocrx_word' id='word_1_684' title='bbox 1080 5916 1163 5971; x_wconf 85' lang='lat' dir='ltr'><strong>tn,</strong></span> <span class='ocrx_word' id='word_1_685' title='bbox 1190 5916 1238 5958; x_wconf 91' lang='lat' dir='ltr'><strong>c.</strong></span> <span class='ocrx_word' id='word_1_686' title='bbox 1267 5904 1321 5972; x_wconf 78' lang='lat'><strong>3,</strong></span> <span class='ocrx_word' id='word_1_687' title='bbox 1352 5920 1406 5960; x_wconf 83' lang='grc' dir='ltr'><strong>ιι.</strong></span> <span class='ocrx_word' id='word_1_688' title='bbox 1431 5902 1483 5958; x_wconf 81' lang='lat' dir='ltr'><strong>I.</strong></span> <span class='ocrx_word' id='word_1_689' title='bbox 1560 5905 1605 5936; x_wconf 79' lang='grc'><strong>⁸⁸</strong></span> <span class='ocrx_word' id='word_1_690' title='bbox 1636 5903 1701 5958; x_wconf 76' lang='grc' dir='ltr'><strong>Ν.</strong></span> <span class='ocrx_word' id='word_1_691' title='bbox 1729 5904 1781 5959; x_wconf 80' lang='grc'><strong>5.</strong></span> 
     </span>
    </p>
   </div>
   <div class='ocr_carea' id='block_1_101' title="bbox 1866 5903 2485 5971">
    <p class='ocr_par' dir='ltr' id='par_1_101' title="bbox 1866 5903 2485 5971">
     <span class='ocr_line' id='line_1_102' title="bbox 1866 5903 2485 5971; baseline 0.005 -13"><span class='ocrx_word' id='word_1_692' title='bbox 1866 5904 1908 5935; x_wconf 83' lang='lat'><strong>&quot;</strong></span> <span class='ocrx_word' id='word_1_693' title='bbox 1937 5903 1995 5958; x_wconf 83' lang='grc' dir='ltr'><strong>ι..</strong></span> <span class='ocrx_word' id='word_1_694' title='bbox 2028 5921 2107 5970; x_wconf 89' lang='lat' dir='ltr'><strong>m,</strong></span> <span class='ocrx_word' id='word_1_695' title='bbox 2141 5921 2189 5960; x_wconf 94' lang='lat' dir='ltr'><strong>c.</strong></span> <span class='ocrx_word' id='word_1_696' title='bbox 2223 5904 2304 5971; x_wconf 67' lang='lat' dir='ltr'><strong>l4,</strong></span> <span class='ocrx_word' id='word_1_697' title='bbox 2335 5921 2391 5960; x_wconf 92' lang='lat' dir='ltr'><strong>n.</strong></span> <span class='ocrx_word' id='word_1_698' title='bbox 2429 5905 2485 5961; x_wconf 64' lang='grc' dir='ltr'><strong>Ξ.</strong></span> 
     </span>
    </p>
   </div>
   <div class='ocr_carea' id='block_1_102' title="bbox 2313 5160 3782 5263">
    <p class='ocr_par' dir='ltr' id='par_1_102' title="bbox 2313 5160 3782 5263">
     <span class='ocr_line' id='line_1_103' title="bbox 2313 5160 3782 5263; baseline -0.005 -17"><span class='ocrx_word' id='word_1_699' title='bbox 2313 5192 2415 5246; x_wconf 82' lang='lat' dir='ltr'><strong>SS.</strong></span> <span class='ocrx_word' id='word_1_700' title='bbox 2454 5160 2680 5256; x_wconf 79' lang='lat' dir='ltr'><strong>Patres,</strong></span> <span class='ocrx_word' id='word_1_701' title='bbox 2714 5160 2825 5245; x_wconf 73' lang='lat' dir='ltr'><strong>tuni</strong></span> <span class='ocrx_word' id='word_1_702' title='bbox 2864 5190 3105 5263; x_wconf 85' lang='lat' dir='ltr'><strong>theologi</strong></span> <span class='ocrx_word' id='word_1_703' title='bbox 3147 5194 3421 5249; x_wconf 89' lang='lat' dir='ltr'><strong>catholici.</strong></span> <span class='ocrx_word' id='word_1_704' title='bbox 3581 5160 3782 5263; x_wconf 50' lang='lat' dir='ltr'><strong>omnesi</strong></span> 
     </span>
    </p>
   </div>
   <div class='ocr_carea' id='block_1_103' title="bbox 2309 5280 3706 5355">
    <p class='ocr_par' dir='ltr' id='par_1_103' title="bbox 2309 5280 3706 5355">
     <span class='ocr_line' id='line_1_104' title="bbox 2309 5280 3706 5355; baseline 0 -20"><span class='ocrx_word' id='word_1_705' title='bbox 2309 5293 2548 5352; x_wconf 86' lang='lat' dir='ltr'><strong>quatuor</strong></span> <span class='ocrx_word' id='word_1_706' title='bbox 2585 5284 2718 5340; x_wconf 90' lang='lat' dir='ltr'><strong>istas</strong></span> <span class='ocrx_word' id='word_1_707' title='bbox 2747 5285 2907 5341; x_wconf 80' lang='lat' dir='ltr'><strong>facile</strong></span> <span class='ocrx_word' id='word_1_708' title='bbox 2938 5294 3285 5350; x_wconf 83' lang='lat' dir='ltr'><strong>revocantur,</strong></span> <span class='ocrx_word' id='word_1_709' title='bbox 3314 5300 3446 5355; x_wconf 89' lang='lat' dir='ltr'><strong>quas</strong></span> <span class='ocrx_word' id='word_1_710' title='bbox 3475 5280 3706 5354; x_wconf 87' lang='lat' dir='ltr'><strong>Symbolo</strong></span> 
     </span>
    </p>
   </div>
   <div class='ocr_carea' id='block_1_104' title="bbox 2305 5376 3736 5447">
    <p class='ocr_par' dir='ltr' id='par_1_104' title="bbox 2305 5376 3736 5447">
     <span class='ocr_line' id='line_1_105' title="bbox 2305 5376 3736 5447; baseline -0.001 -18"><span class='ocrx_word' id='word_1_711' title='bbox 2305 5376 2533 5431; x_wconf 87' lang='lat' dir='ltr'><strong>inseruit</strong></span> <span class='ocrx_word' id='word_1_712' title='bbox 2602 5376 2891 5432; x_wconf 88' lang='lat' dir='ltr'><strong>concilium</strong></span> <span class='ocrx_word' id='word_1_713' title='bbox 2953 5377 3601 5447; x_wconf 85' lang='lat' dir='ltr'><strong>Constantinopolitaaum</strong></span> <span class='ocrx_word' id='word_1_714' title='bbox 3652 5386 3665 5423; x_wconf 86' lang='lat'><strong>:</strong></span> <span class='ocrx_word' id='word_1_715' title='bbox 3721 5383 3736 5418; x_wconf 76' lang='grc' dir='ltr'>ι</span> 
     </span>
    </p>
   </div>
   <div class='ocr_carea' id='block_1_105' title="bbox 2305 5462 3719 5539">
    <p class='ocr_par' dir='ltr' id='par_1_105' title="bbox 2305 5462 3719 5539">
     <span class='ocr_line' id='line_1_106' title="bbox 2305 5462 3719 5539; baseline -0.001 -18"><span class='ocrx_word' id='word_1_716' title='bbox 2305 5483 2469 5522; x_wconf 87' lang='lat' dir='ltr'><strong>unam</strong></span> <span class='ocrx_word' id='word_1_717' title='bbox 2495 5510 2510 5538; x_wconf 91' lang='lat'><strong>,</strong></span> <span class='ocrx_word' id='word_1_718' title='bbox 2563 5480 2810 5523; x_wconf 84' lang='lat' dir='ltr'><strong>sanctam</strong></span> <span class='ocrx_word' id='word_1_719' title='bbox 2830 5510 2845 5534; x_wconf 90' lang='lat'><strong>,</strong></span> <span class='ocrx_word' id='word_1_720' title='bbox 2872 5470 3197 5525; x_wconf 85' lang='lat' dir='ltr'><strong>catholicam</strong></span> <span class='ocrx_word' id='word_1_721' title='bbox 3224 5480 3280 5525; x_wconf 91' lang='lat' dir='ltr'><strong>et</strong></span> <span class='ocrx_word' id='word_1_722' title='bbox 3303 5469 3638 5539; x_wconf 90' lang='lat' dir='ltr'><strong>apostolicam</strong></span> <span class='ocrx_word' id='word_1_723' title='bbox 3662 5462 3719 5515; x_wconf 74' lang='lat' dir='ltr'><strong>EC</strong></span> 
     </span>
    </p>
   </div>
   <div class='ocr_carea' id='block_1_106' title="bbox 2307 5555 3709 5633">
    <p class='ocr_par' dir='ltr' id='par_1_106' title="bbox 2307 5555 3709 5633">
     <span class='ocr_line' id='line_1_107' title="bbox 2307 5555 3709 5633; baseline -0.006 -19"><span class='ocrx_word' id='word_1_724' title='bbox 2307 5562 2466 5615; x_wconf 89' lang='lat' dir='ltr'><strong>siam.</strong></span> <span class='ocrx_word' id='word_1_725' title='bbox 2498 5581 2516 5615; x_wconf 74' lang='grc' dir='ltr'><strong><em>ι</em></strong></span> <span class='ocrx_word' id='word_1_726' title='bbox 2544 5563 2891 5632; x_wconf 84' lang='lat' dir='ltr'><strong>Quaecunque</strong></span> <span class='ocrx_word' id='word_1_727' title='bbox 2925 5563 3091 5633; x_wconf 89' lang='lat' dir='ltr'><strong>igitur</strong></span> <span class='ocrx_word' id='word_1_728' title='bbox 3118 5579 3242 5618; x_wconf 90' lang='lat' dir='ltr'><strong>vera</strong></span> <span class='ocrx_word' id='word_1_729' title='bbox 3272 5562 3469 5620; x_wconf 85' lang='lat' dir='ltr'><strong>Christi</strong></span> <span class='ocrx_word' id='word_1_730' title='bbox 3497 5555 3709 5616; x_wconf 84' lang='lat' dir='ltr'><strong>Ecclesia</strong></span> 
     </span>
    </p>
   </div>
   <div class='ocr_carea' id='block_1_107' title="bbox 2307 5644 3740 5724">
    <p class='ocr_par' dir='ltr' id='par_1_107' title="bbox 2307 5644 3740 5724">
     <span class='ocr_line' id='line_1_108' title="bbox 2307 5644 3740 5724; baseline -0.006 -16"><span class='ocrx_word' id='word_1_731' title='bbox 2307 5654 2392 5709; x_wconf 88' lang='lat' dir='ltr'><strong>his</strong></span> <span class='ocrx_word' id='word_1_732' title='bbox 2436 5656 2578 5711; x_wconf 87' lang='lat' dir='ltr'><strong>notis</strong></span> <span class='ocrx_word' id='word_1_733' title='bbox 2619 5655 2973 5723; x_wconf 78' lang='lat' dir='ltr'><strong>diguoscatur</strong></span> <span class='ocrx_word' id='word_1_734' title='bbox 3019 5670 3245 5712; x_wconf 90' lang='lat' dir='ltr'><strong>necesse</strong></span> <span class='ocrx_word' id='word_1_735' title='bbox 3288 5665 3389 5723; x_wconf 90' lang='lat' dir='ltr'><strong>est,</strong></span> <span class='ocrx_word' id='word_1_736' title='bbox 3420 5651 3559 5724; x_wconf 90' lang='lat' dir='ltr'><strong>quod</strong></span> <span class='ocrx_word' id='word_1_737' title='bbox 3605 5644 3740 5702; x_wconf 86' lang='lat' dir='ltr'><strong>nitnir</strong></span> 
     </span>
    </p>
   </div>
   <div class='ocr_carea' id='block_1_108' title="bbox 2308 5736 3760 5875">
    <p class='ocr_par' dir='ltr' id='par_1_108' title="bbox 2308 5736 3760 5875">
     <span class='ocr_line' id='line_1_109' title="bbox 2308 5736 3760 5875; baseline -0.006 -76"><span class='ocrx_word' id='word_1_738' title='bbox 2308 5761 2416 5799; x_wconf 91' lang='lat' dir='ltr'><strong>una</strong></span> <span class='ocrx_word' id='word_1_739' title='bbox 2449 5747 2542 5812; x_wconf 83' lang='lat' dir='ltr'><strong>sit,</strong></span> <span class='ocrx_word' id='word_1_740' title='bbox 2576 5757 2765 5804; x_wconf 89' lang='lat' dir='ltr'><strong>sancta</strong></span> <span class='ocrx_word' id='word_1_741' title='bbox 2787 5787 2803 5815; x_wconf 94' lang='lat'><strong>,</strong></span> <span class='ocrx_word' id='word_1_742' title='bbox 2842 5747 3110 5805; x_wconf 82' lang='lat' dir='ltr'><strong>catholica</strong></span> <span class='ocrx_word' id='word_1_743' title='bbox 3141 5758 3197 5804; x_wconf 87' lang='lat' dir='ltr'><strong>et</strong></span> <span class='ocrx_word' id='word_1_744' title='bbox 3232 5748 3540 5819; x_wconf 82' lang='lat' dir='ltr'><strong>apos&#39;olica.</strong></span> <span class='ocrx_word' id='word_1_745' title='bbox 3570 5736 3760 5875; x_wconf 41' lang='lat' dir='ltr'><strong>Talin?</strong></span> 
     </span>
    </p>
   </div>
   <div class='ocr_carea' id='block_1_109' title="bbox 3746 5892 3753 5969">
    <p class='ocr_par' dir='ltr' id='par_1_109' title="bbox 3746 5892 3753 5969">
     <span class='ocr_line' id='line_1_110' title="bbox 3746 5892 3753 5969; baseline 0 0"><span class='ocrx_word' id='word_1_746' title='bbox 3746 5892 3753 5969; x_wconf 55' lang='grc' dir='ltr'>ἲ</span> 
     </span>
    </p>
   </div>
  </div>
