3924 6354
180 376 264 427 Ξτδ
1055 371 1514 430 DiSSERTATiO
1553 374 1639 439 ill,
1680 372 1691 427 l

1802 374 2062 432 IRENJEI
2093 376 2465 435 DOCTBINA.

3278 383 3397 442 275»

175 509 246 554 ea,
267 490 402 556 cujus
428 489 729 546 membrum
756 500 876 546 erat
902 490 1159 556 lrenaaus,
1181 493 1336 561 cujus
1364 494 1519 549 ﬁdem
1544 504 1708 564 atque
1734 500 1783 556 Α
1813 512 1970 554 verso
2001 501 2201 555 mundo
2229 501 2558 556 ostenditur.
2602 499 2741 556 Huic
2786 500 2934 556 enim
2984 499 3256 556 creditum
3299 514 3385 557 est

176 584 434 639 doctrinam
464 584 738 648 tuebatur,
774 594 828 638 et
860 600 890 638 a
926 601 1029 654 qua
1084 602 1370 656 perperam
1410 589 1705 642 secessisse

174 692 265 739 eos,
287 690 411 745 quos
463 676 841 745 impugnabat,
872 678 1180 741 luereticos,
1235 680 1436 734 invicte
1476 680 1705 736 demon-

171 767 363 824 Strabai.
388 765 545 822 Hisce
570 770 983 825 characteribus
1005 786 1124 826 eam
1156 773 1270 840 ipse
1295 788 1401 827 non
1422 772 1586 826 semel
1608 773 1705 827 de-

171 860 381 928 signavit,
405 869 461 914 et
506 875 536 913 a
581 861 829 930 qualibet
881 863 985 917 alia
1033 864 1300 919 societate
1336 865 1587 921 haeretica
1618 866 1703 923 vel

169 950 474 1005 scbismatica
496 952 752 1023 distingui
789 954 976 1009 voluit.

220 1043 297 1096 27.
332 1042 569 1101 Unitatis
622 1056 804 1101 notam
835 1048 933 1101 soli
976 1048 1229 1104 Ecclesiae
1279 1051 1563 1107 catholicae
1586 1052 1703 1107 sin-

168 1136 372 1203 gularem
408 1151 533 1192 esse
570 1153 632 1193 ac
655 1141 955 1209 propriam,
991 1158 1094 1209 qua
1127 1143 1198 1197 ab
1220 1144 1491 1199 haereticis
1526 1146 1704 1200 omni-

168 1233 243 1284 bus
270 1245 328 1286 ac
374 1232 748 1290 schismaticis
792 1235 1143 1300 discernitur,
1176 1239 1312 1291 adeo
1348 1237 1552 1293 irenzeo
1574 1253 1705 1293 con-

166 1322 328 1383 stabat,
353 1333 410 1376 ut
441 1325 494 1378 in
530 1324 631 1379 hac
664 1339 790 1380 arce
836 1328 1166 1381 tutissimum
1196 1328 1529 1383 defensionis
1579 1329 1704 1385 ﬁdei

165 1414 433 1482 prandium
487 1419 809 1482 constituat,
838 1419 1077 1488 indeque
1123 1421 1437 1488 disputandi
1485 1422 1701 1477 initium

164 1505 310 1560 ducat.
334 1526 352 1559 ε
387 1506 537 1564 lianc
567 1510 1024 1579 praadicatiouem,
1053 1512 1317 1582 inquit",
1340 1530 1459 1568 cum
1485 1530 1702 1584 accepe-

160 1600 235 1663 rit,
283 1611 333 1654 et
388 1602 532 1656 hanc
593 1602 780 1668 ﬁdem,
820 1604 1278 1672 quemadmodum
1328 1607 1700 1675 praediximus,

163 1689 384 1753 Ecclesia,
414 1702 473 1745 et
519 1693 738 1760 quidem
799 1691 1043 1762 (Graece,
1089 1693 1313 1766 καίπερ,
1356 1696 1614 1763 quamvis)
1648 1695 1699 1749 in

161 1781 437 1834 universum
483 1782 743 1837 mundum
771 1784 1150 1848 disseminata,
1188 1784 1481 1855 diligenter
1520 1794 1701 1838 custo-

160 1875 237 1935 dit,
263 1874 409 1943 quasi
448 1890 612 1929 unam
654 1876 873 1931 domum
936 1876 1254 1932 inhabitans
1284 1895 1299 1932 :
1330 1888 1386 1932 et
1444 1878 1699 1934 similiter

157 1965 302 2019 credit
323 1965 407 2032 iis,
435 1966 695 2022 videlicet
730 1969 883 2037 quasi
927 1984 1087 2023 unam
1110 1970 1347 2022 animam
1380 1968 1611 2034 habens,
1643 1981 1699 2025 et

158 2072 290 2108 unum
312 2073 439 2111 cor:
462 2070 517 2112 et
541 2071 906 2114 consonanter
931 2062 1045 2115 lucc
1070 2062 1346 2130 praedicat,
1375 2071 1429 2115 et
1446 2062 1625 2127 docet,
1643 2072 1697 2118 et

156 2150 308 2217 tradit,
338 2152 496 2219 quasi
534 2168 700 2206 unum
738 2155 1020 2221 possidens
1042 2171 1123 2213 os.
1167 2176 1186 2208 ι
1227 2157 1393 2224 Quasi
1440 2157 1692 2211 diceret:

155 2242 253 2298 Hac
292 2260 431 2300 vera:
473 2244 733 2302 Ecclesia:
764 2258 911 2313 uota,
942 2250 1028 2303 hic
1074 2251 1381 2305 character.
1434 2250 1698 2317 Quamvis

150 2352 230 2405 per
252 2348 411 2392 totum
456 2341 651 2396 orbem
682 2340 841 2411 longe
876 2340 1088 2410 lateque
1117 2352 1414 2413 propagata
1442 2343 1534 2408 sit,
1579 2356 1699 2412 per-

151 2429 252 2484 inde
275 2440 355 2485 est
404 2440 590 2487 tamen
637 2434 704 2488 ad
752 2435 873 2490 ﬁdei
907 2437 1193 2498 unitatem,
1230 2452 1294 2491 ac
1323 2438 1367 2491 si
1399 2451 1563 2491 unam
1600 2436 1698 2491 do-

148 2537 271 2577 mum
293 2524 600 2579 habitaret.
627 2526 798 2593 Quam
831 2528 977 2582 enim
1018 2528 1175 2583 ﬁdem
1206 2538 1366 2598 atque
1389 2528 1694 2585 doctrinam

146 2614 200 2668 ab
246 2618 506 2685 apostolis
537 2619 641 2673 sibi
692 2620 956 2675 creditam
990 2622 1220 2688 accepit,
1254 2622 1441 2677 eodem
1496 2622 1697 2691 ubique

143 2708 294 2763 studio
336 2718 391 2761 et
431 2712 627 2763 eadem
681 2725 809 2765 cura
851 2722 1167 2776 conservat;
1216 2724 1271 2766 et
1326 2713 1481 2781 quasi
1534 2729 1696 2767 unam

144 2802 374 2865 animam,
400 2817 581 2855 unum
639 2817 735 2857 cor
784 2814 838 2859 et
886 2820 1050 2858 unum
1101 2820 1164 2860 os
1215 2806 1461 2872 haberet,
1506 2807 1695 2860 eodem

143 2891 317 2962 ubique
355 2896 526 2949 modo
572 2895 764 2958 credit,
825 2897 1102 2965 praedicat,
1157 2896 1316 2951 docet
1371 2905 1425 2950 et
1476 2907 1695 2965 accepta

142 2986 298 3039 tradit.
330 2984 499 3051 Nam,
546 2988 728 3046 addit,
781 2991 881 3042 etsi
938 2989 1184 3057 dispares
1233 2988 1375 3042 inter
1415 3002 1473 3043 se
1511 2988 1693 3042 mundi

140 3071 305 3142 lingua:
332 3086 496 3141 sunt,
526 3093 633 3131 una
675 3087 852 3132 tamen
896 3088 950 3131 et
980 3080 1169 3134 eadem
1224 3088 1309 3135 est
1361 3080 1561 3149 ubique
1614 3078 1695 3134 vis

1809 590 1987 645 lumen
2017 592 2134 659 Dei,
2167 602 2272 649 etc.
2306 613 2325 646 ι

1880 684 1971 739 28.
2006 684 2131 740 Hac
2162 686 2581 754 apostolicorum
2638 685 2923 740 hominum
2978 685 3132 747 ﬁdes,
3161 696 3276 740 haec
3330 686 3383 738 in

1808 792 1997 832 eorum
2048 777 2248 833 animis
2302 779 2491 844 insita,
2524 786 2579 833 et
2632 778 2702 833 ab
2746 777 3009 848 apostolis
3058 788 3276 847 accepta
3332 788 3389 833 et

1806 870 1962 939 quasi
2011 870 2326 942 consignata
2364 885 2509 924 vera:
2542 868 2800 924 Ecclesia:
2842 870 3014 925 notio.
3043 869 3225 939 Apage
3253 882 3386 937 ergo

1807 956 2071 1030 spuriam'
2112 961 2261 1015 illam
2317 970 2843 1030 portentosamque,
2899 976 3062 1030 quam
3106 974 3388 1015 commen-

1808 1048 1847 1101 ti
1882 1058 2008 1103 sunt
2046 1049 2383 1103 recentiores
2433 1047 2866 1103 Protestantium
2901 1049 3164 1113 ministri,
3206 1049 3389 1104 Eccle-

1808 1142 1906 1197 sia:
1957 1142 2269 1206 notionem,
2328 1156 2448 1211 qua:
2504 1155 2684 1197 sectas
2748 1158 2964 1207 omnes,
3008 1152 3120 1196 tum
3169 1142 3387 1197 haereti-

1806 1248 1922 1297 cas,
1956 1231 2167 1304 [CXIX]
2203 1242 2316 1286 tum
2342 1233 2721 1289 schismaticas
2746 1233 3165 1302 complectatur,
3189 1247 3307 1300 quae
3330 1232 3384 1285 in

1807 1326 1875 1381 iis
1906 1326 2027 1380 ﬁdei
2065 1326 2342 1391 articulis,
2375 1342 2513 1395 quos
2550 1327 2767 1397 quidem
2811 1324 3245 1379 fundamentales
3290 1338 3389 1375 vo-

1805 1436 1967 1485 care,
2005 1436 2268 1489 nusquam
2300 1435 2430 1473 vero
2455 1419 2601 1473 clare
2632 1428 2685 1473 et
2721 1427 2907 1487 aperte
2942 1417 3229 1487 designare
3261 1414 3385 1482 pia-

1806 1515 1950 1580 cuit,
1990 1514 2363 1577 conveniant,
2413 1512 2542 1567 licet
2590 1513 2642 1566 in
2684 1510 2897 1565 caneris
2934 1509 3187 1564 omnibus
3217 1507 3385 1562 dissi-

1806 1607 1989 1675 deant,
2018 1616 2073 1661 et
2103 1606 2256 1676 quasi
2287 1605 2435 1660 civili
2462 1604 2602 1659 bello
2630 1613 2959 1675 pugnantes,
3004 1601 3210 1655 mutuis
3251 1615 3386 1653 ana-

1809 1696 2105 1750 thematum
2129 1694 2449 1749 vulneribus
2474 1709 2592 1748 sese
2618 1694 2815 1748 misere
2837 1691 3195 1747 conscindant
3220 1698 3387 1758 atque

1808 1785 2075 1841 lacerent.
2106 1783 2249 1839 Nihil
2280 1784 2348 1837 ab
2376 1800 2437 1837 ea
2467 1785 2685 1849 anitum,
2718 1782 2905 1837 cordis
2929 1789 2985 1835 et
3011 1781 3125 1835 oris
3153 1779 3387 1843 unitate,

1802 1893 1966 1946 quam
1994 1893 2135 1931 verae
2159 1876 2417 1931 Ecclesia:
2433 1877 2811 1930 characterem
2833 1889 2955 1929 esse
2974 1872 3105 1927 dicit
3125 1869 3383 1935 lrenazus,

1802 1969 2036 2023 alienius
2068 1968 2190 2039 ﬁngi
2223 1968 2420 2038 potuit.
2457 1967 2571 2022 lmo
2600 1974 2811 2021 tantum
2846 1965 3001 2018 abest
3028 1972 3086 2017 ut
3115 1963 3387 2029 quaslibet

1801 2076 1978 2119 sectas
2019 2062 2303 2117 bazreticas
2349 2062 2470 2115 sinu
2520 2076 2620 2115 suo
2648 2058 3045 2128 complectatur
3097 2055 3337 2110 Ecclesia
3366 2094 3384 2119 ,

1799 2155 2016 2226 qualem
2045 2153 2390 2209 describebat
2420 2152 2686 2218 irenzeus,
2718 2151 2848 2220 quin
2884 2148 3067 2219 potius
3096 2148 3149 2201 in
3182 2146 3285 2201 hoc
3313 2145 3382 2199 ab

1802 2248 2075 2304 haereticis
2120 2247 2432 2302 distinctam
2472 2260 2593 2301 esse
2638 2244 2966 2307 contendat,
3024 2239 3166 2311 quod
3202 2258 3221 2292 ς
3262 2239 3382 2310 ejus

1800 2342 2113 2414 prmdicatio
2153 2341 2389 2411 undique
2419 2347 2684 2395 constans
2718 2347 2773 2392 et
2810 2335 3096 2406 aequaliter
3126 2350 3383 2406 perseve-

1800 2451 1927 2489 rans
1957 2454 1976 2487 ι
2003 2449 2187 2489 secum
2217 2433 2415 2501 ubique
2448 2442 2719 2486 terrarum
2763 2430 3105 2495 consentiat;
3137 2427 3212 2482 illi
3246 2440 3380 2482 vero

1798 2545 2074 2599 nunquam
2107 2537 2425 2583 constantes
2445 2567 2457 2590 ,
2492 2541 2707 2595 semper
2741 2532 2796 2577 et
2826 2523 3027 2592 ubique
3055 2535 3241 2575 secum
3272 2534 3377 2591 pu-

1799 2634 2031 2693 gnantes
2052 2663 2068 2689 ,
2100 2623 2247 2677 omni
2278 2629 2440 2675 vento
2480 2618 2745 2674 doctrinae
2782 2624 3129 2679 moveantur,
3157 2628 3221 2667 ac
3260 2616 3379 2666 vel-

1800 2721 1857 2765 ut
1900 2712 2329 2775 alternantibus,
2370 2711 2584 2780 sibique
2628 2708 3049 2763 succedentibus
3096 2706 3379 2761 variarunt

1797 2806 2189 2861 sententiarum
2214 2804 2468 2859 ﬂuctibus
2500 2803 2803 2869 jactentur.
2841 2819 2859 2853 ι
2904 2801 3050 2866 Nos,
3080 2800 3260 2869 inquit
3290 2797 3340 2831 "
3360 2839 3377 2863 ,

1800 2913 1966 2949 unum
1992 2898 2236 2951 etsolum
2263 2910 2467 2964 verum,
2486 2896 2655 2949 Deum
2676 2894 2954 2949 doctorem
2975 2903 3290 2961 sequentes,
3323 2898 3380 2943 et

1800 2988 2036 3057 regulam
2060 2986 2309 3040 veritatis
2341 2986 2601 3039 habentes
2620 2983 2736 3053 ejus
2758 2996 3062 3047 sermones,
3086 2981 3151 3035 de
3182 2981 3375 3035 iisdem

1798 3093 2018 3148 semper
2072 3078 2260 3133 eadem
2312 3079 2547 3132 dicimus
2612 3091 2822 3132 omnes.
2853 3093 2871 3128 ι
2916 3074 2993 3128 Illi
3041 3087 3173 3130 vero
3210 3092 3228 3124 ι
3264 3088 3369 3127 non

138 3168 464 3231 traditionis;
506 3185 606 3223 nec
627 3184 707 3225 ea:
756 3186 873 3240 quae
918 3172 970 3224 in
1025 3170 1341 3235 Germania,
1397 3171 1693 3241 Hispaniis,
1722 3190 1764 3247 ο
1800 3171 1936 3225 bene
1970 3170 2288 3232 sentientes,
2325 3169 2542 3223 interim
2568 3176 2747 3221 tamen
2771 3166 3091 3236 semetipsos
3110 3174 3372 3235 arguunt,

138 3259 317 3325 Galliis,
355 3260 630 3324 Oriente,
665 3260 921 3332 Egypto,
970 3272 1063 3316 aut
1102 3263 1228 3316 alibi
1274 3264 1515 3331 gentium
1555 3281 1691 3320 con~

136 3354 307 3407 stitutaa
332 3364 465 3409 sunt
499 3353 782 3419 Ecclesiae,
814 3356 973 3409 aliter
1002 3356 1234 3411 credunt
1268 3367 1363 3409 ant
1386 3357 1546 3410 aliter
1578 3366 1691 3406 tra-

138 3445 275 3509 dunt;
312 3447 410 3502 sed
464 3447 632 3502 sicuti
672 3447 807 3502 sola
854 3451 963 3503 Deo
1008 3453 1302 3515 conditus,
1354 3454 1405 3507 in
1437 3452 1692 3506 universo

138 3540 309 3592 mundo
354 3554 510 3593 unus
557 3548 721 3609 atque
778 3541 917 3596 idem
958 3551 1081 3612 est,
1138 3544 1212 3597 ita
1254 3546 1417 3599 etiam
1446 3551 1691 3609 veritatis

138 3632 425 3698 pmdicatio
487 3633 679 3686 eadem
720 3633 922 3703 ubique
972 3635 1135 3698 lucet,
1171 3651 1471 3707 omnesque
1518 3641 1693 3697 homi-

136 3736 228 3785 nes,
248 3723 337 3792 qui
372 3726 442 3777 ad
470 3725 729 3778 veritatis
755 3726 1083 3794 agnitionem
1122 3728 1310 3785 venire
1344 3732 1593 3800 cupiunt,
1628 3734 1690 3787 il-

137 3812 320 3871 lustrat.
356 3817 427 3871 Et
461 3816 721 3885 quamvis
764 3832 870 3870 non
902 3819 1104 3872 eaedem
1136 3822 1381 3876 omnium
1430 3823 1690 3882 Ecclesia:

134 3911 410 3965 antistitum
465 3911 648 3975 dotes,
680 3910 885 3982 aliique
923 3911 1047 3965 aliis
1087 3914 1372 3982 peritiores
1413 3926 1468 3971 et
1515 3919 1690 3976 diser-

136 3999 277 4057 tiores
332 4004 492 4068 sint;
541 4003 732 4057 eadem
779 4012 959 4058 tamen
1020 4007 1261 4059 omnium
1308 4011 1556 4066 doctrina
1585 4024 1688 4070 est.

136 4091 293 4147 «Cum
331 4096 489 4149 enim
540 4112 645 4150 una
680 4105 733 4149 et
764 4096 951 4152 eadem
984 4099 1116 4154 ﬁdes
1168 4100 1260 4165 sit,
1299 4116 1474 4173 neque
1509 4106 1554 4158 is
1595 4106 1689 4176 qui

134 4184 328 4239 multum
364 4189 435 4242 de
470 4204 537 4241 ea
574 4195 751 4256 potest
782 4189 984 4254 dicere,
1017 4191 1269 4260 ampliat;
1317 4210 1492 4263 neque
1520 4197 1565 4251 is
1596 4198 1688 4268 qui

132 4274 302 4340 minus,
329 4276 675 4333 deminorat.
704 4295 824 4327 ι-ι
846 4276 1072 4345 Eorum,
1090 4280 1487 4354 inquitalibi",
1505 4285 1599 4359 qui
1621 4289 1689 4344 ab

136 4366 349 4422 Ecclesia
386 4378 550 4435 sunt,
578 4370 794 4437 semita,
829 4370 1159 4429 circumiens
1180 4378 1436 4430 mundum
1470 4378 1689 4433 univer-

133 4473 245 4526 sum,
270 4462 483 4533 quippe
519 4461 732 4515 ﬁrmam
778 4462 983 4518 habens
1029 4467 1099 4520 ab
1142 4468 1402 4535 apostolis
1442 4471 1690 4526 traditio-

1799 3266 1865 3318 de
1896 3263 2084 3317 iisdem
2126 3262 2306 3316 verbis
2340 3278 2444 3316 uon
2486 3261 2914 3316 consentientes.
2952 3278 2971 3312 ι
3011 3258 3076 3313 Et
3107 3257 3236 3313 alibi
3271 3256 3320 3288 "
3355 3275 3369 3311 :

1801 3378 1818 3410 ι
1857 3357 2003 3412 Bene
2034 3358 2235 3412 habere
2266 3356 2598 3426 putavimus,
2623 3356 2911 3409 ostendere
2938 3353 3138 3424 primo,
3172 3353 3223 3405 in
3250 3351 3363 3421 qui-

1795 3450 1895 3504 bus
1919 3449 2022 3518 ipsi
2052 3459 2242 3518 patres
2276 3446 2436 3516 hujus
2467 3445 2658 3501 fabula:
2681 3447 2995 3514 discrepant
3024 3446 3288 3497 adversus
3310 3457 3370 3496 se

1795 3541 2047 3605 invicem,
2079 3541 2233 3608 quasi
2262 3540 2354 3609 qui
2398 3540 2508 3593 sint
2533 3555 2597 3594 ex
2634 3538 2801 3593 variis
2829 3536 3112 3607 spiritibus
3139 3537 3364 3590 erroris.

1768 3631 1857 3695 Et
1884 3648 1948 3685 ex
1984 3632 2087 3686 hoc
2129 3632 2278 3686 enim
2323 3631 2615 3700 diligenter
2659 3643 2992 3700 cognoscere
3032 3637 3152 3694 est,
3200 3636 3257 3681 et
3296 3642 3365 3681 ex

1792 3724 2103 3778 ostensione
2131 3723 2364 3795 (Grazce,
2397 3724 2489 3777 καὶ
2530 3722 2635 3795 πρὸ
2663 3724 2760 3795 τῆς
2799 3720 3125 3788 ἀποδείξεως
3144 3736 3188 3779 ,ι
3203 3720 3365 3774 nullis

1791 3818 1916 3871 dum
1962 3819 2123 3873 etiam
2172 3818 2351 3871 allatis
2410 3817 2774 3888 argumentis,
2809 3840 2827 3872 ι
2862 3826 2920 3870 ιιι
2969 3815 3163 3871 melius
3207 3816 3368 3871 vertit

1794 3910 2005 3980 Billius)
2031 3926 2151 3966 eam
2186 3912 2435 3976 ﬁrmam,
2463 3926 2585 3980 qua:
2618 3910 2687 3964 ab
2712 3910 2955 3965 Ecclesia
3001 3910 3367 3980 praedicatur,

1791 4003 2116 4067 veritatem,
2147 4011 2203 4057 et
2245 4002 2312 4056 ab
2345 4002 2412 4056 iis
2442 4000 2589 4070 quod
2630 4001 2857 4073 ﬁngitur
2900 4000 3292 4072 falsiloqnium.
3338 4020 3360 4056 ο

1792 4095 1928 4150 Tum
1972 4097 2219 4165 exposita
2270 4095 2405 4150 mira
2453 4094 2817 4150 Ecclesiarum
2864 4096 3107 4149 omnium
3153 4094 3207 4149 in
3244 4111 3367 4148 'nna

1795 4190 1899 4244 ﬁde
1931 4199 2095 4259 atque
2130 4189 2375 4243 doctrina
2409 4190 2804 4253 consensione;
2843 4188 3062 4260 subjicit
3091 4190 3180 4242 7‘:
3213 4207 3235 4241 ι
3274 4187 3369 4243 Vi-

1791 4283 2014 4337 deamus
2045 4298 2191 4337 nunc
2222 4290 2276 4336 et
2333 4282 2529 4336 horum
2564 4281 2966 4336 inconstantem
3002 4282 3325 4336 sententiam
3349 4321 3368 4349 ,

1792 4389 1915 4429 cum
1953 4373 2061 4428 sint
2094 4372 2231 4440 duo,
2280 4372 2362 4427 vel
2396 4381 2546 4438 tres,
2582 4372 3036 4441 quemadmodum
3067 4374 3134 4428 de
3167 4372 3361 4427 iisdem

1792 4481 1897 4521 non
1931 4467 2117 4521 eadem
2157 4466 2366 4531 dicunt,
2400 4464 2493 4519 sed
2526 4472 2580 4518 et
2606 4465 2938 4530 nominibus,
2963 4468 3199 4518 etrebus
3230 4478 3365 4517 con-

131 4568 247 4617 nem,
276 4565 331 4609 et
383 4555 587 4609 videre
642 4555 803 4609 nobis
858 4560 1066 4612 donans
1118 4560 1361 4613 omnium
1420 4578 1581 4616 unam
1630 4572 1683 4618 et
1718 4541 1761 4595 D
1794 4558 1958 4612 traria
1990 4558 2340 4627 respondent.
2386 4576 2405 4610 ι
2450 4556 2751 4626 Descriptis
2790 4571 2921 4611 vero
2965 4557 3361 4627 prtecipuorum

129 4648 337 4703 eamdem
363 4663 500 4703 esse
529 4648 709 4714 ﬁdem,
736 4648 989 4704 omnibus
1018 4666 1183 4705 unum
1215 4660 1269 4705 et
1302 4654 1552 4708 eumdem
1583 4654 1681 4710 Pa-

128 4746 237 4793 tri-tn
259 4742 731 4811 praecipientibus,
772 4750 827 4795 et
872 4745 1118 4797 eamdem
1155 4745 1563 4815 dispositionem
1592 4747 1677 4801 in-

128 4834 437 4887 carnalionis
474 4830 601 4886 Filii
638 4833 730 4887 Dei
756 4834 1122 4898 credentibus,
1150 4844 1202 4890 el
1225 4838 1470 4892 eamdem
1504 4839 1674 4895 dona-

129 4924 292 4978 lenem
315 4925 572 4996 Spiritus
605 4925 925 4991 scientibus,
960 4936 1014 4980 et
1053 4927 1240 4981 eadem
1291 4931 1676 4987 meditantibus

128 5023 381 5084 pmcepta,
416 5024 480 5071 et
534 5017 779 5070 eamdem
813 5017 1035 5088 ﬁguram
1083 5032 1220 5088 eius,
1252 5034 1373 5089 quae
1415 5032 1500 5078 est
1546 5040 1677 5094 erga

127 5103 413 5171 Ecclesiam,
469 5108 841 5164 ordinationis
897 5110 984 5179 (id
1024 5115 1369 5171 estcamdem
1394 5116 1678 5184 regiminis

125 5200 455 5258 ecclesiastici
499 5200 757 5274 formam)
790 5203 1259 5270 custodientibus,
1319 5215 1374 5261 et
1421 5207 1674 5262 eumdem

124 5296 552 5362 exspectantibus
584 5295 875 5348 adventum
909 5294 1143 5357 Domini,
1167 5306 1223 5351 et
1246 5299 1493 5353 eamdem
1528 5299 1676 5354 salu-

124 5392 205 5436 teut
226 5388 390 5441 totius
421 5386 693 5449 hominis,
730 5387 779 5441 id
805 5396 887 5441 est
912 5388 1104 5441 anima:
1128 5398 1179 5442 et
1212 5392 1481 5458 corporis,
1510 5393 1677 5447 susti-

123 5484 365 5539 sentibus.
417 5481 497 5536 Et
528 5480 788 5535 Ecclesiae
841 5483 1060 5550 quidem
1116 5484 1430 5553 praedicatio
1469 5502 1593 5540 vera
1619 5495 1673 5540 et

125 5568 260 5637 arma,
294 5575 445 5644 apud
472 5588 642 5644 quam
677 5587 782 5627 una
813 5582 867 5628 et
904 5575 1090 5628 eadem
1123 5574 1311 5630 salutis
1340 5575 1426 5629 via
1464 5579 1515 5632 iu
1544 5580 1669 5633 uni-

172 5775 209 5848 ’Ϋ
238 5779 407 5847 lren.,
441 5780 541 5833 lib.
577 5796 616 5845 I,
647 5795 765 5848 cap.
804 5780 889 5841 i0,
914 5798 965 5833 n.
1000 5780 1054 5833 2.

1135 5783 1175 5813 ⁷¹
1212 5782 1325 5836 Lib.
1363 5799 1414 5847 v,
1444 5799 1492 5836 c.
1517 5784 1608 5848 20,
1641 5801 1695 5840 η.
1731 5786 1781 5840 Ι.

1796 4648 2065 4705 Valentini
2102 4649 2497 4718 discipulorum
2531 4663 2718 4705 secum
2749 4649 3115 4720 pugnantibus
3144 4659 3364 4702 senten-

1790 4742 1916 4806 tiis,
1952 4742 2227 4797 concludit
2258 4742 2306 4773 "'
2341 4756 2356 4793 :
2398 4760 2416 4793 ι
2455 4740 2587 4796 Cum
2620 4751 2800 4796 autem
2839 4741 3150 4810 discrepent
3178 4739 3245 4793 ab
3281 4739 3364 4793 in-

1787 4835 1986 4899 vicem,
2023 4845 2077 4888 et
2100 4835 2369 4899 doctrina,
2395 4843 2449 4889 et
2482 4835 2797 4898 traditione,
2826 4844 2880 4887 et
2907 4832 2997 4903 qui
3031 4832 3363 4886 recentiores

1784 4943 1973 4981 eorum
2004 4937 2399 4997 agnoscuntur,
2438 4925 2691 4980 affectant
2723 4942 2817 4995 per
2849 4924 3090 4995 singulos
3123 4925 3237 4980 dies
3264 4940 3361 4979 no-

1783 5037 1908 5074 vum
1941 5020 2144 5090 aliquid
2180 5022 2499 5077 adinveuire
2524 5061 2539 5086 ,
2573 5029 2628 5075 et
2670 5020 3009 5075 fructiﬁcare
3032 5020 3176 5089 quod
3219 5035 3359 5074 nun-

1781 5131 1944 5185 quam
1989 5116 2282 5183 quisquam
2327 5114 2688 5185 excogitavit,
2741 5113 2934 5169 durum
2978 5122 3063 5169 est
3112 5113 3355 5167 omnium

1780 5208 2093 5264 describere
2152 5209 2474 5263 sententias.
2529 5228 2549 5260 ι
2602 5207 2658 5262 Si
2710 5218 2891 5262 autem
2940 5224 3189 5277 quieras,
3235 5224 3358 5277 quae

1780 5317 1942 5357 causa
1983 5310 2089 5354 tam
2124 5299 2311 5356 eﬂ'usre
2360 5300 2497 5369 apud
2548 5302 2837 5358 haereticos
2876 5302 3145 5358 sentiendi
3185 5302 3355 5356 licen-

1780 5395 1902 5455 tiaa;
1949 5394 2090 5447 hanc
2135 5391 2435 5462 assignabit
2490 5393 2722 5450 lrenmus
2750 5394 2798 5428 ⁷⁸
2832 5412 2848 5451 :
2886 5414 2905 5447 ‹
2947 5396 3093 5466 quod
3133 5413 3152 5447 ι
3191 5394 3355 5448 nimi-

1780 5501 1899 5539 rum
1938 5502 1955 5536 ι
1992 5499 2097 5539 non
2138 5483 2352 5538 fundati
2386 5500 2551 5553 super
2580 5502 2740 5540 unam
2785 5498 3020 5555 petram,
3060 5487 3153 5541 sed
3187 5468 3473 5555 superi!"

1781 5594 1999 5634 arenam
2037 5580 2325 5634 habentem
2374 5579 2427 5632 in
2482 5594 2541 5633 se
2590 5579 2794 5650 lapides
2829 5580 3057 5647 multos;
3096 5580 3250 5636 multi
3280 5594 3352 5637 ex

1872 5787 1917 5857 7‘
1953 5786 2075 5843 Lib.
2123 5804 2196 5853 tv,
2227 5802 2346 5857 cap.
2378 5788 2447 5844 35
2502 5807 2554 5845 n.
2600 5790 2652 5846 4.
2737 5791 2785 5822 ⁷³
2813 5789 2934 5846 Lib.
2970 5807 3009 5856 t,
3037 5806 3083 5846 ε.
3115 5790 3172 5857 9,
3202 5805 3259 5848 n.
3289 5795 3341 5851 ε.

124 5842 489 5919 ’δαμείω
522 5842 611 5907 t.’
659 5842 797 5906 "'c.
826 5852 917 5918 at,
952 5866 1007 5908 ιι.
1050 5853 1104 5909 5.
1204 5855 1248 5886 το
1278 5842 1411 5925 cap;
1444 5855 1534 5923 es,
1570 5842 1682 5912 "Li

1823 5856 1917 5913 lib.
1962 5842 2125 5925 ιιιίυ.
2167 5842 2260 5925 ἐι,
2294 5842 2347 5913 ii.
2380 5842 2432 5917 2.
