  <div class='ocr_page' id='page_1' title='image "/cluster/home/n/w/nwhite01/storage/ocr_20150623/7/hvd.32044019206614/145.png"; bbox 0 0 3924 6354; ppageno 0'>
   <div class='ocr_carea' id='block_1_1' title="bbox 520 440 624 494">
    <p class='ocr_par' dir='ltr' id='par_1_1' title="bbox 520 440 624 494">
     <span class='ocr_line' id='line_1_1' title="bbox 520 440 624 494; baseline 0.01 -2"><span class='ocrx_word' id='word_1_1' title='bbox 520 440 624 494; x_wconf 73' lang='lat'><strong>2&#39;75</strong></span> 
     </span>
    </p>
   </div>
   <div class='ocr_carea' id='block_1_2' title="bbox 522 533 2169 625">
    <p class='ocr_par' dir='ltr' id='par_1_2' title="bbox 522 533 2169 625">
     <span class='ocr_line' id='line_1_2' title="bbox 522 533 2169 625; baseline -0.012 -16"><span class='ocrx_word' id='word_1_2' title='bbox 522 556 676 625; x_wconf 86' lang='lat' dir='ltr'><strong>ipsis,</strong></span> <span class='ocrx_word' id='word_1_3' title='bbox 708 555 815 609; x_wconf 94' lang='lat' dir='ltr'><strong>imo</strong></span> <span class='ocrx_word' id='word_1_4' title='bbox 842 565 1034 607; x_wconf 87' lang='lat' dir='ltr'><strong>omnes</strong></span> <span class='ocrx_word' id='word_1_5' title='bbox 1066 548 1504 605; x_wconf 89' lang='lat' dir='ltr'><strong>velintdoctores</strong></span> <span class='ocrx_word' id='word_1_6' title='bbox 1537 558 1679 609; x_wconf 86' lang='lat' dir='ltr'><strong>esse,</strong></span> <span class='ocrx_word' id='word_1_7' title='bbox 1715 549 1771 594; x_wconf 86' lang='lat' dir='ltr'><strong>et</strong></span> <span class='ocrx_word' id='word_1_8' title='bbox 1804 536 2094 593; x_wconf 83' lang='lat' dir='ltr'><strong>abscedere</strong></span> <span class='ocrx_word' id='word_1_9' title='bbox 2123 533 2169 589; x_wconf 82' lang='lat' dir='ltr'><strong>A</strong></span> 
     </span>
    </p>
   </div>
   <div class='ocr_carea' id='block_1_3' title="bbox 522 633 2092 716">
    <p class='ocr_par' dir='ltr' id='par_1_3' title="bbox 522 633 2092 716">
     <span class='ocr_line' id='line_1_3' title="bbox 522 633 2092 716; baseline -0.013 -14"><span class='ocrx_word' id='word_1_10' title='bbox 522 650 742 716; x_wconf 86' lang='lat' dir='ltr'><strong>quidem</strong></span> <span class='ocrx_word' id='word_1_11' title='bbox 788 646 857 701; x_wconf 87' lang='lat' dir='ltr'><strong>ab</strong></span> <span class='ocrx_word' id='word_1_12' title='bbox 890 643 1123 707; x_wconf 70' lang='lat' dir='ltr'><strong>haeresi,</strong></span> <span class='ocrx_word' id='word_1_13' title='bbox 1171 642 1224 695; x_wconf 93' lang='lat' dir='ltr'><strong>in</strong></span> <span class='ocrx_word' id='word_1_14' title='bbox 1265 655 1370 708; x_wconf 92' lang='lat' dir='ltr'><strong>qua</strong></span> <span class='ocrx_word' id='word_1_15' title='bbox 1415 638 1672 701; x_wconf 82' lang='lat' dir='ltr'><strong>fuerunt,</strong></span> <span class='ocrx_word' id='word_1_16' title='bbox 1719 633 1863 687; x_wconf 86' lang='lat' dir='ltr'><strong>aliud</strong></span> <span class='ocrx_word' id='word_1_17' title='bbox 1908 638 2092 684; x_wconf 89' lang='lat' dir='ltr'><strong>autem</strong></span> 
     </span>
    </p>
   </div>
   <div class='ocr_carea' id='block_1_4' title="bbox 524 722 2094 810">
    <p class='ocr_par' dir='ltr' id='par_1_4' title="bbox 524 722 2094 810">
     <span class='ocr_line' id='line_1_4' title="bbox 524 722 2094 810; baseline -0.011 -15"><span class='ocrx_word' id='word_1_18' title='bbox 524 742 720 810; x_wconf 89' lang='lat' dir='ltr'><strong>dogma</strong></span> <span class='ocrx_word' id='word_1_19' title='bbox 759 741 827 793; x_wconf 88' lang='lat' dir='ltr'><strong>ab</strong></span> <span class='ocrx_word' id='word_1_20' title='bbox 859 738 977 809; x_wconf 33' lang='lat' dir='ltr'><strong>alia.</strong></span> <span class='ocrx_word' id='word_1_21' title='bbox 1010 737 1318 799; x_wconf 75' lang='lat' dir='ltr'><strong>sententia,</strong></span> <span class='ocrx_word' id='word_1_22' title='bbox 1364 741 1419 787; x_wconf 90' lang='lat' dir='ltr'><strong>et</strong></span> <span class='ocrx_word' id='word_1_23' title='bbox 1461 730 1719 797; x_wconf 87' lang='lat' dir='ltr'><strong>deinceps</strong></span> <span class='ocrx_word' id='word_1_24' title='bbox 1756 725 1982 778; x_wconf 89' lang='lat' dir='ltr'><strong>alteram</strong></span> <span class='ocrx_word' id='word_1_25' title='bbox 2024 722 2094 777; x_wconf 87' lang='lat' dir='ltr'><strong>ab</strong></span> 
     </span>
    </p>
   </div>
   <div class='ocr_carea' id='block_1_5' title="bbox 528 822 2098 900">
    <p class='ocr_par' dir='ltr' id='par_1_5' title="bbox 528 822 2098 900">
     <span class='ocr_line' id='line_1_5' title="bbox 528 822 2098 900; baseline -0.012 -15"><span class='ocrx_word' id='word_1_26' title='bbox 528 832 699 885; x_wconf 84' lang='lat' dir='ltr'><strong>altera</strong></span> <span class='ocrx_word' id='word_1_27' title='bbox 732 839 1144 900; x_wconf 78' lang='lat' dir='ltr'><strong>componentes,</strong></span> <span class='ocrx_word' id='word_1_28' title='bbox 1180 841 1317 881; x_wconf 89' lang='lat' dir='ltr'><strong>nove</strong></span> <span class='ocrx_word' id='word_1_29' title='bbox 1346 826 1543 879; x_wconf 89' lang='lat' dir='ltr'><strong>docere</strong></span> <span class='ocrx_word' id='word_1_30' title='bbox 1570 822 1859 883; x_wconf 89' lang='lat' dir='ltr'><strong>insistunt,</strong></span> <span class='ocrx_word' id='word_1_31' title='bbox 1897 823 2098 870; x_wconf 88' lang='lat' dir='ltr'><strong>semet-</strong></span> 
     </span>
    </p>
   </div>
   <div class='ocr_carea' id='block_1_6' title="bbox 528 918 2096 996">
    <p class='ocr_par' dir='ltr' id='par_1_6' title="bbox 528 918 2096 996">
     <span class='ocr_line' id='line_1_6' title="bbox 528 918 2096 996; baseline -0.009 -20"><span class='ocrx_word' id='word_1_32' title='bbox 528 924 677 996; x_wconf 90' lang='lat' dir='ltr'><strong>ipsos</strong></span> <span class='ocrx_word' id='word_1_33' title='bbox 718 925 1103 979; x_wconf 86' lang='lat' dir='ltr'><strong>adinventores</strong></span> <span class='ocrx_word' id='word_1_34' title='bbox 1126 918 1432 981; x_wconf 65' lang='lat' dir='ltr'><strong>sementim,</strong></span> <span class='ocrx_word' id='word_1_35' title='bbox 1466 928 1848 984; x_wconf 79' lang='lat' dir='ltr'><strong>quamcunque</strong></span> <span class='ocrx_word' id='word_1_36' title='bbox 1875 923 2096 978; x_wconf 87' lang='lat' dir='ltr'><strong>compe-</strong></span> 
     </span>
    </p>
   </div>
   <div class='ocr_carea' id='block_1_7' title="bbox 530 1000 2098 1085">
    <p class='ocr_par' dir='ltr' id='par_1_7' title="bbox 530 1000 2098 1085">
     <span class='ocr_line' id='line_1_7' title="bbox 530 1000 2098 1085; baseline -0.011 -13"><span class='ocrx_word' id='word_1_37' title='bbox 530 1016 730 1085; x_wconf 86' lang='lat' dir='ltr'><strong>gerint,</strong></span> <span class='ocrx_word' id='word_1_38' title='bbox 761 1015 1072 1085; x_wconf 80' lang='lat' dir='ltr'><strong>gloriantes.</strong></span> <span class='ocrx_word' id='word_1_39' title='bbox 1110 1032 1131 1064; x_wconf 77' lang='grc' dir='ltr'><strong><em>ι</em></strong></span> <span class='ocrx_word' id='word_1_40' title='bbox 1157 1009 1362 1079; x_wconf 88' lang='lat' dir='ltr'><strong>Nempe</strong></span> <span class='ocrx_word' id='word_1_41' title='bbox 1392 1021 1623 1062; x_wconf 77' lang='lat' dir='ltr'><strong>excusso</strong></span> <span class='ocrx_word' id='word_1_42' title='bbox 1651 1003 1817 1059; x_wconf 88' lang='lat' dir='ltr'><strong>semel</strong></span> <span class='ocrx_word' id='word_1_43' title='bbox 1844 1000 2098 1056; x_wconf 70' lang='lat' dir='ltr'><strong>Ecclesia:</strong></span> 
     </span>
    </p>
   </div>
   <div class='ocr_carea' id='block_1_8' title="bbox 530 1096 2094 1175">
    <p class='ocr_par' dir='ltr' id='par_1_8' title="bbox 530 1096 2094 1175">
     <span class='ocr_line' id='line_1_8' title="bbox 530 1096 2094 1175; baseline -0.01 -11"><span class='ocrx_word' id='word_1_44' title='bbox 530 1107 880 1164; x_wconf 80' lang='lat' dir='ltr'><strong>auctoritatis</strong></span> <span class='ocrx_word' id='word_1_45' title='bbox 922 1106 1084 1175; x_wconf 82' lang='lat' dir='ltr'><strong>jugo,</strong></span> <span class='ocrx_word' id='word_1_46' title='bbox 1136 1100 1528 1173; x_wconf 88' lang='lat' dir='ltr'><strong>repudiataque</strong></span> <span class='ocrx_word' id='word_1_47' title='bbox 1576 1098 1828 1153; x_wconf 78' lang='lat' dir='ltr'><strong>veritatis</strong></span> <span class='ocrx_word' id='word_1_48' title='bbox 1876 1096 2094 1164; x_wconf 84' lang='lat' dir='ltr'><strong>regula;</strong></span> 
     </span>
    </p>
   </div>
   <div class='ocr_carea' id='block_1_9' title="bbox 532 1191 2099 1268">
    <p class='ocr_par' dir='ltr' id='par_1_9' title="bbox 532 1191 2099 1268">
     <span class='ocr_line' id='line_1_9' title="bbox 532 1191 2099 1268; baseline -0.008 -15"><span class='ocrx_word' id='word_1_49' title='bbox 532 1199 684 1257; x_wconf 87' lang='lat' dir='ltr'><strong>nullo</strong></span> <span class='ocrx_word' id='word_1_50' title='bbox 713 1199 824 1268; x_wconf 88' lang='lat' dir='ltr'><strong>jam</strong></span> <span class='ocrx_word' id='word_1_51' title='bbox 860 1196 1017 1255; x_wconf 76' lang='lat' dir='ltr'><strong>freno</strong></span> <span class='ocrx_word' id='word_1_52' title='bbox 1045 1197 1286 1249; x_wconf 87' lang='lat' dir='ltr'><strong>coerceri</strong></span> <span class='ocrx_word' id='word_1_53' title='bbox 1312 1194 1588 1256; x_wconf 88' lang='lat' dir='ltr'><strong>valentes,</strong></span> <span class='ocrx_word' id='word_1_54' title='bbox 1633 1191 1685 1244; x_wconf 89' lang='lat' dir='ltr'><strong>in</strong></span> <span class='ocrx_word' id='word_1_55' title='bbox 1716 1191 1906 1244; x_wconf 88' lang='lat' dir='ltr'><strong>obvias</strong></span> <span class='ocrx_word' id='word_1_56' title='bbox 1934 1202 2099 1256; x_wconf 86' lang='lat' dir='ltr'><strong>quas-</strong></span> 
     </span>
    </p>
   </div>
   <div class='ocr_carea' id='block_1_10' title="bbox 530 1284 2092 1358">
    <p class='ocr_par' dir='ltr' id='par_1_10' title="bbox 530 1284 2092 1358">
     <span class='ocr_line' id='line_1_10' title="bbox 530 1284 2092 1358; baseline -0.006 -16"><span class='ocrx_word' id='word_1_57' title='bbox 530 1287 665 1343; x_wconf 84' lang='lat' dir='ltr'><strong>libet</strong></span> <span class='ocrx_word' id='word_1_58' title='bbox 695 1288 982 1358; x_wconf 81' lang='lat' dir='ltr'><strong>Opiniones</strong></span> <span class='ocrx_word' id='word_1_59' title='bbox 1011 1287 1171 1341; x_wconf 81' lang='lat' dir='ltr'><strong>facile</strong></span> <span class='ocrx_word' id='word_1_60' title='bbox 1202 1286 1507 1341; x_wconf 87' lang='lat' dir='ltr'><strong>concedunt</strong></span> <span class='ocrx_word' id='word_1_61' title='bbox 1532 1286 1599 1337; x_wconf 88' lang='lat'><strong>&quot;&quot;.</strong></span> <span class='ocrx_word' id='word_1_62' title='bbox 1666 1301 1685 1334; x_wconf 72' lang='grc' dir='ltr'>ι</span> <span class='ocrx_word' id='word_1_63' title='bbox 1721 1284 2035 1352; x_wconf 77' lang='lat' dir='ltr'><strong>Arguuntur</strong></span> <span class='ocrx_word' id='word_1_64' title='bbox 2073 1299 2092 1332; x_wconf 73' lang='grc' dir='ltr'><strong><em>ι</em></strong></span> 
     </span>
    </p>
   </div>
   <div class='ocr_carea' id='block_1_11' title="bbox 530 1373 2101 1452">
    <p class='ocr_par' dir='ltr' id='par_1_11' title="bbox 530 1373 2101 1452">
     <span class='ocr_line' id='line_1_11' title="bbox 530 1373 2101 1452; baseline -0.005 -17"><span class='ocrx_word' id='word_1_65' title='bbox 530 1380 758 1452; x_wconf 89' lang='lat' dir='ltr'><strong>proinde</strong></span> <span class='ocrx_word' id='word_1_66' title='bbox 791 1397 809 1430; x_wconf 75' lang='grc' dir='ltr'>ι</span> <span class='ocrx_word' id='word_1_67' title='bbox 850 1395 957 1434; x_wconf 90' lang='lat' dir='ltr'><strong>non</strong></span> <span class='ocrx_word' id='word_1_68' title='bbox 990 1380 1205 1448; x_wconf 85' lang='lat' dir='ltr'><strong>quidem</strong></span> <span class='ocrx_word' id='word_1_69' title='bbox 1233 1379 1602 1449; x_wconf 90' lang='lat' dir='ltr'><strong>apostolorum</strong></span> <span class='ocrx_word' id='word_1_70' title='bbox 1625 1417 1641 1441; x_wconf 93' lang='lat'><strong>,</strong></span> <span class='ocrx_word' id='word_1_71' title='bbox 1674 1378 1767 1431; x_wconf 89' lang='lat' dir='ltr'><strong>sed</strong></span> <span class='ocrx_word' id='word_1_72' title='bbox 1804 1390 1914 1429; x_wconf 62' lang='lat' dir='ltr'><strong>suae</strong></span> <span class='ocrx_word' id='word_1_73' title='bbox 1946 1373 2101 1427; x_wconf 70' lang='lat' dir='ltr'><strong>malae</strong></span> 
     </span>
    </p>
   </div>
   <div class='ocr_carea' id='block_1_12' title="bbox 531 1472 2101 1545">
    <p class='ocr_par' dir='ltr' id='par_1_12' title="bbox 531 1472 2101 1545">
     <span class='ocr_line' id='line_1_12' title="bbox 531 1472 2101 1545; baseline -0.006 -14"><span class='ocrx_word' id='word_1_74' title='bbox 531 1477 819 1531; x_wconf 64' lang='lat' dir='ltr'><strong>sententia:</strong></span> <span class='ocrx_word' id='word_1_75' title='bbox 845 1492 968 1531; x_wconf 89' lang='lat' dir='ltr'><strong>esse</strong></span> <span class='ocrx_word' id='word_1_76' title='bbox 1004 1474 1279 1545; x_wconf 82' lang='lat' dir='ltr'><strong>discipuli.</strong></span> <span class='ocrx_word' id='word_1_77' title='bbox 1321 1472 1546 1543; x_wconf 86' lang='lat' dir='ltr'><strong>Propter</strong></span> <span class='ocrx_word' id='word_1_78' title='bbox 1586 1472 1689 1526; x_wconf 90' lang='lat' dir='ltr'><strong>hoc</strong></span> <span class='ocrx_word' id='word_1_79' title='bbox 1719 1479 1900 1525; x_wconf 91' lang='lat' dir='ltr'><strong>autem</strong></span> <span class='ocrx_word' id='word_1_80' title='bbox 1931 1478 1985 1524; x_wconf 92' lang='lat' dir='ltr'><strong>et</strong></span> <span class='ocrx_word' id='word_1_81' title='bbox 2009 1483 2101 1521; x_wconf 83' lang='lat' dir='ltr'><strong>va-</strong></span> 
     </span>
    </p>
   </div>
   <div class='ocr_carea' id='block_1_13' title="bbox 530 1562 2103 1636">
    <p class='ocr_par' dir='ltr' id='par_1_13' title="bbox 530 1562 2103 1636">
     <span class='ocr_line' id='line_1_13' title="bbox 530 1562 2103 1636; baseline -0.005 -13"><span class='ocrx_word' id='word_1_82' title='bbox 530 1570 628 1623; x_wconf 81' lang='lat' dir='ltr'><strong>riae</strong></span> <span class='ocrx_word' id='word_1_83' title='bbox 661 1568 943 1623; x_wconf 66' lang='lat' dir='ltr'><strong>sententiae</strong></span> <span class='ocrx_word' id='word_1_84' title='bbox 977 1576 1105 1621; x_wconf 91' lang='lat' dir='ltr'><strong>sunt</strong></span> <span class='ocrx_word' id='word_1_85' title='bbox 1132 1565 1562 1636; x_wconf 90' lang='lat' dir='ltr'><strong>uniuscujusque</strong></span> <span class='ocrx_word' id='word_1_86' title='bbox 1590 1578 1801 1627; x_wconf 91' lang='lat' dir='ltr'><strong>eorum,</strong></span> <span class='ocrx_word' id='word_1_87' title='bbox 1830 1562 2103 1632; x_wconf 89' lang='lat' dir='ltr'><strong>recipien-</strong></span> 
     </span>
    </p>
   </div>
   <div class='ocr_carea' id='block_1_14' title="bbox 532 1655 2103 1729">
    <p class='ocr_par' dir='ltr' id='par_1_14' title="bbox 532 1655 2103 1729">
     <span class='ocr_line' id='line_1_14' title="bbox 532 1655 2103 1729; baseline -0.007 -12"><span class='ocrx_word' id='word_1_88' title='bbox 532 1662 605 1717; x_wconf 86' lang='lat' dir='ltr'><strong>tis</strong></span> <span class='ocrx_word' id='word_1_89' title='bbox 645 1675 915 1725; x_wconf 90' lang='lat' dir='ltr'><strong>errorem,</strong></span> <span class='ocrx_word' id='word_1_90' title='bbox 950 1660 1407 1729; x_wconf 85' lang='lat' dir='ltr'><strong>quemadmodum</strong></span> <span class='ocrx_word' id='word_1_91' title='bbox 1439 1657 1708 1727; x_wconf 84' lang='lat' dir='ltr'><strong>capiebat.</strong></span> <span class='ocrx_word' id='word_1_92' title='bbox 1754 1674 1772 1707; x_wconf 73' lang='grc' dir='ltr'><strong><em>ι</em></strong></span> <span class='ocrx_word' id='word_1_93' title='bbox 1802 1655 2103 1723; x_wconf 90' lang='lat' dir='ltr'><strong>Eapropter</strong></span> 
     </span>
    </p>
   </div>
   <div class='ocr_carea' id='block_1_15' title="bbox 532 1747 2105 1819">
    <p class='ocr_par' dir='ltr' id='par_1_15' title="bbox 532 1747 2105 1819">
     <span class='ocr_line' id='line_1_15' title="bbox 532 1747 2105 1819; baseline -0.007 -9"><span class='ocrx_word' id='word_1_94' title='bbox 532 1755 837 1810; x_wconf 83' lang='lat' dir='ltr'><strong>rectissime</strong></span> <span class='ocrx_word' id='word_1_95' title='bbox 862 1762 1046 1807; x_wconf 90' lang='lat' dir='ltr'><strong>monet</strong></span> <span class='ocrx_word' id='word_1_96' title='bbox 1067 1751 1136 1815; x_wconf 82' lang='grc'><strong>⁷⁸,</strong></span> <span class='ocrx_word' id='word_1_97' title='bbox 1170 1768 1189 1801; x_wconf 87' lang='grc'><em>‹</em></span> <span class='ocrx_word' id='word_1_98' title='bbox 1237 1766 1342 1805; x_wconf 93' lang='lat' dir='ltr'><strong>non</strong></span> <span class='ocrx_word' id='word_1_99' title='bbox 1376 1759 1628 1819; x_wconf 84' lang='lat' dir='ltr'><strong>oportere</strong></span> <span class='ocrx_word' id='word_1_100' title='bbox 1650 1747 1827 1802; x_wconf 89' lang='lat' dir='ltr'><strong>adhuc</strong></span> <span class='ocrx_word' id='word_1_101' title='bbox 1859 1760 2105 1816; x_wconf 74' lang='lat' dir='ltr'><strong>quaerere</strong></span> 
     </span>
    </p>
   </div>
   <div class='ocr_carea' id='block_1_16' title="bbox 534 1840 2102 1917">
    <p class='ocr_par' dir='ltr' id='par_1_16' title="bbox 534 1840 2102 1917">
     <span class='ocr_line' id='line_1_16' title="bbox 534 1840 2102 1917; baseline -0.004 -20"><span class='ocrx_word' id='word_1_102' title='bbox 534 1846 677 1917; x_wconf 86' lang='lat' dir='ltr'><strong>apud</strong></span> <span class='ocrx_word' id='word_1_103' title='bbox 708 1845 867 1910; x_wconf 89' lang='lat' dir='ltr'><strong>alios,</strong></span> <span class='ocrx_word' id='word_1_104' title='bbox 915 1862 934 1895; x_wconf 71' lang='grc' dir='ltr'><strong><em>ι</em></strong></span> <span class='ocrx_word' id='word_1_105' title='bbox 975 1843 1229 1898; x_wconf 84' lang='lat' dir='ltr'><strong>videlicet</strong></span> <span class='ocrx_word' id='word_1_106' title='bbox 1262 1843 1403 1911; x_wconf 88' lang='lat' dir='ltr'><strong>apud</strong></span> <span class='ocrx_word' id='word_1_107' title='bbox 1438 1841 1762 1906; x_wconf 74' lang='lat' dir='ltr'><strong>luereticos,</strong></span> <span class='ocrx_word' id='word_1_108' title='bbox 1792 1840 2102 1903; x_wconf 76' lang='lat' dir='ltr'><strong>veritatem,</strong></span> 
     </span>
    </p>
   </div>
   <div class='ocr_carea' id='block_1_17' title="bbox 533 1933 2102 2006">
    <p class='ocr_par' dir='ltr' id='par_1_17' title="bbox 533 1933 2102 2006">
     <span class='ocr_line' id='line_1_17' title="bbox 533 1933 2102 2006; baseline -0.003 -17"><span class='ocrx_word' id='word_1_109' title='bbox 533 1951 696 2006; x_wconf 90' lang='lat' dir='ltr'><strong>quam</strong></span> <span class='ocrx_word' id='word_1_110' title='bbox 770 1933 929 1992; x_wconf 81' lang='lat' dir='ltr'><strong>facile</strong></span> <span class='ocrx_word' id='word_1_111' title='bbox 1008 1947 1091 1991; x_wconf 89' lang='lat' dir='ltr'><strong>est</strong></span> <span class='ocrx_word' id='word_1_112' title='bbox 1132 1937 1199 1991; x_wconf 90' lang='lat' dir='ltr'><strong>ab</strong></span> <span class='ocrx_word' id='word_1_113' title='bbox 1236 1935 1473 1990; x_wconf 85' lang='lat' dir='ltr'><strong>Ecclesia</strong></span> <span class='ocrx_word' id='word_1_114' title='bbox 1518 1948 1769 1998; x_wconf 89' lang='lat' dir='ltr'><strong>sumere;</strong></span> <span class='ocrx_word' id='word_1_115' title='bbox 1804 1947 1923 1986; x_wconf 90' lang='lat' dir='ltr'><strong>cum</strong></span> <span class='ocrx_word' id='word_1_116' title='bbox 1970 1946 2102 2000; x_wconf 88' lang='lat' dir='ltr'><strong>apo-</strong></span> 
     </span>
    </p>
   </div>
   <div class='ocr_carea' id='block_1_18' title="bbox 534 2024 2103 2100">
    <p class='ocr_par' dir='ltr' id='par_1_18' title="bbox 534 2024 2103 2100">
     <span class='ocr_line' id='line_1_18' title="bbox 534 2024 2103 2100; baseline -0.006 -14"><span class='ocrx_word' id='word_1_117' title='bbox 534 2031 701 2100; x_wconf 69' lang='lat' dir='ltr'><strong>stoli,</strong></span> <span class='ocrx_word' id='word_1_118' title='bbox 735 2030 890 2100; x_wconf 89' lang='lat' dir='ltr'><strong>quasi</strong></span> <span class='ocrx_word' id='word_1_119' title='bbox 944 2031 997 2087; x_wconf 89' lang='lat' dir='ltr'><strong>in</strong></span> <span class='ocrx_word' id='word_1_120' title='bbox 1050 2028 1444 2098; x_wconf 89' lang='lat' dir='ltr'><strong>depositorium</strong></span> <span class='ocrx_word' id='word_1_121' title='bbox 1483 2027 1669 2092; x_wconf 87' lang='lat' dir='ltr'><strong>dives,</strong></span> <span class='ocrx_word' id='word_1_122' title='bbox 1706 2025 2017 2093; x_wconf 85' lang='lat' dir='ltr'><strong>plenissime</strong></span> <span class='ocrx_word' id='word_1_123' title='bbox 2051 2024 2103 2077; x_wconf 93' lang='lat' dir='ltr'><strong>in</strong></span> 
     </span>
    </p>
   </div>
   <div class='ocr_carea' id='block_1_19' title="bbox 533 2117 2107 2190">
    <p class='ocr_par' dir='ltr' id='par_1_19' title="bbox 533 2117 2107 2190">
     <span class='ocr_line' id='line_1_19' title="bbox 533 2117 2107 2190; baseline -0.006 -13"><span class='ocrx_word' id='word_1_124' title='bbox 533 2139 654 2177; x_wconf 90' lang='lat' dir='ltr'><strong>eam</strong></span> <span class='ocrx_word' id='word_1_125' title='bbox 688 2122 1018 2179; x_wconf 89' lang='lat' dir='ltr'><strong>contulerint</strong></span> <span class='ocrx_word' id='word_1_126' title='bbox 1043 2122 1246 2184; x_wconf 88' lang='lat' dir='ltr'><strong>omnia,</strong></span> <span class='ocrx_word' id='word_1_127' title='bbox 1282 2136 1401 2190; x_wconf 63' lang='lat' dir='ltr'><strong>quae</strong></span> <span class='ocrx_word' id='word_1_128' title='bbox 1424 2121 1535 2174; x_wconf 89' lang='lat' dir='ltr'><strong>sint</strong></span> <span class='ocrx_word' id='word_1_129' title='bbox 1569 2118 1813 2173; x_wconf 75' lang='lat' dir='ltr'><strong>veritatis</strong></span> <span class='ocrx_word' id='word_1_130' title='bbox 1841 2134 1854 2169; x_wconf 94' lang='lat'>:</span> <span class='ocrx_word' id='word_1_131' title='bbox 1886 2117 1962 2169; x_wconf 90' lang='lat' dir='ltr'><strong>uti</strong></span> <span class='ocrx_word' id='word_1_132' title='bbox 1990 2131 2107 2167; x_wconf 90' lang='lat' dir='ltr'><strong>om-</strong></span> 
     </span>
    </p>
   </div>
   <div class='ocr_carea' id='block_1_20' title="bbox 533 2207 2106 2285">
    <p class='ocr_par' dir='ltr' id='par_1_20' title="bbox 533 2207 2106 2285">
     <span class='ocr_line' id='line_1_20' title="bbox 533 2207 2106 2285; baseline -0.008 -12"><span class='ocrx_word' id='word_1_133' title='bbox 533 2217 641 2280; x_wconf 87' lang='lat' dir='ltr'><strong>nis,</strong></span> <span class='ocrx_word' id='word_1_134' title='bbox 666 2216 980 2285; x_wconf 90' lang='lat' dir='ltr'><strong>quicunque</strong></span> <span class='ocrx_word' id='word_1_135' title='bbox 1008 2214 1158 2278; x_wconf 89' lang='lat' dir='ltr'><strong>velit,</strong></span> <span class='ocrx_word' id='word_1_136' title='bbox 1195 2222 1376 2268; x_wconf 90' lang='lat' dir='ltr'><strong>sumat</strong></span> <span class='ocrx_word' id='word_1_137' title='bbox 1408 2228 1473 2267; x_wconf 78' lang='lat' dir='ltr'><strong>ex</strong></span> <span class='ocrx_word' id='word_1_138' title='bbox 1501 2226 1563 2265; x_wconf 90' lang='lat' dir='ltr'><strong>ea</strong></span> <span class='ocrx_word' id='word_1_139' title='bbox 1589 2218 1775 2278; x_wconf 92' lang='lat' dir='ltr'><strong>potum</strong></span> <span class='ocrx_word' id='word_1_140' title='bbox 1801 2210 1945 2262; x_wconf 63' lang='lat' dir='ltr'><strong>vitae.</strong></span> <span class='ocrx_word' id='word_1_141' title='bbox 1982 2207 2106 2261; x_wconf 70' lang='lat' dir='ltr'><strong>Hrec</strong></span> 
     </span>
    </p>
   </div>
   <div class='ocr_carea' id='block_1_21' title="bbox 533 2298 2106 2370">
    <p class='ocr_par' dir='ltr' id='par_1_21' title="bbox 533 2298 2106 2370">
     <span class='ocr_line' id='line_1_21' title="bbox 533 2298 2106 2370; baseline -0.008 -6"><span class='ocrx_word' id='word_1_142' title='bbox 533 2320 618 2365; x_wconf 86' lang='lat' dir='ltr'><strong>est</strong></span> <span class='ocrx_word' id='word_1_143' title='bbox 640 2308 782 2363; x_wconf 90' lang='lat' dir='ltr'><strong>enim</strong></span> <span class='ocrx_word' id='word_1_144' title='bbox 819 2307 941 2360; x_wconf 63' lang='lat' dir='ltr'><strong>vitae</strong></span> <span class='ocrx_word' id='word_1_145' title='bbox 966 2306 1256 2370; x_wconf 88' lang='lat' dir='ltr'><strong>introitus;</strong></span> <span class='ocrx_word' id='word_1_146' title='bbox 1293 2317 1482 2356; x_wconf 90' lang='lat' dir='ltr'><strong>omnes</strong></span> <span class='ocrx_word' id='word_1_147' title='bbox 1513 2312 1694 2355; x_wconf 92' lang='lat' dir='ltr'><strong>autem</strong></span> <span class='ocrx_word' id='word_1_148' title='bbox 1732 2299 1924 2369; x_wconf 90' lang='lat' dir='ltr'><strong>reliqui</strong></span> <span class='ocrx_word' id='word_1_149' title='bbox 1958 2298 2106 2352; x_wconf 82' lang='lat' dir='ltr'><strong>fures</strong></span> 
     </span>
    </p>
   </div>
   <div class='ocr_carea' id='block_1_22' title="bbox 534 2391 2109 2464">
    <p class='ocr_par' dir='ltr' id='par_1_22' title="bbox 534 2391 2109 2464">
     <span class='ocr_line' id='line_1_22' title="bbox 534 2391 2109 2464; baseline -0.009 -8"><span class='ocrx_word' id='word_1_150' title='bbox 534 2410 667 2464; x_wconf 90' lang='lat' dir='ltr'><strong>sunt</strong></span> <span class='ocrx_word' id='word_1_151' title='bbox 695 2411 750 2454; x_wconf 91' lang='lat' dir='ltr'><strong>et</strong></span> <span class='ocrx_word' id='word_1_152' title='bbox 776 2400 1034 2455; x_wconf 86' lang='lat' dir='ltr'><strong>latrones.</strong></span> <span class='ocrx_word' id='word_1_153' title='bbox 1058 2396 1290 2464; x_wconf 86' lang='lat' dir='ltr'><strong>Propter</strong></span> <span class='ocrx_word' id='word_1_154' title='bbox 1316 2395 1458 2464; x_wconf 91' lang='lat' dir='ltr'><strong>quod</strong></span> <span class='ocrx_word' id='word_1_155' title='bbox 1482 2402 1695 2461; x_wconf 87' lang='lat' dir='ltr'><strong>oportet</strong></span> <span class='ocrx_word' id='word_1_156' title='bbox 1722 2393 1964 2447; x_wconf 84' lang='lat' dir='ltr'><strong>devitarc</strong></span> <span class='ocrx_word' id='word_1_157' title='bbox 1987 2391 2109 2460; x_wconf 87' lang='lat' dir='ltr'><strong>qui-</strong></span> 
     </span>
    </p>
   </div>
   <div class='ocr_carea' id='block_1_23' title="bbox 534 2487 2104 2559">
    <p class='ocr_par' dir='ltr' id='par_1_23' title="bbox 534 2487 2104 2559">
     <span class='ocr_line' id='line_1_23' title="bbox 534 2487 2104 2559; baseline -0.007 -12"><span class='ocrx_word' id='word_1_158' title='bbox 534 2495 659 2553; x_wconf 85' lang='lat' dir='ltr'><strong>dem</strong></span> <span class='ocrx_word' id='word_1_159' title='bbox 694 2493 857 2555; x_wconf 90' lang='lat' dir='ltr'><strong>illos;</strong></span> <span class='ocrx_word' id='word_1_160' title='bbox 888 2505 1008 2559; x_wconf 64' lang='lat' dir='ltr'><strong>quae</strong></span> <span class='ocrx_word' id='word_1_161' title='bbox 1039 2498 1219 2543; x_wconf 89' lang='lat' dir='ltr'><strong>autem</strong></span> <span class='ocrx_word' id='word_1_162' title='bbox 1249 2496 1375 2543; x_wconf 93' lang='lat' dir='ltr'><strong>sunt</strong></span> <span class='ocrx_word' id='word_1_163' title='bbox 1411 2487 1689 2550; x_wconf 63' lang='lat' dir='ltr'><strong>Ecclesia},</strong></span> <span class='ocrx_word' id='word_1_164' title='bbox 1726 2501 1847 2539; x_wconf 92' lang='lat' dir='ltr'><strong>cum</strong></span> <span class='ocrx_word' id='word_1_165' title='bbox 1891 2499 2104 2540; x_wconf 89' lang='lat' dir='ltr'><strong>summa</strong></span> 
     </span>
    </p>
   </div>
   <div class='ocr_carea' id='block_1_24' title="bbox 535 2576 2111 2653">
    <p class='ocr_par' dir='ltr' id='par_1_24' title="bbox 535 2576 2111 2653">
     <span class='ocr_line' id='line_1_24' title="bbox 535 2576 2111 2653; baseline -0.01 -10"><span class='ocrx_word' id='word_1_166' title='bbox 535 2582 821 2653; x_wconf 78' lang='lat' dir='ltr'><strong>diligentia</strong></span> <span class='ocrx_word' id='word_1_167' title='bbox 856 2581 1085 2651; x_wconf 80' lang='lat' dir='ltr'><strong>diligere</strong></span> <span class='ocrx_word' id='word_1_168' title='bbox 1122 2591 1177 2634; x_wconf 91' lang='lat' dir='ltr'><strong>et</strong></span> <span class='ocrx_word' id='word_1_169' title='bbox 1222 2581 1632 2650; x_wconf 86' lang='lat' dir='ltr'><strong>apprehendere</strong></span> <span class='ocrx_word' id='word_1_170' title='bbox 1662 2577 1908 2632; x_wconf 86' lang='lat' dir='ltr'><strong>veritatis</strong></span> <span class='ocrx_word' id='word_1_171' title='bbox 1942 2576 2111 2630; x_wconf 81' lang='lat' dir='ltr'><strong>tradi-</strong></span> 
     </span>
    </p>
   </div>
   <div class='ocr_carea' id='block_1_25' title="bbox 541 2671 2108 2743">
    <p class='ocr_par' dir='ltr' id='par_1_25' title="bbox 541 2671 2108 2743">
     <span class='ocr_line' id='line_1_25' title="bbox 541 2671 2108 2743; baseline -0.008 -10"><span class='ocrx_word' id='word_1_172' title='bbox 541 2677 767 2733; x_wconf 84' lang='lat' dir='ltr'><strong>tionem.</strong></span> <span class='ocrx_word' id='word_1_173' title='bbox 812 2692 830 2725; x_wconf 78' lang='grc' dir='ltr'><strong><em>ι</em></strong></span> <span class='ocrx_word' id='word_1_174' title='bbox 858 2672 1030 2743; x_wconf 83' lang='lat' dir='ltr'><strong>Igitur</strong></span> <span class='ocrx_word' id='word_1_175' title='bbox 1076 2673 1217 2743; x_wconf 92' lang='lat' dir='ltr'><strong>apud</strong></span> <span class='ocrx_word' id='word_1_176' title='bbox 1262 2672 1433 2726; x_wconf 81' lang='lat' dir='ltr'><strong>solum</strong></span> <span class='ocrx_word' id='word_1_177' title='bbox 1483 2671 1785 2725; x_wconf 88' lang='lat' dir='ltr'><strong>Ecclesiam</strong></span> <span class='ocrx_word' id='word_1_178' title='bbox 1817 2671 2108 2739; x_wconf 65' lang='lat' dir='ltr'><strong>quaerenda</strong></span> 
     </span>
    </p>
   </div>
   <div class='ocr_carea' id='block_1_26' title="bbox 538 2761 2107 2830">
    <p class='ocr_par' dir='ltr' id='par_1_26' title="bbox 538 2761 2107 2830">
     <span class='ocr_line' id='line_1_26' title="bbox 538 2761 2107 2830; baseline -0.004 -10"><span class='ocrx_word' id='word_1_179' title='bbox 538 2768 782 2821; x_wconf 90' lang='lat' dir='ltr'><strong>veritas:</strong></span> <span class='ocrx_word' id='word_1_180' title='bbox 808 2765 937 2820; x_wconf 86' lang='lat' dir='ltr'><strong>huic</strong></span> <span class='ocrx_word' id='word_1_181' title='bbox 968 2765 1067 2820; x_wconf 90' lang='lat' dir='ltr'><strong>soli</strong></span> <span class='ocrx_word' id='word_1_182' title='bbox 1094 2764 1300 2819; x_wconf 89' lang='lat' dir='ltr'><strong>credita</strong></span> <span class='ocrx_word' id='word_1_183' title='bbox 1335 2773 1417 2817; x_wconf 91' lang='lat' dir='ltr'><strong>est</strong></span> <span class='ocrx_word' id='word_1_184' title='bbox 1449 2767 1518 2818; x_wconf 90' lang='lat' dir='ltr'><strong>ab</strong></span> <span class='ocrx_word' id='word_1_185' title='bbox 1546 2761 1821 2830; x_wconf 89' lang='lat' dir='ltr'><strong>apostolis,</strong></span> <span class='ocrx_word' id='word_1_186' title='bbox 1857 2763 1981 2816; x_wconf 89' lang='lat' dir='ltr'><strong>huic</strong></span> <span class='ocrx_word' id='word_1_187' title='bbox 2012 2761 2107 2814; x_wconf 88' lang='lat' dir='ltr'><strong>soli</strong></span> 
     </span>
    </p>
   </div>
   <div class='ocr_carea' id='block_1_27' title="bbox 535 2853 2109 2921">
    <p class='ocr_par' dir='ltr' id='par_1_27' title="bbox 535 2853 2109 2921">
     <span class='ocr_line' id='line_1_27' title="bbox 535 2853 2109 2921; baseline -0.006 -5"><span class='ocrx_word' id='word_1_188' title='bbox 535 2857 807 2916; x_wconf 90' lang='lat' dir='ltr'><strong>creditum</strong></span> <span class='ocrx_word' id='word_1_189' title='bbox 858 2857 1038 2911; x_wconf 90' lang='lat' dir='ltr'><strong>lumen</strong></span> <span class='ocrx_word' id='word_1_190' title='bbox 1084 2855 1177 2911; x_wconf 89' lang='lat' dir='ltr'><strong>Dei</strong></span> <span class='ocrx_word' id='word_1_191' title='bbox 1210 2857 1293 2921; x_wconf 75' lang='grc'><strong>⁷⁸,</strong></span> <span class='ocrx_word' id='word_1_192' title='bbox 1347 2857 1475 2911; x_wconf 90' lang='lat' dir='ltr'><strong>huic</strong></span> <span class='ocrx_word' id='word_1_193' title='bbox 1524 2855 1624 2910; x_wconf 91' lang='lat' dir='ltr'><strong>soli</strong></span> <span class='ocrx_word' id='word_1_194' title='bbox 1661 2873 1680 2907; x_wconf 74' lang='grc' dir='ltr'>ι</span> <span class='ocrx_word' id='word_1_195' title='bbox 1714 2854 1979 2909; x_wconf 88' lang='lat' dir='ltr'><strong>creditum</strong></span> <span class='ocrx_word' id='word_1_196' title='bbox 2015 2853 2109 2908; x_wconf 88' lang='lat' dir='ltr'><strong>Dei</strong></span> 
     </span>
    </p>
   </div>
   <div class='ocr_carea' id='block_1_28' title="bbox 541 2948 2114 3019">
    <p class='ocr_par' dir='ltr' id='par_1_28' title="bbox 541 2948 2114 3019">
     <span class='ocr_line' id='line_1_28' title="bbox 541 2948 2114 3019; baseline -0.003 -16"><span class='ocrx_word' id='word_1_197' title='bbox 541 2964 759 3015; x_wconf 90' lang='lat' dir='ltr'><strong>munus,</strong></span> <span class='ocrx_word' id='word_1_198' title='bbox 798 2967 817 2999; x_wconf 73' lang='grc' dir='ltr'><strong><em>ι</em></strong></span> <span class='ocrx_word' id='word_1_199' title='bbox 845 2948 997 3010; x_wconf 90' lang='lat' dir='ltr'><strong>ﬁdes,</strong></span> <span class='ocrx_word' id='word_1_200' title='bbox 1030 2966 1049 2998; x_wconf 73' lang='grc' dir='ltr'>ι</span> <span class='ocrx_word' id='word_1_201' title='bbox 1084 2950 1536 3016; x_wconf 89' lang='lat' dir='ltr'><strong>quemadmodum</strong></span> <span class='ocrx_word' id='word_1_202' title='bbox 1568 2948 1850 3017; x_wconf 88' lang='lat' dir='ltr'><strong>inspiratio</strong></span> <span class='ocrx_word' id='word_1_203' title='bbox 1874 2949 2114 3019; x_wconf 87' lang='lat' dir='ltr'><strong>plasma-</strong></span> 
     </span>
    </p>
   </div>
   <div class='ocr_carea' id='block_1_29' title="bbox 543 3042 2113 3113">
    <p class='ocr_par' dir='ltr' id='par_1_29' title="bbox 543 3042 2113 3113">
     <span class='ocr_line' id='line_1_29' title="bbox 543 3042 2113 3113; baseline 0.001 -16"><span class='ocrx_word' id='word_1_204' title='bbox 543 3042 698 3111; x_wconf 90' lang='lat' dir='ltr'><strong>tioni,</strong></span> <span class='ocrx_word' id='word_1_205' title='bbox 731 3044 797 3098; x_wconf 90' lang='lat' dir='ltr'><strong>ad</strong></span> <span class='ocrx_word' id='word_1_206' title='bbox 830 3044 935 3100; x_wconf 89' lang='lat' dir='ltr'><strong>hoc</strong></span> <span class='ocrx_word' id='word_1_207' title='bbox 978 3055 1036 3099; x_wconf 92' lang='lat' dir='ltr'><strong>ut</strong></span> <span class='ocrx_word' id='word_1_208' title='bbox 1064 3045 1246 3099; x_wconf 86' lang='lat' dir='ltr'><strong>omnia</strong></span> <span class='ocrx_word' id='word_1_209' title='bbox 1296 3044 1539 3099; x_wconf 83' lang='lat' dir='ltr'><strong>membra</strong></span> <span class='ocrx_word' id='word_1_210' title='bbox 1568 3044 1923 3113; x_wconf 90' lang='lat' dir='ltr'><strong>percipientia</strong></span> <span class='ocrx_word' id='word_1_211' title='bbox 1978 3045 2113 3098; x_wconf 84' lang='lat' dir='ltr'><strong>vivi-</strong></span> 
     </span>
    </p>
   </div>
   <div class='ocr_carea' id='block_1_30' title="bbox 541 3135 2119 3206">
    <p class='ocr_par' dir='ltr' id='par_1_30' title="bbox 541 3135 2119 3206">
     <span class='ocr_line' id='line_1_30' title="bbox 541 3135 2119 3206; baseline 0.001 -14"><span class='ocrx_word' id='word_1_212' title='bbox 541 3135 805 3202; x_wconf 83' lang='lat' dir='ltr'><strong>ﬁcentur;</strong></span> <span class='ocrx_word' id='word_1_213' title='bbox 846 3156 865 3188; x_wconf 76' lang='grc' dir='ltr'><strong><em>ι</em></strong></span> <span class='ocrx_word' id='word_1_214' title='bbox 906 3139 974 3193; x_wconf 93' lang='lat' dir='ltr'><strong>ab</strong></span> <span class='ocrx_word' id='word_1_215' title='bbox 1016 3139 1118 3192; x_wconf 87' lang='lat' dir='ltr'><strong>hac</strong></span> <span class='ocrx_word' id='word_1_216' title='bbox 1144 3137 1259 3197; x_wconf 89' lang='lat' dir='ltr'><strong>sola</strong></span> <span class='ocrx_word' id='word_1_217' title='bbox 1288 3138 1586 3192; x_wconf 83' lang='lat' dir='ltr'><strong>sumendus</strong></span> <span class='ocrx_word' id='word_1_218' title='bbox 1619 3139 1742 3191; x_wconf 65' lang='lat' dir='ltr'><strong>vitae</strong></span> <span class='ocrx_word' id='word_1_219' title='bbox 1776 3147 1965 3206; x_wconf 90' lang='lat' dir='ltr'><strong>potus;</strong></span> <span class='ocrx_word' id='word_1_220' title='bbox 2000 3140 2119 3194; x_wconf 66' lang='lat' dir='ltr'><strong>haec</strong></span> 
     </span>
    </p>
   </div>
   <div class='ocr_carea' id='block_1_31' title="bbox 542 3228 2180 3297">
    <p class='ocr_par' dir='ltr' id='par_1_31' title="bbox 542 3228 2180 3297">
     <span class='ocr_line' id='line_1_31' title="bbox 542 3228 2180 3297; baseline 0.001 -14"><span class='ocrx_word' id='word_1_221' title='bbox 542 3228 655 3283; x_wconf 91' lang='lat' dir='ltr'><strong>sola</strong></span> <span class='ocrx_word' id='word_1_222' title='bbox 687 3229 815 3283; x_wconf 82' lang='lat' dir='ltr'><strong>vitae</strong></span> <span class='ocrx_word' id='word_1_223' title='bbox 844 3229 1117 3283; x_wconf 89' lang='lat' dir='ltr'><strong>introitus.</strong></span> <span class='ocrx_word' id='word_1_224' title='bbox 1166 3230 1231 3283; x_wconf 89' lang='lat' dir='ltr'><strong>Et</strong></span> <span class='ocrx_word' id='word_1_225' title='bbox 1273 3244 1392 3297; x_wconf 68' lang='lat' dir='ltr'><strong>quae</strong></span> <span class='ocrx_word' id='word_1_226' title='bbox 1430 3229 1715 3285; x_wconf 89' lang='lat' dir='ltr'><strong>Ecclesia?</strong></span> <span class='ocrx_word' id='word_1_227' title='bbox 1745 3229 1820 3285; x_wconf 87' lang='lat' dir='ltr'><strong>Ea</strong></span> <span class='ocrx_word' id='word_1_228' title='bbox 1855 3230 2108 3284; x_wconf 89' lang='lat' dir='ltr'><strong>nimirum</strong></span> <span class='ocrx_word' id='word_1_229' title='bbox 2138 3235 2180 3293; x_wconf 86' lang='lat' dir='ltr'><strong>c</strong></span> 
     </span>
    </p>
   </div>
   <div class='ocr_carea' id='block_1_32' title="bbox 542 3319 2113 3390">
    <p class='ocr_par' dir='ltr' id='par_1_32' title="bbox 542 3319 2113 3390">
     <span class='ocr_line' id='line_1_32' title="bbox 542 3319 2113 3390; baseline 0.002 -17"><span class='ocrx_word' id='word_1_230' title='bbox 542 3335 706 3388; x_wconf 87' lang='lat' dir='ltr'><strong>quam</strong></span> <span class='ocrx_word' id='word_1_231' title='bbox 729 3319 845 3389; x_wconf 90' lang='lat' dir='ltr'><strong>jam</strong></span> <span class='ocrx_word' id='word_1_232' title='bbox 873 3320 1166 3385; x_wconf 88' lang='lat' dir='ltr'><strong>descripsit</strong></span> <span class='ocrx_word' id='word_1_233' title='bbox 1195 3319 1593 3389; x_wconf 82' lang='lat' dir='ltr'><strong>Irenaeus,qu:e</strong></span> <span class='ocrx_word' id='word_1_234' title='bbox 1615 3338 1710 3390; x_wconf 91' lang='lat' dir='ltr'><strong>per</strong></span> <span class='ocrx_word' id='word_1_235' title='bbox 1735 3332 1901 3377; x_wconf 91' lang='lat' dir='ltr'><strong>totum</strong></span> <span class='ocrx_word' id='word_1_236' title='bbox 1929 3323 2113 3377; x_wconf 90' lang='lat' dir='ltr'><strong>orbem</strong></span> 
     </span>
    </p>
   </div>
   <div class='ocr_carea' id='block_1_33' title="bbox 543 3411 2114 3483">
    <p class='ocr_par' dir='ltr' id='par_1_33' title="bbox 543 3411 2114 3483">
     <span class='ocr_line' id='line_1_33' title="bbox 543 3411 2114 3483; baseline 0.001 -18"><span class='ocrx_word' id='word_1_237' title='bbox 543 3422 842 3483; x_wconf 79' lang='lat' dir='ltr'><strong>prepagata</strong></span> <span class='ocrx_word' id='word_1_238' title='bbox 871 3411 1040 3466; x_wconf 87' lang='lat' dir='ltr'><strong>habet</strong></span> <span class='ocrx_word' id='word_1_239' title='bbox 1070 3427 1230 3465; x_wconf 89' lang='lat' dir='ltr'><strong>unam</strong></span> <span class='ocrx_word' id='word_1_240' title='bbox 1267 3412 1504 3466; x_wconf 89' lang='lat' dir='ltr'><strong>animam</strong></span> <span class='ocrx_word' id='word_1_241' title='bbox 1526 3455 1540 3477; x_wconf 93' lang='lat'><strong>,</strong></span> <span class='ocrx_word' id='word_1_242' title='bbox 1578 3428 1743 3465; x_wconf 90' lang='lat' dir='ltr'><strong>unum</strong></span> <span class='ocrx_word' id='word_1_243' title='bbox 1777 3429 1906 3477; x_wconf 89' lang='lat' dir='ltr'><strong>cor,</strong></span> <span class='ocrx_word' id='word_1_244' title='bbox 1947 3429 2114 3467; x_wconf 90' lang='lat' dir='ltr'><strong>unum</strong></span> 
     </span>
    </p>
   </div>
   <div class='ocr_carea' id='block_1_34' title="bbox 546 3502 2118 3573">
    <p class='ocr_par' dir='ltr' id='par_1_34' title="bbox 546 3502 2118 3573">
     <span class='ocr_line' id='line_1_34' title="bbox 546 3502 2118 3573; baseline 0 -18"><span class='ocrx_word' id='word_1_245' title='bbox 546 3518 646 3567; x_wconf 88' lang='lat' dir='ltr'><strong>os,</strong></span> <span class='ocrx_word' id='word_1_246' title='bbox 681 3518 844 3556; x_wconf 84' lang='lat' dir='ltr'><strong>unam</strong></span> <span class='ocrx_word' id='word_1_247' title='bbox 886 3512 941 3557; x_wconf 92' lang='lat' dir='ltr'><strong>et</strong></span> <span class='ocrx_word' id='word_1_248' title='bbox 987 3502 1233 3558; x_wconf 86' lang='lat' dir='ltr'><strong>eamdem</strong></span> <span class='ocrx_word' id='word_1_249' title='bbox 1280 3503 1563 3573; x_wconf 86' lang='lat' dir='ltr'><strong>regiminis</strong></span> <span class='ocrx_word' id='word_1_250' title='bbox 1612 3503 1967 3558; x_wconf 81' lang='lat' dir='ltr'><strong>ecclesiastici</strong></span> <span class='ocrx_word' id='word_1_251' title='bbox 2002 3503 2118 3557; x_wconf 80' lang='lat' dir='ltr'><strong>for-</strong></span> 
     </span>
    </p>
   </div>
   <div class='ocr_carea' id='block_1_35' title="bbox 546 3595 2118 3666">
    <p class='ocr_par' dir='ltr' id='par_1_35' title="bbox 546 3595 2118 3666">
     <span class='ocr_line' id='line_1_35' title="bbox 546 3595 2118 3666; baseline 0.001 -18"><span class='ocrx_word' id='word_1_252' title='bbox 546 3610 732 3661; x_wconf 90' lang='lat' dir='ltr'><strong>mam,</strong></span> <span class='ocrx_word' id='word_1_253' title='bbox 786 3610 882 3665; x_wconf 91' lang='lat' dir='ltr'><strong>per</strong></span> <span class='ocrx_word' id='word_1_254' title='bbox 928 3595 1244 3651; x_wconf 89' lang='lat' dir='ltr'><strong>continuam</strong></span> <span class='ocrx_word' id='word_1_255' title='bbox 1300 3596 1681 3666; x_wconf 84' lang='lat' dir='ltr'><strong>episc0porum</strong></span> <span class='ocrx_word' id='word_1_256' title='bbox 1742 3596 1809 3649; x_wconf 90' lang='lat' dir='ltr'><strong>ab</strong></span> <span class='ocrx_word' id='word_1_257' title='bbox 1858 3595 2118 3665; x_wconf 86' lang='lat' dir='ltr'><strong>apostolis</strong></span> 
     </span>
    </p>
   </div>
   <div class='ocr_carea' id='block_1_36' title="bbox 547 3689 2117 3759">
    <p class='ocr_par' dir='ltr' id='par_1_36' title="bbox 547 3689 2117 3759">
     <span class='ocr_line' id='line_1_36' title="bbox 547 3689 2117 3759; baseline -0.003 -13"><span class='ocrx_word' id='word_1_258' title='bbox 547 3690 956 3746; x_wconf 85' lang='lat' dir='ltr'><strong>successionem</strong></span> <span class='ocrx_word' id='word_1_259' title='bbox 977 3730 993 3755; x_wconf 95' lang='lat'><strong>,</strong></span> <span class='ocrx_word' id='word_1_260' title='bbox 1030 3689 1184 3758; x_wconf 84' lang='lat' dir='ltr'><strong>cujus</strong></span> <span class='ocrx_word' id='word_1_261' title='bbox 1214 3705 1316 3743; x_wconf 90' lang='lat' dir='ltr'><strong>una</strong></span> <span class='ocrx_word' id='word_1_262' title='bbox 1346 3690 1508 3755; x_wconf 89' lang='lat' dir='ltr'><strong>ﬁdes,</strong></span> <span class='ocrx_word' id='word_1_263' title='bbox 1544 3690 1792 3744; x_wconf 84' lang='lat' dir='ltr'><strong>doctrina</strong></span> <span class='ocrx_word' id='word_1_264' title='bbox 1827 3699 1989 3759; x_wconf 89' lang='lat' dir='ltr'><strong>atque</strong></span> <span class='ocrx_word' id='word_1_265' title='bbox 2017 3689 2117 3742; x_wconf 92' lang='lat' dir='ltr'><strong>do-</strong></span> 
     </span>
    </p>
   </div>
   <div class='ocr_carea' id='block_1_37' title="bbox 547 3782 2117 3851">
    <p class='ocr_par' dir='ltr' id='par_1_37' title="bbox 547 3782 2117 3851">
     <span class='ocr_line' id='line_1_37' title="bbox 547 3782 2117 3851; baseline -0.003 -12"><span class='ocrx_word' id='word_1_266' title='bbox 547 3783 705 3844; x_wconf 87' lang='lat' dir='ltr'><strong>cendi</strong></span> <span class='ocrx_word' id='word_1_267' title='bbox 736 3784 896 3839; x_wconf 93' lang='lat' dir='ltr'><strong>ratio.</strong></span> <span class='ocrx_word' id='word_1_268' title='bbox 928 3783 1164 3838; x_wconf 82' lang='lat' dir='ltr'><strong>Tantum</strong></span> <span class='ocrx_word' id='word_1_269' title='bbox 1202 3784 1353 3838; x_wconf 89' lang='lat' dir='ltr'><strong>abest</strong></span> <span class='ocrx_word' id='word_1_270' title='bbox 1389 3784 1454 3837; x_wconf 85' lang='lat' dir='ltr'><strong>ad</strong></span> <span class='ocrx_word' id='word_1_271' title='bbox 1486 3784 1627 3838; x_wconf 90' lang='lat' dir='ltr'><strong>hanc</strong></span> <span class='ocrx_word' id='word_1_272' title='bbox 1663 3782 1962 3838; x_wconf 81' lang='lat' dir='ltr'><strong>Ecclesiam</strong></span> <span class='ocrx_word' id='word_1_273' title='bbox 1992 3798 2117 3851; x_wconf 64' lang='lat' dir='ltr'><strong>per»</strong></span> 
     </span>
    </p>
   </div>
   <div class='ocr_carea' id='block_1_38' title="bbox 548 3876 2117 3945">
    <p class='ocr_par' dir='ltr' id='par_1_38' title="bbox 548 3876 2117 3945">
     <span class='ocr_line' id='line_1_38' title="bbox 548 3876 2117 3945; baseline -0.001 -13"><span class='ocrx_word' id='word_1_274' title='bbox 548 3876 728 3932; x_wconf 87' lang='lat' dir='ltr'><strong>tinere</strong></span> <span class='ocrx_word' id='word_1_275' title='bbox 752 3877 1039 3932; x_wconf 76' lang='lat' dir='ltr'><strong>luereticos</strong></span> <span class='ocrx_word' id='word_1_276' title='bbox 1062 3877 1361 3930; x_wconf 87' lang='lat' dir='ltr'><strong>arbitretur</strong></span> <span class='ocrx_word' id='word_1_277' title='bbox 1380 3917 1394 3941; x_wconf 98' lang='lat'><strong>,</strong></span> <span class='ocrx_word' id='word_1_278' title='bbox 1428 3886 1488 3930; x_wconf 92' lang='lat' dir='ltr'><strong>ut</strong></span> <span class='ocrx_word' id='word_1_279' title='bbox 1524 3876 1703 3945; x_wconf 83' lang='lat' dir='ltr'><strong>potius</strong></span> <span class='ocrx_word' id='word_1_280' title='bbox 1734 3877 1938 3930; x_wconf 88' lang='lat' dir='ltr'><strong>diserte</strong></span> <span class='ocrx_word' id='word_1_281' title='bbox 1963 3877 2030 3930; x_wconf 90' lang='lat' dir='ltr'><strong>ab</strong></span> <span class='ocrx_word' id='word_1_282' title='bbox 2055 3891 2117 3930; x_wconf 89' lang='lat' dir='ltr'><strong>ea</strong></span> 
     </span>
    </p>
   </div>
   <div class='ocr_carea' id='block_1_39' title="bbox 550 3967 2118 4040">
    <p class='ocr_par' dir='ltr' id='par_1_39' title="bbox 550 3967 2118 4040">
     <span class='ocr_line' id='line_1_39' title="bbox 550 3967 2118 4040; baseline -0.003 -16"><span class='ocrx_word' id='word_1_283' title='bbox 550 3970 827 4031; x_wconf 75' lang='lat' dir='ltr'><strong>excludat,</strong></span> <span class='ocrx_word' id='word_1_284' title='bbox 855 3978 915 4024; x_wconf 90' lang='lat' dir='ltr'><strong>ut</strong></span> <span class='ocrx_word' id='word_1_285' title='bbox 947 3967 1095 4025; x_wconf 77' lang='lat' dir='ltr'><strong>fures</strong></span> <span class='ocrx_word' id='word_1_286' title='bbox 1114 3979 1170 4024; x_wconf 89' lang='lat' dir='ltr'><strong>et</strong></span> <span class='ocrx_word' id='word_1_287' title='bbox 1201 3969 1465 4034; x_wconf 89' lang='lat' dir='ltr'><strong>latrones,</strong></span> <span class='ocrx_word' id='word_1_288' title='bbox 1495 3969 1633 4040; x_wconf 89' lang='lat' dir='ltr'><strong>apud</strong></span> <span class='ocrx_word' id='word_1_289' title='bbox 1657 3984 1790 4038; x_wconf 92' lang='lat' dir='ltr'><strong>quos</strong></span> <span class='ocrx_word' id='word_1_290' title='bbox 1816 3969 1959 4023; x_wconf 86' lang='lat' dir='ltr'><strong>nulla</strong></span> <span class='ocrx_word' id='word_1_291' title='bbox 1986 3968 2118 4032; x_wconf 89' lang='lat' dir='ltr'><strong>vita,</strong></span> 
     </span>
    </p>
   </div>
   <div class='ocr_carea' id='block_1_40' title="bbox 552 4059 1379 4129">
    <p class='ocr_par' dir='ltr' id='par_1_40' title="bbox 552 4059 1379 4129">
     <span class='ocr_line' id='line_1_40' title="bbox 552 4059 1379 4129; baseline -0.001 -15"><span class='ocrx_word' id='word_1_292' title='bbox 552 4060 699 4114; x_wconf 90' lang='lat' dir='ltr'><strong>nulla</strong></span> <span class='ocrx_word' id='word_1_293' title='bbox 731 4059 1021 4129; x_wconf 72' lang='lat' dir='ltr'><strong>quzerenda</strong></span> <span class='ocrx_word' id='word_1_294' title='bbox 1056 4059 1262 4113; x_wconf 86' lang='lat' dir='ltr'><strong>veritas</strong></span> <span class='ocrx_word' id='word_1_295' title='bbox 1289 4060 1379 4113; x_wconf 90' lang='lat' dir='ltr'><strong>sit.</strong></span> 
     </span>
    </p>
   </div>
   <div class='ocr_carea' id='block_1_41' title="bbox 623 4149 2119 4222">
    <p class='ocr_par' dir='ltr' id='par_1_41' title="bbox 623 4149 2119 4222">
     <span class='ocr_line' id='line_1_41' title="bbox 623 4149 2119 4222; baseline -0.002 -15"><span class='ocrx_word' id='word_1_296' title='bbox 623 4153 713 4208; x_wconf 75' lang='lat'><strong>29.</strong></span> <span class='ocrx_word' id='word_1_297' title='bbox 760 4151 903 4217; x_wconf 90' lang='lat' dir='ltr'><strong>Sed,</strong></span> <span class='ocrx_word' id='word_1_298' title='bbox 942 4152 1227 4222; x_wconf 90' lang='lat' dir='ltr'><strong>inquiunt,</strong></span> <span class='ocrx_word' id='word_1_299' title='bbox 1257 4153 1401 4207; x_wconf 87' lang='lat' dir='ltr'><strong>inter</strong></span> <span class='ocrx_word' id='word_1_300' title='bbox 1441 4151 1587 4206; x_wconf 83' lang='lat' dir='ltr'><strong>illius</strong></span> <span class='ocrx_word' id='word_1_301' title='bbox 1622 4150 1791 4220; x_wconf 87' lang='lat' dir='ltr'><strong>ipsius</strong></span> <span class='ocrx_word' id='word_1_302' title='bbox 1825 4149 2119 4214; x_wconf 57' lang='lat' dir='ltr'><strong>Ecclesia,</strong></span> 
     </span>
    </p>
   </div>
   <div class='ocr_carea' id='block_1_42' title="bbox 551 4243 2121 4314">
    <p class='ocr_par' dir='ltr' id='par_1_42' title="bbox 551 4243 2121 4314">
     <span class='ocr_line' id='line_1_42' title="bbox 551 4243 2121 4314; baseline 0.001 -19"><span class='ocrx_word' id='word_1_303' title='bbox 551 4258 670 4313; x_wconf 73' lang='lat' dir='ltr'><strong>quae</strong></span> <span class='ocrx_word' id='word_1_304' title='bbox 702 4244 912 4297; x_wconf 85' lang='lat' dir='ltr'><strong>unitate</strong></span> <span class='ocrx_word' id='word_1_305' title='bbox 940 4252 1229 4313; x_wconf 88' lang='lat' dir='ltr'><strong>tantopere</strong></span> <span class='ocrx_word' id='word_1_306' title='bbox 1251 4243 1533 4314; x_wconf 80' lang='lat' dir='ltr'><strong>gloriatur,</strong></span> <span class='ocrx_word' id='word_1_307' title='bbox 1563 4245 1829 4308; x_wconf 87' lang='lat' dir='ltr'><strong>membra,</strong></span> <span class='ocrx_word' id='word_1_308' title='bbox 1860 4244 2121 4313; x_wconf 84' lang='lat' dir='ltr'><strong>gravissi-</strong></span> 
     </span>
    </p>
   </div>
   <div class='ocr_carea' id='block_1_43' title="bbox 552 4335 2123 4403">
    <p class='ocr_par' dir='ltr' id='par_1_43' title="bbox 552 4335 2123 4403">
     <span class='ocr_line' id='line_1_43' title="bbox 552 4335 2123 4403; baseline -0.002 -11"><span class='ocrx_word' id='word_1_309' title='bbox 552 4352 655 4392; x_wconf 74' lang='lat' dir='ltr'><strong>ma:</strong></span> <span class='ocrx_word' id='word_1_310' title='bbox 704 4335 981 4390; x_wconf 86' lang='lat' dir='ltr'><strong>interdum</strong></span> <span class='ocrx_word' id='word_1_311' title='bbox 1025 4337 1276 4391; x_wconf 91' lang='lat' dir='ltr'><strong>oriuntur</strong></span> <span class='ocrx_word' id='word_1_312' title='bbox 1313 4337 1694 4391; x_wconf 80' lang='lat' dir='ltr'><strong>contentiones</strong></span> <span class='ocrx_word' id='word_1_313' title='bbox 1735 4336 2123 4403; x_wconf 57' lang='lat' dir='ltr'><strong>acerrimaeque</strong></span> 
     </span>
    </p>
   </div>
   <div class='ocr_carea' id='block_1_44' title="bbox 551 4426 2125 4498">
    <p class='ocr_par' dir='ltr' id='par_1_44' title="bbox 551 4426 2125 4498">
     <span class='ocr_line' id='line_1_44' title="bbox 551 4426 2125 4498; baseline -0.001 -14"><span class='ocrx_word' id='word_1_314' title='bbox 551 4427 975 4484; x_wconf 56' lang='lat' dir='ltr'><strong>controversia}.</strong></span> <span class='ocrx_word' id='word_1_315' title='bbox 1021 4426 1221 4482; x_wconf 82' lang='lat' dir='ltr'><strong>Verum</strong></span> <span class='ocrx_word' id='word_1_316' title='bbox 1259 4429 1311 4482; x_wconf 90' lang='lat' dir='ltr'><strong>id</strong></span> <span class='ocrx_word' id='word_1_317' title='bbox 1355 4428 1569 4498; x_wconf 89' lang='lat' dir='ltr'><strong>quidem</strong></span> <span class='ocrx_word' id='word_1_318' title='bbox 1600 4442 1615 4481; x_wconf 91' lang='lat'><strong>:</strong></span> <span class='ocrx_word' id='word_1_319' title='bbox 1648 4437 1702 4482; x_wconf 89' lang='lat' dir='ltr'><strong>at</strong></span> <span class='ocrx_word' id='word_1_320' title='bbox 1742 4429 1961 4483; x_wconf 90' lang='lat' dir='ltr'><strong>omissis</strong></span> <span class='ocrx_word' id='word_1_321' title='bbox 1994 4444 2125 4483; x_wconf 83' lang='lat' dir='ltr'><strong>con-</strong></span> 
     </span>
    </p>
   </div>
   <div class='ocr_carea' id='block_1_45' title="bbox 552 4520 2122 4591">
    <p class='ocr_par' dir='ltr' id='par_1_45' title="bbox 552 4520 2122 4591">
     <span class='ocr_line' id='line_1_45' title="bbox 552 4520 2122 4591; baseline -0.001 -15"><span class='ocrx_word' id='word_1_322' title='bbox 552 4521 699 4582; x_wconf 83' lang='lat' dir='ltr'><strong>sulto</strong></span> <span class='ocrx_word' id='word_1_323' title='bbox 733 4521 1001 4591; x_wconf 90' lang='lat' dir='ltr'><strong>pluribus,</strong></span> <span class='ocrx_word' id='word_1_324' title='bbox 1034 4536 1153 4590; x_wconf 68' lang='lat' dir='ltr'><strong>qua:</strong></span> <span class='ocrx_word' id='word_1_325' title='bbox 1198 4520 1512 4588; x_wconf 82' lang='lat' dir='ltr'><strong>responderi</strong></span> <span class='ocrx_word' id='word_1_326' title='bbox 1558 4530 1783 4589; x_wconf 90' lang='lat' dir='ltr'><strong>possent</strong></span> <span class='ocrx_word' id='word_1_327' title='bbox 1818 4521 1944 4589; x_wconf 91' lang='lat' dir='ltr'><strong>(nec</strong></span> <span class='ocrx_word' id='word_1_328' title='bbox 1977 4524 2122 4575; x_wconf 91' lang='lat' dir='ltr'><strong>enim</strong></span> 
     </span>
    </p>
   </div>
   <div class='ocr_carea' id='block_1_46' title="bbox 553 4611 2129 4681">
    <p class='ocr_par' dir='ltr' id='par_1_46' title="bbox 553 4611 2129 4681">
     <span class='ocr_line' id='line_1_46' title="bbox 553 4611 2129 4681; baseline 0 -13"><span class='ocrx_word' id='word_1_329' title='bbox 553 4611 1062 4668; x_wconf 86' lang='lat' dir='ltr'><strong>controversiarum</strong></span> <span class='ocrx_word' id='word_1_330' title='bbox 1110 4626 1304 4681; x_wconf 88' lang='lat' dir='ltr'><strong>campo</strong></span> <span class='ocrx_word' id='word_1_331' title='bbox 1337 4612 1457 4681; x_wconf 91' lang='lat' dir='ltr'><strong>plus</strong></span> <span class='ocrx_word' id='word_1_332' title='bbox 1488 4627 1650 4681; x_wconf 89' lang='lat' dir='ltr'><strong>quam</strong></span> <span class='ocrx_word' id='word_1_333' title='bbox 1681 4612 1914 4667; x_wconf 67' lang='lat' dir='ltr'><strong>lrenaeus</strong></span> <span class='ocrx_word' id='word_1_334' title='bbox 1942 4624 2129 4668; x_wconf 92' lang='lat' dir='ltr'><strong>noster</strong></span> 
     </span>
    </p>
   </div>
   <div class='ocr_carea' id='block_1_47' title="bbox 552 4705 2124 4776">
    <p class='ocr_par' dir='ltr' id='par_1_47' title="bbox 552 4705 2124 4776">
     <span class='ocr_line' id='line_1_47' title="bbox 552 4705 2124 4776; baseline -0.001 -16"><span class='ocrx_word' id='word_1_335' title='bbox 552 4711 721 4769; x_wconf 83' lang='lat' dir='ltr'><strong>sinat,</strong></span> <span class='ocrx_word' id='word_1_336' title='bbox 757 4705 960 4760; x_wconf 80' lang='lat' dir='ltr'><strong>inferre</strong></span> <span class='ocrx_word' id='word_1_337' title='bbox 997 4720 1084 4759; x_wconf 90' lang='lat' dir='ltr'><strong>me</strong></span> <span class='ocrx_word' id='word_1_338' title='bbox 1115 4705 1325 4776; x_wconf 87' lang='lat' dir='ltr'><strong>velim),</strong></span> <span class='ocrx_word' id='word_1_339' title='bbox 1351 4706 1403 4758; x_wconf 93' lang='lat' dir='ltr'><strong>id</strong></span> <span class='ocrx_word' id='word_1_340' title='bbox 1430 4722 1596 4759; x_wconf 93' lang='lat' dir='ltr'><strong>unum</strong></span> <span class='ocrx_word' id='word_1_341' title='bbox 1635 4706 1902 4760; x_wconf 77' lang='lat' dir='ltr'><strong>duntaxat</strong></span> <span class='ocrx_word' id='word_1_342' title='bbox 1932 4707 2124 4760; x_wconf 91' lang='lat' dir='ltr'><strong>obser-</strong></span> 
     </span>
    </p>
   </div>
   <div class='ocr_carea' id='block_1_48' title="bbox 554 4797 2122 4864">
    <p class='ocr_par' dir='ltr' id='par_1_48' title="bbox 554 4797 2122 4864">
     <span class='ocr_line' id='line_1_48' title="bbox 554 4797 2122 4864; baseline 0.002 -14"><span class='ocrx_word' id='word_1_343' title='bbox 554 4799 728 4864; x_wconf 87' lang='lat' dir='ltr'><strong>vabo;</strong></span> <span class='ocrx_word' id='word_1_344' title='bbox 767 4814 833 4853; x_wconf 92' lang='lat' dir='ltr'><strong>eo</strong></span> <span class='ocrx_word' id='word_1_345' title='bbox 864 4799 1074 4854; x_wconf 89' lang='lat' dir='ltr'><strong>scilicet</strong></span> <span class='ocrx_word' id='word_1_346' title='bbox 1102 4814 1289 4853; x_wconf 86' lang='lat' dir='ltr'><strong>veram</strong></span> <span class='ocrx_word' id='word_1_347' title='bbox 1326 4797 1530 4853; x_wconf 86' lang='lat' dir='ltr'><strong>Christi</strong></span> <span class='ocrx_word' id='word_1_348' title='bbox 1567 4798 1861 4855; x_wconf 89' lang='lat' dir='ltr'><strong>Ecclesiam</strong></span> <span class='ocrx_word' id='word_1_349' title='bbox 1895 4814 1924 4852; x_wconf 90' lang='lat' dir='ltr'><strong>a</strong></span> <span class='ocrx_word' id='word_1_350' title='bbox 1959 4808 2122 4854; x_wconf 67' lang='lat' dir='ltr'><strong>crete-</strong></span> 
     </span>
    </p>
   </div>
   <div class='ocr_carea' id='block_1_49' title="bbox 562 4890 2130 4961">
    <p class='ocr_par' dir='ltr' id='par_1_49' title="bbox 562 4890 2130 4961">
     <span class='ocr_line' id='line_1_49' title="bbox 562 4890 2130 4961; baseline 0.004 -20"><span class='ocrx_word' id='word_1_351' title='bbox 562 4890 640 4942; x_wconf 85' lang='lat' dir='ltr'><strong>ris</strong></span> <span class='ocrx_word' id='word_1_352' title='bbox 673 4890 1094 4958; x_wconf 87' lang='lat' dir='ltr'><strong>quibuscunque</strong></span> <span class='ocrx_word' id='word_1_353' title='bbox 1139 4890 1494 4945; x_wconf 89' lang='lat' dir='ltr'><strong>societatibus</strong></span> <span class='ocrx_word' id='word_1_354' title='bbox 1533 4890 1941 4954; x_wconf 88' lang='lat' dir='ltr'><strong>discriminari,</strong></span> <span class='ocrx_word' id='word_1_355' title='bbox 1987 4892 2130 4961; x_wconf 81' lang='lat' dir='ltr'><strong>quod</strong></span> 
     </span>
    </p>
   </div>
   <div class='ocr_carea' id='block_1_50' title="bbox 560 4979 2128 5037">
    <p class='ocr_par' dir='ltr' id='par_1_50' title="bbox 560 4979 2128 5037">
     <span class='ocr_line' id='line_1_50' title="bbox 560 4979 2128 5037; baseline 0.001 -2"><span class='ocrx_word' id='word_1_356' title='bbox 560 4979 616 5035; x_wconf 90' lang='lat' dir='ltr'><strong>in</strong></span> <span class='ocrx_word' id='word_1_357' title='bbox 671 4981 755 5035; x_wconf 89' lang='lat' dir='ltr'><strong>bis</strong></span> <span class='ocrx_word' id='word_1_358' title='bbox 798 4981 941 5035; x_wconf 90' lang='lat' dir='ltr'><strong>nulla</strong></span> <span class='ocrx_word' id='word_1_359' title='bbox 994 4982 1067 5037; x_wconf 90' lang='lat' dir='ltr'><strong>sit</strong></span> <span class='ocrx_word' id='word_1_360' title='bbox 1111 4983 1475 5037; x_wconf 87' lang='lat' dir='ltr'><strong>ﬁniendarum</strong></span> <span class='ocrx_word' id='word_1_361' title='bbox 1503 4983 2009 5037; x_wconf 86' lang='lat' dir='ltr'><strong>controversiarum</strong></span> <span class='ocrx_word' id='word_1_362' title='bbox 2040 4998 2128 5037; x_wconf 87' lang='lat' dir='ltr'><strong>re-</strong></span> 
     </span>
    </p>
   </div>
   <div class='ocr_carea' id='block_1_51' title="bbox 554 5071 2133 5147">
    <p class='ocr_par' dir='ltr' id='par_1_51' title="bbox 554 5071 2133 5147">
     <span class='ocr_line' id='line_1_51' title="bbox 554 5071 2133 5147; baseline 0.003 -22"><span class='ocrx_word' id='word_1_363' title='bbox 554 5071 679 5141; x_wconf 88' lang='lat' dir='ltr'><strong>gula</strong></span> <span class='ocrx_word' id='word_1_364' title='bbox 709 5090 722 5137; x_wconf 90' lang='lat'><strong>;</strong></span> <span class='ocrx_word' id='word_1_365' title='bbox 763 5073 815 5126; x_wconf 93' lang='lat' dir='ltr'><strong>in</strong></span> <span class='ocrx_word' id='word_1_366' title='bbox 847 5072 938 5126; x_wconf 92' lang='lat' dir='ltr'><strong>illa</strong></span> <span class='ocrx_word' id='word_1_367' title='bbox 958 5089 1089 5129; x_wconf 89' lang='lat' dir='ltr'><strong>vero</strong></span> <span class='ocrx_word' id='word_1_368' title='bbox 1118 5084 1300 5131; x_wconf 91' lang='lat' dir='ltr'><strong>certus</strong></span> <span class='ocrx_word' id='word_1_369' title='bbox 1333 5077 1403 5131; x_wconf 89' lang='lat' dir='ltr'><strong>sit</strong></span> <span class='ocrx_word' id='word_1_370' title='bbox 1429 5090 1881 5147; x_wconf 89' lang='lat' dir='ltr'><strong>quarumcunque</strong></span> <span class='ocrx_word' id='word_1_371' title='bbox 1908 5086 2133 5130; x_wconf 89' lang='lat' dir='ltr'><strong>conten-</strong></span> 
     </span>
    </p>
   </div>
   <div class='ocr_carea' id='block_1_52' title="bbox 558 5162 2134 5241">
    <p class='ocr_par' dir='ltr' id='par_1_52' title="bbox 558 5162 2134 5241">
     <span class='ocr_line' id='line_1_52' title="bbox 558 5162 2134 5241; baseline 0.003 -25"><span class='ocrx_word' id='word_1_372' title='bbox 558 5162 768 5218; x_wconf 91' lang='lat' dir='ltr'><strong>tiouum</strong></span> <span class='ocrx_word' id='word_1_373' title='bbox 803 5169 1302 5241; x_wconf 85' lang='lat' dir='ltr'><strong>componendarum</strong></span> <span class='ocrx_word' id='word_1_374' title='bbox 1344 5172 1568 5231; x_wconf 87' lang='lat' dir='ltr'><strong>modus,</strong></span> <span class='ocrx_word' id='word_1_375' title='bbox 1606 5170 1910 5225; x_wconf 90' lang='lat' dir='ltr'><strong>auctoritas</strong></span> <span class='ocrx_word' id='word_1_376' title='bbox 1944 5170 2134 5223; x_wconf 61' lang='lat' dir='ltr'><strong>videli.</strong></span> 
     </span>
    </p>
   </div>
   <div class='ocr_carea' id='block_1_53' title="bbox 557 5252 2131 5333">
    <p class='ocr_par' dir='ltr' id='par_1_53' title="bbox 557 5252 2131 5333">
     <span class='ocr_line' id='line_1_53' title="bbox 557 5252 2131 5333; baseline 0.003 -22"><span class='ocrx_word' id='word_1_377' title='bbox 557 5267 645 5311; x_wconf 88' lang='lat' dir='ltr'><strong>cet</strong></span> <span class='ocrx_word' id='word_1_378' title='bbox 677 5257 919 5326; x_wconf 81' lang='lat' dir='ltr'><strong>ejusdem</strong></span> <span class='ocrx_word' id='word_1_379' title='bbox 967 5259 1223 5315; x_wconf 73' lang='lat' dir='ltr'><strong>Ecclesiae</strong></span> <span class='ocrx_word' id='word_1_380' title='bbox 1271 5279 1367 5332; x_wconf 88' lang='lat' dir='ltr'><strong>per</strong></span> <span class='ocrx_word' id='word_1_381' title='bbox 1413 5252 1700 5333; x_wconf 79' lang='lat' dir='ltr'><strong>episcopos</strong></span> <span class='ocrx_word' id='word_1_382' title='bbox 1732 5279 1893 5326; x_wconf 89' lang='lat' dir='ltr'><strong>suos,</strong></span> <span class='ocrx_word' id='word_1_383' title='bbox 1944 5263 2028 5316; x_wconf 88' lang='lat' dir='ltr'><strong>vel</strong></span> <span class='ocrx_word' id='word_1_384' title='bbox 2079 5263 2131 5316; x_wconf 94' lang='lat' dir='ltr'><strong>in</strong></span> 
     </span>
    </p>
   </div>
   <div class='ocr_carea' id='block_1_54' title="bbox 559 5349 2134 5423">
    <p class='ocr_par' dir='ltr' id='par_1_54' title="bbox 559 5349 2134 5423">
     <span class='ocr_line' id='line_1_54' title="bbox 559 5349 2134 5423; baseline 0.003 -19"><span class='ocrx_word' id='word_1_385' title='bbox 559 5349 810 5404; x_wconf 89' lang='lat' dir='ltr'><strong>conciliis</strong></span> <span class='ocrx_word' id='word_1_386' title='bbox 837 5352 1181 5423; x_wconf 76' lang='lat' dir='ltr'><strong>generalibus</strong></span> <span class='ocrx_word' id='word_1_387' title='bbox 1215 5353 1506 5421; x_wconf 84' lang='lat' dir='ltr'><strong>loquentis,</strong></span> <span class='ocrx_word' id='word_1_388' title='bbox 1540 5355 1873 5423; x_wconf 82' lang='lat' dir='ltr'><strong>judicautis,</strong></span> <span class='ocrx_word' id='word_1_389' title='bbox 1906 5371 1970 5411; x_wconf 79' lang='lat' dir='ltr'><strong>ac</strong></span> <span class='ocrx_word' id='word_1_390' title='bbox 2000 5356 2134 5410; x_wconf 77' lang='lat' dir='ltr'><strong>deﬁ-</strong></span> 
     </span>
    </p>
   </div>
   <div class='ocr_carea' id='block_1_55' title="bbox 558 5439 2134 5518">
    <p class='ocr_par' dir='ltr' id='par_1_55' title="bbox 558 5439 2134 5518">
     <span class='ocr_line' id='line_1_55' title="bbox 558 5439 2134 5518; baseline 0.005 -23"><span class='ocrx_word' id='word_1_391' title='bbox 558 5439 784 5508; x_wconf 86' lang='lat' dir='ltr'><strong>nientis,</strong></span> <span class='ocrx_word' id='word_1_392' title='bbox 818 5441 901 5497; x_wconf 93' lang='lat' dir='ltr'><strong>vel</strong></span> <span class='ocrx_word' id='word_1_393' title='bbox 928 5445 1168 5498; x_wconf 89' lang='lat' dir='ltr'><strong>unanimi</strong></span> <span class='ocrx_word' id='word_1_394' title='bbox 1198 5448 1556 5501; x_wconf 86' lang='lat' dir='ltr'><strong>consensione</strong></span> <span class='ocrx_word' id='word_1_395' title='bbox 1582 5449 1862 5517; x_wconf 87' lang='lat' dir='ltr'><strong>quidpiam</strong></span> <span class='ocrx_word' id='word_1_396' title='bbox 1887 5457 1979 5503; x_wconf 87' lang='lat' dir='ltr'><strong>aut</strong></span> <span class='ocrx_word' id='word_1_397' title='bbox 2008 5465 2134 5518; x_wconf 81' lang='lat' dir='ltr'><strong>pro-</strong></span> 
     </span>
    </p>
   </div>
   <div class='ocr_carea' id='block_1_56' title="bbox 560 5532 2132 5610">
    <p class='ocr_par' dir='ltr' id='par_1_56' title="bbox 560 5532 2132 5610">
     <span class='ocr_line' id='line_1_56' title="bbox 560 5532 2132 5610; baseline 0.005 -23"><span class='ocrx_word' id='word_1_398' title='bbox 560 5532 745 5593; x_wconf 84' lang='lat' dir='ltr'><strong>hautis</strong></span> <span class='ocrx_word' id='word_1_399' title='bbox 779 5542 873 5586; x_wconf 89' lang='lat' dir='ltr'><strong>aut</strong></span> <span class='ocrx_word' id='word_1_400' title='bbox 907 5540 1232 5602; x_wconf 88' lang='lat' dir='ltr'><strong>respuentis.</strong></span> <span class='ocrx_word' id='word_1_401' title='bbox 1258 5537 1391 5592; x_wconf 85' lang='lat' dir='ltr'><strong>Cum</strong></span> <span class='ocrx_word' id='word_1_402' title='bbox 1419 5541 1563 5593; x_wconf 91' lang='lat' dir='ltr'><strong>enim</strong></span> <span class='ocrx_word' id='word_1_403' title='bbox 1595 5541 1868 5610; x_wconf 85' lang='lat' dir='ltr'><strong>episcopis</strong></span> <span class='ocrx_word' id='word_1_404' title='bbox 1902 5541 2132 5595; x_wconf 88' lang='lat' dir='ltr'><strong>commi-</strong></span> 
     </span>
    </p>
   </div>
   <div class='ocr_carea' id='block_1_57' title="bbox 560 5624 2130 5696">
    <p class='ocr_par' dir='ltr' id='par_1_57' title="bbox 560 5624 2130 5696">
     <span class='ocr_line' id='line_1_57' title="bbox 560 5624 2130 5696; baseline 0.005 -18"><span class='ocrx_word' id='word_1_405' title='bbox 560 5624 736 5678; x_wconf 77' lang='lat' dir='ltr'><strong>serint</strong></span> <span class='ocrx_word' id='word_1_406' title='bbox 770 5624 1044 5679; x_wconf 87' lang='lat' dir='ltr'><strong>Ecclesias</strong></span> <span class='ocrx_word' id='word_1_407' title='bbox 1070 5628 1333 5695; x_wconf 90' lang='lat' dir='ltr'><strong>apostoli,</strong></span> <span class='ocrx_word' id='word_1_408' title='bbox 1361 5640 1417 5682; x_wconf 93' lang='lat' dir='ltr'><strong>ut</strong></span> <span class='ocrx_word' id='word_1_409' title='bbox 1447 5632 1609 5686; x_wconf 89' lang='lat' dir='ltr'><strong>toties</strong></span> <span class='ocrx_word' id='word_1_410' title='bbox 1634 5631 1831 5686; x_wconf 90' lang='lat' dir='ltr'><strong>asserit</strong></span> <span class='ocrx_word' id='word_1_411' title='bbox 1857 5632 2091 5687; x_wconf 85' lang='lat' dir='ltr'><strong>lreuaeus</strong></span> <span class='ocrx_word' id='word_1_412' title='bbox 2114 5671 2130 5696; x_wconf 95' lang='lat'><strong>,</strong></span> 
     </span>
    </p>
   </div>
   <div class='ocr_carea' id='block_1_58' title="bbox 560 5715 2135 5791">
    <p class='ocr_par' dir='ltr' id='par_1_58' title="bbox 560 5715 2135 5791">
     <span class='ocr_line' id='line_1_58' title="bbox 560 5715 2135 5791; baseline 0 -18"><span class='ocrx_word' id='word_1_413' title='bbox 560 5715 743 5783; x_wconf 83' lang='lat' dir='ltr'><strong>iisque</strong></span> <span class='ocrx_word' id='word_1_414' title='bbox 803 5719 1219 5772; x_wconf 88' lang='lat' dir='ltr'><strong>custodiendum</strong></span> <span class='ocrx_word' id='word_1_415' title='bbox 1277 5722 1609 5776; x_wconf 88' lang='lat' dir='ltr'><strong>crediderint</strong></span> <span class='ocrx_word' id='word_1_416' title='bbox 1664 5741 1682 5773; x_wconf 71' lang='grc' dir='ltr'><strong>ε</strong></span> <span class='ocrx_word' id='word_1_417' title='bbox 1744 5723 2135 5791; x_wconf 88' lang='lat' dir='ltr'><strong>depositorium</strong></span> 
     </span>
    </p>
   </div>
   <div class='ocr_carea' id='block_1_59' title="bbox 1298 393 2938 481">
    <p class='ocr_par' dir='ltr' id='par_1_59' title="bbox 1298 393 2938 481">
     <span class='ocr_line' id='line_1_59' title="bbox 1298 393 2938 481; baseline -0.02 1"><span class='ocrx_word' id='word_1_418' title='bbox 1298 415 1901 481; x_wconf 71' lang='lat' dir='ltr'><strong>DiSSERTATlONES</strong></span> <span class='ocrx_word' id='word_1_419' title='bbox 1937 406 2242 467; x_wconf 65' lang='grc' dir='ltr'><strong>ΡΒᾸΝΗΕ</strong></span> <span class='ocrx_word' id='word_1_420' title='bbox 2278 405 2341 460; x_wconf 84' lang='grc' dir='ltr'><strong>ΙΝ</strong></span> <span class='ocrx_word' id='word_1_421' title='bbox 2383 400 2640 456; x_wconf 66' lang='lat' dir='ltr'><strong>IRENIEI</strong></span> <span class='ocrx_word' id='word_1_422' title='bbox 2671 393 2938 453; x_wconf 79' lang='lat' dir='ltr'><strong>LIBROS.</strong></span> 
     </span>
    </p>
   </div>
   <div class='ocr_carea' id='block_1_60' title="bbox 3672 382 3796 435">
    <p class='ocr_par' dir='ltr' id='par_1_60' title="bbox 3672 382 3796 435">
     <span class='ocr_line' id='line_1_60' title="bbox 3672 382 3796 435; baseline -0.016 0"><span class='ocrx_word' id='word_1_423' title='bbox 3672 382 3796 435; x_wconf 73' lang='lat'><strong>276</strong></span> 
     </span>
    </p>
   </div>
   <div class='ocr_carea' id='block_1_61' title="bbox 2198 502 3793 584">
    <p class='ocr_par' dir='ltr' id='par_1_61' title="bbox 2198 502 3793 584">
     <span class='ocr_line' id='line_1_61' title="bbox 2198 502 3793 584; baseline -0.02 -5"><span class='ocrx_word' id='word_1_424' title='bbox 2198 525 2327 580; x_wconf 89' lang='lat' dir='ltr'><strong>illud</strong></span> <span class='ocrx_word' id='word_1_425' title='bbox 2354 523 2526 584; x_wconf 91' lang='lat' dir='ltr'><strong>dives,</strong></span> <span class='ocrx_word' id='word_1_426' title='bbox 2567 540 2585 571; x_wconf 73' lang='grc' dir='ltr'>ι</span> <span class='ocrx_word' id='word_1_427' title='bbox 2616 518 2666 573; x_wconf 92' lang='lat' dir='ltr'><strong>in</strong></span> <span class='ocrx_word' id='word_1_428' title='bbox 2694 518 2834 584; x_wconf 88' lang='lat' dir='ltr'><strong>quod</strong></span> <span class='ocrx_word' id='word_1_429' title='bbox 2871 531 2891 564; x_wconf 71' lang='grc' dir='ltr'>ι</span> <span class='ocrx_word' id='word_1_430' title='bbox 2928 506 3242 581; x_wconf 88' lang='lat' dir='ltr'><strong>plenissime</strong></span> <span class='ocrx_word' id='word_1_431' title='bbox 3276 502 3628 558; x_wconf 84' lang='lat' dir='ltr'><strong>contulerunt</strong></span> <span class='ocrx_word' id='word_1_432' title='bbox 3655 513 3793 551; x_wconf 84' lang='grc' dir='ltr'><strong>οιιι-</strong></span> 
     </span>
    </p>
   </div>
   <div class='ocr_carea' id='block_1_62' title="bbox 2202 600 3802 684">
    <p class='ocr_par' dir='ltr' id='par_1_62' title="bbox 2202 600 3802 684">
     <span class='ocr_line' id='line_1_62' title="bbox 2202 600 3802 684; baseline -0.021 -11"><span class='ocrx_word' id='word_1_433' title='bbox 2202 619 2316 680; x_wconf 90' lang='lat' dir='ltr'><strong>nia,</strong></span> <span class='ocrx_word' id='word_1_434' title='bbox 2352 629 2471 684; x_wconf 75' lang='lat' dir='ltr'><strong>quae</strong></span> <span class='ocrx_word' id='word_1_435' title='bbox 2505 621 2632 667; x_wconf 92' lang='lat' dir='ltr'><strong>sunt</strong></span> <span class='ocrx_word' id='word_1_436' title='bbox 2671 609 2959 671; x_wconf 90' lang='lat' dir='ltr'><strong>veritatis;</strong></span> <span class='ocrx_word' id='word_1_437' title='bbox 3004 624 3022 657; x_wconf 72' lang='grc' dir='ltr'>ι</span> <span class='ocrx_word' id='word_1_438' title='bbox 3066 600 3401 671; x_wconf 88' lang='lat' dir='ltr'><strong>impossibile</strong></span> <span class='ocrx_word' id='word_1_439' title='bbox 3436 606 3557 658; x_wconf 88' lang='lat' dir='ltr'><strong>est,</strong></span> <span class='ocrx_word' id='word_1_440' title='bbox 3592 608 3802 661; x_wconf 84' lang='lat' dir='ltr'><strong>quan-</strong></span> 
     </span>
    </p>
   </div>
   <div class='ocr_carea' id='block_1_63' title="bbox 2200 682 3804 765">
    <p class='ocr_par' dir='ltr' id='par_1_63' title="bbox 2200 682 3804 765">
     <span class='ocr_line' id='line_1_63' title="bbox 2200 682 3804 765; baseline -0.019 0"><span class='ocrx_word' id='word_1_441' title='bbox 2200 711 2288 765; x_wconf 91' lang='lat' dir='ltr'><strong>diu</strong></span> <span class='ocrx_word' id='word_1_442' title='bbox 2324 682 2451 761; x_wconf 81' lang='lat' dir='ltr'><strong>vera</strong></span> <span class='ocrx_word' id='word_1_443' title='bbox 2482 704 2649 760; x_wconf 88' lang='lat' dir='ltr'><strong>stabit</strong></span> <span class='ocrx_word' id='word_1_444' title='bbox 2677 700 2942 762; x_wconf 88' lang='lat' dir='ltr'><strong>Ecclesia,</strong></span> <span class='ocrx_word' id='word_1_445' title='bbox 2970 696 3329 763; x_wconf 86' lang='lat' dir='ltr'><strong>Christusque</strong></span> <span class='ocrx_word' id='word_1_446' title='bbox 3352 687 3645 760; x_wconf 88' lang='lat' dir='ltr'><strong>promissis</strong></span> <span class='ocrx_word' id='word_1_447' title='bbox 3671 682 3804 737; x_wconf 89' lang='lat' dir='ltr'><strong>suis</strong></span> 
     </span>
    </p>
   </div>
   <div class='ocr_carea' id='block_1_64' title="bbox 2201 778 3804 865">
    <p class='ocr_par' dir='ltr' id='par_1_64' title="bbox 2201 778 3804 865">
     <span class='ocr_line' id='line_1_64' title="bbox 2201 778 3804 865; baseline -0.018 -10"><span class='ocrx_word' id='word_1_448' title='bbox 2201 816 2308 854; x_wconf 94' lang='lat' dir='ltr'><strong>non</strong></span> <span class='ocrx_word' id='word_1_449' title='bbox 2352 798 2523 852; x_wconf 89' lang='lat' dir='ltr'><strong>deerit</strong></span> <span class='ocrx_word' id='word_1_450' title='bbox 2579 794 2925 865; x_wconf 79' lang='lat' dir='ltr'><strong>(defuturum</strong></span> <span class='ocrx_word' id='word_1_451' title='bbox 2974 801 3211 855; x_wconf 88' lang='lat' dir='ltr'><strong>unquam</strong></span> <span class='ocrx_word' id='word_1_452' title='bbox 3259 783 3383 854; x_wconf 91' lang='lat' dir='ltr'><strong>quis</strong></span> <span class='ocrx_word' id='word_1_453' title='bbox 3422 778 3804 835; x_wconf 82' lang='lat' dir='ltr'><strong>Christianus</strong></span> 
     </span>
    </p>
   </div>
   <div class='ocr_carea' id='block_1_65' title="bbox 2204 869 3805 959">
    <p class='ocr_par' dir='ltr' id='par_1_65' title="bbox 2204 869 3805 959">
     <span class='ocr_line' id='line_1_65' title="bbox 2204 869 3805 959; baseline -0.016 -13"><span class='ocrx_word' id='word_1_454' title='bbox 2204 890 2472 959; x_wconf 89' lang='lat' dir='ltr'><strong>suspicari</strong></span> <span class='ocrx_word' id='word_1_455' title='bbox 2508 887 3037 957; x_wconf 83' lang='lat' dir='ltr'><strong>queat?),episcopos</strong></span> <span class='ocrx_word' id='word_1_456' title='bbox 3072 894 3259 935; x_wconf 82' lang='lat' dir='ltr'><strong>omnes</strong></span> <span class='ocrx_word' id='word_1_457' title='bbox 3282 918 3297 942; x_wconf 95' lang='lat'><strong>,</strong></span> <span class='ocrx_word' id='word_1_458' title='bbox 3326 874 3688 946; x_wconf 84' lang='lat' dir='ltr'><strong>singulasque</strong></span> <span class='ocrx_word' id='word_1_459' title='bbox 3726 869 3805 922; x_wconf 87' lang='lat' dir='ltr'><strong>ab</strong></span> 
     </span>
    </p>
   </div>
   <div class='ocr_carea' id='block_1_66' title="bbox 2201 967 3803 1038">
    <p class='ocr_par' dir='ltr' id='par_1_66' title="bbox 2201 967 3803 1038">
     <span class='ocr_line' id='line_1_66' title="bbox 2201 967 3803 1038; baseline -0.015 0"><span class='ocrx_word' id='word_1_460' title='bbox 2201 985 2271 1038; x_wconf 89' lang='lat' dir='ltr'><strong>iis</strong></span> <span class='ocrx_word' id='word_1_461' title='bbox 2310 983 2718 1036; x_wconf 80' lang='lat' dir='ltr'><strong>administratas</strong></span> <span class='ocrx_word' id='word_1_462' title='bbox 2745 978 3019 1033; x_wconf 89' lang='lat' dir='ltr'><strong>Ecclesias</strong></span> <span class='ocrx_word' id='word_1_463' title='bbox 3039 1015 3053 1038; x_wconf 91' lang='lat'><strong>,</strong></span> <span class='ocrx_word' id='word_1_464' title='bbox 3081 975 3134 1028; x_wconf 88' lang='lat' dir='ltr'><strong>in</strong></span> <span class='ocrx_word' id='word_1_465' title='bbox 3167 987 3407 1027; x_wconf 85' lang='lat' dir='ltr'><strong>errorem</strong></span> <span class='ocrx_word' id='word_1_466' title='bbox 3431 967 3803 1037; x_wconf 85' lang='lat' dir='ltr'><strong>conspirare.</strong></span> 
     </span>
    </p>
   </div>
   <div class='ocr_carea' id='block_1_67' title="bbox 2202 1065 3807 1144">
    <p class='ocr_par' dir='ltr' id='par_1_67' title="bbox 2202 1065 3807 1144">
     <span class='ocr_line' id='line_1_67' title="bbox 2202 1065 3807 1144; baseline -0.012 -16"><span class='ocrx_word' id='word_1_467' title='bbox 2202 1076 2540 1144; x_wconf 86' lang='lat' dir='ltr'><strong>Quapropter</strong></span> <span class='ocrx_word' id='word_1_468' title='bbox 2566 1081 2624 1126; x_wconf 94' lang='lat' dir='ltr'><strong>ut</strong></span> <span class='ocrx_word' id='word_1_469' title='bbox 2646 1071 2773 1140; x_wconf 91' lang='lat' dir='ltr'><strong>quid</strong></span> <span class='ocrx_word' id='word_1_470' title='bbox 2793 1078 3000 1123; x_wconf 90' lang='lat' dir='ltr'><strong>certum</strong></span> <span class='ocrx_word' id='word_1_471' title='bbox 3026 1078 3078 1121; x_wconf 91' lang='lat' dir='ltr'><strong>et</strong></span> <span class='ocrx_word' id='word_1_472' title='bbox 3113 1065 3496 1123; x_wconf 87' lang='lat' dir='ltr'><strong>indubitatum,</strong></span> <span class='ocrx_word' id='word_1_473' title='bbox 3532 1068 3590 1113; x_wconf 86' lang='lat' dir='ltr'><strong>et</strong></span> <span class='ocrx_word' id='word_1_474' title='bbox 3616 1073 3652 1111; x_wconf 86' lang='lat' dir='ltr'><strong>a</strong></span> <span class='ocrx_word' id='word_1_475' title='bbox 3680 1069 3807 1124; x_wconf 87' lang='lat' dir='ltr'><strong>quo</strong></span> 
     </span>
    </p>
   </div>
   <div class='ocr_carea' id='block_1_68' title="bbox 2203 1148 3809 1237">
    <p class='ocr_par' dir='ltr' id='par_1_68' title="bbox 2203 1148 3809 1237">
     <span class='ocr_line' id='line_1_68' title="bbox 2203 1148 3809 1237; baseline -0.014 -16"><span class='ocrx_word' id='word_1_476' title='bbox 2203 1168 2431 1237; x_wconf 83' lang='lat' dir='ltr'><strong>religata</strong></span> <span class='ocrx_word' id='word_1_477' title='bbox 2473 1166 2671 1235; x_wconf 89' lang='lat' dir='ltr'><strong>pendet</strong></span> <span class='ocrx_word' id='word_1_478' title='bbox 2702 1163 2961 1217; x_wconf 73' lang='lat' dir='ltr'><strong>Ecclesiae</strong></span> <span class='ocrx_word' id='word_1_479' title='bbox 2995 1160 3210 1216; x_wconf 88' lang='lat' dir='ltr'><strong>unitas.</strong></span> <span class='ocrx_word' id='word_1_480' title='bbox 3244 1156 3531 1225; x_wconf 82' lang='lat' dir='ltr'><strong>preponit,</strong></span> <span class='ocrx_word' id='word_1_481' title='bbox 3566 1166 3635 1204; x_wconf 89' lang='lat' dir='ltr'><strong>ac</strong></span> <span class='ocrx_word' id='word_1_482' title='bbox 3683 1148 3809 1200; x_wconf 77' lang='lat' dir='ltr'><strong>fre-</strong></span> 
     </span>
    </p>
   </div>
   <div class='ocr_carea' id='block_1_69' title="bbox 2204 1239 3809 1329">
    <p class='ocr_par' dir='ltr' id='par_1_69' title="bbox 2204 1239 3809 1329">
     <span class='ocr_line' id='line_1_69' title="bbox 2204 1239 3809 1329; baseline -0.012 -20"><span class='ocrx_word' id='word_1_483' title='bbox 2204 1268 2439 1329; x_wconf 87' lang='lat' dir='ltr'><strong>quenter</strong></span> <span class='ocrx_word' id='word_1_484' title='bbox 2468 1254 2709 1310; x_wconf 88' lang='lat' dir='ltr'><strong>inculcat</strong></span> <span class='ocrx_word' id='word_1_485' title='bbox 2745 1253 2981 1307; x_wconf 71' lang='lat' dir='ltr'><strong>lrenmus</strong></span> <span class='ocrx_word' id='word_1_486' title='bbox 3013 1251 3082 1315; x_wconf 80' lang='grc'><strong>⁸⁸,</strong></span> <span class='ocrx_word' id='word_1_487' title='bbox 3126 1268 3145 1301; x_wconf 85' lang='grc'><strong>‹</strong></span> <span class='ocrx_word' id='word_1_488' title='bbox 3176 1249 3291 1314; x_wconf 91' lang='lat' dir='ltr'><strong>eis,</strong></span> <span class='ocrx_word' id='word_1_489' title='bbox 3323 1245 3412 1315; x_wconf 91' lang='lat' dir='ltr'><strong>qui</strong></span> <span class='ocrx_word' id='word_1_490' title='bbox 3447 1245 3496 1297; x_wconf 92' lang='lat' dir='ltr'><strong>in</strong></span> <span class='ocrx_word' id='word_1_491' title='bbox 3525 1239 3809 1296; x_wconf 84' lang='lat' dir='ltr'><strong>Ecclesia</strong></span> 
     </span>
    </p>
   </div>
   <div class='ocr_carea' id='block_1_70' title="bbox 2206 1331 3809 1420">
    <p class='ocr_par' dir='ltr' id='par_1_70' title="bbox 2206 1331 3809 1420">
     <span class='ocr_line' id='line_1_70' title="bbox 2206 1331 3809 1420; baseline -0.014 -16"><span class='ocrx_word' id='word_1_492' title='bbox 2206 1357 2357 1420; x_wconf 76' lang='lat' dir='ltr'><strong>sunt,</strong></span> <span class='ocrx_word' id='word_1_493' title='bbox 2382 1346 2722 1418; x_wconf 84' lang='lat' dir='ltr'><strong>presbyteris</strong></span> <span class='ocrx_word' id='word_1_494' title='bbox 2744 1345 3007 1399; x_wconf 88' lang='lat' dir='ltr'><strong>obaudire</strong></span> <span class='ocrx_word' id='word_1_495' title='bbox 3044 1352 3297 1409; x_wconf 85' lang='lat' dir='ltr'><strong>oportere</strong></span> <span class='ocrx_word' id='word_1_496' title='bbox 3324 1379 3339 1403; x_wconf 95' lang='lat'><strong>,</strong></span> <span class='ocrx_word' id='word_1_497' title='bbox 3380 1357 3396 1389; x_wconf 72' lang='grc' dir='ltr'>ι</span> <span class='ocrx_word' id='word_1_498' title='bbox 3433 1337 3498 1390; x_wconf 90' lang='lat' dir='ltr'><strong>ab</strong></span> <span class='ocrx_word' id='word_1_499' title='bbox 3529 1336 3601 1388; x_wconf 86' lang='lat' dir='ltr'><strong>iis</strong></span> <span class='ocrx_word' id='word_1_500' title='bbox 3638 1350 3664 1385; x_wconf 73' lang='grc' dir='ltr'>ι</span> <span class='ocrx_word' id='word_1_501' title='bbox 3712 1331 3809 1384; x_wconf 87' lang='lat' dir='ltr'><strong>di-</strong></span> 
     </span>
    </p>
   </div>
   <div class='ocr_carea' id='block_1_71' title="bbox 2204 1427 3811 1510">
    <p class='ocr_par' dir='ltr' id='par_1_71' title="bbox 2204 1427 3811 1510">
     <span class='ocr_line' id='line_1_71' title="bbox 2204 1427 3811 1510; baseline -0.014 -13"><span class='ocrx_word' id='word_1_502' title='bbox 2204 1457 2363 1498; x_wconf 88' lang='lat' dir='ltr'><strong>scere</strong></span> <span class='ocrx_word' id='word_1_503' title='bbox 2388 1452 2641 1510; x_wconf 89' lang='lat' dir='ltr'><strong>oportere</strong></span> <span class='ocrx_word' id='word_1_504' title='bbox 2684 1458 2702 1491; x_wconf 73' lang='grc' dir='ltr'>ι</span> <span class='ocrx_word' id='word_1_505' title='bbox 2734 1438 3047 1499; x_wconf 90' lang='lat' dir='ltr'><strong>veritatem,</strong></span> <span class='ocrx_word' id='word_1_506' title='bbox 3081 1443 3501 1503; x_wconf 83' lang='lat' dir='ltr'><strong>germanamque</strong></span> <span class='ocrx_word' id='word_1_507' title='bbox 3528 1427 3811 1495; x_wconf 86' lang='lat' dir='ltr'><strong>Scriptu-</strong></span> 
     </span>
    </p>
   </div>
   <div class='ocr_carea' id='block_1_72' title="bbox 2207 1520 3812 1601">
    <p class='ocr_par' dir='ltr' id='par_1_72' title="bbox 2207 1520 3812 1601">
     <span class='ocr_line' id='line_1_72' title="bbox 2207 1520 3812 1601; baseline -0.013 -12"><span class='ocrx_word' id='word_1_508' title='bbox 2207 1550 2396 1590; x_wconf 87' lang='lat' dir='ltr'><strong>rarum</strong></span> <span class='ocrx_word' id='word_1_509' title='bbox 2442 1532 2844 1601; x_wconf 80' lang='lat' dir='ltr'><strong>expositionem</strong></span> <span class='ocrx_word' id='word_1_510' title='bbox 2886 1545 3007 1584; x_wconf 91' lang='lat' dir='ltr'><strong>esse</strong></span> <span class='ocrx_word' id='word_1_511' title='bbox 3047 1527 3412 1593; x_wconf 59' lang='lat' dir='ltr'><strong>quaarendam.</strong></span> <span class='ocrx_word' id='word_1_512' title='bbox 3451 1520 3615 1574; x_wconf 79' lang='lat' dir='ltr'><strong>Ratio</strong></span> <span class='ocrx_word' id='word_1_513' title='bbox 3670 1527 3812 1579; x_wconf 83' lang='lat' dir='ltr'><strong>est,</strong></span> 
     </span>
    </p>
   </div>
   <div class='ocr_carea' id='block_1_73' title="bbox 2207 1611 3815 1697">
    <p class='ocr_par' dir='ltr' id='par_1_73' title="bbox 2207 1611 3815 1697">
     <span class='ocr_line' id='line_1_73' title="bbox 2207 1611 3815 1697; baseline -0.011 -17"><span class='ocrx_word' id='word_1_514' title='bbox 2207 1628 2335 1697; x_wconf 88' lang='lat' dir='ltr'><strong>quia</strong></span> <span class='ocrx_word' id='word_1_515' title='bbox 2367 1646 2385 1678; x_wconf 76' lang='grc' dir='ltr'>ι</span> <span class='ocrx_word' id='word_1_516' title='bbox 2419 1642 2542 1682; x_wconf 89' lang='lat' dir='ltr'><strong>cum</strong></span> <span class='ocrx_word' id='word_1_517' title='bbox 2577 1628 2922 1695; x_wconf 86' lang='lat' dir='ltr'><strong>episcopatus</strong></span> <span class='ocrx_word' id='word_1_518' title='bbox 2951 1620 3299 1677; x_wconf 86' lang='lat' dir='ltr'><strong>successione</strong></span> <span class='ocrx_word' id='word_1_519' title='bbox 3329 1616 3605 1671; x_wconf 86' lang='lat' dir='ltr'><strong>charisma</strong></span> <span class='ocrx_word' id='word_1_520' title='bbox 3638 1611 3815 1665; x_wconf 82' lang='lat' dir='ltr'><strong>veri-</strong></span> 
     </span>
    </p>
   </div>
   <div class='ocr_carea' id='block_1_74' title="bbox 2209 1710 3814 1783">
    <p class='ocr_par' dir='ltr' id='par_1_74' title="bbox 2209 1710 3814 1783">
     <span class='ocr_line' id='line_1_74' title="bbox 2209 1710 3814 1783; baseline -0.011 -9"><span class='ocrx_word' id='word_1_521' title='bbox 2209 1721 2337 1774; x_wconf 89' lang='lat' dir='ltr'><strong>tatis</strong></span> <span class='ocrx_word' id='word_1_522' title='bbox 2364 1729 2575 1774; x_wconf 91' lang='lat' dir='ltr'><strong>certum</strong></span> <span class='ocrx_word' id='word_1_523' title='bbox 2599 1757 2614 1783; x_wconf 98' lang='lat'><strong>,</strong></span> <span class='ocrx_word' id='word_1_524' title='bbox 2646 1716 2940 1772; x_wconf 88' lang='lat' dir='ltr'><strong>secundum</strong></span> <span class='ocrx_word' id='word_1_525' title='bbox 2988 1714 3245 1782; x_wconf 88' lang='lat' dir='ltr'><strong>placitum</strong></span> <span class='ocrx_word' id='word_1_526' title='bbox 3283 1710 3460 1766; x_wconf 88' lang='lat' dir='ltr'><strong>Patris</strong></span> <span class='ocrx_word' id='word_1_527' title='bbox 3482 1748 3496 1773; x_wconf 93' lang='lat'><strong>,</strong></span> <span class='ocrx_word' id='word_1_528' title='bbox 3549 1718 3814 1773; x_wconf 84' lang='lat' dir='ltr'><strong>accepe-</strong></span> 
     </span>
    </p>
   </div>
   <div class='ocr_carea' id='block_1_75' title="bbox 2210 1796 3812 1879">
    <p class='ocr_par' dir='ltr' id='par_1_75' title="bbox 2210 1796 3812 1879">
     <span class='ocr_line' id='line_1_75' title="bbox 2210 1796 3812 1879; baseline -0.011 -13"><span class='ocrx_word' id='word_1_529' title='bbox 2210 1821 2356 1867; x_wconf 86' lang='lat' dir='ltr'><strong>runt.</strong></span> <span class='ocrx_word' id='word_1_530' title='bbox 2400 1830 2420 1864; x_wconf 71' lang='grc' dir='ltr'><strong><em>ι</em></strong></span> <span class='ocrx_word' id='word_1_531' title='bbox 2456 1812 2519 1866; x_wconf 83' lang='grc' dir='ltr'><strong>Ει</strong></span> <span class='ocrx_word' id='word_1_532' title='bbox 2560 1809 2808 1879; x_wconf 87' lang='lat' dir='ltr'><strong>quamvis</strong></span> <span class='ocrx_word' id='word_1_533' title='bbox 2861 1807 3134 1861; x_wconf 92' lang='lat' dir='ltr'><strong>interdum</strong></span> <span class='ocrx_word' id='word_1_534' title='bbox 3189 1804 3441 1858; x_wconf 90' lang='lat' dir='ltr'><strong>oriantur</strong></span> <span class='ocrx_word' id='word_1_535' title='bbox 3499 1816 3517 1850; x_wconf 73' lang='grc' dir='ltr'><strong><em>ι</em></strong></span> <span class='ocrx_word' id='word_1_536' title='bbox 3581 1796 3812 1852; x_wconf 79' lang='lat' dir='ltr'><strong>crediti</strong></span> 
     </span>
    </p>
   </div>
   <div class='ocr_carea' id='block_1_76' title="bbox 2136 1890 3819 1975">
    <p class='ocr_par' dir='ltr' id='par_1_76' title="bbox 2136 1890 3819 1975">
     <span class='ocr_line' id='line_1_76' title="bbox 2136 1890 3819 1975; baseline -0.011 -16"><span class='ocrx_word' id='word_1_537' title='bbox 2136 1892 2178 1945; x_wconf 81' lang='grc' dir='ltr'>Β</span> <span class='ocrx_word' id='word_1_538' title='bbox 2208 1907 2425 1975; x_wconf 89' lang='lat' dir='ltr'><strong>quidem</strong></span> <span class='ocrx_word' id='word_1_539' title='bbox 2451 1921 2479 1958; x_wconf 91' lang='lat' dir='ltr'><strong>a</strong></span> <span class='ocrx_word' id='word_1_540' title='bbox 2513 1904 2704 1958; x_wconf 88' lang='lat' dir='ltr'><strong>multis</strong></span> <span class='ocrx_word' id='word_1_541' title='bbox 2732 1898 3039 1973; x_wconf 82' lang='lat' dir='ltr'><strong>presbyteri</strong></span> <span class='ocrx_word' id='word_1_542' title='bbox 3068 1940 3081 1963; x_wconf 92' lang='lat'><strong>,</strong></span> <span class='ocrx_word' id='word_1_543' title='bbox 3134 1916 3153 1949; x_wconf 74' lang='grc' dir='ltr'><strong><em>ι</em></strong></span> <span class='ocrx_word' id='word_1_544' title='bbox 3191 1897 3286 1951; x_wconf 90' lang='lat' dir='ltr'><strong>sed</strong></span> <span class='ocrx_word' id='word_1_545' title='bbox 3332 1913 3350 1944; x_wconf 72' lang='grc' dir='ltr'><strong><em>ι</em></strong></span> <span class='ocrx_word' id='word_1_546' title='bbox 3405 1893 3494 1962; x_wconf 89' lang='lat' dir='ltr'><strong>qui</strong></span> <span class='ocrx_word' id='word_1_547' title='bbox 3532 1890 3819 1945; x_wconf 86' lang='lat' dir='ltr'><strong>serviunt</strong></span> 
     </span>
    </p>
   </div>
   <div class='ocr_carea' id='block_1_77' title="bbox 2208 1982 3814 2068">
    <p class='ocr_par' dir='ltr' id='par_1_77' title="bbox 2208 1982 3814 2068">
     <span class='ocr_line' id='line_1_77' title="bbox 2208 1982 3814 2068; baseline -0.014 -11"><span class='ocrx_word' id='word_1_548' title='bbox 2208 2002 2320 2058; x_wconf 90' lang='lat' dir='ltr'><strong>suis</strong></span> <span class='ocrx_word' id='word_1_549' title='bbox 2362 1998 2728 2068; x_wconf 87' lang='lat' dir='ltr'><strong>voluptatibus</strong></span> <span class='ocrx_word' id='word_1_550' title='bbox 2756 2037 2771 2062; x_wconf 94' lang='lat'><strong>,</strong></span> <span class='ocrx_word' id='word_1_551' title='bbox 2803 2006 2857 2050; x_wconf 92' lang='lat' dir='ltr'><strong>et</strong></span> <span class='ocrx_word' id='word_1_552' title='bbox 2896 2009 3000 2048; x_wconf 92' lang='lat' dir='ltr'><strong>non</strong></span> <span class='ocrx_word' id='word_1_553' title='bbox 3033 1998 3351 2060; x_wconf 67' lang='lat' dir='ltr'><strong>prteponunt</strong></span> <span class='ocrx_word' id='word_1_554' title='bbox 3395 1990 3653 2041; x_wconf 88' lang='lat' dir='ltr'><strong>timorem</strong></span> <span class='ocrx_word' id='word_1_555' title='bbox 3702 1982 3814 2036; x_wconf 91' lang='lat' dir='ltr'><strong>Dei</strong></span> 
     </span>
    </p>
   </div>
   <div class='ocr_carea' id='block_1_78' title="bbox 2208 2076 3812 2151">
    <p class='ocr_par' dir='ltr' id='par_1_78' title="bbox 2208 2076 3812 2151">
     <span class='ocr_line' id='line_1_78' title="bbox 2208 2076 3812 2151; baseline -0.015 0"><span class='ocrx_word' id='word_1_556' title='bbox 2208 2099 2262 2151; x_wconf 90' lang='lat' dir='ltr'><strong>in</strong></span> <span class='ocrx_word' id='word_1_557' title='bbox 2306 2094 2565 2150; x_wconf 89' lang='lat' dir='ltr'><strong>cordibus</strong></span> <span class='ocrx_word' id='word_1_558' title='bbox 2620 2090 2765 2151; x_wconf 88' lang='lat' dir='ltr'><strong>suis;</strong></span> <span class='ocrx_word' id='word_1_559' title='bbox 2834 2106 2851 2138; x_wconf 73' lang='grc' dir='ltr'><strong><em>ι</em></strong></span> <span class='ocrx_word' id='word_1_560' title='bbox 2897 2094 3107 2139; x_wconf 90' lang='lat' dir='ltr'><strong>certum</strong></span> <span class='ocrx_word' id='word_1_561' title='bbox 3154 2091 3238 2136; x_wconf 89' lang='lat' dir='ltr'><strong>est</strong></span> <span class='ocrx_word' id='word_1_562' title='bbox 3276 2091 3482 2142; x_wconf 82' lang='lat' dir='ltr'><strong>tamen,</strong></span> <span class='ocrx_word' id='word_1_563' title='bbox 3514 2095 3534 2128; x_wconf 72' lang='grc' dir='ltr'><strong>ε</strong></span> <span class='ocrx_word' id='word_1_564' title='bbox 3580 2076 3747 2130; x_wconf 84' lang='lat' dir='ltr'><strong>tales</strong></span> <span class='ocrx_word' id='word_1_565' title='bbox 3788 2094 3812 2127; x_wconf 72' lang='grc' dir='ltr'><strong><em>ι</em></strong></span> 
     </span>
    </p>
   </div>
   <div class='ocr_carea' id='block_1_79' title="bbox 2208 2169 3820 2256">
    <p class='ocr_par' dir='ltr' id='par_1_79' title="bbox 2208 2169 3820 2256">
     <span class='ocr_line' id='line_1_79' title="bbox 2208 2169 3820 2256; baseline -0.015 -12"><span class='ocrx_word' id='word_1_566' title='bbox 2208 2203 2424 2256; x_wconf 86' lang='lat' dir='ltr'><strong>semper</strong></span> <span class='ocrx_word' id='word_1_567' title='bbox 2457 2202 2476 2235; x_wconf 73' lang='grc' dir='ltr'><strong><em>ι</em></strong></span> <span class='ocrx_word' id='word_1_568' title='bbox 2529 2181 2885 2254; x_wconf 87' lang='lat' dir='ltr'><strong>presbyteros</strong></span> <span class='ocrx_word' id='word_1_569' title='bbox 2945 2175 3153 2229; x_wconf 89' lang='lat' dir='ltr'><strong>nutrire</strong></span> <span class='ocrx_word' id='word_1_570' title='bbox 3202 2171 3533 2231; x_wconf 86' lang='lat' dir='ltr'><strong>Ecclesiam,</strong></span> <span class='ocrx_word' id='word_1_571' title='bbox 3591 2169 3701 2237; x_wconf 88' lang='lat' dir='ltr'><strong>qui</strong></span> <span class='ocrx_word' id='word_1_572' title='bbox 3756 2175 3820 2220; x_wconf 90' lang='lat' dir='ltr'><strong>et</strong></span> 
     </span>
    </p>
   </div>
   <div class='ocr_carea' id='block_1_80' title="bbox 2211 2261 3821 2351">
    <p class='ocr_par' dir='ltr' id='par_1_80' title="bbox 2211 2261 3821 2351">
     <span class='ocr_line' id='line_1_80' title="bbox 2211 2261 3821 2351; baseline -0.016 -15"><span class='ocrx_word' id='word_1_573' title='bbox 2211 2280 2583 2351; x_wconf 88' lang='lat' dir='ltr'><strong>apostolorum</strong></span> <span class='ocrx_word' id='word_1_574' title='bbox 2610 2273 2913 2329; x_wconf 89' lang='lat' dir='ltr'><strong>doctrinam</strong></span> <span class='ocrx_word' id='word_1_575' title='bbox 2943 2268 3290 2329; x_wconf 89' lang='lat' dir='ltr'><strong>custodiunt,</strong></span> <span class='ocrx_word' id='word_1_576' title='bbox 3320 2274 3376 2318; x_wconf 91' lang='lat' dir='ltr'><strong>et</strong></span> <span class='ocrx_word' id='word_1_577' title='bbox 3404 2277 3522 2315; x_wconf 90' lang='lat' dir='ltr'><strong>cum</strong></span> <span class='ocrx_word' id='word_1_578' title='bbox 3549 2261 3821 2329; x_wconf 80' lang='lat' dir='ltr'><strong>presby-</strong></span> 
     </span>
    </p>
   </div>
   <div class='ocr_carea' id='block_1_81' title="bbox 2211 2355 3816 2430">
    <p class='ocr_par' dir='ltr' id='par_1_81' title="bbox 2211 2355 3816 2430">
     <span class='ocr_line' id='line_1_81' title="bbox 2211 2355 3816 2430; baseline -0.017 0"><span class='ocrx_word' id='word_1_579' title='bbox 2211 2376 2334 2430; x_wconf 91' lang='lat' dir='ltr'><strong>terii</strong></span> <span class='ocrx_word' id='word_1_580' title='bbox 2366 2372 2559 2427; x_wconf 90' lang='lat' dir='ltr'><strong>ordine</strong></span> <span class='ocrx_word' id='word_1_581' title='bbox 2592 2381 2899 2423; x_wconf 88' lang='lat' dir='ltr'><strong>sermonem</strong></span> <span class='ocrx_word' id='word_1_582' title='bbox 2940 2375 3157 2422; x_wconf 91' lang='lat' dir='ltr'><strong>sanum,</strong></span> <span class='ocrx_word' id='word_1_583' title='bbox 3200 2369 3255 2413; x_wconf 91' lang='lat' dir='ltr'><strong>et</strong></span> <span class='ocrx_word' id='word_1_584' title='bbox 3306 2355 3816 2409; x_wconf 80' lang='lat' dir='ltr'><strong>conversationem</strong></span> 
     </span>
    </p>
   </div>
   <div class='ocr_carea' id='block_1_82' title="bbox 2211 2448 3819 2526">
    <p class='ocr_par' dir='ltr' id='par_1_82' title="bbox 2211 2448 3819 2526">
     <span class='ocr_line' id='line_1_82' title="bbox 2211 2448 3819 2526; baseline -0.012 -10"><span class='ocrx_word' id='word_1_585' title='bbox 2211 2463 2334 2516; x_wconf 89' lang='lat' dir='ltr'><strong>sine</strong></span> <span class='ocrx_word' id='word_1_586' title='bbox 2366 2460 2571 2514; x_wconf 68' lang='lat' dir='ltr'><strong>uli‘ensa</strong></span> <span class='ocrx_word' id='word_1_587' title='bbox 2605 2462 2886 2526; x_wconf 61' lang='lat' dir='ltr'><strong>praestant,</strong></span> <span class='ocrx_word' id='word_1_588' title='bbox 2912 2453 2977 2504; x_wconf 87' lang='lat' dir='ltr'><strong>ad</strong></span> <span class='ocrx_word' id='word_1_589' title='bbox 3006 2448 3473 2505; x_wconf 76' lang='lat' dir='ltr'><strong>confirmationem</strong></span> <span class='ocrx_word' id='word_1_590' title='bbox 3503 2451 3561 2496; x_wconf 86' lang='lat' dir='ltr'><strong>et</strong></span> <span class='ocrx_word' id='word_1_591' title='bbox 3594 2457 3819 2496; x_wconf 78' lang='lat' dir='ltr'><strong>corre-</strong></span> 
     </span>
    </p>
   </div>
   <div class='ocr_carea' id='block_1_83' title="bbox 2211 2536 3823 2627">
    <p class='ocr_par' dir='ltr' id='par_1_83' title="bbox 2211 2536 3823 2627">
     <span class='ocr_line' id='line_1_83' title="bbox 2211 2536 3823 2627; baseline -0.013 -17"><span class='ocrx_word' id='word_1_592' title='bbox 2211 2558 2454 2627; x_wconf 89' lang='lat' dir='ltr'><strong>ptionem</strong></span> <span class='ocrx_word' id='word_1_593' title='bbox 2480 2553 2857 2622; x_wconf 79' lang='lat' dir='ltr'><strong>reliquorum;</strong></span> <span class='ocrx_word' id='word_1_594' title='bbox 2886 2567 2903 2599; x_wconf 77' lang='grc' dir='ltr'><strong>ι</strong></span> <span class='ocrx_word' id='word_1_595' title='bbox 2939 2544 3136 2616; x_wconf 87' lang='lat' dir='ltr'><strong>quibus</strong></span> <span class='ocrx_word' id='word_1_596' title='bbox 3174 2539 3396 2611; x_wconf 87' lang='lat' dir='ltr'><strong>proinde</strong></span> <span class='ocrx_word' id='word_1_597' title='bbox 3431 2555 3450 2588; x_wconf 69' lang='grc' dir='ltr'>ι</span> <span class='ocrx_word' id='word_1_598' title='bbox 3500 2536 3823 2590; x_wconf 65' lang='lat' dir='ltr'><strong>adhaerere</strong></span> 
     </span>
    </p>
   </div>
   <div class='ocr_carea' id='block_1_84' title="bbox 2208 2664 2498 2711">
    <p class='ocr_par' dir='ltr' id='par_1_84' title="bbox 2208 2664 2498 2711">
     <span class='ocr_line' id='line_1_84' title="bbox 2208 2664 2498 2711; baseline -0.028 0"><span class='ocrx_word' id='word_1_599' title='bbox 2208 2664 2440 2711; x_wconf 75' lang='lat' dir='ltr'><strong>Oportet.</strong></span> <span class='ocrx_word' id='word_1_600' title='bbox 2480 2670 2498 2703; x_wconf 84' lang='grc'><strong>›</strong></span> 
     </span>
    </p>
   </div>
   <div class='ocr_carea' id='block_1_85' title="bbox 2246 2672 3827 2803">
    <p class='ocr_par' dir='ltr' id='par_1_85' title="bbox 2246 2672 3827 2803">
     <span class='ocr_line' id='line_1_85' title="bbox 2281 2672 2498 2708; baseline -0.009 -3"><span class='ocrx_word' id='word_1_601' title='bbox 2281 2672 2440 2708; x_wconf 87' lang='lat' dir='ltr'><strong>ortet.</strong></span> <span class='ocrx_word' id='word_1_602' title='bbox 2480 2672 2498 2703; x_wconf 69' lang='grc' dir='ltr'><strong><em>ι</em></strong></span> 
     </span>
     <span class='ocr_line' id='line_1_86' title="bbox 2246 2672 3827 2803; baseline -0.015 1"><span class='ocrx_word' id='word_1_603' title='bbox 2246 2672 2373 2803; x_wconf 77' lang='lat' dir='ltr'><strong>p50.</strong></span> <span class='ocrx_word' id='word_1_604' title='bbox 2418 2746 2487 2802; x_wconf 89' lang='lat' dir='ltr'><strong>Ut</strong></span> <span class='ocrx_word' id='word_1_605' title='bbox 2537 2759 2667 2798; x_wconf 89' lang='lat' dir='ltr'><strong>vero</strong></span> <span class='ocrx_word' id='word_1_606' title='bbox 2701 2741 2882 2794; x_wconf 92' lang='lat' dir='ltr'><strong>unitas</strong></span> <span class='ocrx_word' id='word_1_607' title='bbox 2924 2738 3069 2791; x_wconf 90' lang='lat' dir='ltr'><strong>inter</strong></span> <span class='ocrx_word' id='word_1_608' title='bbox 3125 2742 3204 2789; x_wconf 92' lang='lat' dir='ltr'><strong>tot</strong></span> <span class='ocrx_word' id='word_1_609' title='bbox 3254 2731 3543 2800; x_wconf 89' lang='lat' dir='ltr'><strong>episcopos</strong></span> <span class='ocrx_word' id='word_1_610' title='bbox 3600 2736 3827 2796; x_wconf 85' lang='lat' dir='ltr'><strong>totque</strong></span> 
     </span>
    </p>
   </div>
   <div class='ocr_carea' id='block_1_86' title="bbox 2212 2820 3830 2911">
    <p class='ocr_par' dir='ltr' id='par_1_86' title="bbox 2212 2820 3830 2911">
     <span class='ocr_line' id='line_1_87' title="bbox 2212 2820 3830 2911; baseline -0.017 -15"><span class='ocrx_word' id='word_1_611' title='bbox 2212 2840 2516 2911; x_wconf 81' lang='lat' dir='ltr'><strong>singulares</strong></span> <span class='ocrx_word' id='word_1_612' title='bbox 2550 2834 2825 2892; x_wconf 88' lang='lat' dir='ltr'><strong>Ecclesias</strong></span> <span class='ocrx_word' id='word_1_613' title='bbox 2854 2841 2960 2885; x_wconf 90' lang='lat' dir='ltr'><strong>tam</strong></span> <span class='ocrx_word' id='word_1_614' title='bbox 2993 2830 3151 2897; x_wconf 88' lang='lat' dir='ltr'><strong>longe</strong></span> <span class='ocrx_word' id='word_1_615' title='bbox 3179 2842 3207 2880; x_wconf 88' lang='lat' dir='ltr'><strong>a</strong></span> <span class='ocrx_word' id='word_1_616' title='bbox 3235 2839 3293 2879; x_wconf 89' lang='lat' dir='ltr'><strong>se</strong></span> <span class='ocrx_word' id='word_1_617' title='bbox 3322 2822 3557 2877; x_wconf 87' lang='lat' dir='ltr'><strong>invicem</strong></span> <span class='ocrx_word' id='word_1_618' title='bbox 3583 2820 3830 2873; x_wconf 77' lang='lat' dir='ltr'><strong>distan-</strong></span> 
     </span>
    </p>
   </div>
   <div class='ocr_carea' id='block_1_87' title="bbox 2214 2906 3824 2993">
    <p class='ocr_par' dir='ltr' id='par_1_87' title="bbox 2214 2906 3824 2993">
     <span class='ocr_line' id='line_1_88' title="bbox 2214 2906 3824 2993; baseline -0.017 -7"><span class='ocrx_word' id='word_1_619' title='bbox 2214 2906 2526 2993; x_wconf 40' lang='lat' dir='ltr'><strong>tes‘foveri,</strong></span> <span class='ocrx_word' id='word_1_620' title='bbox 2560 2926 2914 2992; x_wconf 86' lang='lat' dir='ltr'><strong>omniumque</strong></span> <span class='ocrx_word' id='word_1_621' title='bbox 2942 2930 3245 2975; x_wconf 85' lang='lat' dir='ltr'><strong>consensus</strong></span> <span class='ocrx_word' id='word_1_622' title='bbox 3275 2912 3485 2967; x_wconf 79' lang='lat' dir='ltr'><strong>facilius</strong></span> <span class='ocrx_word' id='word_1_623' title='bbox 3512 2906 3824 2975; x_wconf 79' lang='lat' dir='ltr'><strong>explorari</strong></span> 
     </span>
    </p>
   </div>
   <div class='ocr_carea' id='block_1_88' title="bbox 2214 3004 3828 3095">
    <p class='ocr_par' dir='ltr' id='par_1_88' title="bbox 2214 3004 3828 3095">
     <span class='ocr_line' id='line_1_89' title="bbox 2214 3004 3828 3095; baseline -0.015 -17"><span class='ocrx_word' id='word_1_624' title='bbox 2214 3034 2439 3095; x_wconf 86' lang='lat' dir='ltr'><strong>posset,</strong></span> <span class='ocrx_word' id='word_1_625' title='bbox 2492 3035 2591 3075; x_wconf 92' lang='lat' dir='ltr'><strong>nec</strong></span> <span class='ocrx_word' id='word_1_626' title='bbox 2652 3030 2845 3073; x_wconf 90' lang='lat' dir='ltr'><strong>omnes</strong></span> <span class='ocrx_word' id='word_1_627' title='bbox 2904 3009 3313 3079; x_wconf 85' lang='lat' dir='ltr'><strong>emergentibus</strong></span> <span class='ocrx_word' id='word_1_628' title='bbox 3366 3004 3828 3073; x_wconf 85' lang='lat' dir='ltr'><strong>quibuscunque</strong></span> 
     </span>
    </p>
   </div>
   <div class='ocr_carea' id='block_1_89' title="bbox 2214 3091 3829 3172">
    <p class='ocr_par' dir='ltr' id='par_1_89' title="bbox 2214 3091 3829 3172">
     <span class='ocr_line' id='line_1_90' title="bbox 2214 3091 3829 3172; baseline -0.016 0"><span class='ocrx_word' id='word_1_629' title='bbox 2214 3091 2603 3172; x_wconf 81' lang='lat' dir='ltr'><strong>controversiis</strong></span> <span class='ocrx_word' id='word_1_630' title='bbox 2637 3108 2879 3162; x_wconf 80' lang='lat' dir='ltr'><strong>maximo</strong></span> <span class='ocrx_word' id='word_1_631' title='bbox 2927 3119 3049 3157; x_wconf 89' lang='lat' dir='ltr'><strong>cum</strong></span> <span class='ocrx_word' id='word_1_632' title='bbox 3099 3099 3430 3168; x_wconf 88' lang='lat' dir='ltr'><strong>singularum</strong></span> <span class='ocrx_word' id='word_1_633' title='bbox 3468 3091 3829 3163; x_wconf 85' lang='lat' dir='ltr'><strong>gravamine</strong></span> 
     </span>
    </p>
   </div>
   <div class='ocr_carea' id='block_1_90' title="bbox 2215 3194 3829 3263">
    <p class='ocr_par' dir='ltr' id='par_1_90' title="bbox 2215 3194 3829 3263">
     <span class='ocr_line' id='line_1_91' title="bbox 2215 3194 3829 3263; baseline -0.017 0"><span class='ocrx_word' id='word_1_634' title='bbox 2215 3208 2374 3263; x_wconf 89' lang='lat' dir='ltr'><strong>simul</strong></span> <span class='ocrx_word' id='word_1_635' title='bbox 2421 3207 2473 3260; x_wconf 93' lang='lat' dir='ltr'><strong>in</strong></span> <span class='ocrx_word' id='word_1_636' title='bbox 2518 3218 2684 3258; x_wconf 88' lang='lat' dir='ltr'><strong>unum</strong></span> <span class='ocrx_word' id='word_1_637' title='bbox 2726 3200 2904 3253; x_wconf 92' lang='lat' dir='ltr'><strong>locum</strong></span> <span class='ocrx_word' id='word_1_638' title='bbox 2944 3194 3237 3249; x_wconf 89' lang='lat' dir='ltr'><strong>convenire</strong></span> <span class='ocrx_word' id='word_1_639' title='bbox 3272 3197 3648 3260; x_wconf 85' lang='lat' dir='ltr'><strong>cogerentur:</strong></span> <span class='ocrx_word' id='word_1_640' title='bbox 3711 3198 3829 3237; x_wconf 87' lang='lat' dir='ltr'><strong>ne-</strong></span> 
     </span>
    </p>
   </div>
   <div class='ocr_carea' id='block_1_91' title="bbox 2218 3280 3829 3365">
    <p class='ocr_par' dir='ltr' id='par_1_91' title="bbox 2218 3280 3829 3365">
     <span class='ocr_line' id='line_1_92' title="bbox 2218 3280 3829 3365; baseline -0.016 -8"><span class='ocrx_word' id='word_1_641' title='bbox 2218 3317 2368 3357; x_wconf 90' lang='lat' dir='ltr'><strong>cesse</strong></span> <span class='ocrx_word' id='word_1_642' title='bbox 2397 3308 2517 3353; x_wconf 89' lang='lat' dir='ltr'><strong>erat</strong></span> <span class='ocrx_word' id='word_1_643' title='bbox 2554 3297 2787 3365; x_wconf 90' lang='lat' dir='ltr'><strong>primam</strong></span> <span class='ocrx_word' id='word_1_644' title='bbox 2824 3292 3063 3359; x_wconf 78' lang='lat' dir='ltr'><strong>aliquam</strong></span> <span class='ocrx_word' id='word_1_645' title='bbox 3099 3287 3240 3340; x_wconf 90' lang='lat' dir='ltr'><strong>inter</strong></span> <span class='ocrx_word' id='word_1_646' title='bbox 3269 3297 3456 3339; x_wconf 89' lang='lat' dir='ltr'><strong>omnes</strong></span> <span class='ocrx_word' id='word_1_647' title='bbox 3485 3280 3829 3334; x_wconf 86' lang='lat' dir='ltr'><strong>Ecclesiam</strong></span> 
     </span>
    </p>
   </div>
   <div class='ocr_carea' id='block_1_92' title="bbox 2218 3373 3829 3457">
    <p class='ocr_par' dir='ltr' id='par_1_92' title="bbox 2218 3373 3829 3457">
     <span class='ocr_line' id='line_1_93' title="bbox 2218 3373 3829 3457; baseline -0.015 -9"><span class='ocrx_word' id='word_1_648' title='bbox 2218 3392 2497 3454; x_wconf 84' lang='lat' dir='ltr'><strong>constitui,</strong></span> <span class='ocrx_word' id='word_1_649' title='bbox 2529 3403 2649 3457; x_wconf 86' lang='lat' dir='ltr'><strong>quae</strong></span> <span class='ocrx_word' id='word_1_650' title='bbox 2698 3384 2911 3440; x_wconf 74' lang='lat' dir='ltr'><strong>caeteris</strong></span> <span class='ocrx_word' id='word_1_651' title='bbox 2955 3380 3208 3436; x_wconf 90' lang='lat' dir='ltr'><strong>omnibus</strong></span> <span class='ocrx_word' id='word_1_652' title='bbox 3237 3382 3528 3445; x_wconf 86' lang='lat' dir='ltr'><strong>praeesset,</strong></span> <span class='ocrx_word' id='word_1_653' title='bbox 3576 3373 3829 3426; x_wconf 61' lang='lat' dir='ltr'><strong>caeteris</strong></span> 
     </span>
    </p>
   </div>
   <div class='ocr_carea' id='block_1_93' title="bbox 2217 3466 3834 3559">
    <p class='ocr_par' dir='ltr' id='par_1_93' title="bbox 2217 3466 3834 3559">
     <span class='ocr_line' id='line_1_94' title="bbox 2217 3466 3834 3559; baseline -0.013 -17"><span class='ocrx_word' id='word_1_654' title='bbox 2217 3504 2316 3559; x_wconf 92' lang='lat' dir='ltr'><strong>pro</strong></span> <span class='ocrx_word' id='word_1_655' title='bbox 2365 3487 2487 3557; x_wconf 90' lang='lat' dir='ltr'><strong>jure</strong></span> <span class='ocrx_word' id='word_1_656' title='bbox 2539 3481 2880 3552; x_wconf 87' lang='lat' dir='ltr'><strong>invigilaret,</strong></span> <span class='ocrx_word' id='word_1_657' title='bbox 2928 3492 2991 3530; x_wconf 89' lang='lat' dir='ltr'><strong>ac</strong></span> <span class='ocrx_word' id='word_1_658' title='bbox 3030 3474 3191 3530; x_wconf 88' lang='lat' dir='ltr'><strong>veluti</strong></span> <span class='ocrx_word' id='word_1_659' title='bbox 3232 3469 3505 3541; x_wconf 86' lang='lat' dir='ltr'><strong>quoddam</strong></span> <span class='ocrx_word' id='word_1_660' title='bbox 3563 3466 3834 3521; x_wconf 84' lang='lat' dir='ltr'><strong>unitatis</strong></span> 
     </span>
    </p>
   </div>
   <div class='ocr_carea' id='block_1_94' title="bbox 2220 3560 3834 3643">
    <p class='ocr_par' dir='ltr' id='par_1_94' title="bbox 2220 3560 3834 3643">
     <span class='ocr_line' id='line_1_95' title="bbox 2220 3560 3834 3643; baseline -0.013 -9"><span class='ocrx_word' id='word_1_661' title='bbox 2220 3588 2468 3634; x_wconf 90' lang='lat' dir='ltr'><strong>centrum</strong></span> <span class='ocrx_word' id='word_1_662' title='bbox 2499 3584 2665 3643; x_wconf 90' lang='lat' dir='ltr'><strong>esset,</strong></span> <span class='ocrx_word' id='word_1_663' title='bbox 2698 3575 2751 3629; x_wconf 93' lang='lat' dir='ltr'><strong>in</strong></span> <span class='ocrx_word' id='word_1_664' title='bbox 2779 3571 2923 3643; x_wconf 89' lang='lat' dir='ltr'><strong>quod</strong></span> <span class='ocrx_word' id='word_1_665' title='bbox 2951 3582 3140 3625; x_wconf 92' lang='lat' dir='ltr'><strong>omnes</strong></span> <span class='ocrx_word' id='word_1_666' title='bbox 3161 3564 3509 3625; x_wconf 83' lang='lat' dir='ltr'><strong>conﬂuentes,</strong></span> <span class='ocrx_word' id='word_1_667' title='bbox 3547 3560 3834 3627; x_wconf 79' lang='lat' dir='ltr'><strong>ejusdem</strong></span> 
     </span>
    </p>
   </div>
   <div class='ocr_carea' id='block_1_95' title="bbox 2222 3651 3833 3727">
    <p class='ocr_par' dir='ltr' id='par_1_95' title="bbox 2222 3651 3833 3727">
     <span class='ocr_line' id='line_1_96' title="bbox 2222 3651 3833 3727; baseline -0.014 -1"><span class='ocrx_word' id='word_1_668' title='bbox 2222 3671 2345 3726; x_wconf 88' lang='lat' dir='ltr'><strong>ﬁdei</strong></span> <span class='ocrx_word' id='word_1_669' title='bbox 2398 3680 2453 3724; x_wconf 92' lang='lat' dir='ltr'><strong>et</strong></span> <span class='ocrx_word' id='word_1_670' title='bbox 2500 3664 2906 3721; x_wconf 85' lang='lat' dir='ltr'><strong>communionis</strong></span> <span class='ocrx_word' id='word_1_671' title='bbox 2952 3675 3089 3714; x_wconf 82' lang='lat' dir='ltr'><strong>nexu</strong></span> <span class='ocrx_word' id='word_1_672' title='bbox 3128 3658 3529 3727; x_wconf 88' lang='lat' dir='ltr'><strong>colligarentur.</strong></span> <span class='ocrx_word' id='word_1_673' title='bbox 3568 3651 3833 3721; x_wconf 78' lang='lat' dir='ltr'><strong>Cognita</strong></span> 
     </span>
    </p>
   </div>
   <div class='ocr_carea' id='block_1_96' title="bbox 2220 3751 3834 3837">
    <p class='ocr_par' dir='ltr' id='par_1_96' title="bbox 2220 3751 3834 3837">
     <span class='ocr_line' id='line_1_97' title="bbox 2220 3751 3834 3837; baseline -0.015 -17"><span class='ocrx_word' id='word_1_674' title='bbox 2220 3768 2390 3837; x_wconf 83' lang='lat' dir='ltr'><strong>igitur</strong></span> <span class='ocrx_word' id='word_1_675' title='bbox 2418 3761 2577 3830; x_wconf 90' lang='lat' dir='ltr'><strong>hujus</strong></span> <span class='ocrx_word' id='word_1_676' title='bbox 2615 3762 2802 3830; x_wconf 61' lang='lat' dir='ltr'><strong>prima!</strong></span> <span class='ocrx_word' id='word_1_677' title='bbox 2844 3756 3099 3813; x_wconf 68' lang='lat' dir='ltr'><strong>Ecclesiae</strong></span> <span class='ocrx_word' id='word_1_678' title='bbox 3122 3751 3397 3807; x_wconf 88' lang='lat' dir='ltr'><strong>sententia</strong></span> <span class='ocrx_word' id='word_1_679' title='bbox 3418 3788 3433 3812; x_wconf 94' lang='lat'><strong>,</strong></span> <span class='ocrx_word' id='word_1_680' title='bbox 3469 3754 3834 3800; x_wconf 67' lang='lat' dir='ltr'><strong>carterarum</strong></span> 
     </span>
    </p>
   </div>
   <div class='ocr_carea' id='block_1_97' title="bbox 2222 3841 3832 3923">
    <p class='ocr_par' dir='ltr' id='par_1_97' title="bbox 2222 3841 3832 3923">
     <span class='ocr_line' id='line_1_98' title="bbox 2222 3841 3832 3923; baseline -0.014 -7"><span class='ocrx_word' id='word_1_681' title='bbox 2222 3862 2465 3916; x_wconf 90' lang='lat' dir='ltr'><strong>omnium</strong></span> <span class='ocrx_word' id='word_1_682' title='bbox 2497 3856 2632 3911; x_wconf 91' lang='lat' dir='ltr'><strong>satis</strong></span> <span class='ocrx_word' id='word_1_683' title='bbox 2656 3863 2713 3908; x_wconf 93' lang='lat' dir='ltr'><strong>ut</strong></span> <span class='ocrx_word' id='word_1_684' title='bbox 2739 3851 3028 3923; x_wconf 90' lang='lat' dir='ltr'><strong>plurimum</strong></span> <span class='ocrx_word' id='word_1_685' title='bbox 3056 3845 3267 3915; x_wconf 87' lang='lat' dir='ltr'><strong>cognita</strong></span> <span class='ocrx_word' id='word_1_686' title='bbox 3292 3842 3483 3907; x_wconf 82' lang='lat' dir='ltr'><strong>fuerit;</strong></span> <span class='ocrx_word' id='word_1_687' title='bbox 3515 3855 3629 3893; x_wconf 89' lang='lat' dir='ltr'><strong>una</strong></span> <span class='ocrx_word' id='word_1_688' title='bbox 3654 3841 3832 3893; x_wconf 87' lang='lat' dir='ltr'><strong>enim</strong></span> 
     </span>
    </p>
   </div>
   <div class='ocr_carea' id='block_1_98' title="bbox 2222 3934 3831 4009">
    <p class='ocr_par' dir='ltr' id='par_1_98' title="bbox 2222 3934 3831 4009">
     <span class='ocr_line' id='line_1_99' title="bbox 2222 3934 3831 4009; baseline -0.015 0"><span class='ocrx_word' id='word_1_689' title='bbox 2222 3955 2462 4009; x_wconf 92' lang='lat' dir='ltr'><strong>omnium</strong></span> <span class='ocrx_word' id='word_1_690' title='bbox 2520 3966 2641 4003; x_wconf 91' lang='lat' dir='ltr'><strong>cum</strong></span> <span class='ocrx_word' id='word_1_691' title='bbox 2695 3963 2759 4000; x_wconf 89' lang='lat' dir='ltr'><strong>ea</strong></span> <span class='ocrx_word' id='word_1_692' title='bbox 2808 3943 3051 3998; x_wconf 85' lang='lat' dir='ltr'><strong>Ecclesia</strong></span> <span class='ocrx_word' id='word_1_693' title='bbox 3102 3940 3239 3993; x_wconf 88' lang='lat' dir='ltr'><strong>ﬁdes</strong></span> <span class='ocrx_word' id='word_1_694' title='bbox 3288 3946 3451 4004; x_wconf 83' lang='lat' dir='ltr'><strong>atque</strong></span> <span class='ocrx_word' id='word_1_695' title='bbox 3504 3934 3831 3992; x_wconf 82' lang='lat' dir='ltr'><strong>doctrina;</strong></span> 
     </span>
    </p>
   </div>
   <div class='ocr_carea' id='block_1_99' title="bbox 2224 4029 3834 4122">
    <p class='ocr_par' dir='ltr' id='par_1_99' title="bbox 2224 4029 3834 4122">
     <span class='ocr_line' id='line_1_100' title="bbox 2224 4029 3834 4122; baseline -0.014 -19"><span class='ocrx_word' id='word_1_696' title='bbox 2224 4046 2414 4122; x_wconf 79' lang='lat' dir='ltr'><strong>[CXX]</strong></span> <span class='ocrx_word' id='word_1_697' title='bbox 2468 4047 2582 4100; x_wconf 70' lang='lat' dir='ltr'><strong>inec</strong></span> <span class='ocrx_word' id='word_1_698' title='bbox 2622 4052 2939 4096; x_wconf 71' lang='lat' dir='ltr'><strong>cazterarum</strong></span> <span class='ocrx_word' id='word_1_699' title='bbox 2984 4043 3180 4106; x_wconf 84' lang='lat' dir='ltr'><strong>caput,</strong></span> <span class='ocrx_word' id='word_1_700' title='bbox 3225 4033 3311 4087; x_wconf 87' lang='lat' dir='ltr'><strong>cui</strong></span> <span class='ocrx_word' id='word_1_701' title='bbox 3363 4029 3685 4085; x_wconf 84' lang='lat' dir='ltr'><strong>arctissime</strong></span> <span class='ocrx_word' id='word_1_702' title='bbox 3723 4031 3834 4081; x_wconf 84' lang='lat' dir='ltr'><strong>ad-</strong></span> 
     </span>
    </p>
   </div>
   <div class='ocr_carea' id='block_1_100' title="bbox 2223 4120 3837 4196">
    <p class='ocr_par' dir='ltr' id='par_1_100' title="bbox 2223 4120 3837 4196">
     <span class='ocr_line' id='line_1_101' title="bbox 2223 4120 3837 4196; baseline -0.015 0"><span class='ocrx_word' id='word_1_703' title='bbox 2223 4120 2435 4196; x_wconf 70' lang='lat' dir='ltr'><strong>haerere</strong></span> <span class='ocrx_word' id='word_1_704' title='bbox 2466 4147 2722 4191; x_wconf 90' lang='lat' dir='ltr'><strong>tenentur</strong></span> <span class='ocrx_word' id='word_1_705' title='bbox 2755 4146 2961 4188; x_wconf 88' lang='lat' dir='ltr'><strong>onmes.</strong></span> <span class='ocrx_word' id='word_1_706' title='bbox 2993 4130 3165 4184; x_wconf 89' lang='lat' dir='ltr'><strong>Porro</strong></span> <span class='ocrx_word' id='word_1_707' title='bbox 3205 4127 3312 4180; x_wconf 91' lang='lat' dir='ltr'><strong>hoc</strong></span> <span class='ocrx_word' id='word_1_708' title='bbox 3347 4137 3468 4177; x_wconf 90' lang='lat' dir='ltr'><strong>esse</strong></span> <span class='ocrx_word' id='word_1_709' title='bbox 3493 4121 3661 4174; x_wconf 86' lang='lat' dir='ltr'><strong>unius</strong></span> <span class='ocrx_word' id='word_1_710' title='bbox 3702 4120 3837 4175; x_wconf 81' lang='lat' dir='ltr'><strong>Ro-</strong></span> 
     </span>
    </p>
   </div>
   <div class='ocr_carea' id='block_1_101' title="bbox 2225 4212 3836 4297">
    <p class='ocr_par' dir='ltr' id='par_1_101' title="bbox 2225 4212 3836 4297">
     <span class='ocr_line' id='line_1_102' title="bbox 2225 4212 3836 4297; baseline -0.015 -9"><span class='ocrx_word' id='word_1_711' title='bbox 2225 4248 2400 4288; x_wconf 70' lang='lat' dir='ltr'><strong>manae</strong></span> <span class='ocrx_word' id='word_1_712' title='bbox 2434 4229 2692 4285; x_wconf 72' lang='lat' dir='ltr'><strong>Ecclesiae</strong></span> <span class='ocrx_word' id='word_1_713' title='bbox 2716 4223 3083 4297; x_wconf 79' lang='lat' dir='ltr'><strong>privilegium,</strong></span> <span class='ocrx_word' id='word_1_714' title='bbox 3116 4231 3173 4272; x_wconf 93' lang='lat' dir='ltr'><strong>ut</strong></span> <span class='ocrx_word' id='word_1_715' title='bbox 3203 4216 3437 4287; x_wconf 93' lang='lat' dir='ltr'><strong>primum</strong></span> <span class='ocrx_word' id='word_1_716' title='bbox 3464 4212 3611 4265; x_wconf 89' lang='lat' dir='ltr'><strong>inter</strong></span> <span class='ocrx_word' id='word_1_717' title='bbox 3635 4222 3836 4266; x_wconf 70' lang='lat' dir='ltr'><strong>caete-</strong></span> 
     </span>
    </p>
   </div>
   <div class='ocr_carea' id='block_1_102' title="bbox 2226 4304 3839 4385">
    <p class='ocr_par' dir='ltr' id='par_1_102' title="bbox 2226 4304 3839 4385">
     <span class='ocr_line' id='line_1_103' title="bbox 2226 4304 3839 4385; baseline -0.014 -4"><span class='ocrx_word' id='word_1_718' title='bbox 2226 4344 2318 4381; x_wconf 88' lang='lat' dir='ltr'><strong>ras</strong></span> <span class='ocrx_word' id='word_1_719' title='bbox 2359 4338 2548 4380; x_wconf 90' lang='lat' dir='ltr'><strong>omnes</strong></span> <span class='ocrx_word' id='word_1_720' title='bbox 2616 4318 2874 4382; x_wconf 86' lang='lat' dir='ltr'><strong>honoris,</strong></span> <span class='ocrx_word' id='word_1_721' title='bbox 2922 4311 3208 4385; x_wconf 80' lang='lat' dir='ltr'><strong>dignitatis</strong></span> <span class='ocrx_word' id='word_1_722' title='bbox 3257 4319 3420 4378; x_wconf 87' lang='lat' dir='ltr'><strong>atque</strong></span> <span class='ocrx_word' id='word_1_723' title='bbox 3452 4304 3839 4359; x_wconf 82' lang='lat' dir='ltr'><strong>auctoritatis</strong></span> 
     </span>
    </p>
   </div>
   <div class='ocr_carea' id='block_1_103' title="bbox 2230 4395 3840 4490">
    <p class='ocr_par' dir='ltr' id='par_1_103' title="bbox 2230 4395 3840 4490">
     <span class='ocr_line' id='line_1_104' title="bbox 2230 4395 3840 4490; baseline -0.013 -18"><span class='ocrx_word' id='word_1_724' title='bbox 2230 4419 2456 4490; x_wconf 81' lang='lat' dir='ltr'><strong>gradum</strong></span> <span class='ocrx_word' id='word_1_725' title='bbox 2494 4414 2774 4478; x_wconf 86' lang='lat' dir='ltr'><strong>obtineat,</strong></span> <span class='ocrx_word' id='word_1_726' title='bbox 2826 4410 3073 4476; x_wconf 89' lang='lat' dir='ltr'><strong>aliasque</strong></span> <span class='ocrx_word' id='word_1_727' title='bbox 3121 4418 3310 4458; x_wconf 90' lang='lat' dir='ltr'><strong>omnes</strong></span> <span class='ocrx_word' id='word_1_728' title='bbox 3350 4398 3454 4454; x_wconf 89' lang='lat' dir='ltr'><strong>sibi</strong></span> <span class='ocrx_word' id='word_1_729' title='bbox 3505 4395 3840 4451; x_wconf 81' lang='lat' dir='ltr'><strong>inferiores</strong></span> 
     </span>
    </p>
   </div>
   <div class='ocr_carea' id='block_1_104' title="bbox 2234 4491 3841 4579">
    <p class='ocr_par' dir='ltr' id='par_1_104' title="bbox 2234 4491 3841 4579">
     <span class='ocr_line' id='line_1_105' title="bbox 2234 4491 3841 4579; baseline -0.016 -11"><span class='ocrx_word' id='word_1_730' title='bbox 2234 4514 2453 4579; x_wconf 83' lang='lat' dir='ltr'><strong>habeat,</strong></span> <span class='ocrx_word' id='word_1_731' title='bbox 2495 4519 2607 4565; x_wconf 91' lang='lat' dir='ltr'><strong>tam</strong></span> <span class='ocrx_word' id='word_1_732' title='bbox 2645 4507 2792 4561; x_wconf 90' lang='lat' dir='ltr'><strong>clare</strong></span> <span class='ocrx_word' id='word_1_733' title='bbox 2820 4512 2874 4560; x_wconf 89' lang='lat' dir='ltr'><strong>et</strong></span> <span class='ocrx_word' id='word_1_734' title='bbox 2905 4510 3089 4571; x_wconf 89' lang='lat' dir='ltr'><strong>aperte</strong></span> <span class='ocrx_word' id='word_1_735' title='bbox 3119 4499 3277 4553; x_wconf 89' lang='lat' dir='ltr'><strong>docet</strong></span> <span class='ocrx_word' id='word_1_736' title='bbox 3316 4496 3551 4549; x_wconf 71' lang='lat' dir='ltr'><strong>lrenazus</strong></span> <span class='ocrx_word' id='word_1_737' title='bbox 3575 4531 3591 4553; x_wconf 91' lang='lat'><strong>,</strong></span> <span class='ocrx_word' id='word_1_738' title='bbox 3624 4500 3698 4544; x_wconf 86' lang='lat' dir='ltr'><strong>ut</strong></span> <span class='ocrx_word' id='word_1_739' title='bbox 3735 4491 3841 4545; x_wconf 85' lang='lat' dir='ltr'><strong>lu-</strong></span> 
     </span>
    </p>
   </div>
   <div class='ocr_carea' id='block_1_105' title="bbox 2159 4575 3842 4661">
    <p class='ocr_par' dir='ltr' id='par_1_105' title="bbox 2159 4575 3842 4661">
     <span class='ocr_line' id='line_1_106' title="bbox 2159 4575 3842 4661; baseline -0.018 2"><span class='ocrx_word' id='word_1_740' title='bbox 2159 4575 2202 4628; x_wconf 78' lang='lat' dir='ltr'><strong>D</strong></span> <span class='ocrx_word' id='word_1_741' title='bbox 2236 4608 2370 4661; x_wconf 88' lang='lat' dir='ltr'><strong>hens</strong></span> <span class='ocrx_word' id='word_1_742' title='bbox 2414 4606 2465 4658; x_wconf 91' lang='lat' dir='ltr'><strong>in</strong></span> <span class='ocrx_word' id='word_1_743' title='bbox 2509 4600 2808 4657; x_wconf 87' lang='lat' dir='ltr'><strong>meridiana</strong></span> <span class='ocrx_word' id='word_1_744' title='bbox 2845 4597 2962 4650; x_wconf 89' lang='lat' dir='ltr'><strong>luce</strong></span> <span class='ocrx_word' id='word_1_745' title='bbox 3000 4592 3285 4655; x_wconf 72' lang='lat' dir='ltr'><strong>etecutiat,</strong></span> <span class='ocrx_word' id='word_1_746' title='bbox 3321 4583 3570 4657; x_wconf 88' lang='lat' dir='ltr'><strong>quisquis</strong></span> <span class='ocrx_word' id='word_1_747' title='bbox 3602 4599 3842 4652; x_wconf 77' lang='lat' dir='ltr'><strong>negare</strong></span> 
     </span>
    </p>
   </div>
   <div class='ocr_carea' id='block_1_106' title="bbox 2233 4680 3845 4766">
    <p class='ocr_par' dir='ltr' id='par_1_106' title="bbox 2233 4680 3845 4766">
     <span class='ocr_line' id='line_1_107' title="bbox 2233 4680 3845 4766; baseline -0.017 -6"><span class='ocrx_word' id='word_1_748' title='bbox 2233 4705 2461 4760; x_wconf 89' lang='lat' dir='ltr'><strong>audeat.</strong></span> <span class='ocrx_word' id='word_1_749' title='bbox 2500 4700 2831 4766; x_wconf 82' lang='lat' dir='ltr'><strong>Argumenta</strong></span> <span class='ocrx_word' id='word_1_750' title='bbox 2874 4699 3063 4745; x_wconf 85' lang='lat' dir='ltr'><strong>contra</strong></span> <span class='ocrx_word' id='word_1_751' title='bbox 3107 4684 3388 4740; x_wconf 77' lang='lat' dir='ltr'><strong>haereticos</strong></span> <span class='ocrx_word' id='word_1_752' title='bbox 3436 4682 3716 4734; x_wconf 87' lang='lat' dir='ltr'><strong>ducturus</strong></span> <span class='ocrx_word' id='word_1_753' title='bbox 3760 4680 3845 4734; x_wconf 86' lang='lat' dir='ltr'><strong>ab</strong></span> 
     </span>
    </p>
   </div>
   <div class='ocr_carea' id='block_1_107' title="bbox 2233 4777 3842 4852">
    <p class='ocr_par' dir='ltr' id='par_1_107' title="bbox 2233 4777 3842 4852">
     <span class='ocr_line' id='line_1_108' title="bbox 2233 4777 3842 4852; baseline -0.016 0"><span class='ocrx_word' id='word_1_754' title='bbox 2233 4796 2566 4852; x_wconf 83' lang='lat' dir='ltr'><strong>auctoritate</strong></span> <span class='ocrx_word' id='word_1_755' title='bbox 2623 4785 2939 4842; x_wconf 87' lang='lat' dir='ltr'><strong>traditionis</strong></span> <span class='ocrx_word' id='word_1_756' title='bbox 2998 4777 3336 4848; x_wconf 56' lang='lat' dir='ltr'><strong>apostolicae,</strong></span> <span class='ocrx_word' id='word_1_757' title='bbox 3395 4785 3448 4829; x_wconf 91' lang='lat' dir='ltr'><strong>et</strong></span> <span class='ocrx_word' id='word_1_758' title='bbox 3523 4785 3842 4827; x_wconf 87' lang='lat' dir='ltr'><strong>consensu</strong></span> 
     </span>
    </p>
   </div>
   <div class='ocr_carea' id='block_1_108' title="bbox 2231 4867 3846 4946">
    <p class='ocr_par' dir='ltr' id='par_1_108' title="bbox 2231 4867 3846 4946">
     <span class='ocr_line' id='line_1_109' title="bbox 2231 4867 3846 4946; baseline -0.02 -1"><span class='ocrx_word' id='word_1_759' title='bbox 2231 4890 2475 4946; x_wconf 91' lang='lat' dir='ltr'><strong>omnium</strong></span> <span class='ocrx_word' id='word_1_760' title='bbox 2510 4882 2910 4943; x_wconf 89' lang='lat' dir='ltr'><strong>Ecclesiarum;</strong></span> <span class='ocrx_word' id='word_1_761' title='bbox 2935 4875 2987 4929; x_wconf 92' lang='lat' dir='ltr'><strong>id</strong></span> <span class='ocrx_word' id='word_1_762' title='bbox 3012 4870 3265 4942; x_wconf 89' lang='lat' dir='ltr'><strong>principii</strong></span> <span class='ocrx_word' id='word_1_763' title='bbox 3296 4870 3416 4923; x_wconf 91' lang='lat' dir='ltr'><strong>loco</strong></span> <span class='ocrx_word' id='word_1_764' title='bbox 3449 4867 3666 4934; x_wconf 91' lang='lat' dir='ltr'><strong>statuit,</strong></span> <span class='ocrx_word' id='word_1_765' title='bbox 3708 4878 3846 4923; x_wconf 80' lang='lat' dir='ltr'><strong>tra-</strong></span> 
     </span>
    </p>
   </div>
   <div class='ocr_carea' id='block_1_109' title="bbox 2229 4962 3847 5046">
    <p class='ocr_par' dir='ltr' id='par_1_109' title="bbox 2229 4962 3847 5046">
     <span class='ocr_line' id='line_1_110' title="bbox 2229 4962 3847 5046; baseline -0.017 -9"><span class='ocrx_word' id='word_1_766' title='bbox 2229 4984 2490 5038; x_wconf 90' lang='lat' dir='ltr'><strong>ditionem</strong></span> <span class='ocrx_word' id='word_1_767' title='bbox 2530 4973 2883 5046; x_wconf 87' lang='lat' dir='ltr'><strong>apostolicam</strong></span> <span class='ocrx_word' id='word_1_768' title='bbox 2923 4982 3085 5022; x_wconf 91' lang='lat' dir='ltr'><strong>unam</strong></span> <span class='ocrx_word' id='word_1_769' title='bbox 3116 4974 3170 5019; x_wconf 91' lang='lat' dir='ltr'><strong>et</strong></span> <span class='ocrx_word' id='word_1_770' title='bbox 3204 4962 3482 5026; x_wconf 90' lang='lat' dir='ltr'><strong>eamdem,</strong></span> <span class='ocrx_word' id='word_1_771' title='bbox 3519 4976 3733 5031; x_wconf 88' lang='lat' dir='ltr'><strong>puram</strong></span> <span class='ocrx_word' id='word_1_772' title='bbox 3778 4973 3847 5017; x_wconf 68' lang='lat' dir='ltr'><strong>er</strong></span> 
     </span>
    </p>
   </div>
   <div class='ocr_carea' id='block_1_110' title="bbox 2232 5050 3847 5130">
    <p class='ocr_par' dir='ltr' id='par_1_110' title="bbox 2232 5050 3847 5130">
     <span class='ocr_line' id='line_1_111' title="bbox 2232 5050 3847 5130; baseline -0.012 -2"><span class='ocrx_word' id='word_1_773' title='bbox 2232 5074 2493 5130; x_wconf 88' lang='lat' dir='ltr'><strong>illibatam</strong></span> <span class='ocrx_word' id='word_1_774' title='bbox 2526 5069 2579 5122; x_wconf 90' lang='lat' dir='ltr'><strong>in</strong></span> <span class='ocrx_word' id='word_1_775' title='bbox 2619 5063 2875 5121; x_wconf 88' lang='lat' dir='ltr'><strong>omnibus</strong></span> <span class='ocrx_word' id='word_1_776' title='bbox 2908 5059 3165 5114; x_wconf 86' lang='lat' dir='ltr'><strong>Ecclesiis</strong></span> <span class='ocrx_word' id='word_1_777' title='bbox 3192 5064 3566 5110; x_wconf 88' lang='lat' dir='ltr'><strong>conservatam</strong></span> <span class='ocrx_word' id='word_1_778' title='bbox 3609 5050 3847 5120; x_wconf 79' lang='lat' dir='ltr'><strong>fuisse,</strong></span> 
     </span>
    </p>
   </div>
   <div class='ocr_carea' id='block_1_111' title="bbox 2231 5143 3849 5232">
    <p class='ocr_par' dir='ltr' id='par_1_111' title="bbox 2231 5143 3849 5232">
     <span class='ocr_line' id='line_1_112' title="bbox 2231 5143 3849 5232; baseline -0.019 -11"><span class='ocrx_word' id='word_1_779' title='bbox 2231 5179 2463 5232; x_wconf 89' lang='lat' dir='ltr'><strong>eamque</strong></span> <span class='ocrx_word' id='word_1_780' title='bbox 2484 5160 2733 5217; x_wconf 88' lang='lat' dir='ltr'><strong>veritatis</strong></span> <span class='ocrx_word' id='word_1_781' title='bbox 2764 5154 3021 5212; x_wconf 88' lang='lat' dir='ltr'><strong>studiosis</strong></span> <span class='ocrx_word' id='word_1_782' title='bbox 3040 5151 3295 5207; x_wconf 90' lang='lat' dir='ltr'><strong>omnibus</strong></span> <span class='ocrx_word' id='word_1_783' title='bbox 3320 5156 3525 5218; x_wconf 89' lang='lat' dir='ltr'><strong>patere.</strong></span> <span class='ocrx_word' id='word_1_784' title='bbox 3588 5143 3662 5191; x_wconf 67' lang='grc' dir='ltr'><strong>αι(</strong></span> <span class='ocrx_word' id='word_1_785' title='bbox 3681 5145 3849 5202; x_wconf 64' lang='lat' dir='ltr'><strong>Tm-</strong></span> 
     </span>
    </p>
   </div>
   <div class='ocr_carea' id='block_1_112' title="bbox 2234 5240 3849 5323">
    <p class='ocr_par' dir='ltr' id='par_1_112' title="bbox 2234 5240 3849 5323">
     <span class='ocr_line' id='line_1_113' title="bbox 2234 5240 3849 5323; baseline -0.012 -9"><span class='ocrx_word' id='word_1_786' title='bbox 2234 5260 2492 5316; x_wconf 92' lang='lat' dir='ltr'><strong>ditionem</strong></span> <span class='ocrx_word' id='word_1_787' title='bbox 2526 5258 2712 5323; x_wconf 83' lang='lat' dir='ltr'><strong>itaque</strong></span> <span class='ocrx_word' id='word_1_788' title='bbox 2757 5250 3124 5322; x_wconf 80' lang='lat' dir='ltr'><strong>apostolorum</strong></span> <span class='ocrx_word' id='word_1_789' title='bbox 3173 5246 3225 5299; x_wconf 92' lang='lat' dir='ltr'><strong>in</strong></span> <span class='ocrx_word' id='word_1_790' title='bbox 3261 5243 3408 5299; x_wconf 88' lang='lat' dir='ltr'><strong>omni</strong></span> <span class='ocrx_word' id='word_1_791' title='bbox 3448 5240 3656 5295; x_wconf 89' lang='lat' dir='ltr'><strong>mundo</strong></span> <span class='ocrx_word' id='word_1_792' title='bbox 3697 5257 3849 5295; x_wconf 79' lang='lat' dir='ltr'><strong>ma-</strong></span> 
     </span>
    </p>
   </div>
   <div class='ocr_carea' id='block_1_113' title="bbox 2232 5337 3851 5418">
    <p class='ocr_par' dir='ltr' id='par_1_113' title="bbox 2232 5337 3851 5418">
     <span class='ocr_line' id='line_1_114' title="bbox 2232 5337 3851 5418; baseline -0.013 -9"><span class='ocrx_word' id='word_1_793' title='bbox 2232 5354 2568 5418; x_wconf 77' lang='lat' dir='ltr'><strong>niiestatam,</strong></span> <span class='ocrx_word' id='word_1_794' title='bbox 2596 5351 2649 5408; x_wconf 85' lang='lat' dir='ltr'><strong>in</strong></span> <span class='ocrx_word' id='word_1_795' title='bbox 2677 5347 2824 5404; x_wconf 88' lang='lat' dir='ltr'><strong>omni</strong></span> <span class='ocrx_word' id='word_1_796' title='bbox 2850 5343 3089 5403; x_wconf 85' lang='lat' dir='ltr'><strong>Ecclesia</strong></span> <span class='ocrx_word' id='word_1_797' title='bbox 3121 5340 3275 5393; x_wconf 90' lang='lat' dir='ltr'><strong>adest</strong></span> <span class='ocrx_word' id='word_1_798' title='bbox 3321 5337 3595 5405; x_wconf 89' lang='lat' dir='ltr'><strong>respicere</strong></span> <span class='ocrx_word' id='word_1_799' title='bbox 3626 5338 3851 5389; x_wconf 81' lang='lat' dir='ltr'><strong>omni-</strong></span> 
     </span>
    </p>
   </div>
   <div class='ocr_carea' id='block_1_114' title="bbox 2228 5430 3851 5515">
    <p class='ocr_par' dir='ltr' id='par_1_114' title="bbox 2228 5430 3851 5515">
     <span class='ocr_line' id='line_1_115' title="bbox 2228 5430 3851 5515; baseline -0.013 -12"><span class='ocrx_word' id='word_1_800' title='bbox 2228 5449 2350 5511; x_wconf 89' lang='lat' dir='ltr'><strong>bus,</strong></span> <span class='ocrx_word' id='word_1_801' title='bbox 2388 5445 2482 5515; x_wconf 87' lang='lat' dir='ltr'><strong>qui</strong></span> <span class='ocrx_word' id='word_1_802' title='bbox 2514 5458 2638 5498; x_wconf 91' lang='lat' dir='ltr'><strong>vera</strong></span> <span class='ocrx_word' id='word_1_803' title='bbox 2673 5441 2842 5497; x_wconf 90' lang='lat' dir='ltr'><strong>velint</strong></span> <span class='ocrx_word' id='word_1_804' title='bbox 2882 5438 3088 5491; x_wconf 91' lang='lat' dir='ltr'><strong>videre.</strong></span> <span class='ocrx_word' id='word_1_805' title='bbox 3139 5453 3157 5486; x_wconf 78' lang='grc' dir='ltr'><strong><em>ι</em></strong></span> <span class='ocrx_word' id='word_1_806' title='bbox 3196 5431 3349 5486; x_wconf 77' lang='lat' dir='ltr'><strong>lianc</strong></span> <span class='ocrx_word' id='word_1_807' title='bbox 3396 5443 3527 5482; x_wconf 89' lang='lat' dir='ltr'><strong>vero</strong></span> <span class='ocrx_word' id='word_1_808' title='bbox 3554 5430 3851 5497; x_wconf 78' lang='lat' dir='ltr'><strong>proposi-</strong></span> 
     </span>
    </p>
   </div>
   <div class='ocr_carea' id='block_1_115' title="bbox 2232 5519 3851 5601">
    <p class='ocr_par' dir='ltr' id='par_1_115' title="bbox 2232 5519 3851 5601">
     <span class='ocr_line' id='line_1_116' title="bbox 2232 5519 3851 5601; baseline -0.009 -8"><span class='ocrx_word' id='word_1_809' title='bbox 2232 5541 2433 5594; x_wconf 91' lang='lat' dir='ltr'><strong>tionem</strong></span> <span class='ocrx_word' id='word_1_810' title='bbox 2463 5551 2531 5591; x_wconf 82' lang='lat' dir='ltr'><strong>ex</strong></span> <span class='ocrx_word' id='word_1_811' title='bbox 2562 5550 2627 5595; x_wconf 88' lang='lat' dir='ltr'><strong>eo</strong></span> <span class='ocrx_word' id='word_1_812' title='bbox 2650 5532 2863 5601; x_wconf 84' lang='lat' dir='ltr'><strong>probat,</strong></span> <span class='ocrx_word' id='word_1_813' title='bbox 2890 5529 3033 5599; x_wconf 87' lang='lat' dir='ltr'><strong>quod</strong></span> <span class='ocrx_word' id='word_1_814' title='bbox 3068 5541 3188 5581; x_wconf 91' lang='lat' dir='ltr'><strong>cum</strong></span> <span class='ocrx_word' id='word_1_815' title='bbox 3213 5527 3266 5579; x_wconf 94' lang='lat' dir='ltr'><strong>in</strong></span> <span class='ocrx_word' id='word_1_816' title='bbox 3301 5522 3529 5591; x_wconf 78' lang='lat' dir='ltr'><strong>singulis</strong></span> <span class='ocrx_word' id='word_1_817' title='bbox 3551 5519 3851 5579; x_wconf 87' lang='lat' dir='ltr'><strong>ecclesiis</strong></span> 
     </span>
    </p>
   </div>
   <div class='ocr_carea' id='block_1_116' title="bbox 2232 5615 3848 5700">
    <p class='ocr_par' dir='ltr' id='par_1_116' title="bbox 2232 5615 3848 5700">
     <span class='ocr_line' id='line_1_117' title="bbox 2232 5615 3848 5700; baseline -0.009 -16"><span class='ocrx_word' id='word_1_818' title='bbox 2232 5630 2571 5700; x_wconf 90' lang='lat' dir='ltr'><strong>apostolicis,</strong></span> <span class='ocrx_word' id='word_1_819' title='bbox 2599 5643 2628 5680; x_wconf 91' lang='lat' dir='ltr'><strong>a</strong></span> <span class='ocrx_word' id='word_1_820' title='bbox 2659 5626 2855 5695; x_wconf 88' lang='lat' dir='ltr'><strong>primo,</strong></span> <span class='ocrx_word' id='word_1_821' title='bbox 2889 5623 2979 5692; x_wconf 87' lang='lat' dir='ltr'><strong>qui</strong></span> <span class='ocrx_word' id='word_1_822' title='bbox 3006 5620 3074 5674; x_wconf 90' lang='lat' dir='ltr'><strong>ab</strong></span> <span class='ocrx_word' id='word_1_823' title='bbox 3104 5618 3363 5688; x_wconf 87' lang='lat' dir='ltr'><strong>apostolis</strong></span> <span class='ocrx_word' id='word_1_824' title='bbox 3393 5615 3680 5670; x_wconf 90' lang='lat' dir='ltr'><strong>institutus</strong></span> <span class='ocrx_word' id='word_1_825' title='bbox 3708 5628 3848 5682; x_wconf 84' lang='lat' dir='ltr'><strong>est,</strong></span> 
     </span>
    </p>
   </div>
   <div class='ocr_carea' id='block_1_117' title="bbox 2232 5709 3849 5795">
    <p class='ocr_par' dir='ltr' id='par_1_117' title="bbox 2232 5709 3849 5795">
     <span class='ocr_line' id='line_1_118' title="bbox 2232 5709 3849 5795; baseline -0.019 -14"><span class='ocrx_word' id='word_1_826' title='bbox 2232 5726 2488 5795; x_wconf 89' lang='lat' dir='ltr'><strong>episcopo</strong></span> <span class='ocrx_word' id='word_1_827' title='bbox 2510 5720 2770 5776; x_wconf 90' lang='lat' dir='ltr'><strong>continua</strong></span> <span class='ocrx_word' id='word_1_828' title='bbox 2808 5730 3028 5784; x_wconf 89' lang='lat' dir='ltr'><strong>semper</strong></span> <span class='ocrx_word' id='word_1_829' title='bbox 3057 5713 3256 5775; x_wconf 78' lang='lat' dir='ltr'><strong>fuerit,</strong></span> <span class='ocrx_word' id='word_1_830' title='bbox 3306 5724 3407 5764; x_wconf 93' lang='lat' dir='ltr'><strong>nec</strong></span> <span class='ocrx_word' id='word_1_831' title='bbox 3447 5722 3683 5777; x_wconf 83' lang='lat' dir='ltr'><strong>usquam</strong></span> <span class='ocrx_word' id='word_1_832' title='bbox 3738 5709 3849 5764; x_wconf 75' lang='lat' dir='ltr'><strong>in-</strong></span> 
     </span>
    </p>
   </div>
   <div class='ocr_carea' id='block_1_118' title="bbox 635 5822 2113 5905">
    <p class='ocr_par' dir='ltr' id='par_1_118' title="bbox 635 5830 2113 5905">
     <span class='ocr_line' id='line_1_119' title="bbox 635 5830 2113 5905; baseline -0.001 -18"><span class='ocrx_word' id='word_1_833' title='bbox 635 5830 830 5905; x_wconf 49' lang='lat' dir='ltr'><strong>&#39;1’l.ib.</strong></span> <span class='ocrx_word' id='word_1_834' title='bbox 864 5849 946 5897; x_wconf 83' lang='grc' dir='ltr'><strong>ιιι,</strong></span> <span class='ocrx_word' id='word_1_835' title='bbox 972 5848 1020 5887; x_wconf 92' lang='lat' dir='ltr'><strong>c.</strong></span> <span class='ocrx_word' id='word_1_836' title='bbox 1052 5834 1135 5897; x_wconf 75' lang='lat' dir='ltr'><strong>i2,</strong></span> <span class='ocrx_word' id='word_1_837' title='bbox 1175 5851 1228 5888; x_wconf 93' lang='lat' dir='ltr'><strong>n.</strong></span> <span class='ocrx_word' id='word_1_838' title='bbox 1260 5834 1310 5891; x_wconf 89' lang='lat'><strong>7.</strong></span> <span class='ocrx_word' id='word_1_839' title='bbox 1386 5838 1429 5869; x_wconf 72' lang='grc'><strong>’⁸</strong></span> <span class='ocrx_word' id='word_1_840' title='bbox 1461 5836 1619 5903; x_wconf 86' lang='lat' dir='ltr'><strong>lbid.,</strong></span> <span class='ocrx_word' id='word_1_841' title='bbox 1651 5855 1701 5895; x_wconf 84' lang='lat' dir='ltr'><strong>c.</strong></span> <span class='ocrx_word' id='word_1_842' title='bbox 1730 5839 1781 5903; x_wconf 71' lang='grc' dir='ltr'><strong>ιι,</strong></span> <span class='ocrx_word' id='word_1_843' title='bbox 1810 5856 1862 5892; x_wconf 82' lang='grc' dir='ltr'><strong>ιι.</strong></span> <span class='ocrx_word' id='word_1_844' title='bbox 1895 5840 1945 5900; x_wconf 76' lang='grc'><strong>1.</strong></span> <span class='ocrx_word' id='word_1_845' title='bbox 2023 5840 2068 5872; x_wconf 74' lang='grc' dir='ltr'><strong>τ’</strong></span> <span class='ocrx_word' id='word_1_846' title='bbox 2098 5840 2113 5895; x_wconf 93' lang='lat'>|</span> 
     </span>
    </p>
   </div>
   <div class='ocr_carea' id='block_1_119' title="bbox 2217 5822 3842 5905">
    <p class='ocr_par' dir='ltr' id='par_1_119' title="bbox 2217 5822 3842 5905">
     <span class='ocr_line' id='line_1_120' title="bbox 2217 5822 3842 5905; baseline -0.01 -13"><span class='ocrx_word' id='word_1_847' title='bbox 2217 5880 2252 5905; x_wconf 92' lang='lat'><strong>.,</strong></span> <span class='ocrx_word' id='word_1_848' title='bbox 2297 5856 2347 5899; x_wconf 91' lang='lat' dir='ltr'><strong>c.</strong></span> <span class='ocrx_word' id='word_1_849' title='bbox 2387 5835 2656 5903; x_wconf 66' lang='grc' dir='ltr'><strong>24,η.1·</strong></span> <span class='ocrx_word' id='word_1_850' title='bbox 2721 5834 2766 5867; x_wconf 81' lang='lat'><strong>&#39;°</strong></span> <span class='ocrx_word' id='word_1_851' title='bbox 2802 5833 2921 5889; x_wconf 87' lang='lat' dir='ltr'><strong>Lib.</strong></span> <span class='ocrx_word' id='word_1_852' title='bbox 2959 5845 3033 5896; x_wconf 82' lang='lat' dir='ltr'><strong>tv,</strong></span> <span class='ocrx_word' id='word_1_853' title='bbox 3076 5842 3196 5896; x_wconf 81' lang='lat' dir='ltr'><strong>cap.</strong></span> <span class='ocrx_word' id='word_1_854' title='bbox 3237 5826 3330 5890; x_wconf 65' lang='lat'><strong>&#39;24,</strong></span> <span class='ocrx_word' id='word_1_855' title='bbox 3379 5842 3431 5880; x_wconf 89' lang='lat' dir='ltr'><strong>n.</strong></span> <span class='ocrx_word' id='word_1_856' title='bbox 3476 5822 3511 5878; x_wconf 74' lang='lat'><strong>2</strong></span> <span class='ocrx_word' id='word_1_857' title='bbox 3549 5830 3599 5876; x_wconf 89' lang='lat' dir='ltr'><strong>et</strong></span> <span class='ocrx_word' id='word_1_858' title='bbox 3647 5837 3842 5898; x_wconf 79' lang='lat' dir='ltr'><strong>seqq.</strong></span> 
     </span>
    </p>
   </div>
   <div class='ocr_carea' id='block_1_120' title="bbox 561 5897 1223 5970">
    <p class='ocr_par' dir='ltr' id='par_1_120' title="bbox 561 5897 1223 5970">
     <span class='ocr_line' id='line_1_121' title="bbox 561 5897 1223 5970; baseline 0.008 -15"><span class='ocrx_word' id='word_1_859' title='bbox 561 5897 609 5942; x_wconf 69' lang='grc'><strong>*⁸</strong></span> <span class='ocrx_word' id='word_1_860' title='bbox 650 5900 768 5961; x_wconf 81' lang='lat' dir='ltr'><strong>Lib.</strong></span> <span class='ocrx_word' id='word_1_861' title='bbox 806 5919 892 5970; x_wconf 81' lang='lat' dir='ltr'><strong>tu,</strong></span> <span class='ocrx_word' id='word_1_862' title='bbox 921 5920 972 5959; x_wconf 87' lang='lat' dir='ltr'><strong>e.</strong></span> <span class='ocrx_word' id='word_1_863' title='bbox 1003 5905 1054 5968; x_wconf 77' lang='lat'><strong>5,</strong></span> <span class='ocrx_word' id='word_1_864' title='bbox 1082 5922 1136 5967; x_wconf 77' lang='lat' dir='ltr'><strong>n.</strong></span> <span class='ocrx_word' id='word_1_865' title='bbox 1176 5905 1223 5967; x_wconf 79' lang='lat' dir='ltr'><strong>i.</strong></span> 
     </span>
    </p>
   </div>
  </div>
