3924 6354
262 286 357 338 ΞΠ

1157 273 1617 333 DISSERTATIO
1654 272 1743 337 Ill,
1785 272 1872 326 DE
1906 271 2160 327 lRENzEl
2199 270 2566 328 DOCTRINA.

3367 269 3477 324 278

262 406 479 467 terrupla
505 399 673 452 series
696 398 1080 468 episcoporum
1116 397 1219 452 sibi
1251 395 1683 457 succedentium,
1711 393 1801 461 qui
1835 399 1879 455 Α
1908 392 2045 445 siam
2078 402 2303 461 pr0pter
2338 392 2596 461 potiorem
2639 390 3083 460 principalitatem
3130 402 3350 444 necesse
3390 398 3473 442 est

257 493 351 546 sibi
386 492 601 546 invicem
636 506 700 545 ac
736 506 885 545 cura:
913 507 1022 545 sum
1049 490 1359 545 commissis
1385 489 1597 559 populis
1637 485 1805 541 veluti

254 600 345 652 per
376 600 551 638 manus
584 585 957 647 tradiderunt,
991 585 1134 653 quod
1165 584 1231 637 ab
1258 583 1519 652 apostolis
1549 582 1805 635 traditum

256 676 453 738 fuerat;
483 676 523 730 si
558 676 609 727 in
650 675 838 743 aliquo
872 676 1128 745 dogmate
1162 674 1571 729 consentientes
1615 687 1807 726 omnes

254 768 489 822 Ecclesiae
519 769 905 831 inveniantur,
958 771 1220 824 invictum
1272 781 1356 823 est
1396 778 1801 836 argumentum.

250 861 368 912 illud
397 864 459 913 ab
489 861 751 929 apostolis
786 862 918 929 ipsis
956 876 1228 916 manasse.
1264 881 1282 911 ι
1322 860 1596 914 Habemus
1634 876 1805 913 annu-

246 967 446 1006 merare
484 966 602 1017 eos,
635 953 729 1019 qui
763 954 830 1006 ab
853 952 1116 1023 apostolis
1154 953 1388 1006 instituti
1420 963 1544 1006 sunt
1565 952 1802 1020 episcopi

242 1044 588 1109 inEcclesiis,
616 1056 669 1101 et
702 1060 1052 1101 successores
1091 1061 1277 1101 eorum
1327 1060 1500 1113 usque
1545 1046 1611 1100 ad
1667 1060 1801 1111 nos,

242 1139 323 1207 qui
349 1137 480 1190 nihil
513 1138 627 1192 tale
660 1138 989 1201 docuerunt,
1022 1153 1198 1206 neque
1231 1146 1623 1207 cognoverunt,
1644 1138 1803 1207 quale

240 1231 400 1285 abhis
426 1231 718 1285 deliratur.
756 1231 968 1285 Etenim
992 1232 1034 1285 si
1071 1231 1347 1286 recondita
1382 1232 1636 1301 mysteria
1669 1233 1802 1287 seis-

238 1331 350 1375 sent
389 1323 659 1390 apostoli.
696 1338 819 1392 quze
854 1323 1081 1378 seorsim
1127 1333 1184 1377 et
1233 1322 1463 1378 latenter
1501 1340 1529 1377 a
1576 1326 1800 1394 reliquis

238 1414 497 1482 perfectos
525 1415 839 1478 docebant,
889 1414 973 1469 his
1007 1414 1091 1468 vel
1124 1416 1362 1469 maxime
1399 1417 1675 1471 traderent
1702 1433 1797 1481 ea,

234 1507 414 1575 quibus
444 1508 618 1561 etiam
651 1508 799 1576 ipsas
829 1507 1104 1562 Ecclesias
1145 1508 1582 1573 committebant,
1626 1518 1730 1564 etc.
1776 1529 1795 1562 ι

235 1596 350 1651 Tota
380 1598 463 1652 vis
496 1598 662 1665 hujus
698 1602 1002 1669 argumenti
1029 1600 1227 1668 pendet
1255 1616 1283 1653 a
1313 1601 1512 1670 duplici
1546 1603 1799 1673 proposi-

235 1690 395 1755 tione;
441 1691 653 1759 prima,
694 1693 746 1744 in
773 1692 1004 1762 singulis
1030 1692 1290 1748 Ecclesiis
1324 1697 1646 1763 aposmlicis
1669 1714 1798 1753 con-

232 1782 415 1836 tinuam
444 1799 670 1852 semper
696 1801 1073 1853 perseverasse
1096 1786 1470 1855 episcoporum
1492 1790 1559 1842 ab
1584 1802 1794 1859 aposto-

231 1875 288 1929 lis
314 1877 762 1943 successionem;
795 1880 1057 1942 secunda,
1082 1895 1269 1933 omnes
1306 1880 1425 1935 illas
1450 1882 1721 1937 Ecclesias
1743 1885 1793 1937 in

228 1973 458 2025 eamdem
490 1973 824 2026 sententiam
851 1974 1185 2039 conspirare.
1224 1971 1524 2041 Utramque
1550 1974 1710 2029 simul
1739 1985 1797 2027 ut

228 2063 471 2129 probaret
497 2064 762 2130 lrenams,
795 2080 1018 2119 necesse
1045 2065 1147 2119 sibi
1178 2080 1298 2119 esse
1330 2082 1433 2119 non
1464 2066 1618 2120 duxit
1646 2068 1795 2121 adire

224 2155 452 2223 singulas
491 2156 792 2219 Ecclesias,
826 2168 887 2209 ut
916 2158 1280 2212 successionis
1301 2160 1576 2232 eatalogos
1614 2163 1666 2215 in
1702 2178 1793 2215 ar-

225 2248 385 2303 chivis
408 2266 608 2305 earum
652 2262 967 2307 asservatos
1008 2254 1316 2320 evolveret,
1361 2266 1415 2312 et
1458 2260 1792 2322 singularum

224 2344 550 2395 sententiam
591 2344 909 2413 exploraret
944 2364 957 2398 ;
991 2345 1207 2414 longius
1238 2348 1289 2400 id
1320 2348 1510 2403 fuisset
1534 2391 1548 2412 ,
1578 2350 1791 2406 multis-

223 2447 315 2498 que
339 2432 765 2489 diﬁicultatibns
802 2438 1140 2503 obnoxium;
1186 2440 1505 2508 expeditiori
1554 2457 1619 2495 ac
1668 2443 1793 2495 bre-

224 2521 342 2573 riori
376 2524 469 2574 via
515 2524 789 2590 procedit.
830 2524 1000 2581 Unius
1038 2527 1291 2581 Ecclesia:
1331 2528 1588 2583 Romanae
1621 2532 1793 2585 tradi-

220 2612 407 2665 tionem
454 2630 558 2683 per
602 2617 915 2671 continuam
964 2619 1338 2689 episcoporum
1391 2624 1791 2677 successionem

216 2704 265 2754 in
296 2718 355 2755 ea
386 2714 777 2759 conservatam
813 2708 1096 2762 consulere
1116 2711 1250 2763 satis
1284 2710 1498 2776 habuit,
1531 2722 1587 2764 nt
1622 2715 1791 2767 haere-

216 2798 345 2849 ticos
384 2812 587 2851 omnes
642 2798 1043 2865 confunderet;
1088 2812 1240 2857 ratus
1286 2803 1410 2871 jure
1458 2807 1689 2869 merito,
1728 2822 1791 2860 ea

214 2889 374 2942 semel
408 2891 661 2959 cognita,
700 2892 845 2946 illico
885 2893 1116 2947 aliarum
1148 2895 1388 2949 omnium
1424 2896 1788 2952 Eet-lesiarum

216 2980 588 3044 traditionem,
624 2984 956 3038 sententiam
987 2995 1149 3054 atque
1180 2988 1483 3042 doctrinam
1517 2992 1791 3060 cognosci.

1911 500 2129 539 omnem
2162 488 2458 540 convenire
2492 486 2815 550 Ecclesiam,
2849 486 2948 539 hoc
2976 493 3061 539 est
3081 498 3197 549 eos,
3227 483 3320 552 qui
3348 493 3475 538 sunt

1909 577 2185 647 undique.
2222 578 2439 641 ﬁdeles,
2480 580 2533 632 in
2563 595 2670 648 qua
2716 591 2934 647 semper
2962 578 3030 631 ab
3058 577 3179 641 his,
3211 576 3303 645 qui
3346 583 3495 629 sunt.

1909 670 2146 738 undique
2170 710 2185 735 ,
2217 680 2543 725 conservata
2568 679 2653 725 est
2694 686 2758 725 ea
2784 712 2799 736 ,
2828 685 2947 739 qua:
2983 678 3065 725 est
3090 670 3159 724 ab
3207 668 3473 738 apostolis

1910 761 2153 814 traditio.
2192 779 2211 812 ι

1974 855 2063 907 51.
2108 853 2162 907 ln
2216 853 2284 908 iis
2324 854 2505 908 verbis
2535 853 2690 922 plura
2722 853 3062 909 observanda
3092 860 3247 905 sunt:
3276 852 3332 906 Ι·
3360 850 3471 904 Βοτ

1906 962 2117 999 manam
2151 945 2444 1001 Eeclesiam
2462 947 2572 1015 jam
2599 945 2785 1000 Irenaei
2816 944 3014 1000 saeculo
3034 945 3272 999 omnium
3302 942 3474 996 maxi-

1905 1053 2045 1091 mam
2085 1038 2453 1092 existimatam
2483 1038 2672 1106 fuisse,
2707 1038 2870 1107 longe
2897 1037 3076 1091 minus
3104 1036 3339 1091 ﬁdelium
3368 1052 3473 1089 nu-

1905 1146 2077 1195 mero,
2124 1132 2190 1184 de
2231 1146 2341 1199 quo
2378 1140 2502 1185 tunc
2552 1131 2816 1199 temporis
2867 1145 2993 1184 cum
3040 1145 3101 1183 ea
3148 1129 3474 1184 contendere

1904 1224 2209 1291 potuissent
2238 1224 2359 1276 aliae
2388 1222 2632 1291 quaedam
2669 1222 2946 1284 Ecclesiae,
2981 1236 3141 1290 quam
3174 1220 3473 1275 auctorita--

1902 1316 1971 1369 tis
2002 1314 2381 1384 amplitudine.
2419 1314 2479 1367 2-
2522 1314 2775 1368 Omnium
2824 1314 3294 1383 antiquissimam;
3328 1313 3471 1383 quod

1901 1409 1945 1460 si
1998 1410 2063 1462 ad
2115 1408 2450 1462 fundatiouis
2504 1418 2713 1476 tempus
2768 1408 3069 1474 referatur,
3122 1406 3470 1465 falsissimum

1901 1502 2038 1563 erit;
2076 1502 2277 1555 dudum
2311 1500 2453 1553 enim
2493 1508 2651 1552 antea
2688 1498 3253 1569 Hierosolyinitanam,
3281 1494 3473 1555 Antio-

1902 1595 2132 1647 chenam
2158 1603 2212 1646 et
2241 1594 2378 1648 alias
2432 1593 2791 1646 fundaverant
2828 1590 3081 1657 apostoli.
3122 1591 3201 1643 Ad
3233 1589 3469 1657 dignita-

1905 1699 2011 1738 tem
2048 1685 2213 1753 igitur
2244 1684 2553 1738 necessario
2586 1682 2930 1737 referendum
2958 1690 3076 1746 est,
3114 1691 3168 1733 ut
3194 1680 3315 1734 ideo
3350 1694 3471 1731 om-

1900 1778 2047 1830 nium
2080 1776 2464 1846 antiquissima
2501 1777 2716 1831 dicatur
2749 1774 2989 1827 Rouuana
3030 1773 3270 1827 Ecclesia
3296 1811 3312 1836 ,
3340 1773 3469 1839 quia

1896 1871 2139 1923 ontnium
2175 1870 2430 1938 princeps
2478 1879 2530 1924 et
2578 1870 2875 1937 praecipua.
2924 1866 3103 1933 Quare
3148 1866 3233 1918 vix
3283 1865 3472 1918 dubito

1896 1962 2023 2030 quin
2052 1960 2242 2016 Cra-cc
2266 1961 2545 2028 scripserit
2575 1959 2808 2014 lremeus
2832 2000 2846 2022 ,
2877 1958 3247 2029 ἀρχαιοτάτης
3268 1997 3282 2022 ,
3327 1958 3470 2026 quod

1896 2054 2033 2107 male
2073 2056 2299 2107 verterit
2332 2055 2623 2122 interpres,
2652 2054 3066 2121 antiquissime;
3102 2068 3223 2106 cum
3251 2062 3463 2105 verten-

1894 2149 2018 2199 dum
2060 2148 2146 2200 hic
2184 2147 2396 2210 fuisset,
2434 2166 2451 2197 ι
2494 2148 2779 2217 ριαιοὶνιιω
2807 2160 2868 2199 ac
2892 2144 3172 2214 principis.
3207 2163 3224 2195 ι
3260 2145 3319 2196 5ο
3342 2145 3470 2198 Otu-

1896 2239 2054 2291 nibns
2089 2239 2361 2307 cognitam
2404 2238 2604 2292 asserit
2650 2236 2883 2290 lrenazus
2907 2279 2921 2301 ,
2960 2245 3146 2303 utpote
3174 2250 3335 2302 quam
3366 2251 3471 2288 caa-

1898 2332 2027 2383 teris
2061 2329 2435 2391 subl'uniorem
2468 2345 2533 2382 ac
2564 2328 3026 2391 excellentiorem,
3056 2326 3173 2379 alia:
3197 2340 3387 2380 omnes
3413 2334 3472 2380 ut

1894 2433 2058 2489 caput
2091 2435 2144 2478 et
2174 2426 2403 2491 primam
2435 2422 2799 2489 suspicerent,
2824 2436 2886 2473 ac
2910 2428 3319 2474 veu'erarentnr.
3348 2418 3469 2473 4°A

1895 2516 2308 2585 gloriosissimis
2342 2517 2552 2569 duobus
2576 2514 2839 2581 apostolis
2870 2500 3045 2566 Petro
3064 2521 3117 2566 et
3151 2512 3316 2565 Paulo
3343 2511 3468 2564 {uno

1896 2610 2075 2661 datam
2105 2618 2158 2661 et
2182 2610 2547 2663 constitutam
2580 2607 2754 2671 dicit;
2787 2621 2893 2674 quo
2925 2606 3035 2659 ruit
3068 2606 3360 2659 absurdum
3398 2605 3466 2656 il-

1896 2701 1982 2753 lud
2041 2702 2407 2755 recentiorum
2461 2700 2817 2768 quorumdam
2884 2699 3267 2752 haereticorum
3315 2712 3466 2751 cont-

1896 2806 2172 2856 mentum,
2201 2795 2288 2860 qui
2331 2805 2439 2847 tota
2473 2792 2807 2846 reclamante
2852 2791 3213 2859 antiquitate,
3264 2803 3469 2857 negare

1896 2889 2008 2941 ausi
2042 2900 2170 2941 sunt
2201 2888 2422 2941 Petrum
2454 2888 2675 2940 Romam
2722 2900 2947 2952 usquam
3002 2885 3233 2936 venisse.
3284 2882 3344 2937 5°
3385 2882 3466 2934 Ad

1898 2979 2038 3031 hanc
2080 2977 2380 3032 Ecclesiam
2431 2992 2661 3031 necesse
2724 2990 2843 3028 esse
2893 2988 3109 3026 onmem
3160 2970 3463 3026 Ecclesian:

213 3072 339 3126 Cum
372 3075 523 3128 enim
561 3076 806 3131 Ecclesia
838 3076 1083 3133 [tornana
1111 3081 1352 3135 omnium
1394 3084 1667 3151 princeps,
1699 3100 1791 3138 ca.
1818 3093 1859 3148 α
1895 3088 1989 3125 seu
2016 3086 2204 3124 omnes
2236 3072 2459 3123 omnino
2488 3069 2670 3123 ﬁdeles
2706 3084 2802 3136 per
2836 3078 3004 3122 totum
3041 3066 3230 3119 orbem
3256 3064 3463 3133 disper-

213 3178 306 3234 pot
332 3177 386 3221 et
410 3170 590 3237 prima
621 3171 715 3232 sit,
745 3172 986 3224 omnium
1018 3173 1282 3238 maxima,
1312 3177 1711 3242 antiquissima,
1739 3189 1795 3233 et

213 3262 446 3313 maxime
480 3264 701 3330 cognita
725 3305 739 3322 ,
788 3264 860 3317 ab
907 3265 1275 3331 apostolorum
1306 3268 1549 3337 principe
1593 3269 1790 3337 Petro,

212 3351 432 3421 ejusque
464 3355 621 3407 socio
658 3354 826 3409 Paulo
858 3354 1114 3418 fundata,
1152 3372 1274 3425 qua}
1295 3362 1511 3414 caeteris
1539 3362 1794 3417 omnibus

210 3458 305 3509 pro
331 3445 461 3513 jure
493 3460 595 3497 suo
630 3446 815 3513 praesit
846 3458 903 3499 et
934 3447 1264 3513 dominetur,
1303 3458 1358 3503 et
1387 3466 1509 3504 cum
1544 3467 1647 3520 qua
1676 3470 1794 3507 om-

212 3551 305 3590 nes
332 3537 567 3591 omnino
601 3537 786 3592 ﬁdeles
816 3540 977 3594 unius
1008 3550 1061 3593 et
1096 3542 1340 3610 ejusdem
1381 3542 1525 3606 lidei,
1561 3555 1610 3599 el
1639 3561 1789 3599 com-

212 3629 488 3681 munionis
524 3629 760 3682 vinculis
785 3630 1027 3701 colligari
1062 3648 1281 3688 necesse
1308 3637 1372 3688 sit
1398 3653 1411 3700 ;
1442 3637 1564 3690 inde
1586 3638 1791 3708 liquido

209 3730 391 3786 patet,
439 3722 609 3775 aliam
655 3736 777 3775 esse
822 3739 926 3776 non
973 3739 1130 3792 posse
1164 3727 1391 3779 aliarqu
1422 3727 1788 3783 Ecclesiarum

214 3814 567 3865 traditionem
612 3824 665 3867 et
698 3813 895 3881 ﬁdem,
929 3831 956 3868 a
992 3817 1096 3870 ﬁde
1119 3827 1175 3871 et
1209 3820 1499 3875 traditione
1533 3821 1789 3877 Romana:

211 3902 490 3958 Ecclesiae.
541 3905 933 3962 Prtetermissis
979 3908 1163 3979 itaque
1202 3912 1368 3965 totius
1411 3913 1559 3967 orbis
1597 3914 1786 3969 Eccle-

208 3995 409 4048 siarum
438 3998 831 4065 episcoporum
870 4001 1167 4071 catalogis,
1212 4003 1359 4058 illius
1404 4008 1564 4061 unius
1602 4011 1784 4062 conti-

208 4103 368 4141 nuam
391 4091 778 4158 episcoporum
798 4095 1196 4149 successionem
1222 4112 1527 4164 recensere,
1556 4114 1642 4164 ac,
1668 4116 1785 4167 quae

207 4194 298 4247 per
331 4181 486 4234 hunc
518 4181 684 4235 veluti
727 4183 967 4238 canalem
1022 4187 1265 4241 manavit
1318 4204 1488 4257 usque
1529 4192 1595 4245 ad
1650 4207 1781 4257 nos,

204 4273 584 4339 apostolorum
626 4276 970 4330 traditionem
1004 4278 1286 4333 declarare
1321 4282 1454 4335 satis
1487 4292 1600 4345 est;
1637 4295 1782 4337 utex

203 4362 486 4414 coanmnni
522 4365 769 4416 omnium
800 4363 1167 4420 Ecclesiarum
1187 4408 1201 4433 ,
1231 4384 1351 4439 qna:
1381 4387 1501 4425 cum
1535 4372 1779 4428 Romana

1897 3182 1986 3221 sos
2016 3168 2311 3221 convenire
2352 3186 2366 3220 :
2414 3182 2517 3219 non
2548 3165 2691 3235 quod
2725 3164 2852 3217 illnc
2883 3160 3155 3231 proﬁcisci
3205 3170 3462 3214 teneren-

1899 3273 1985 3315 tnr
2014 3263 2084 3322 ii,
2117 3262 2205 3328 qui
2240 3268 2398 3313 erant
2436 3258 2675 3327 undique
2718 3256 2938 3319 ﬁdeles;
2989 3255 3039 3308 id
3084 3252 3168 3308 vel
3221 3251 3466 3320 cogitare

1894 3352 2347 3406 absurdissimum
2378 3348 2571 3403 fuisset
2600 3365 2614 3412 ;
2649 3347 2740 3401 sed
2770 3347 2934 3415 quod,
2971 3356 3029 3399 ut
3054 3344 3211 3399 fateri
3238 3352 3464 3398 coaetus

1894 3453 1976 3497 est
2010 3444 2123 3513 ipse
2161 3442 2462 3496 Salmasius
2496 3440 2563 3504 ⁸³,
2602 3453 2826 3493 necesse
2854 3447 2996 3491 esset
3032 3455 3049 3487 ι
3096 3434 3386 3490 convenire
3410 3441 3467 3486 et

1893 3534 2233 3589 concordare
2283 3533 2335 3587 in
2393 3533 2554 3585 rebus
2586 3531 2707 3585 ﬁdei
2741 3545 2863 3583 cum
2906 3528 3151 3583 Ecclesia
3196 3526 3460 3581 Romana.

1892 3628 2079 3681 Grmce
2146 3623 2381 3693 quippe,
2451 3620 2659 3692 inquit.
2722 3623 2937 3678 locutus
2970 3622 3148 3677 fuerat
3194 3620 3457 3681 Irenzeus,

1894 3718 2154 3788 συμϐαίνε
2164 3735 2208 3769 ιν
2222 3717 2355 3788 πρὸς
2372 3716 2465 3787 τὴν
2486 3714 2589 3767 τῶν
2617 3714 2899 3784 Ῥωμαίων
2916 3712 3236 3785 Ἐκκλησίαν
3258 3730 3269 3741 ·
3295 3724 3460 3780 porro

1895 3810 2208 3879 συμϐαίνειν
2252 3808 2386 3877 πρὸς
2419 3824 2572 3871 τινα,
2632 3822 2785 3874 mque
2832 3808 3091 3859 usitatum
3121 3803 3347 3867 Grtecis,
3391 3817 3457 3857 ac

1892 3904 2206 3975 συμϐαίνειν
2236 3903 2369 3967 τινί;
2403 3902 2533 3955 illud
2572 3916 2703 3954 vero
2734 3900 2823 3953 hic
2849 3915 2955 3952 non
2991 3897 3090 3952 nisi
3126 3896 3191 3951 ad
3224 3910 3459 3951 consen-

1889 4014 2008 4052 sum
2047 4010 2100 4049 et
2138 3997 2483 4049 concordiam
2530 3994 2763 4060 referri,
2797 3993 2863 4046 ad
2893 4003 3274 4061 quamcunque
3304 4005 3461 4059 pere-

1889 4089 2256 4157 grinationem
2303 4088 2619 4153 detorqueri
2649 4126 2663 4146 ,
2706 4085 2923 4139 nonnisi
2968 4081 3326 4137 insulsissime
3358 4096 3458 4150 po-

1837 4191 1847 4201 '
1891 4190 2015 4233 test.
2063 4180 2222 4232 [latio
2254 4189 2437 4231 autem
2482 4195 2584 4231 cur
2612 4194 2731 4231 cum
2778 4176 3019 4231 Romana
3066 4174 3303 4229 Ecclesia
3360 4188 3458 4227 ne-

1887 4286 2039 4325 cesse
2094 4272 2165 4322 sit
2213 4285 2432 4323 onlnem
2476 4270 2786 4324 consentire
2834 4266 3171 4329 Ecclesiam,
3222 4266 3340 4319 haec
3386 4265 3458 4318 ab

1887 4364 2090 4417 Irenaeo
2128 4362 2374 4425 affertur,
2412 4382 2428 4413 ι
2464 4363 2533 4416 ob
2569 4362 2831 4430 potiorem
2885 4379 2903 4412 ι
2938 4359 3084 4414 illius
3124 4378 3141 4409 t
3182 4358 3455 4427 principa-

204 4454 521 4507 consentire
558 4454 801 4517 debent,
850 4458 1120 4511 sententia
1158 4469 1215 4514 et
1248 4437 1547 4516 traditione
1588 4467 1778 4519 devin-
1814 4437 1857 4491 D
1887 4458 2116 4511 lilaleln.
2162 4475 2179 4506 ι
2216 4454 2310 4509 Sic
2356 4455 2641 4523 scripsisse
2674 4454 2921 4507 Latinum
2959 4454 3308 4521 interpretem
3350 4466 3451 4504 no-

204 4554 401 4597 cantur
420 4559 621 4599 omnes
650 4545 909 4600 haeretici.
942 4566 961 4598 ι
1004 4547 1109 4603 Sed
1149 4553 1406 4618 quoniam
1427 4597 1441 4617 ,
1487 4556 1664 4625 inquit
1694 4559 1739 4589 δ’
1765 4599 1781 4623 ,

206 4633 359 4687 valde
406 4635 633 4699 longum
681 4646 802 4698 est,
859 4638 909 4690 in
957 4640 1057 4692 hoc
1100 4642 1194 4695 tali
1234 4642 1509 4699 volumine
1537 4649 1779 4701 oniniunt

206 4722 578 4779 Ecclesiarum
629 4742 954 4783 enumerare
985 4733 1389 4800 successiones;
1444 4738 1693 4792 maxima:
1729 4748 1782 4793 et

205 4817 629 4885 antiquissimm,
660 4829 711 4872 et
754 4822 1006 4877 onmibus
1039 4827 1267 4895 cognitm
1300 4843 1327 4879 a
1370 4828 1781 4896 gloriosissimis

204 4910 413 4963 duobus
439 4912 705 4978 apostolis
730 4910 893 4966 Petro
938 4926 991 4968 et
1032 4915 1201 4972 Paulo
1240 4919 1424 4973 Bonna:
1463 4921 1698 4976 fundata:
1728 4932 1782 4978 et

204 5002 522 5056 constitutae
547 5004 829 5068 Ecclesize,
864 5022 983 5060 eam
1009 5024 1167 5076 quam
1202 5011 1363 5065 habet
1397 5014 1466 5068 ab
1492 5016 1777 5083 apostolis,

204 5094 575 5158 traditionem,
616 5106 672 5148 et
698 5100 1074 5153 annuntiatani
1112 5103 1418 5159 hominibus
1454 5106 1649 5173 ﬁdem,
1684 5124 1780 5178 per

201 5187 590 5240 successiones
623 5188 1007 5257 episcoporum
1050 5196 1458 5259 pervenientem
1509 5215 1681 5267 usque
1709 5201 1775 5253 ad

201 5290 294 5331 nos
334 5278 647 5331 indicantes
673 5318 689 5342 ,
722 5281 1107 5338 confnnilinius
1141 5302 1332 5342 omnes
1361 5304 1476 5354 eos,
1518 5290 1607 5359 qui
1641 5306 1777 5360 quo-

198 5383 303 5437 quo
332 5370 523 5434 modo,
558 5373 644 5425 vel
690 5387 786 5439 per
811 5374 911 5427 sibi
946 5375 1220 5447 placentia
1248 5419 1263 5441 ,
1312 5381 1392 5433 vel
1436 5395 1628 5434 vanam
1657 5383 1775 5451 glo-

198 5460 367 5521 riam,
396 5461 489 5515 vel
536 5477 635 5530 per
666 5464 1009 5529 czecitatem,
1055 5477 1109 5520 et
1160 5469 1357 5521 malam
1412 5472 1771 5537 sententiam,

198 5564 559 5624 prmterquam
586 5564 806 5624 oportet
834 5556 1113 5626 colligunt.
1138 5561 1219 5614 Ad
1250 5563 1388 5615 hanc
1420 5563 1564 5615 enim
1590 5563 1776 5618 Eccle-

284 5736 328 5764 ⁸¹
362 5735 421 5787 .\'.
458 5734 512 5785 2.

1879 4548 2090 4601 hiscum
2118 4546 2309 4598 merito
2337 4552 2526 4598 censet
2555 4544 2696 4598 idem
2733 4543 3032 4598 Salmasius
3056 4558 3071 4595 2
3103 4540 3292 4594 Graece
3323 4554 3455 4593 vero

1879 4640 2143 4709 scriptum
2185 4642 2252 4694 ab
2288 4640 2491 4694 Irenaeo
2534 4647 2713 4707 putat.
2753 4634 2840 4689 διὰ
2883 4634 2943 4685 τὸ
2984 4633 3255 4704 ἐξαίρετον
3281 4630 3453 4700 αὐτῆς

1883 4734 2179 4802 πρωτεῖον;
2213 4746 2309 4785 nos
2344 4731 2679 4798 probabilius
2702 4772 2718 4795 ,
2763 4728 2849 4781 διὰ
2880 4726 2941 4778 τὸ
2974 4724 3269 4794 ὑπέρτερον
3299 4740 3451 4793 πρω-

1879 4825 2041 4876 τεῖον.
2080 4822 2185 4878 Sed
2216 4824 2544 4877 alterutrum
2578 4821 2868 4891 scripserit
2893 4828 3086 4871 auctor
3122 4825 3343 4877 noster.
3378 4816 3444 4870 si-

1879 4910 2140 4978 gniﬁcare
2170 4913 2357 4979 voluit,
2396 4913 2515 4968 ideo
2537 4928 2724 4967 omnes
2756 4910 3030 4964 Ecclesias
3053 4925 3174 4962 cum
3202 4909 3448 4962 Romana

1879 5006 2190 5061 consentire
2222 5008 2415 5068 teneri;
2457 5008 2581 5076 quia
2616 5006 2742 5059 licet
2763 5013 2971 5059 czeterze
3002 4998 3058 5057 in
3088 5005 3201 5058 suis
3222 5019 3449 5073 qumque

1879 5096 2074 5149 ﬁnibus
2110 5098 2455 5165 principatus
2488 5100 2539 5150 in
2566 5096 2666 5150 sibi
2693 5095 2941 5150 subditos
2969 5094 3155 5150 ﬁdeles
3177 5096 3301 5162 jure
3321 5110 3471 5165 gau-i

1876 5195 2063 5253 deant,
2101 5190 2259 5259 longe
2292 5200 2469 5242 tamen
2508 5189 2684 5256 potior
2704 5197 2787 5242 est
2813 5189 2865 5242 in
2899 5203 3063 5257 quem
3093 5187 3307 5242 obtinet
3340 5185 3446 5241 Ro-

1875 5300 2073 5345 mana;
2137 5293 2322 5353 utpote
2366 5298 2489 5351 qua:
2531 5282 2872 5352 principatus
2910 5299 2975 5337 ac
3021 5282 3284 5351 primatus
3324 5280 3446 5349 jure

1872 5378 2124 5431 oninibus
2149 5378 2479 5437 dominetur,
2502 5375 2754 5428 omnibus
2788 5374 2993 5444 praesit,
3021 5388 3319 5444 omnesque
3342 5374 3444 5429 sibi

1873 5471 2120 5526 subditas
2156 5468 2371 5522 habeat.
2404 5468 2460 5521 6°
2487 5468 2752 5537 Denique,
2783 5470 2836 5522 in
2866 5483 2928 5523 ea
2957 5468 3200 5523 Ecclesia
3231 5483 3447 5534 semper

1874 5565 1944 5619 ab
1969 5565 2077 5627 bis,
2109 5564 2203 5632 qui
2240 5571 2368 5617 sunt
2403 5562 2644 5631 undique
2666 5602 2680 5628 ,
2724 5572 3109 5618 conservatam
3155 5573 3273 5616 esse
3298 5575 3449 5627 eam.

639 5732 688 5762 ⁸³
728 5734 798 5786 De
850 5733 1070 5799 primat.
1115 5751 1260 5805 pap.,
1298 5754 1415 5808 cap.
1466 5745 1519 5801 5,
1564 5756 1617 5802 ιι.
1670 5739 1790 5795 65(

1893 5784 1895 5789 .
1956 5740 2122 5807 Lugd.
2160 5737 2278 5793 Βιιῑ.
2316 5735 2464 5791 1655.
