3924 6354
489 278 593 333 ετο

1271 279 1873 336 DlSSERTATlONES
1900 282 2201 338 ΡΒᾸΞῊΙΕ
2232 283 2298 338 ΙΝ
2338 285 2594 340 ΙΒΕΝᾸΞΙ
2630 286 2890 346 LIBROS.

3606 292 3701 347 280

489 411 612 466 qua!
641 404 723 450 est
752 396 820 451 ab
847 396 1130 465 apostolis,
1167 399 1539 454 traditionem.
1566 400 1698 454 Cum
1729 403 1873 455 enim
1899 401 2061 471 hujus
2088 409 2129 464 Α
2163 404 2470 473 exemplum
2504 405 2766 461 doctrina:
2818 406 3152 461 sinceritatis
3178 414 3232 461 et
3262 406 3561 462 traditionis
3588 424 3703 476 apo-

491 487 776 541 senteutiaa
807 496 971 558 atque
1012 489 1275 544 doctrinae
1308 491 1585 545 adliterere
1630 500 1917 546 teneantur
1941 508 2059 547 om-

493 591 611 643 nes,
640 576 733 646 qui
756 588 884 633 sunt
908 580 1169 648 undique,
1222 580 1445 645 ﬁdeles,
1480 580 1639 651 longe
1674 583 1841 637 tutius
1890 599 1953 638 ac
1981 585 2061 637 fa-

493 671 659 727 cilius
685 675 1004 735 conservari
1048 674 1103 728 in
1146 690 1209 730 ea
1258 675 1432 745 potuit
1473 678 1772 745 apostolica
1802 681 2056 745 traditio,

495 770 575 813 tot
600 761 893 832 episcOpis,
918 765 1251 836 presbyteris
1270 767 1579 833 etclericis,
1608 777 1794 835 totque
1822 769 2057 823 ﬁdelium

498 854 833 924 myriadibus
856 857 1086 921 credita,
1116 855 1328 930 [CXXI]
1358 859 1592 928 imisque
1626 861 1939 927 pectoribus
1982 876 2063 915 re-

496 945 735 1009 condita,
762 962 924 1015 quam
960 948 1012 1001 in
1044 948 1165 1002 aliis
1194 949 1453 1005 Ecclesiis
1502 951 1720 1005 divisim
1769 952 2056 1020 spectatis,

495 1054 728 1107 quarum
776 1039 1174 1107 iurisdictionis
1214 1042 1348 1098 ﬁnes
1380 1059 1484 1097 non
1525 1052 1631 1098 tam
1660 1047 1815 1114 longe
1847 1046 2059 1115 lateque

498 1133 773 1201 patebant.

566 1224 656 1278 52.
690 1224 864 1279 Locus
900 1227 988 1279 hic
1021 1227 1205 1281 lrenaai
1239 1228 1378 1284 male
1408 1230 1573 1284 habet
1600 1244 1695 1285 eos
1723 1246 1932 1296 omnes,
1965 1231 2055 1300 qui

503 1334 522 1366 ι
560 1332 656 1386 per
682 1319 981 1371 caecitatem
1009 1329 1061 1372 et
1096 1320 1290 1374 malam
1320 1324 1673 1387 sententiam,
1698 1332 2057 1391 praderquant

494 1420 726 1477 Oportet,
750 1412 1103 1481 collegerunt,
1138 1431 1156 1463 ›
1202 1414 1253 1466 id
1284 1425 1370 1469 est
1398 1415 1489 1484 qui
1529 1416 1809 1471 catholicae
1834 1415 1953 1470 fidei
1985 1415 2060 1468 si-

494 1502 605 1555 mul
633 1512 687 1557 et
730 1505 1070 1565 obedientim.
1116 1520 1278 1573 quam
1310 1506 1572 1561 exhibere
1623 1508 1877 1561 Romanae
1908 1516 2058 1561 lene-

494 1595 693 1648 bantur
709 1596 1187 1666 Ecclesia-Jngum
1208 1602 1588 1661 excusserunt,
1609 1608 1663 1651 ut
1683 1598 1927 1667 ἀκέφαλα
1951 1598 2055 1653 sibi

494 1686 559 1739 ad
595 1687 879 1740 arbitrium
905 1690 1285 1744 conventicula
1311 1692 1727 1747 constituerent.
1761 1692 1963 1758 Quare,
1992 1711 2058 1747 ne

2159 496 2362 549 Stolicaa
2412 498 2781 551 custodienda:
2836 499 3050 553 caeteris
3107 500 3329 567 proponi
3393 500 3700 569 potuissent.

2161 587 2387 642 Frustra
2418 602 2548 657 ergo
2577 602 2632 642 et
2660 590 2888 645 ridicule
2916 592 3006 644 uni
3043 592 3301 645 Romana:
3344 592 3593 646 Ecclesia:
3622 610 3707 661 po.

2158 681 2231 732 tio
2241 697 2342 733 rem
2359 681 2799 747 principalitatem
2815 684 3132 737 asseruisset
3157 683 3407 749 lrenteus,
3429 700 3583 752 quam
3601 686 3705 741 alia!

2158 770 2348 823 eodem
2371 769 2512 838 jure,
2544 772 2672 839 ipsa:
2698 778 2752 825 et
2782 772 2849 825 ab
2881 774 3141 840 apostolis
3167 775 3370 843 pariter
3392 774 3706 838 fundataget

2160 878 2187 915 a
2220 864 2583 918 sanctissimis
2603 880 2787 919 eorum
2809 868 3215 921 successoribus
3245 870 3579 937 gubernataa,
3602 870 3708 922 vin-

2159 953 2343 1007 dicare
2366 954 2465 1008 sibi
2493 957 2813 1024 potuissent.
2836 955 3061 1010 Frustra
3086 958 3481 1021 contendisset,
3503 973 3708 1013 necesse

2158 1061 2280 1100 esse
2309 1061 2523 1100 onmem
2555 1046 2851 1101 Ecclesiam
2889 1050 3183 1102 convenire
3222 1059 3276 1103 et
3302 1051 3635 1104 concordare
3660 1052 3708 1104 in

2163 1138 2324 1191 rebus
2369 1138 2490 1193 ﬁdei
2535 1154 2598 1194 ac
2646 1139 2890 1195 doctrina
2921 1157 3045 1195 cum
3070 1142 3336 1208 Romana,
3367 1142 3439 1197 ob
3462 1144 3709 1212 potiorem

2160 1228 2399 1297 ejusdem
2437 1233 2915 1301 principalitatem.
2950 1233 3061 1288 Nisi
3091 1236 3234 1288 enim
3262 1236 3421 1305 hujus
3447 1239 3713 1292 sententia

2161 1321 2214 1374 in
2255 1322 2415 1376 rebus
2468 1323 2586 1377 ﬁdei
2622 1336 2830 1379 caztera:
2877 1326 3132 1380 Ecclesiae
3167 1342 3360 1395 parere
3417 1338 3710 1393 teneantur,

2160 1412 2303 1464 nulla
2331 1413 2820 1479 potiornecessitas
2847 1431 2969 1471 cum
2998 1417 3088 1470 illa
3124 1417 3365 1471 Ecclesia
3394 1420 3712 1483 consentire,

2159 1520 2319 1572 quam
2375 1522 2498 1560 eum
2542 1508 2916 1577 Antiochena,
2964 1510 3258 1579 Ephesina,
3300 1511 3621 1581 Smyrnensi
3667 1520 3715 1567 et

2159 1597 2302 1650 aliis.

2228 1688 2317 1741 '55.
2351 1689 2524 1757 Quam
2558 1692 2695 1747 male
2747 1694 2848 1748 hac
2874 1710 2968 1748 sua
3004 1695 3371 1765 explicatione
3424 1695 3717 1752 Proteslan-

494 1778 866 1848 turpissimam
885 1780 1556 1837 scltismatisaehazreseos
1575 1783 1747 1837 labem
1772 1784 2057 1840 incurrant
2088 1754 2131 1808 Β
2164 1779 2295 1833 lium
2348 1798 2568 1837 causam
2603 1785 2778 1855 egerit
2829 1783 3151 1852 Salmasius,
3189 1788 3391 1857 optime
3444 1789 3610 1841 sensit
3651 1787 3712 1842 cl.

493 1870 886 1937 Protestantes,
908 1870 1113 1926 nullum
1143 1872 1370 1942 lapidem
1390 1889 1493 1928 non
1518 1888 1756 1941 moveut,
1779 1887 1836 1929 ut
1859 1878 2059 1947 impor-

494 1963 764 2017 tunissimi
788 1963 890 2019 loci
912 1965 1119 2033 pondus
1134 1965 1426 2020 declinent.
1452 1967 1555 2021 Sed
1587 1978 1693 2020 tam
1722 1984 1915 2037 parum
1954 1971 2057 2025 sibi

495 2055 549 2108 in
564 2053 667 2109 hoc
688 2055 1030 2124 explicando,
1051 2073 1210 2127 quam
1230 2060 1283 2111 in
1302 2058 1426 2112 ﬁdei
1447 2060 1793 2130 dogmatibus
1820 2077 2057 2117 consen-

494 2145 655 2200 tiunt.
692 2146 991 2203 Salmasius
1007 2150 1072 2203 ad
1098 2150 1417 2205 clarissima:
1447 2152 1582 2205 lucis
1612 2151 1874 2223 fulgorem
1925 2170 2056 2208 ocu-

491 2235 576 2293 los
610 2236 861 2293 claudere
884 2258 990 2300 non
1012 2242 1215 2306 valens,
1243 2241 1425 2311 fateri,
1460 2252 1515 2297 ut
1535 2243 1666 2306 dixi,
1699 2256 1921 2300 coactus
1951 2256 2056 2311 est,

491 2330 679 2387 Irenaei
725 2336 1009 2389 verborum
1035 2350 1252 2390 sensum
1277 2351 1417 2402 esse,
1459 2355 1479 2389 ι
1513 2352 1758 2392 necesse.
1774 2353 1896 2393 esse
1944 2354 2061 2392 0m-

493 2440 615 2480 nem
638 2425 932 2481 Ecclesiam
960 2430 1252 2483 convenire
1284 2440 1339 2483 et
1358 2433 1692 2486 concordare
1718 2432 1771 2486 in
1796 2432 1959 2487 rebus
2000 2433 2060 2484 ﬁ-

492 2517 606 2582 dei,
636 2534 701 2572 ac
736 2519 983 2573 doctrina
1019 2536 1139 2575 cum
1177 2521 1415 2576 Romana
1445 2523 1712 2579 Ecclesia.
1754 2543 1771 2576 ι
1817 2525 2056 2594 ldipsnm

492 2618 576 2665 est
603 2611 747 2680 quod
776 2628 844 2666 ex
872 2627 936 2667 eo
954 2611 1137 2667 frenari
1162 2616 1280 2670 loco
1301 2614 1819 2674 inferuntCatholiei
1847 2634 2054 2674 omnes.

490 2701 756 2757 Fateatur
788 2705 952 2773 igitur
972 2720 1194 2761 necesse
1223 2717 1307 2762 est
1336 2707 1660 2774 Salmasius,
1682 2726 1803 2764 eam
1843 2725 2056 2765 onmem

492 2794 813 2859 Ecclesiam,
838 2812 958 2867 qua:
981 2814 1007 2850 a
1057 2798 1299 2854 Romana
1329 2802 1655 2871 discrepabit
1686 2818 1750 2858 ac
1780 2803 2060 2858 dissentiet

495 2889 549 2942 in
588 2887 748 2971 rebus
776 2890 898 2945 ﬁdei
925 2907 989 2945 ac
1013 2894 1282 2959 doctrina,
1308 2910 1373 2949 eo
1399 2896 1515 2965 ipso
1535 2897 1847 2952 schismatis
1872 2913 1935 2951 ac
1957 2898 2060 2953 bte-

494 2997 677 3037 reseos
710 2984 869 3051 culpa
901 2989 1095 3042 teneri.
1124 2984 1356 3041 Videant
1408 2990 1638 3058 proinde
1688 2988 1942 3045 Salmasii
1971 3006 2059 3045 as-

2160 1871 2420 1929 Grabius.
2452 1874 2629 1941 Quare
2662 1891 2722 1930 ea
2758 1875 2980 1945 rejecta,
3031 1878 3191 1931 aliter
3239 1878 3341 1932 sibi
3383 1878 3712 1932 sentiendum

2160 1980 2281 2020 esse
2305 1969 2535 2034 putavit,
2574 1969 3000 2039 inclinatamque
3046 1986 3266 2025 causam
3300 1972 3424 2026 aliis
3454 1985 3715 2028 commen-

2161 2057 2314 2111 tariis
2333 2060 2539 2129 erigere
2571 2064 2820 2116 tentavit:
2852 2079 2956 2117 non
2988 2065 3143 2117 novis
3167 2066 3391 2134 quidem
3415 2105 3431 2130 ,
3467 2066 3561 2120 sed
3591 2078 3715 2133 quos

2160 2149 2226 2203 ad
2256 2149 2656 2205 obscurandnm
2676 2153 2818 2207 hunc
2849 2154 3034 2208 lrentei
3066 2154 3240 2210 locum
3266 2156 3472 2210 dudum
3498 2157 3717 2222 scripse-

2162 2253 2246 2295 rat
2271 2242 2590 2299 Chamierus
2618 2243 2684 2299 3‘.
2730 2245 2802 2298 Ea
2836 2261 2955 2314 qua:
2987 2246 3194 2302 lrenzeo
3221 2246 3412 2302 Graeca
3453 2252 3712 2319 supponit.

2159 2350 2249 2397 ac,
2286 2346 2440 2404 prout
2474 2336 2645 2400 lubet,
2684 2336 3009 2398 fabricatur.
3059 2354 3164 2393 non
3215 2340 3501 2394 morabor:
3541 2341 3716 2395 inanes

2160 2429 2488 2484 luxuriantis
2520 2430 2722 2500 ingenii
2755 2431 3080 2498 conjectura:
3113 2443 3258 2495 sunt,
3284 2449 3406 2502 qua:
3439 2444 3544 2488 tam
3570 2434 3715 2489 facile

2161 2530 2445 2591 negantur,
2474 2537 2636 2591 quam
2672 2534 2841 2593 gratis
2881 2535 3275 2592 proponuntur.
3304 2525 3361 2578 Id
3403 2527 3568 2579 etiam
3619 2543 3713 2581 non

2162 2615 2435 2677 morabor,
2492 2615 2634 2683 quod
2671 2617 2811 2684 apud
2862 2616 3119 2669 lreuaeum
3150 2615 3406 2669 Latinum
3440 2616 3710 2685 legendum

2160 2718 2334 2777 putat,
2366 2710 2710 2775 potentiorem
2741 2709 3211 2777 principalitatem,
3247 2719 3304 2762 ut
3354 2710 3618 2764 hactenus
3648 2709 3717 2763 fec

2161 2808 2288 2854 runt
2321 2815 2512 2855 omnes
2534 2801 2665 2855 editi
2697 2803 2932 2865 codices,
2962 2811 3017 2855 et
3043 2802 3285 2870 plerique
3311 2817 3469 2865 mss.,
3494 2818 3595 2855 non
3637 2818 3718 2865 po-

2160 2892 2367 2957 tiorem,
2401 2903 2457 2946 ut
2488 2907 2551 2945 ex
2579 2908 2679 2947 ms.
2719 2892 3162 2955 Claromoutano,
3193 2894 3439 2947 omnium
3473 2894 3718 2963 antiquis-

2160 2981 2319 3046 simo,
2340 2983 2697 3048 restituimus;
2718 2985 2963 3051 quamvis
2979 2983 3121 3037 enim
3145 2983 3415 3051 posterior
3434 2982 3549 3035 haec
3569 2979 3717 3035 lectio

493 3078 676 3139 sectug,
709 3076 1007 3132 Calviuiuui
1057 3093 1268 3142 omnes,
1316 3088 1371 3135 ει
1411 3082 1718 3151 quicunque
1748 3097 1778 3136 ο
1816 3084 2053 3137 Romam
2085 3088 2127 3145 ο
2161 3075 2227 3127 ad
2258 3076 2443 3130 Irentei
2487 3084 2720 3129 mentem
2761 3084 2818 3129 et
2857 3076 3018 3129 verba
3058 3075 3249 3129 melius
3292 3074 3561 3144 quadret;
3596 3074 3717 3129 bene

496 3167 737 3223 Ecclesia
769 3169 821 3224 in
851 3171 1014 3225 rebus
1065 3171 1185 3226 ﬁdei
1221 3173 1569 3237 dissentiunt,
1599 3189 1705 3242 quo
1746 3184 1903 3243 pacto
1943 3176 2058 3230 eul-

494 3276 616 3326 pam
637 3261 777 3317 hanc
791 3277 819 3315 a
836 3276 896 3317 se
920 3263 1269 3319 amoliantur.
1288 3264 1473 3335 Neque
1490 3268 1629 3320 enim
1650 3270 1792 3336 quod
1819 3270 2059 3325 secundo

494 3349 756 3408 Ecclesia!
800 3355 1017 3419 szeculo,
1053 3355 1321 3411 Salmasio
1367 3357 1590 3419 fatente.
1648 3375 1869 3414 necesse
1918 3371 2057 3425 erat,

494 3442 889 3510 posterioribus
920 3445 1007 3500 his
1035 3447 1247 3502 saeculis
1296 3450 1476 3502 minus
1512 3465 1741 3505 necesse
1771 3463 1873 3509 est.
1903 3454 2059 3520 Quod

496 3534 585 3590 hic
608 3536 779 3601 addit,
810 3556 831 3587 ι
863 3540 998 3593 velle
1020 3538 1303 3607 Irenaeum,
1331 3542 1622 3598 Ecclesiam
1651 3544 1967 3611 Romanam,
2002 3557 2060 3603 ut

496 3624 893 3695 principalem,
946 3631 997 3683 id
1040 3642 1125 3684 est
1162 3633 1389 3701 primam
1433 3643 1487 3688 et
1526 3637 1764 3689 omnium
1825 3640 2060 3693 maxime

496 3731 709 3784 puram,
739 3729 919 3789 typum
954 3731 1007 3774 et
1029 3723 1332 3792 exemplum
1368 3726 1794 3781 cteterisdebere
1814 3743 1934 3782 esse
1965 3729 2059 3783 do-

495 3810 686 3865 ctrina:
717 3812 1052 3868 sinceritatis
1078 3824 1130 3867 et
1166 3818 1480 3884 apostolicte
1532 3820 1840 3874 traditionis
1874 3831 2058 3877 custo-

497 3902 723 3970 diendam,
756 3921 775 3955 ι
829 3905 882 3959 in
929 3922 994 3960 eo
1026 3924 1213 3961 verum
1241 3912 1485 3979 estquod
1528 3911 1746 3977 fatetur,
1799 3911 2057 3968 [renatum

500 3995 656 4060 velle,
689 3995 983 4053 Ecclesiam
1020 4002 1317 4054 Romanam
1366 4004 1703 4072 principalem
1749 4018 1793 4059 et
1835 4007 2059 4074 primam

495 4090 736 4143 omnium
754 4105 894 4144 esse.
922 4090 1059 4144 Velit
1085 4094 1268 4162 igitur,
1292 4096 1444 4161 nolit,
1470 4097 1737 4164 sequitur,
1763 4113 1881 4151 eam
1909 4101 2061 4167 prin-

500 4179 713 4249 cipatus
737 4195 801 4235 ac
832 4183 1093 4249 primatus
1126 4185 1252 4254 jure
1283 4188 1498 4242 eteteris
1539 4189 1794 4244 omnibus
1827 4205 2060 4256 praeesse

477 4287 562 4327 .ac
591 4272 892 4341 dominari;
924 4292 988 4331 ac
1015 4281 1243 4346 proinde
1281 4296 1374 4334 eos
1428 4297 1617 4335 omnes
1646 4283 1735 4350 qui
1772 4283 2057 4351 imperium

495 4366 640 4421 Illius
689 4368 1016 4433 detrectant,
1049 4370 1322 4439 oijctum
1357 4375 1456 4428 sibi
1511 4384 1711 4441 aperta:
1749 4375 2059 4430 rebellionis

494 4459 700 4511 crimen
735 4458 1033 4513 dissolvere
1083 4475 1186 4513 non
1215 4476 1391 4528 posse.
1422 4461 1478 4515 Si
1519 4478 1644 4516 vero
1692 4478 1755 4516 eo
1799 4464 2063 4516 duntaxat

493 4565 656 4604 sensu
690 4551 988 4605 Romanam
1025 4552 1319 4606 Ecclesiam
1357 4553 1584 4620 primam
1616 4569 1679 4607 ac
1709 4553 2059 4623 principalem

493 4658 617 4698 esse
642 4645 769 4697 velit
818 4644 1134 4707 Salmasius,
1173 4646 1314 4712 quod
1346 4646 1584 4697 onttiiutn
1634 4647 1869 4700 maxime
1900 4660 2057 4714 pura,

497 4744 656 4804 typus
693 4745 745 4789 et
776 4736 1079 4804 exemplum
1127 4736 1343 4791 caeteris
1392 4752 1513 4790 esse
1557 4737 1750 4791 debeat
1796 4738 2060 4793 doctrinae

495 4828 844 4886 sinceritatis.
878 4839 932 4883 et
963 4829 1274 4897 apostolica:
1320 4830 1623 4883 traditionis
1665 4832 2055 4895 custodiendae,

495 4927 747 4989 nugatur,
780 4931 834 4973 et
870 4923 1055 4991 nugari
1110 4938 1294 4976 secum
1347 4922 1456 4975 vult
1491 4924 1773 4976 Irenaeum.
1811 4924 1880 4979 Ut
1910 4926 2054 4978 enim

494 5021 705 5069 taceam
738 5015 823 5069 hic
856 5015 1031 5083 plura,
1065 5030 1182 5083 qua:
1213 5016 1371 5070 modo
1396 5015 1581 5069 Grabii
1616 5016 1940 5069 sententiam
1966 5030 2059 5068 ex-

493 5107 734 5176 pendens
757 5108 1001 5161 dicturus
1018 5123 1135 5160 sum
1158 5125 1171 5169 ;
1191 5108 1311 5162 sica
1332 5109 1502 5161 solum
1519 5111 1727 5161 ratione
1747 5110 2059 5175 principalis

494 5215 557 5254 ac
586 5200 759 5270 prima
783 5199 1111 5254 sitRomana
1138 5199 1399 5264 Ecclesia,
1420 5200 1485 5253 de
1510 5202 1738 5269 primatu
1768 5217 1829 5255 ac
1858 5201 2058 5253 nrinci-

494 5290 754 5358 patujure
772 5291 966 5345 merito
981 5306 1101 5344 cum
1121 5306 1182 5343 ea
1204 5293 1536 5347 contendere
1556 5293 1848 5359 potuissent
1870 5290 2056 5360 Smyr-

496 5383 680 5437 nensis
701 5394 754 5438 et
783 5382 1052 5453 Ephesina
1083 5382 1349 5446 Ecclesia,
1383 5398 1519 5453 quas
1537 5384 1765 5437 subinde
1795 5391 2057 5436 memorat

492 5472 749 5530 Irenaeus.
772 5475 979 5545 Etipsze
998 5475 1143 5529 enim
1164 5484 1288 5530 tunc
1306 5476 1563 5545 temporis
1585 5490 1688 5529 nec
1706 5476 1886 5529 minus
1910 5489 2058 5543 pura:

492 5576 673 5633 erant,
708 5581 870 5637 quam
904 5568 1169 5634 Romana,
1216 5583 1316 5623 nec
1350 5570 1545 5623 minori
1572 5568 1695 5636 jure
1728 5578 1784 5621 ut
1814 5577 1972 5638 typus
2003 5575 2056 5621 et

2163 3179 2341 3223 tamen
2369 3170 2601 3237 quadrat
2623 3180 2678 3223 et
2700 3169 2891 3235 altera;
2925 3183 3093 3237 quare
3117 3168 3375 3222 alterutra
3404 3169 3714 3229 retineatur,

2160 3263 2381 3329 perinde
2402 3276 2523 3315 esse
2548 3263 2614 3314 ad
2639 3277 2856 3316 sensum
2878 3263 3154 3317 existimo.
3181 3261 3287 3315 Sed
3310 3264 3377 3315 ad
3412 3279 3523 3316 rem
3548 3261 3713 3316 venio.

2161 3355 2457 3409 Contendit
2485 3354 2665 3423 itaque
2693 3353 2948 3421 Grabius,
2986 3373 3005 3406 ι
3053 3369 3151 3422 per
3189 3364 3515 3409 conventum
3551 3352 3716 3408 omnis

2162 3446 2440 3510 Ecclesia},
2473 3447 2524 3500 id
2545 3454 2855 3510 esteorum,
2881 3448 2971 3516 qui
3003 3457 3127 3501 sunt
3167 3448 3434 3515 undique,
3472 3447 3715 3511 ﬁdelium,

2160 3541 2227 3590 ad
2259 3537 2561 3592 Ecclesiam
2586 3538 2905 3601 Romanam,
2934 3549 3153 3608 propter
3192 3541 3554 3608 potentiorem
3582 3539 3718 3607 prin-

2162 3629 2510 3697 cipalitatem,
2543 3630 2947 3700 intelligendum
2982 3646 3104 3686 esse
3150 3631 3464 3685 conﬁuxum
3516 3645 3716 3693 eorum,

2160 3720 2249 3787 qui
2276 3719 2343 3772 ab
2373 3722 2519 3774 omni
2555 3720 2795 3776 Ecclesia
2830 3722 3057 3775 Romam
3092 3723 3476 3790 mittebantur,
3507 3733 3564 3775 ut
3600 3738 3718 3776 cauo

2161 3824 2274 3863 sam
2301 3810 2736 3864 Christianorum
2762 3820 2986 3880 agerent
3016 3812 3157 3878 apud
3191 3810 3568 3876 imperatores,
3592 3823 3719 3876 quo-

2163 3914 2280 3951 rum
2306 3900 2580 3968 potentior
2599 3909 2719 3954 erat
2758 3901 3148 3970 principalitas,
3168 3900 3218 3953 id
3246 3907 3327 3953 est
3355 3913 3608 3967 suprema
3631 3911 3718 3964 po-

2163 4001 2347 4047 testas.
2405 3992 2485 4048 Ob
2524 3993 2879 4062 potentiorem
2928 3994 3111 4061 itaque
3137 3990 3591 4060 principalitatem
3618 3987 3717 4040 Ro-

2161 4101 2467 4150 manorum,
2494 4088 2591 4151 ait,
2613 4087 2984 4157 contingebat,
3013 4096 3069 4139 ut
3092 4086 3157 4139 ad
3178 4084 3483 4137 Romanam
3513 4084 3715 4142 urbem,

2160 4189 2215 4234 et
2242 4179 2467 4246 proinde
2491 4178 2809 4242 Ecclesiam,
2831 4179 2898 4231 ab
2924 4177 3177 4233 onmibus
3206 4177 3444 4242 undique
3470 4172 3715 4227 Ecclesiis

2162 4272 2521 4326 convenirent
2562 4270 2765 4332 ﬁdeles,
2799 4269 3165 4326 defensionem
3217 4281 3328 4321 sua:
3354 4266 3477 4320 ﬁdei
3524 4276 3578 4317 et
3624 4264 3718 4317 Ec-

2164 4363 2344 4417 clesiae
2375 4362 2696 4430 suscepturi.
2734 4362 2809 4415 De
2845 4361 2948 4414 hoc
2971 4376 3102 4415 vero
3150 4369 3417 4414 conventu
3461 4359 3527 4412 ad
3554 4358 3716 4410 locum

2167 4457 2315 4511 urbis
2339 4467 2500 4526 atque
2529 4454 2785 4509 Ecclesiae
2803 4454 3081 4521 Romana‘,
3102 4468 3207 4506 non
3250 4456 3317 4505 de
3347 4452 3718 4505 communione

2168 4549 2295 4603 ﬁdei
2330 4564 2392 4603 ac
2420 4549 2705 4603 charitatts
2732 4562 2853 4601 cum
2882 4561 2970 4610 ea,
3000 4547 3174 4600 multo
3223 4544 3405 4598 minus
3434 4544 3503 4598 de
3547 4542 3719 4610 subje-

2162 4646 2343 4698 ctione
2368 4643 2689 4697 obedientite
2752 4646 2993 4703 \enteum
3042 4641 3144 4695 hoc
3185 4638 3307 4695 loco
3352 4637 3655 4706 scripsisse.
3697 4652 3715 4685 ›

2165 4736 2253 4791 Sic
2285 4736 2535 4790 Grabius.

2233 4829 2321 4881 54.
2359 4826 2463 4880 Sed
2498 4841 2598 4880 nec
2634 4840 2695 4878 ea
2725 4823 3016 4893 explicatio
3050 4823 3116 4877 ad
3165 4822 3352 4877 lrenaei
3404 4821 3592 4884 verba,
3622 4816 3717 4871 nisi

2164 4935 2389 4989 prorsus
2410 4918 2674 4972 delirasse
2704 4926 3064 4985 supponatur,
3092 4917 3362 4984 quadrare
3381 4914 3484 4967 ulla
3519 4912 3717 4966 ratione

2163 5022 2358 5082 potest.
2397 5011 2451 5063 1ο
2490 5009 2545 5062 Si
2584 5011 2650 5062 de
2682 5009 2931 5063 conﬁuxu
2955 5022 3177 5071 eorum,
3214 5006 3304 5076 qui
3341 5007 3407 5061 ab
3434 5004 3578 5059 omni
3622 5001 3719 5055 Ec-

2164 5105 2327 5158 clesia
2358 5102 2584 5154 Romam
2618 5100 2991 5164 mittebantur,
3029 5108 3086 5153 ut
3136 5114 3355 5153 causam
3382 5098 3716 5152 Christiano-

2167 5214 2283 5252 rum
2317 5206 2543 5263 agerent
2592 5194 2733 5263 apud
2783 5194 3159 5263 imperatores,
3216 5192 3591 5260 intelligendus
3621 5188 3717 5250 sit;

2166 5306 2358 5345 sensus
2389 5290 2516 5352 erit,
2556 5301 2779 5342 necesse
2819 5288 2986 5341 fuisse
3030 5300 3244 5340 onmem
3276 5284 3593 5345 Ecclesiam,
3624 5280 3717 5332 hoc

2163 5393 2247 5437 est
2275 5397 2367 5435 eos
2400 5380 2490 5449 qui
2527 5388 2653 5432 sunt
2702 5380 2940 5447 undique
2976 5378 3185 5442 fideles,
3240 5376 3464 5430 Romam
3518 5372 3714 5431 venire,

2166 5484 2223 5527 ut
2245 5488 2463 5527 causam
2484 5472 2913 5527 Christianorum
2939 5479 3163 5538 agerent
3184 5469 3323 5537 apud
3354 5469 3716 5528 imperatores.

2162 5566 2322 5634 Atqui
2348 5573 2557 5618 tantum
2590 5564 2744 5617 abest
2799 5562 2855 5616 id
2885 5574 3105 5616 necesse
3156 5558 3341 5626 fuerit,
3368 5569 3426 5612 ut
3452 5563 3578 5609 ante
3606 5553 3712 5607 ire-

566 5722 615 5755 “
642 5721 701 5775 Τ.
734 5721 773 5775 ll
818 5723 1093 5779 Panstrat.
1129 5723 1338 5779 Cathol.
1378 5725 1470 5780 lib.
1512 5740 1629 5790 xm,
1663 5722 1734 5779 De
1771 5739 1967 5780 meum.
2005 5721 2185 5784 Pent.,
2227 5735 2345 5788 cap.
2376 5718 2465 5782 22,
2499 5734 2550 5772 n.
2582 5715 2651 5771 12
2671 5731 2822 5785 seqq.
