3924 6354
184 350 279 403 2η
1076 348 1544 405 DISSERTATIO
1584 348 1671 413 111,
1713 349 1800 404 DE
1840 350 2098 407 lRENzEI
2134 351 2499 414 DOCTRINA.

3304 362 3413 418 289..

181 464 280 516 nari
310 470 505 515 atatem
538 457 737 516 factum
766 460 1062 534 aliquando
1093 464 1261 521 fuisse
1291 480 1358 521 ne
1379 481 1487 520 uno
1510 467 1730 535 quidem
1762 483 1808 528 Α
1837 480 2063 521 necesse
2112 469 2185 523 sit
2226 484 2449 524 omnem
2490 468 2790 528 Ecclesiam
2838 475 3147 531 convenire.
3193 475 3248 530 Si
3278 492 3411 549 ergo

180 553 414 623 exemplo
460 554 691 621 probare
744 557 921 624 possit
961 555 1216 613 Grabius.
1278 557 1470 614 Plures
1512 560 1729 629 quidem

178 645 590 700 Christianorum
626 646 921 717 Apologias
966 648 1179 704 oblatas
1225 649 1669 719 imperatoribus,
1700 667 1728 705 a

176 736 452 803 Quadrato,
496 740 754 803 Aristide,
799 739 1072 807 Melitone,
1118 741 1435 809 Apollinari,
1484 743 1731 797 Athena-

178 843 297 889 gora
324 839 373 882 et
402 828 613 885 .lustino
647 831 910 902 legimus:
958 834 1051 887 sed
1094 849 1190 889 eos
1222 834 1291 888 ab
1326 834 1587 890 Ecclesiis
1620 835 1730 890 Ro-

176 936 307 974 mam
330 924 516 975 missos
549 922 742 988 fuisse,
774 934 830 979 ttt
857 941 1077 980 causam
1114 925 1549 981 Christianorum
1598 940 1731 1000 age-

173 1023 284 1068 rent
307 1015 437 1083 apud
462 1016 847 1083 imperatores,
868 1017 1253 1074 falsissimum:
1282 1020 1391 1075 imo
1411 1020 1724 1090 plerosque,

173 1106 335 1174 ipsum
361 1108 526 1159 etiam
552 1106 987 1179 Athenagoram,
1020 1109 1171 1178 cujus
1214 1111 1491 1182 Apologize
1548 1113 1725 1179 titulo,

170 1200 300 1266 quod
331 1198 687 1262 inscribatur,
723 1198 966 1270 Legatio,
998 1203 1247 1257 abutitur
1284 1202 1539 1267 Grahius,
1571 1220 1601 1259 e
1633 1221 1729 1274 pa-

172 1291 264 1341 tria
295 1291 475 1357 pedem
527 1292 813 1357 extulisse,
864 1303 922 1347 ut
968 1294 1253 1362 Apologias
1282 1310 1409 1350 suas
1442 1294 1724 1360 oll'i-rrent,

168 1381 338 1433 nullibi
383 1381 663 1451 legimus;
717 1385 761 1437 si
799 1384 891 1452 qui
946 1400 1094 1451 vero,
1149 1399 1207 1438 ιιι
1233 1384 1500 1451 Justinus,
1538 1387 1726 1442 Romae

164 1474 476 1539 obtulerint,
521 1476 727 1529 dudum
769 1487 929 1532 antea
956 1478 1029 1531 ibi
1062 1479 1349 1548 degebant,
1392 1496 1490 1533 nec
1524 1481 1629 1534 huc
1659 1497 1723 1535 co

168 1563 263 1617 ﬁne
284 1577 561 1620 venerant.
593 1568 681 1632 Et,
711 1583 920 1636 quaeso,
938 1585 1058 1638 quae
1083 1572 1377 1625 necessitas
1399 1572 1723 1627 Christianis

166 1657 371 1712 adeundi
416 1660 786 1728 imperatores
819 1662 1089 1727 ethnicos,
1125 1680 1151 1717 a
1195 1665 1394 1733 quibus
1420 1665 1573 1729 nihil,
1615 1667 1724 1721 nisi

160 1746 239 1812 jus
264 1764 412 1802 otnne
440 1749 640 1821 fasque
669 1752 925 1806 violatum
961 1769 1181 1822 sperare
1209 1756 1496 1823 poterant?
1527 1757 1581 1809 2°
1605 1755 1719 1812 Ire-

1837 555 2167 612 Grabiauam
2191 560 2616 629 explicationem
2647 565 3082 631 admittamus,ea
3109 569 3411 637 supposita,

1834 646 1911 701 sic
1932 657 2365 718 argumentatum
2384 647 2555 706 fuisse
2568 649 2826 708 lrenmum
2857 654 3146 710 dicendum
3168 656 3274 710 erit
3301 673 3314 709 :
3344 659 3414 713 ll-

1832 734 2008 791 larum
2041 738 2413 794 Ecclesiarum
2441 742 2629 796 eadem
2656 753 2739 797 est
2763 760 2885 797 cum
2912 746 3158 801 Romana
3199 746 3333 803 ﬁdes
3357 759 3413 805 et

1835 832 2078 897 traditio,
2110 848 2341 901 quantm
2377 835 2558 889 ﬁdeles
2593 851 2817 890 necesse
2844 848 2922 891 est
2957 838 3181 893 Romam
3203 842 3411 909 venire,

1832 935 1891 978 ut
1925 925 2365 981 Christianorum
2404 942 2624 981 causam
2662 938 2827 998 agant
2852 932 2992 999 apud
3026 932 3407 1002 imperatores,

1831 1030 2063 1084 quorum
2092 1018 2373 1085 potentior
2406 1028 2489 1072 est
2516 1020 2901 1087 principalitas
2930 1037 3024 1075 seu
3061 1032 3303 1091 potestas
3327 1042 3413 1080 su-

1832 1122 2040 1176 prema.
2074 1108 2235 1178 Atqui
2277 1125 2504 1165 necesse
2526 1121 2609 1165 est
2637 1112 2823 1167 ﬁdeles
2848 1129 2912 1167 ex
2945 1117 3198 1171 omnibus
3223 1116 3412 1172 Eccle-

1829 1200 1926 1253 siis
1950 1198 2176 1255 Romam
2204 1203 2417 1267 venire,
2450 1213 2509 1257 ut
2531 1219 2755 1258 causam
2782 1204 3221 1262 Christianorum
3247 1217 3412 1278 agant

1829 1291 1971 1358 apud
2006 1292 2386 1360 imperatores,
2408 1310 2640 1364 quorum
2686 1298 2962 1365 potentior
3014 1308 3098 1353 cst
3127 1302 3409 1369 principa-

1829 1382 1975 1437 litas.
2008 1383 2177 1453 Igitur
2217 1387 2461 1440 omnium
2512 1388 2882 1443 Ecclesiarum
2928 1392 3117 1445 eadem
3168 1403 3251 1447 est
3282 1410 3403 1446 cum

1831 1472 2073 1526 Romana
2112 1474 2246 1528 ﬁdes
2298 1477 2618 1530 ettraditio.
2674 1476 2934 1533 Grabinm
2970 1480 3407 1549 ipsumjudiceut

1830 1564 1975 1628 volo,
2019 1564 2165 1634 quis,
2194 1564 2296 1618 nisi
2328 1566 2558 1632 delirus,
2588 1567 2661 1621 ita
2701 1570 3157 1636 argumentetur?
3192 1569 3407 1638 Suppo-

1828 1670 2023 1709 namus
2047 1658 2384 1719 econtrario,
2423 1656 2684 1712 Irenaeum
2719 1661 3084 1726 argumentari
3118 1675 3183 1714 eo
3224 1661 3402 1726 modo,

1829 1761 1938 1815 quo
1955 1748 2319 1817 argumentari
2342 1750 2592 1817 superius
2614 1750 2985 1804 demonstravi
3007 1768 3022 1816 ;
3044 1751 3123 1805 sic
3142 1752 3406 1819 procedet

165 1855 296 1892 meus
318 1842 517 1895 scribit
545 1858 772 1899 necesse
824 1860 965 1910 esse,
996 1845 1180 1902 ﬁdeles
1205 1849 1496 1904 convenire
1528 1852 1593 1904 ad
1611 1851 1721 1905 Ro-

1827 1848 2224 1907 argnmeutum.
2250 1838 2450 1893 Earum
2483 1840 2844 1894 Ecclesiarum
2872 1858 2974 1894 una
3010 1852 3064 1896 et
3086 1843 3277 1896 eadem
3310 1852 3395 1897 est

164 1944 379 1996 malum,
415 1948 529 1985 non
569 1936 785 1996 urbem,
822 1936 916 1989 sed
962 1936 1276 1992 Ecclesium.
1314 1937 1512 2008 thttid
1563 1941 1726 2009 igitur

160 2023 453 2088 verbisejus
481 2025 597 2077 vim
620 2036 865 2092 apertam
888 2024 1195 2093 inferendo,
1218 2045 1314 2098 per
1336 2049 1354 2080 ‹
1379 2029 1676 2085 Ecclesium
1701 2050 1719 2084 ι

158 2112 371 2166 Granius
398 2115 637 2183 intelligi
666 2116 778 2168 vult
798 2118 1044 2171 (urbem?
1065 2118 1143 2171 Ad
1180 2119 1479 2173 Romanam
1508 2120 1722 2183 urbem,

158 2216 203 2256 et
232 2207 451 2272 proinde
492 2207 823 2273 Ecclesium,
852 2229 872 2262 ι
916 2210 1014 2273 ait,
1052 2228 1069 2260 ι
1093 2212 1161 2264 ab
1196 2212 1446 2266 omnibus
1486 2213 1727 2283 undique

158 2299 398 2354 Ecclesiis
416 2301 834 2356 c0uveniehant
867 2302 1072 2358 ﬁdeles.
1100 2322 1117 2354 ι
1141 2302 1305 2370 Quasi
1331 2318 1458 2359 vero
1484 2305 1722 2359 Romana

156 2395 274 2447 urbs
299 2404 353 2448 et
376 2393 635 2446 Romana
669 2393 933 2461 Ecclesia,
959 2395 1098 2448 idem
1132 2411 1358 2465 prorsus
1401 2399 1482 2453 sic
1507 2383 1725 2462 sonent,

153 2497 207 2539 ut
228 2488 473 2555 quisquis
518 2488 711 2541 urbem
754 2487 960 2552 adibat,
997 2487 1142 2542 illico
1173 2489 1237 2541 ad
1269 2489 1569 2544 Ecclesiam
1596 2507 1728 2545 con-

150 2582 322 2635 venire
350 2580 631 2634 dicendus
652 2579 833 2633 esset?
864 2578 1023 2643 Ecce,
1056 2578 1316 2633 Romanae
1341 2582 1492 2637 urbis
1512 2624 1527 2647 ,
1564 2582 1723 2649 aulae,

150 2668 564 2737 imperatorum,
611 2684 677 2722 ne
728 2670 897 2725 verbo
927 2672 1143 2739 quidem
1178 2672 1438 2726 hactenus
1480 2675 1727 2729 meminit

148 2760 393 2825 Iren'eus,
439 2762 540 2817 sed
604 2762 772 2817 solius
809 2762 1063 2818 Ecclesiae
1119 2763 1412 2830 Romamn;
1449 2774 1503 2819 et
1539 2777 1722 2820 tamen

148 2850 297 2901 verba
332 2850 474 2911 haec,
518 2847 757 2922 [CXXII]
794 2852 856 2904 ob
887 2854 1223 2920 potentiorem
1264 2856 1720 2923 principalitatem,

148 2937 186 2990 si
213 2937 415 2995 Grabio
460 2940 623 3003 ﬁdes,
674 2956 781 2995 non
808 2942 872 2994 ad
908 2941 1229 3007 Ecclesium,
1272 2946 1338 3000 de
1363 2961 1465 3008 qua
1496 2962 1558 3000 ex
1598 2962 1723 3013 pro-

149 3033 279 3087 fesso
322 3048 644 3088 sermonem
700 3034 957 3099 instituit,
1000 3039 1093 3090 sed
1142 3037 1209 3091 ad
1247 3038 1471 3105 urbem,
1518 3040 1718 3107 aulam,

148 3125 533 3194 imperatores,
564 3142 801 3195 quorum
836 3127 979 3181 nulla
1028 3128 1173 3182 facta
1207 3139 1289 3184 est
1320 3133 1546 3195 mentio,
1589 3134 1724 3188 refe-

149 3221 306 3274 renda
336 3220 519 3274 sunt?
549 3220 749 3287 Ecquis
781 3220 1096 3274 stomachus
1124 3221 1357 3275 absurda
1394 3225 1505 3278 tunc
1526 3240 1723 3280 conco-

146 3325 305 3381 quere
353 3313 582 3367 valeat?
624 3311 757 3379 Quis
807 3329 910 3365 non
960 3313 1144 3367 videat
1179 3316 1515 3376 potentiorem
1570 3316 1719 3370 illam

147 3402 621 3472 principalitatem,
655 3414 714 3457 ut
745 3402 928 3474 legere
954 3388 1103 3457 amat
1141 3405 1222 3457 vir
1247 3404 1482 3468 clariss.,
1508 3406 1574 3459 ad
1600 3421 1719 3460 eam

147 3495 443 3550 Ecclesium
496 3495 797 3565 pertinere,
855 3496 921 3549 ad
973 3511 1135 3565 quam
1184 3496 1366 3552 ﬁdeles
1417 3514 1607 3552 onmes
1646 3501 1723 3554 sic

147 3587 436 3641 convenire
460 3585 696 3649 debent,
721 3596 781 3639 ut
809 3594 919 3640 tota
944 3588 1305 3641 conveniendi
1335 3590 1474 3641 ratio
1506 3588 1574 3642 sit
1609 3589 1719 3658 ipsa

146 3677 409 3744 potentior
440 3678 693 3743 ejusdem
740 3675 999 3731 Ecclesia:
1026 3676 1445 3745 principalitas?
1477 3678 1535 3731 5ο»
1567 3678 1725 3733 Deni-

146 3785 239 3838 que
271 3772 369 3839 (αι
396 3770 489 3822 hic
525 3782 708 3821 causa:
754 3768 922 3821 cardo
973 3767 1089 3837 est)
1126 3782 1326 3837 negare
1369 3783 1468 3823 nec
1521 3780 1721 3837 potest,

148 3878 233 3916 nec
263 3862 435 3916 audet
467 3860 730 3923 Grabius,
758 3860 889 3928 quin
912 3858 1102 3914 [renati
1136 3870 1250 3914 toto
1271 3860 1376 3915 hoc
1396 3864 1577 3931 capite
1609 3879 1724 3918 sco-

147 3959 322 4024 possit
357 3955 619 4024 probare,
642 3969 803 4006 uuam
840 3961 897 4008 ct
928 3954 1170 4007 eamdem
1206 3954 1257 4007 in
1301 3955 1448 4010 omni
1482 3955 1720 4011 Ecclesia

149 4051 495 4103 traditionem
533 4045 912 4115 apostolicam,
964 4057 1017 4099 et
1064 4047 1222 4099 tidem
1257 4061 1404 4110 esse,
1458 4063 1563 4117 qua
1594 4063 1721 4102 con-

146 4140 436 4193 fundantur
477 4153 671 4192 omnes
699 4137 982 4203 haeretici;
1016 4153 1135 4190 eam
1184 4150 1315 4191 vero
1340 4154 1534 4206 puram
1569 4149 1624 4193 et
1659 4139 1723 4193 il-

144 4233 361 4285 libatam
415 4247 516 4301 per
546 4230 863 4284 continuam
895 4232 1275 4299 episcoporqu
1312 4231 1717 4285 successionem

146 4323 202 4375 ad
223 4338 384 4375 suam
412 4337 589 4390 usque
619 4331 833 4373 aetatem
870 4335 1139 4374 manasse.
1172 4320 1306 4385 Quia
1332 4335 1458 4374 vero
1505 4322 1719 4391 longius

143 4428 186 4469 et
207 4417 499 4469 uiolestius
521 4416 718 4467 fuisset
741 4413 989 4466 onmium
1004 4424 1059 4467 et
1085 4412 1421 4482 singularum
1450 4411 1721 4467 Ecclesia-

1829 1946 1949 1985 cum
1975 1930 2213 1985 Rouuana
2249 1931 2382 1986 ﬁdes
2404 1942 2459 1985 et
2483 1933 2724 1997 traditio,
2749 1949 2884 2002 quas
2918 1950 3143 1989 necesse
3168 1945 3251 1990 est
3272 1950 3404 1989 cum

1827 2023 2024 2089 capite,
2054 2024 2192 2077 duce
2213 2030 2268 2077 et
2296 2023 2542 2093 principe
2578 2022 2850 2089 Romana,
2901 2025 3116 2079 czeteris
3154 2025 3406 2094 regendis

1828 2129 1858 2168 a
1894 2115 2004 2169 Deo
2029 2114 2305 2185 praefecta,
2329 2116 2645 2170 consentire
2669 2117 2722 2170 in
2752 2118 2916 2171 rebus
2950 2117 3073 2171 ﬁdei
3121 2126 3281 2186 atque
3307 2116 3409 2171 do-

1828 2209 2026 2262 ctrina.
2057 2208 2219 2277 Atqui
2248 2222 2473 2263 necesse
2495 2219 2581 2263 est
2604 2224 2793 2263 omnes
2820 2210 3117 2274 Ecclesias,
3142 2225 3235 2265 seu
3260 2210 3404 2279 quod

1827 2300 1969 2355 idem
2000 2309 2103 2366 est,
2127 2300 2314 2356 ﬁdeles
2347 2315 2557 2367 omnes,
2578 2317 2642 2355 ex
2666 2316 2994 2372 quocunque
3023 2302 3158 2365 loco,
3185 2303 3403 2372 regione

1828 2400 1924 2445 aut
1956 2400 2119 2462 gente
2141 2390 2274 2456 sint,
2301 2406 2423 2444 cum
2456 2390 2699 2444 Romana
2734 2391 2976 2446 Ecclesia
3024 2390 3265 2446 omnium
3313 2404 3407 2445 ca-

1829 2485 1961 2555 pite,
2019 2484 2163 2539 duce
2215 2498 2283 2537 ac
2329 2484 2594 2554 principe,
2644 2484 2894 2553 regendis
2927 2483 3180 2538 omnibus
3213 2498 3243 2536 a
3294 2482 3406 2537 Deo

1829 2575 2455 2646 praefecta,consentire.
2509 2573 2764 2630 Ontniutn
2816 2576 2982 2645 igitur
3034 2575 3402 2629 Ecclesiarutu

1828 2669 2019 2723 eadem
2046 2678 2130 2722 est
2161 2683 2283 2722 cum
2321 2667 2565 2722 Romana
2603 2668 2737 2721 ﬁdes
2774 2675 2829 2721 et
2862 2667 3124 2732 traditio;
3180 2683 3243 2721 ac
3275 2682 3405 2737 pru-

1827 2760 1951 2813 inde
1974 2774 2095 2813 cum
2121 2775 2186 2813 ex
2216 2760 2510 2813 traditione
2536 2759 2696 2829 hujus
2720 2759 2979 2814 Ecclesia:
3001 2758 3408 2814 confundantur

1826 2852 2060 2906 haeretici
2087 2867 2294 2911 omnes,
2313 2862 2366 2903 et
2384 2853 2741 2917 schismatici,
2772 2868 2834 2905 ex
2863 2867 3131 2907 consensu
3158 2854 3401 2907 onniium

1824 2942 2190 2998 Ecclesiarum
2226 2941 2484 2998 confundi
2528 2944 2841 2999 necessario
2867 2943 3241 3013 consequitur.
3272 2943 3382 3001 Ju-

1825 3036 1971 3090 dicet
1998 3036 2248 3106 quisquis
2276 3052 2465 3106 aequus
2495 3053 2676 3090 rerum
2702 3039 3025 3102 aestimator,
3051 3047 3105 3093 et
3129 3038 3403 3108 posterius

1830 3128 1933 3182 hoc
1962 3137 2368 3197 argumentum,
2402 3130 2545 3198 quod
2574 3129 2759 3182 lrenaei
2790 3143 2913 3183 esse
2946 3130 3140 3184 merito
3170 3139 3401 3184 conten-

1826 3223 1962 3276 dunt
1985 3220 2276 3285 Catholici,
2308 3237 2431 3276 cum
2455 3238 2519 3277 eo
2559 3222 2828 3286 conferat,
2862 3224 3007 3291 quod
3042 3223 3400 3278 sanctissimo

1825 3312 2049 3381 martyri
2073 3311 2308 3367 Grabius
2338 3310 2580 3382 aﬁingit:
2616 3313 2718 3367 nisi
2742 3321 2934 3382 sponte
2961 3314 3216 3366 caecutire
3242 3312 3396 3374 velit,

1827 3403 2060 3457 fateatur
2087 3419 2310 3459 necesse
2333 3415 2440 3471 est,
2470 3414 2731 3475 quantum
2753 3406 2853 3459 hoc
2880 3406 3084 3459 Irenaeo
3108 3415 3395 3473 repugnat.

1827 3504 2033 3549 tantum
2060 3497 2113 3549 in
2144 3496 2233 3550 illo
2257 3510 2439 3550 secum
2465 3497 2647 3550 omnia
2675 3498 3009 3559 consentire,
3040 3505 3093 3549 et
3115 3498 3181 3550 ad
3204 3496 3399 3552 lrenaei

1824 3602 2072 3658 scepum,
2098 3590 2404 3643 doctrinam
2436 3601 2490 3642 et
2530 3590 2907 3644 antecedentia
2938 3591 3072 3644 mire
3098 3590 3397 3659 quadrare.

1891 3678 1983 3733 55.
2014 3679 2143 3745 Sed,
2184 3680 2358 3748 inquit
2397 3679 2652 3745 Grabius,
2686 3679 2941 3733 Ecclesite
2966 3682 3221 3734 Rotuanaa
3270 3688 3386 3734 tan-

1823 3780 1936 3826 tum
1968 3772 2143 3837 abest,
2173 3781 2232 3825 ut
2271 3772 2504 3826 Irenatus
2538 3772 2909 3840 semetipsum,
2931 3772 3176 3841 aliosque
3205 3771 3394 3827 ﬁdeles

1824 3865 1957 3917 adeo
1988 3863 2281 3917 obstrictos
2306 3864 2798 3925 existimaveritmt
2820 3863 3036 3931 pttbliCu
3075 3863 3222 3917 facto
3257 3878 3391 3917 con-

1824 3954 2051 4006 trarium
2078 3953 2492 4006 existimaverit.
2518 3950 2654 4005 Cum
2677 3953 2820 4006 enim
2848 3953 3081 4006 Asianus
3113 3952 3389 4007 Ecclesias

1825 4042 2009 4097 Victor
2034 4058 2169 4112 papa
2188 4058 2216 4097 a
2240 4045 2622 4099 communione
2638 4043 2982 4106 resecuisset,
3016 4044 3160 4112 quod
3185 4043 3392 4097 Pascha

1821 4136 2079 4191 Ecclesim
2108 4134 2371 4188 Romana:
2412 4149 2563 4189 more
2604 4134 2887 4189 celebrare
2918 4145 3241 4201 renuerent;
3282 4152 3389 4189 non

1822 4228 1892 4282 ob
1926 4226 1978 4280 id
2035 4226 2269 4278 Asianos
2316 4224 2576 4292 praesules
2630 4226 2911 4296 redarguit
2944 4226 3197 4293 lrenasus,
3250 4226 3394 4296 quod
3454 4211 3463 4220 ’

1821 4331 2030 4371 morem
2078 4315 2315 4385 pontiﬁci
2348 4330 2538 4384 gerere
2570 4315 2962 4381 detrectarent,
2998 4331 3096 4370 nec
3138 4316 3391 4369 hortatur

1821 4418 1881 4461 ut
1908 4407 1977 4462 ab
1994 4407 2251 4462 Ecclesia:
2266 4406 2525 4462 Ronranm
2546 4408 2925 4461 communione
2944 4421 3001 4462 se
3022 4407 3163 4461 nulla
3186 4406 3397 4460 ratione

144 4525 247 4563 rum
276 4507 671 4563 successiones
701 4506 1037 4577 episc0pales
1064 4521 1405 4568 enumerare,
1467 4505 1717 4561 sufﬁcere
1750 4516 1792 4571 ι)
1823 4500 2006 4554 divelli
2044 4501 2355 4570 patiantur;
2384 4501 2478 4554 sed
2502 4502 2681 4569 potius
2705 4499 2976 4553 Victorem
3008 4501 3182 4567 ipsum
3216 4498 3399 4551 incre-

145 4604 179 4654 si
206 4604 376 4657 unius
406 4600 666 4655 Ecclesiae
699 4598 954 4652 Romana:
972 4598 1263 4663 successio,
1291 4614 1385 4667 per
1407 4614 1568 4669 quam
1593 4614 1721 4666 apo-

144 4698 325 4752 stolica
365 4694 591 4748 traditio
634 4693 881 4760 pervenit
909 4705 1081 4759 usque
1127 4691 1193 4744 ad
1225 4691 1355 4745 illud
1402 4708 1599 4756 aevum,
1635 4708 1721 4747 re-

144 4800 467 4853 censeatur;
504 4786 630 4853 quia
662 4787 854 4839 eadem
887 4792 969 4838 est
998 4783 1231 4836 aliarum
1259 4783 1505 4836 omnium
1536 4782 1722 4837 Eccle-

144 4886 340 4937 siarum
368 4895 495 4934 cum
528 4879 770 4931 Romana
804 4879 936 4932 lides
962 4887 1017 4931 et
1065 4878 1306 4932 traditio.
1353 4876 1719 4942 Quamobrem

148 4976 409 5031 recensita
456 4971 839 5039 episcoporum
900 4968 1272 5023 Romanorum
1326 4967 1719 5032 successione,

145 5065 447 5119 concludit:
485 5082 505 5115 ι
545 5061 655 5117 l-lac
676 5060 1021 5116 ordinatione
1046 5068 1100 5114 et
1119 5058 1485 5121 successione,
1514 5075 1575 5112 ea
1599 5071 1720 5126 qua!

143 5170 213 5213 est
254 5159 329 5213 ab
365 5156 653 5227 apostolis,
686 5155 738 5208 in
784 5152 1024 5208 Ecclesia
1062 5153 1322 5218 traditio,
1378 5161 1433 5206 et
1470 5150 1720 5205 veritatis

145 5251 470 5320 prteonatio
494 5247 742 5316 pervenit
768 5260 939 5314 usque
969 5245 1034 5298 ad
1061 5259 1179 5296 nos.
1210 5242 1272 5296 Et
1296 5255 1382 5296 est
1404 5242 1715 5311 plenissima

144 5345 239 5397 haec
265 5343 540 5402 ostensio,
566 5355 727 5391 unam
764 5345 818 5390 et
846 5337 1090 5388 eamdem
1116 5335 1523 5389 viviﬁcatricetn
1559 5334 1719 5387 ﬁdem

143 5451 267 5501 esse,
293 5451 420 5504 qua:
448 5435 504 5487 in
558 5432 803 5486 Ecclesia
850 5429 919 5482 ab
950 5427 1208 5498 apostolis
1251 5443 1422 5498 usque
1469 5444 1612 5482 nunc
1646 5426 1718 5481 sit

143 5537 481 5585 conservata,
512 5535 569 5579 et
594 5525 793 5577 tradita
822 5523 874 5575 in
900 5522 1158 5575 veritate.
1192 5539 1211 5573 ι
1249 5519 1503 5573 Eamdem
1536 5528 1717 5572 autem

148 5624 363 5675 aliarum
395 5618 770 5674 Ecclesiarum
819 5630 943 5669 cum
980 5614 1223 5669 Romana
1267 5613 1425 5668 ﬁdem
1458 5622 1514 5665 et
1543 5612 1716 5666 tradi-

149 5713 333 5768 tionem
367 5726 492 5766 esse
522 5725 591 5764 ex
623 5722 691 5764 eo
720 5708 917 5777 probat
950 5704 1204 5768 Irena‘us,
1239 5704 1381 5773 quod
1415 5705 1482 5759 ad
1511 5703 1715 5756 Roma-

150 5822 257 5860 nam
287 5804 600 5861 Ecclesiam
656 5807 883 5870 propter
940 5797 1201 5867 potiorem
1255 5794 1715 5866 principalitatem

1827 4593 1998 4662 pavit,
2029 4592 2172 4660 quod
2197 4592 2440 4660 integras
2470 4591 2764 4657 Ecclesiae,
2796 4606 3000 4647 morem
3030 4590 3130 4644 sibi
3155 4604 3185 4642 a
3218 4588 3395 4657 majoo

1826 4688 1983 4739 ribus
2025 4685 2286 4739 traditutn
2346 4686 2735 4747 custodientes,
2799 4700 2829 4737 a
2882 4682 3264 4738 communione
3291 4681 3389 4736 ab-

1824 4778 2102 4840 scidisset,
2137 4785 2198 4830 ut
2230 4776 2328 4845 ipsi
2364 4776 2616 4845 superius
2639 4791 2703 4830 ex
2740 4773 2969 4830 Eusebio
2995 4785 3049 4826 et
3090 4774 3211 4828 aliis
3245 4776 3393 4827 retu-

1825 4869 2007 4924 limus.
2040 4869 2337 4925 Doleudum
2366 4884 2496 4923 sane
2528 4871 2667 4938 quod
2697 4868 2930 4924 Grabins
2967 4866 3210 4921 futilibus
3252 4866 3392 4933 ejus-

1823 4963 1965 5017 modi
2016 4962 2579 5032 argumentationibus
2626 4961 2805 5016 deludi
2856 4975 2916 5014 se
2958 4962 3216 5030 patiatur.
3252 4960 3388 5026 Quae

1823 5056 2160 5125 comparatio
2186 5057 2394 5109 institui
2448 5066 2625 5125 potest
2655 5057 2799 5109 inter
2828 5069 2935 5121 res,
2963 5070 3085 5123 quae
3112 5054 3176 5107 ad
3228 5056 3389 5109 ﬁdem

1820 5150 2119 5218 pertinent,
2135 5160 2191 5204 et
2217 5150 2359 5203 inter
2390 5164 2503 5212 eas,
2525 5164 2644 5219 qua:
2666 5150 2732 5204 ad
2762 5149 3018 5204 Ecclesiae
3041 5148 3390 5218 disciplinam

1821 5242 2105 5308 spectant?
2139 5241 2272 5308 Quis
2312 5240 2523 5294 nesciat
2573 5252 2740 5296 totam
2790 5257 2909 5295 eam
2958 5241 3025 5296 de
3060 5242 3390 5298 celebrando

1820 5331 2091 5386 Paschate
2118 5332 2501 5401 quaestionem,
2534 5332 2599 5384 ad
2645 5332 2985 5402 disciplinam
3011 5334 3293 5401 duntaxat,
3324 5334 3392 5388 ad

1822 5425 1980 5478 ﬁdem
2012 5424 2318 5479 nullatenus
2365 5424 2716 5491 pertinuisse,
2744 5435 2799 5479 et
2828 5424 3018 5478 eadem
3054 5439 3270 5493 semper
3302 5426 3388 5478 in-

1824 5526 1904 5570 ter
1933 5516 2296 5583 disputantes,
2329 5530 2392 5569 ac
2432 5513 2599 5568 illaesa
2628 5525 2882 5570 manente
2919 5514 3023 5569 ﬁde
3065 5516 3260 5586 agitari
3287 5529 3390 5587 po-

1821 5609 2022 5663 tuisse?
2050 5608 2214 5662 Suam
2244 5608 2462 5676 quidem
2500 5620 2731 5677 utraque
2764 5624 2892 5677 pars
2918 5610 3244 5663 sententiam
3280 5620 3390 5664 tra-

1820 5702 2025 5756 ditione
2077 5700 2369 5769 apostolica
2420 5701 2706 5769 fulciebat;
2756 5704 2848 5757 sed
2881 5703 2962 5757 vel
3021 5704 3226 5761 tirones
3278 5721 3384 5761 non

1820 5793 1979 5862 fugit,
2029 5792 2162 5850 alias
2218 5808 2340 5848 esse
2403 5795 2727 5850 traditiones
2782 5795 3133 5866 apostolicas,
3165 5813 3285 5862 quae
3315 5798 3385 5853 ad
