3924 6354
546 316 651 370 985

1326 297 1925 360 DISSERTATIONES
1956 291 2259 350 PREVIE
2300 288 2366 343 IN
2404 282 2661 340 lRENIEl
2700 278 2962 336 LIBROS.
3284 338 3293 346 υ
3650 271 3737 327 285

547 431 706 483 ﬁdem
726 431 819 477 aut
850 438 1030 478 mores
1053 422 1344 492 pertinent,
1369 420 1508 475 alias
1523 433 1644 489 quae
1663 420 1729 472 ad
1747 416 2111 483 disciplinam;

2220 404 2448 475 portuit,
2480 403 2866 470 dispersasque
2905 408 3002 462 per
3040 390 3225 445 orbem
3261 387 3547 459 singulares
3580 388 3733 443 Eccle-

547 518 779 587 priores,
810 515 1029 571 easdem
1077 527 1294 584 semper
1323 522 1378 567 et
1433 511 1654 579 ubique,
1713 507 1845 561 nulli
1878 519 2114 573 unquam

548 606 839 662 mutationi
865 605 1132 660 obnoxias
1157 618 1309 669 esse;
1345 601 1682 672 posteriores
1724 613 1877 661 vero,
1903 612 2001 665 pro
2029 596 2114 649 di-

546 698 806 751 versitate
834 696 1073 748 locorum
1108 701 1162 747 et
1195 701 1522 760 temporum,
1568 686 1747 739 varias
1772 699 1897 739 esse
1934 698 2111 751 posse.

550 786 875 842 Posterioris
893 785 1051 854 hujus
1067 782 1284 853 generis
1304 781 1400 834 fuit
1424 779 1490 833 de
1509 777 1832 831 celebrando
1852 773 2117 829 Paschate

549 876 772 931 traditio
789 874 1111 944 apostolica.
1132 871 1317 926 Potuit
1341 869 1486 922 enim
1516 867 1619 921 alia
1644 881 1765 921 esse
1787 865 1841 919 in
1866 863 2113 925 Oriente,

548 968 652 1022 alia
684 983 814 1024 vero
846 969 897 1021 in
947 966 1241 1023 Occidente
1292 960 1659 1029 apostolorum
1711 955 1904 1024 agendi
1947 959 2111 1017 ratio,

549 1061 754 1130 ubique
783 1060 1042 1129 prudens,
1084 1063 1252 1124 atque
1287 1052 1557 1107 charitate
1591 1050 1747 1116 nixa;
1783 1063 1849 1102 ex
1878 1056 2113 1112 utraque

548 1157 730 1202 autem
759 1156 882 1200 nata
910 1146 997 1200 hic
1026 1152 1078 1198 et
1107 1144 1217 1198 illic
1247 1141 1398 1196 varia
1429 1140 1742 1210 disciplina,
1771 1153 1932 1207 quam
1959 1136 2114 1204 sequi

550 1238 730 1291 tandiu
768 1238 997 1291 liberum
1027 1234 1149 1297 fuit,
1175 1232 1413 1301 quaudiu
1435 1231 1766 1285 contrariam
1793 1230 1842 1282 in
1867 1227 2114 1283 conciliis

547 1330 661 1386 suis
694 1343 800 1383 non
832 1327 1044 1382 invexit
1094 1323 1423 1380 universalis
1462 1321 1724 1377 Ecclesia.
1773 1318 1944 1374 Porro
1989 1334 2110 1373 cum

548 1423 807 1487 dicimus,
869 1434 1092 1476 necesse
1159 1434 1280 1474 esse
1344 1430 1557 1470 omnem
1631 1413 1930 1468 Ecclesiam
1989 1425 2110 1464 eum

550 1514 792 1570 Romana
827 1512 1161 1576 consentire,
1197 1513 1261 1563 de
1298 1508 1456 1563 rebus
1485 1508 1606 1561 ﬁdei
1652 1507 1955 1574 loquimur;
2006 1518 2110 1557 non

547 1606 927 1661 contendimus
958 1619 1108 1668 vero,
1144 1614 1243 1656 nec
1294 1600 1626 1655 contendunt
1678 1596 1779 1667 ipsi
1830 1593 2114 1665 pontiﬁces

548 1698 800 1764 Romani,
826 1697 1075 1752 eamdem
1105 1711 1224 1750 esse
1252 1695 1448 1750 debere
1470 1694 1711 1748 omnium
1741 1689 2110 1745 Ecclesiarum

549 1807 674 1846 cum
702 1790 945 1845 Romana
969 1788 1335 1858 disciplinam.
1363 1789 1427 1842 Et
1448 1787 1500 1841 in
1527 1787 1629 1840 hoc
1648 1798 1907 1855 peccasse
1925 1783 2111 1838 Victo-

552 1895 663 1935 rem
691 1894 881 1948 papam
903 1877 1308 1933 contendebant
1334 1876 1510 1939 multi,
1534 1875 1674 1943 quod
1696 1889 1724 1926 a
1748 1870 1994 1941 prudenti
2021 1869 2113 1923 de-

548 1986 825 2026 cessorum
847 1985 1069 2024 suorum
1115 1967 1422 2024 oeconomia
1458 1966 1799 2028 desciscens,
1844 1962 2112 2016 Asiaticas

551 2064 822 2118 Ecclesias
845 2065 910 2117 ad
934 2065 1189 2116 Romana:
1213 2075 1415 2114 morem
1438 2069 1494 2113 et
1516 2056 1856 2126 disciplinam
1880 2054 2115 2108 obstrin-

550 2172 676 2226 gere
695 2157 992 2211 voluisset:
1028 2166 1213 2209 contra
1251 2164 1416 2220 atque
1444 2159 1729 2205 senserant
1765 2146 2112 2214 fecerantque

551 2251 759 2319 priores
790 2249 1078 2320 pontiﬁces
1109 2246 1361 2306 Romani,
1387 2244 1584 2312 aliique
1615 2242 1779 2296 totius
1801 2238 2113 2294 Occidentis

446 2349 465 2365 ‘
550 2344 829 2414 praesules,
864 2342 954 2412 qui
982 2342 1181 2395 nullam
1200 2355 1261 2394 ea
1284 2340 1349 2393 de
1370 2354 1423 2392 re
1447 2338 1594 2391 litem
1615 2335 1869 2389 Asiaticis
1892 2349 2115 2389 moven-

551 2438 675 2491 dam
702 2449 821 2490 esse
860 2434 1126 2487 hactenus
1171 2439 1519 2485 censuerant.
1550 2426 1701 2481 Unde
1757 2426 2015 2479 decenter
2047 2422 2114 2476 ab

551 2527 755 2582 Irenaeo
802 2525 1061 2586 monitus,
1094 2533 1155 2577 ut
1201 2521 1441 2590 loquitur
1470 2520 1761 2583 Eusebius,
1786 2518 1852 2570 ab
1896 2516 2113 2584 incepto

552 2622 737 2678 statim
767 2619 1185 2686 destitit,pacem
1204 2615 1423 2668 Asianis
1452 2611 1714 2674 restituit,
1740 2624 1840 2663 nec
1860 2610 2117 2678 deinceps

551 2711 925 2769 sollicitandos
962 2722 1080 2762 esse
1111 2702 1469 2759 existimavit.
1494 2699 1601 2754 Sed
1630 2713 1791 2767 quam
1824 2695 2114 2751 infeliciter

552 2806 619 2859 ab
646 2820 709 2859 ea
741 2802 965 2858 historia
996 2808 1371 2869 argumentum
1401 2793 1830 2865 petiitGrabius,
1866 2801 1973 2846 tam
1999 2790 2116 2844 feli-

550 2899 688 2952 citer
723 2897 859 2950 idem
893 2894 1155 2949 adversus
1187 2892 1360 2959 ipsum
1422 2886 1727 2957 retorqueri
1762 2894 1965 2954 posset.
1996 2881 2114 2936 Nisi

549 2989 693 3042 enim
730 2985 930 3041 Vit-tori
967 3000 1119 3053 papa:
1160 2979 1467 3049 jurisdictio
1497 2979 1548 3031 in
1572 2976 1871 3032 orientales
1919 2973 2113 3028 Eccle-

2219 496 2331 550 sias
2356 507 2541 548 secum
2585 490 2819 543 invicem
2874 484 3036 537 unius
3064 492 3117 537 et
3151 482 3386 551 ejusdem
3443 482 3738 535 communio.

2219 584 2303 638 nis
2338 579 2573 635 vinculis
2605 577 2886 647 colligari;
2929 574 3070 643 quod
3124 572 3238 625 ﬁeri
3286 586 3389 626 non
3428 572 3610 640 potuit,
3655 571 3740 623 nisi

2217 675 2527 729 interventu
2562 672 2722 724 unius
2767 667 3040 731 Ecclesiae,
3071 680 3191 735 qua
3226 666 3399 718 instar
3439 661 3605 717 centri
3643 664 3741 714 uni-

2219 766 2346 820 tatis
2392 777 2617 820 caeteras
2656 777 2849 817 omnes
2874 771 2927 813 et
2954 761 3056 814 sibi
3098 768 3152 815 et
3178 774 3359 812 secum
3407 756 3620 810 invicem
3646 755 3741 810 col-

2218 860 2431 929 ligaret.
2461 856 2718 925 Quisquis
2748 870 2872 909 vere
2899 852 3164 923 spiritalis
3189 858 3294 915 est,
3324 849 3449 904 huic
3476 849 3562 901 uni
3588 848 3745 902 Eccleo

2217 950 2312 1004 sia:
2344 947 2691 1003 immobiliter
2717 944 3051 1009 adhaerebit,
3087 959 3186 998 nec
3236 942 3304 996 ab
3331 942 3547 995 unitatis
3582 948 3746 995 centro

2216 1040 2396 1094 divelli
2427 1055 2485 1094 se
2523 1039 2631 1093 ulla
2666 1054 2898 1107 unquam
2944 1038 3150 1091 ratione
3179 1036 3413 1104 patietur
3452 1049 3467 1085 :
3505 1034 3626 1097 imo,
3654 1033 3748 1087 Ire-

2216 1146 2332 1185 naeo
2369 1140 2503 1186 teste
2530 1131 2595 1197 ⁸³,
2638 1149 2656 1180 ‹
2685 1129 2977 1196 judicahit,
3016 1147 3035 1179 ›
3071 1126 3458 1193 damnabitque
3510 1142 3527 1175 ι
3563 1138 3648 1178 eos
3671 1125 3746 1192 qui

2215 1222 2507 1275 schismata
2552 1226 2866 1289 operantur,
2919 1219 3011 1288 qui
3075 1225 3204 1272 sunt
3246 1218 3473 1280 inanes,
3516 1229 3613 1267 non
3668 1213 3749 1265 ha-

2217 1314 2406 1367 bentes
2451 1311 2540 1365 Dei
2573 1312 2934 1375 dilectionem,
2964 1323 3227 1378 suamque
3272 1307 3551 1361 utilitatem
3594 1306 3748 1374 potius

2215 1404 2650 1467 considerantes,
2680 1417 2840 1469 quam
2896 1401 3154 1453 unitatem
3203 1396 3456 1451 Ecclesiae
3495 1414 3508 1449 :
3548 1404 3599 1449 et
3644 1410 3750 1464 pro-

2215 1509 2336 1566 pter
2365 1498 2605 1552 modicas
2638 1508 2691 1551 et
2719 1497 2989 1566 quaslibet
3032 1508 3247 1561 causas,
3291 1507 3538 1562 magnum
3578 1499 3626 1544 et
3656 1490 3752 1559 glo-

2216 1589 2424 1643 riosum
2453 1605 2649 1657 corpus
2680 1588 2878 1643 Christi
2910 1585 3290 1650 conscindunt,
3325 1596 3381 1638 et
3414 1583 3667 1647 dividunt,
3690 1593 3751 1647 et,

2216 1691 2479 1752 quantum
2527 1681 2579 1734 in
2610 1680 2742 1749 ipsis
2767 1688 2870 1745 est,
2902 1679 3231 1733 interﬁciunt
3264 1691 3280 1729 :
3332 1691 3519 1744 pacem
3556 1676 3754 1744 loquen-

2216 1784 2330 1839 tes,
2386 1781 2439 1828 et
2480 1772 2678 1828 bellum
2734 1780 3079 1840 operantes:
3137 1786 3265 1825 vere
3317 1770 3583 1837 liquantes
3645 1766 3755 1820 culi-

2214 1881 2351 1926 cem,
2388 1875 2444 1918 et
2489 1863 2756 1918 camelnm
2806 1860 3271 1932 trausglutientes.
3315 1860 3470 1913 Nulla
3525 1860 3656 1912 enim
3698 1857 3752 1908 ab

2213 1958 2295 2010 eis
2347 1966 2493 2008 tanta
2551 1965 2730 2024 potest
2768 1954 2885 2008 ﬁeri
2932 1954 3220 2017 correctio,
3256 1965 3460 2019 Quanta
3515 1960 3595 2005 est
3629 1951 3754 2005 schi-

2214 2048 2401 2102 smaiis
2447 2046 2736 2114 pernicies.
2774 2062 2793 2096 ›
2849 2043 3085 2097 Maxime
3128 2042 3476 2113 ponderanda
3529 2049 3645 2093 sunt
3684 2055 3756 2106 po-

2215 2151 2416 2192 strema
2461 2139 2574 2191 haec
2602 2137 2765 2190 verba
2811 2153 2827 2189 :
2867 2156 2883 2185 ι
2922 2135 3075 2188 Nulla
3104 2150 3134 2189 a
3167 2154 3185 2185 ο
3228 2133 3607 2193 schismatieis,
3644 2131 3757 2183 iisve

2213 2231 2486 2293 omnibus,
2523 2229 2611 2298 qui
2644 2229 2711 2282 ab
2742 2243 2843 2281 una
2888 2226 3148 2281 cathedra
3180 2236 3549 2289 secesserunt,
3585 2241 3603 2272 ‹
3631 2230 3755 2274 tanta

2217 2324 2329 2377 ﬁeri
2355 2332 2533 2392 potest
2566 2308 2860 2384 correctio,
2892 2331 3097 2388 quanta
3145 2329 3228 2371 est
3265 2316 3577 2371 schismatis
3611 2312 3758 2383 perni-

2215 2415 2348 2468 cies.
2387 2431 2406 2464 ι
2445 2411 2839 2479 Quamcunque
2889 2425 3019 2479 ergo
3068 2409 3443 2463 correctionem
3486 2406 3669 2459 fecisse
3709 2419 3757 2456 se

2216 2503 2518 2573 glorientur
2568 2502 2749 2552 inanes
2797 2499 3062 2562 homines,
3097 2498 3211 2550 lucc
3263 2494 3561 2548 schismatis
3609 2491 3758 2559 perni-

2215 2597 2343 2649 ciem
2384 2595 2690 2663 adazquare,
2749 2599 2803 2646 et
2839 2604 2981 2654 eam,
3041 2604 3201 2657 quam
3256 2587 3458 2647 fecere,
3505 2582 3759 2634 charilalis

2212 2684 2482 2753 iacturam
2514 2698 2869 2753 compensare
2898 2696 3175 2750 nunquam
3212 2686 3411 2749 potest.
3436 2677 3481 2707 ⁸⁸
3509 2674 3605 2742 Qui
3634 2672 3759 2723 enim

2218 2778 2286 2832 ab
2316 2778 2524 2831 unitate
2555 2775 2831 2838 desciscit,
2870 2790 2899 2827 a
2927 2773 3194 2827 charitate
3237 2767 3761 2832 excidit,amittitque

2222 2870 2614 2940 «praseipuuun
2638 2867 2768 2920 illud
2793 2885 2811 2917 ι
2834 2864 3137 2919 dilectionis
3168 2876 3385 2919 munus,
3404 2860 3542 2928 quod
3561 2865 3639 2913 est
3658 2869 3758 2924 pre-

2219 2963 2409 3017 tiosius
2433 2976 2591 3031 quam
2612 2959 2837 3027 agnitio,
2853 2953 3140 3026 gloriosius
3163 2962 3345 3005 autem
3375 2965 3536 3018 quam
3562 2946 3761 3029 prophe

550 3081 663 3135 sias
689 3077 903 3141 fuisset,
932 3088 1206 3143 nunquam
1228 3080 1378 3126 certe
1410 3071 1794 3132 commisisset,
1832 3077 1889 3122 ut
1920 3067 1986 3120 iis
2010 3066 2110 3118 im-
2139 3080 2182 3138 ο
2222 3055 2316 3120 lia.
2353 3053 2603 3109 omnibus
2647 3059 2824 3104 utilem
2855 3047 3081 3117 reliquis
3115 3044 3542 3100 Charismalibus
3592 3052 3758 3105 δυρετ·

548 3178 791 3240 peraret,
846 3183 908 3221 ac
957 3164 1216 3220 Ecclesia:
1247 3178 1361 3217 suae
1413 3176 1618 3215 morem
1664 3159 1815 3228 sequi
1867 3158 2109 3227 juberet.

548 3264 660 3318 Cur
701 3262 843 3315 enim
897 3261 1174 3314 Romanus
1226 3258 1511 3325 episcopus
1550 3254 1899 3322 Ephesinum,
1935 3261 2119 3306 etnon

551 3355 856 3424 Ephesinus
890 3353 1189 3406 Romanum
1232 3352 1319 3406 hic
1367 3351 1469 3404 sibi
1524 3349 1801 3403 subditum
1848 3361 1911 3401 ac
1956 3346 2118 3400 obse-

552 3461 695 3515 quen
708 3457 812 3499 tein
835 3445 1033 3498 habere
1050 3445 1198 3496 vult?
1222 3444 1329 3497 Cur
1348 3443 1627 3496 Romanus
1642 3439 1931 3508 episcopus
1947 3436 2119 3504 Ephe-

553 3540 731 3593 sinum
754 3545 809 3591 et
858 3552 961 3589 non
1011 3535 1312 3602 Epltesinus
1342 3535 1643 3588 Romanum
1671 3548 1699 3585 a
1727 3530 2117 3585 communione

554 3630 875 3686 abscindere
915 3628 1229 3699 praesumit?
1279 3628 1384 3682 Sed
1438 3642 1535 3681 cur
1568 3626 1677 3688 ille,
1728 3625 1774 3679 si
1824 3623 1964 3677 nulla
1992 3622 2117 3676 huic

554 3725 854 3779 auctoritas
880 3729 1017 3783 erat,
1039 3721 1284 3774 insanam
1311 3718 1543 3773 hominis
1565 3715 1931 3785 arrogantiam
1950 3730 2012 3768 ac
2033 3728 2122 3767 su-

554 3817 797 3886 perbiam
827 3830 933 3869 nou
958 3814 1206 3869 deridet?
1232 3811 1640 3881 Negatqnidem
1667 3808 1966 3875 Ephesinus
2003 3808 2120 3873 epi-

554 3923 776 3976 scopus,
811 3918 1011 3977 negant
1043 3916 1095 3960 et
1120 3904 1342 3965 Asiatici
1390 3902 1594 3967 exteri,
1619 3915 1684 3955 eo
1716 3912 1891 3971 usque
1933 3908 2121 3967 patere

555 3998 787 4054 Romani
808 3998 1080 4067 pontiﬁcis
1104 3997 1509 4059 auctoritatem,
1541 4003 1599 4046 ut
1631 4002 1863 4047 caeteros
1894 3991 1959 4043 ad
2006 3988 2118 4058 pri-

554 4101 735 4145 vatam
766 4090 1018 4144 Ecclesiae
1036 4104 1146 4143 suae
1171 4089 1511 4157 disciplinam
1544 4088 1887 4152 obstringere
1916 4082 2117 4152 possit;

504 4172 511 4179 ’
555 4185 649 4239 sed
680 4195 887 4238 tantum
916 4185 1072 4237 abest
1099 4182 1474 4236 auctoritatem
1508 4178 1764 4251 [CXXIII]
1810 4178 1981 4247 ipsam
2028 4193 2122 4231 ne-

556 4286 707 4347 gent,
737 4278 866 4345 quin
913 4274 1319 4345 potiusinbenti
1370 4283 1431 4327 ut
1474 4286 1570 4341 per
1620 4282 1788 4326 totmn
1843 4274 2118 4327 Orientem

556 4371 792 4443 synodos
823 4369 1057 4423 habeant
1079 4367 1338 4437 episcopi,
1372 4368 1422 4420 hi
1444 4368 1629 4421 statim
1662 4380 1864 4419 morem
1900 4376 2114 4433 gerunt,

557 4463 980 4535 pontiﬁcemque
997 4476 1208 4526 eorum,
1242 4476 1360 4528 quae
1390 4461 1441 4514 in
1481 4458 1729 4514 conciliis
1769 4459 1883 4516 suis
1904 4456 2124 4513 deﬁnie-

560 4566 706 4623 rant,
746 4570 829 4619 ea,
850 4571 956 4623 qua
980 4570 1075 4623 par
1095 4563 1232 4617 erat,
1260 4552 1562 4608 reverentia
1584 4551 1872 4604 certiorem
1891 4548 2119 4603 faciunt.

555 4645 667 4700 Iino
692 4648 926 4701 Irenzeus
958 4648 1091 4715 ipse,
1131 4647 1252 4701 licet
1283 4646 1443 4715 paulo
1491 4644 1839 4698 fervidiurem
1882 4640 2119 4697 Victoris

554 4739 731 4793 zelum
786 4755 891 4797 non
929 4739 1217 4808 probaret;
1254 4751 1359 4789 non
1423 4737 1700 4804 redarguit
1755 4745 1929 4788 tamen
1976 4737 2120 4804 quod

556 4831 795 4901 aliquam
830 4831 932 4886 sibi
968 4832 1018 4884 in
1048 4829 1353 4883 Orientales
1382 4829 1767 4882 auctoritatem
1800 4836 2116 4896 arrogaret:

557 4924 655 4978 sed
686 4933 866 4978 monet
891 4924 1178 4988 duntaxat,
1213 4922 1374 4991 idque
1404 4923 1642 4975 decenter
1689 4936 1754 4974 ac
1786 4931 2117 4983 reverenter,

559 5031 631 5071 ne
654 5031 713 5071 ea
732 5017 1055 5071 auctoritate
1075 5018 1125 5070 in
1148 5015 1395 5085 praesenti
1415 5014 1702 5069 occasione
1728 5014 1949 5075 abusus,
1982 5012 2123 5066 inte-

556 5124 683 5180 gras
701 5107 975 5161 Ecclesias
998 5108 1298 5162 immeritas
1314 5122 1344 5159 a
1364 5106 1741 5160 communione
1757 5105 2119 5159 abscinderet.

555 5204 705 5259 Adeo
735 5211 942 5255 certum
970 5210 1075 5265 est,
1102 5218 1168 5255 ne
1199 5202 1341 5269 ipsos
1368 5199 1610 5270 quidem,
1648 5200 1972 5269 quibuscum
2017 5198 2113 5251 Ec-

557 5295 724 5349 clesia
778 5290 1020 5345 Romana
1074 5290 1409 5360 gravissimae
1442 5287 1852 5343 intercedebant
1901 5295 2119 5338 contro-

555 5402 589 5440 v
628 5387 776 5449 rsite,
808 5384 1098 5452 primatum
1123 5381 1289 5444 illius,
1312 5381 1686 5435 auctoritatem
1718 5377 2121 5445 etjurisdictio-

561 5493 682 5533 nem
715 5491 915 5547 negare
952 5489 1116 5529 ausos
1150 5473 1338 5526 fuisse.

629 5569 720 5624 36.
763 5568 1055 5632 Nimirum,
1086 5573 1144 5619 ut
1183 5564 1316 5629 dixi,
1371 5577 1528 5617 unam
1570 5562 1868 5619 Ecclesiam
1914 5575 2031 5616 esse
2065 5547 2165 5615 ου⁸

629 5770 673 5802 ⁸⁸
703 5767 819 5824 Lib.
858 5783 929 5833 IV,
958 5782 1003 5820 c.
1048 5766 1137 5831 55,
1174 5783 1227 5821 n.
1267 5764 1319 5821 7.
1410 5764 1456 5797 ³⁸
1492 5765 1552 5820 Ν.
1587 5767 1638 5821 8.
1736 5765 1778 5795 ⁸⁷
1812 5761 1875 5819 Ν.
1910 5762 1964 5817 9.

2220 3146 2564 3202 eminentius.
2609 3163 2628 3195 ›
2685 3143 2855 3196 Porro
2880 3140 3173 3210 pretiosum
3220 3134 3349 3188 illud
3397 3148 3592 3187 munus
3628 3129 3764 3183 unius

2219 3242 2453 3309 corporis
2482 3238 2695 3303 Christi,
2726 3236 2865 3289 illius
2899 3232 3150 3286 videlicet
3176 3230 3459 3293 Ecclesiae,
3489 3228 3540 3281 in
3570 3242 3665 3295 qua
3694 3233 3765 3277 est

2222 3349 2324 3388 una
2374 3331 2657 3393 cathedra,
2690 3328 3022 3395 unitatisque
3056 3333 3329 3383 centrum,
3364 3322 3635 3373 character
3676 3324 3763 3368 est.

2226 3446 2244 3477 ι
2282 3426 2646 3493 Quapropter,
2684 3440 2703 3473 ι
2741 3420 2891 3475 addit
2928 3420 3164 3471 lrenaeus
3191 3415 3257 3479 ⁸⁷,
3302 3432 3319 3464 ‹
3362 3411 3603 3467 Ecclesia
3642 3404 3767 3459 omni

2219 3518 2274 3572 in
2308 3521 2427 3572 loco
2453 3518 2523 3572 ob
2554 3529 2697 3577 eam,
2732 3526 2891 3581 quam
2939 3508 3100 3562 habet
3146 3522 3273 3575 erga
3313 3504 3506 3568 Deum,
3548 3500 3769 3556 dilectio-

2217 3643 2363 3693 nem,
2421 3625 2816 3680 multitudinem
2873 3630 3171 3690 martyrum
3237 3618 3287 3670 in
3344 3617 3493 3671 omni
3552 3624 3765 3682 tempore

2219 3720 2500 3792 praemittit
2538 3717 2605 3771 ad
2635 3716 2883 3781 Patrem;
2917 3713 3139 3781 reliquis
3178 3710 3428 3765 omnibus
3456 3723 3564 3763 non
3594 3707 3769 3761 baben-

2222 3816 2365 3869 tibus
2389 3813 2530 3866 hanc
2552 3825 2661 3865 rem
2677 3809 2965 3863 ostendere
2977 3808 3115 3875 apud
3134 3804 3621 3874 se...0pprobrium
3642 3798 3764 3855 enim

2220 3922 2435 3969 eorum,
2464 3905 2553 3973 qui
2588 3903 3021 3971 persecutionem
3055 3900 3340 3970 patiuntur
3368 3907 3589 3968 propter
3629 3891 3768 3962 justi-

2223 4002 2375 4059 tiam.
2430 4009 2485 4053 et
2518 4011 2711 4051 omnes
2747 4010 2937 4065 ptenas
2989 3994 3283 4055 sustinent,
3305 4001 3363 4046 et
3393 3990 3768 4044 mortiﬁcantur

2223 4103 2444 4163 propter
2481 4104 2603 4145 eam
2644 4104 2764 4158 quae
2790 4099 2874 4143 est
2920 4102 3047 4156 erga
3103 4087 3305 4148 Deum,
3363 4083 3697 4139 dilectionem
3724 4086 3766 4129 et

2221 4185 2617 4239 confessionem
2648 4182 2768 4236 Filii
2794 4181 3049 4249 ejus,so|a
3077 4179 3312 4234 Ecclesia
3337 4192 3476 4246 pure
3504 4176 3762 4230 sustinet»

2293 4278 2383 4331 37.
2417 4277 2499 4332 Ab
2526 4292 2586 4330 ea
2600 4292 2741 4329 verte
2758 4274 3012 4330 Ecclesia:
3034 4282 3182 4340 nota,
3210 4267 3562 4331 unitate,ﬁuit
3589 4269 3760 4325 altera,

2224 4370 2491 4425 sanctitas
2512 4369 2780 4422 videlicet.
2800 4367 2997 4421 Sancta
3025 4363 3169 4419 enim
3198 4379 3301 4417 non
3318 4376 3441 4417 esse
3458 4376 3564 4415 non
3589 4364 3765 4427 potest.

2224 4476 2343 4530 qua:
2372 4463 2425 4515 in
2455 4460 2723 4514 charitate
2754 4458 2987 4511 radicata
3022 4465 3077 4509 et
3106 4454 3327 4507 fundata
3379 4464 3488 4516 est,
3521 4465 3637 4521 qua:
3665 4461 3770 4518 prec

2225 4558 2421 4610 tiosum
2457 4552 2587 4606 illud
2628 4550 2722 4603 Dei
2775 4563 2996 4609 munus,
3030 4546 3283 4601 omnibus
3335 4545 3563 4613 reliquis
3616 4537 3772 4594 chari-

2225 4646 2494 4702 smatibus
2533 4641 3049 4712 supereminentius,
3106 4638 3323 4707 proprio
3356 4637 3483 4707 jure
3521 4633 3767 4705 possidet.

2227 4741 2426 4796 Sancta
2459 4739 2530 4792 sit
2565 4750 2789 4791 necesse
2847 4743 2970 4796 est,
3016 4732 3170 4801 cujus
3222 4731 3394 4799 ipsum
3428 4730 3520 4784 Dei
3561 4725 3770 4781 Verbum

2225 4844 2387 4904 caput
2432 4842 2533 4887 est.
2574 4831 2728 4896 Nam,
2786 4839 2845 4883 ut
2900 4828 2977 4883 ait
3022 4836 3217 4880 auctor
3244 4832 3430 4879 noster
3455 4823 3524 4889 ⁸⁸,
3569 4841 3586 4873 ι
3625 4831 3772 4888 super

2226 4929 2407 4982 omnia
2438 4925 2658 4995 quidem
2692 4924 2877 4985 Pater,
2911 4933 2963 4976 et
2990 4922 3107 4990 ipse
3133 4928 3220 4973 est
3245 4914 3660 4986 caputChristi;
3692 4926 3774 4979 per

2228 5018 2413 5073 omnia
2439 5024 2622 5069 autem
2646 5013 2904 5077 Verbum,
2930 5021 2986 5065 et
3010 5012 3123 5080 ipse
3150 5018 3235 5063 est
3260 5015 3424 5074 caput
3453 5005 3724 5066 Ecclesiae;
3753 5020 3769 5050 ι

2232 5109 2498 5179 siquidem
2533 5126 2552 5159 ς
2599 5105 2833 5159 Verbum
2866 5105 3026 5159 homo
3064 5104 3313 5156 universa
3357 5100 3409 5153 in
3436 5098 3769 5165 semetipsum

2223 5198 2586 5269 recapitulans
2611 5207 2727 5251 est:
2766 5194 2841 5249 uti
2872 5196 3012 5249 sicut
3066 5194 3118 5246 in
3180 5189 3683 5260 superetelestihus,
3727 5191 3773 5232 el

2226 5292 2560 5358 spiritalibus
2586 5330 2601 5357 ,
2636 5298 2691 5343 et
2738 5286 3098 5339 invisibilibus
3151 5285 3403 5352 princeps
3436 5290 3522 5334 est
3554 5277 3771 5330 Verbum

2225 5388 2318 5442 Det
2348 5403 2362 5451 ;
2395 5384 2474 5440 sic
2505 5395 2560 5439 et
2595 5385 2648 5439 in
2675 5381 2981 5438 visibilibus
3009 5391 3066 5434 et
3099 5376 3479 5447 corporalibus
3508 5370 3773 5442 principa-

2229 5488 2339 5534 tum
2376 5480 2587 5543 habeat,
2623 5478 2677 5531 in
2712 5476 3064 5545 semetipsum
3101 5471 3461 5542 principatum
3484 5470 3770 5518 assumens,

2231 5583 2285 5626 et
2319 5586 2593 5641 apponens
2641 5568 2994 5637 semetipsum
3022 5574 3182 5633 caput
3216 5560 3468 5617 Ecclesia:
3488 5599 3503 5625 ,
3535 5555 3771 5611 universa

2064 5761 2111 5792 ⁸⁸
2141 5758 2262 5816 Lib.
2295 5776 2345 5825 v,
2374 5775 2491 5829 cap.
2524 5757 2607 5822 18,
2637 5773 2688 5810 n.
2724 5755 2789 5818 2;
2834 5752 2927 5805 lib.
2965 5766 3044 5814 Ill,
3078 5766 3127 5804 c.
3165 5748 3247 5812 ιδ,
3282 5764 3334 5800 n.
3379 5745 3428 5799 6.
