3924 6354
254 352 343 406 285
1140 353 1601 413 DlSSERTATlO
1639 355 1726 422 111,
1763 356 1854 411 DE
1891 355 2147 411 IRENASI
2182 355 2551 414 DOCTRINA.

3356 349 3464 406 286

253 465 469 520 aatrahat
495 462 561 515 ad
609 464 961 534 semetipsum
998 475 1124 535 apto
1167 478 1427 536 tempore.
1464 486 1486 519 ι
1545 468 1785 523 Ecclesia
1818 474 1862 529 Α
1891 485 1918 521 a
1943 468 2605 538 SimoneetCarpocrate,
2632 474 2687 521 et
2709 466 2751 521 si
2776 466 2866 535 qui
2892 465 2980 519 alii
3002 465 3461 534 virtutesoperari

253 559 400 629 igitur
427 575 447 608 ι
478 566 559 611 est
589 573 865 628 synagoga
903 559 1014 620 Dei,
1048 576 1210 628 quam
1246 560 1409 623 Deus,
1440 561 1541 615 hoc
1563 572 1667 623 est,
1702 561 1793 615 Fi-

252 651 340 707 lius
363 651 469 720 ipse
499 665 598 720 per
628 653 983 721 semetipsum
1008 653 1227 724 collegit
1248 654 1315 719 δ’,
1348 673 1364 705 ι
1397 669 1666 723 quamque
1696 670 1795 724 per

251 743 489 812 Spiritum
542 754 795 797 sanctum
829 744 932 799 sibi
972 746 1185 811 univit;
1217 744 1302 799 cui
1344 764 1363 797 ι
1414 747 1678 800 creditum
1707 756 1793 802 est

248 839 407 891 lumen
442 836 580 903 Dei;
617 855 638 889 ι
676 851 797 905 qua:
832 854 851 887 s
882 838 1085 905 ubique
1122 840 1383 907 praedicat
1418 842 1738 893 veritatem:
1767 857 1787 891 ι

246 928 531 999 ιπτὰμυξος
570 948 591 980 s
626 930 867 995 lucerna,
900 930 1102 984 Christi
1149 931 1395 1000 bajulans
1454 929 1633 985 lumen
1667 932 1735 986 '°.
1767 952 1788 986 ι

245 1022 493 1088 Quidquid
524 1022 694 1091 igitur
718 1023 874 1077 docet
895 1023 1157 1091 Ecclesia,
1182 1026 1444 1094 quidquid
1463 1026 1790 1079 credendum

246 1115 496 1183 proponit,
537 1117 804 1183 quidquid
844 1116 1150 1172 faciendum
1176 1120 1355 1187 jubet,
1386 1131 1630 1175 sanctum
1669 1130 1790 1186 est;

244 1218 405 1275 utpote
435 1209 794 1261 testimonium
820 1209 1017 1262 habens
1044 1227 1075 1263 a
1102 1210 1385 1279 prophetis,
1410 1221 1461 1265 et
1489 1212 1553 1264 ab
1576 1220 1793 1280 aposto-

242 1299 317 1358 fis,
342 1308 387 1350 et
415 1300 481 1351 ab
508 1301 754 1353 omnibus
785 1302 1063 1370 discipulis
1087 1318 1106 1365 ;
1142 1302 1196 1355 in
1223 1318 1287 1357 ea
1312 1302 1577 1370 siquidem
1611 1312 1794 1357 manet

244 1391 459 1460 Spiritus
495 1404 722 1447 sanctus
747 1434 764 1460 ,
814 1393 1193 1456 luminis,vit:e
1223 1406 1278 1450 et
1310 1395 1619 1449 sanctitatis
1649 1395 1789 1460 fons,

243 1484 319 1553 qui
348 1485 471 1540 huic
514 1486 690 1540 lucem
716 1527 732 1552 ,
785 1488 951 1540 vitam
982 1498 1035 1541 et
1071 1491 1414 1544 sanctitatem
1446 1505 1662 1544 omnem
1700 1491 1788 1543 in-

244 1574 415 1626 fundit.
481 1573 665 1639 Quare
699 1595 717 1627 ι
748 1575 898 1638 ﬁdes,
949 1592 1111 1646 quam
1158 1590 1466 1648 perceptam
1500 1583 1567 1635 ab
1602 1581 1792 1635 Eccle-

242 1662 311 1715 sia
340 1665 698 1731 custodimus,
723 1682 939 1735 semper
963 1684 990 1719 a
1018 1666 1222 1737 Spiritu
1250 1667 1371 1733 Dei,
1393 1673 1548 1738 quasi
1583 1673 1633 1725 in
1664 1687 1793 1727 vase

241 1758 365 1811 bono
394 1758 662 1811 eximium
706 1759 974 1825 quoddam
1008 1760 1313 1829 depositum
1365 1762 1670 1831 juvenescit
1694 1804 1708 1829 ,
1737 1775 1791 1818 et

235 1847 572 1915 juvenescere
605 1850 735 1903 facit
775 1852 951 1919 ipsum
977 1868 1095 1919 vas,
1129 1853 1180 1906 in
1218 1869 1327 1923 quo
1361 1866 1464 1909 est.
1503 1855 1614 1908 Hoc
1644 1856 1788 1909 enim

240 1941 477 1995 Ecclesia:
518 1943 791 1996 creditum
824 1954 907 1998 est
938 1945 1029 1998 Dei
1071 1961 1287 2009 munus,
1338 1947 1789 2015 quemadmodum

240 2029 504 2095 inspiratio
534 2030 885 2096 plasmationi
919 2074 934 2098 ,
973 2034 1041 2087 ad
1085 2033 1189 2089 hoc
1226 2042 1283 2087 ut
1316 2036 1499 2088 omnia
1548 2036 1789 2090 membra

238 2122 578 2190 percipientia
636 2123 1013 2190 viviﬁcentur;
1078 2134 1134 2180 et
1190 2128 1241 2181 in
1277 2142 1342 2182 eo
1397 2128 1654 2196 disposita
1708 2137 1792 2184 est

236 2214 649 2267 communicatio
696 2214 949 2281 Christi,
1001 2219 1052 2270 id
1102 2227 1186 2271 est
1249 2219 1484 2289 Spiritus
1533 2231 1787 2285 sanctus,

238 2304 379 2356 arrha
410 2304 827 2375 incorruptelze,
860 2317 914 2360 et
945 2309 1294 2363 conﬁrmatio
1326 2310 1447 2365 ﬁdei
1481 2323 1699 2375 nostrae,
1734 2322 1791 2366 et

237 2395 361 2447 scala
394 2398 751 2451 ascensionis
774 2400 839 2451 ad
867 2398 1055 2454 Deum.
1093 2419 1113 2453 ι
1149 2400 1218 2455 In
1247 2403 1481 2457 Ecclesia
1515 2405 1674 2470 enim,
1710 2405 1792 2457 in-

236 2486 355 2552 quit,
389 2489 574 2555 posuit
610 2488 754 2542 Deus
783 2490 1070 2556 apostolos,
1100 2493 1397 2562 prophetas,
1452 2498 1693 2550 doctores
1721 2498 1787 2562 9',

239 2589 331 2631 iet
363 2582 680 2634 universam
755 2582 1022 2650 reliquam
1089 2588 1462 2653 operationem
1515 2588 1786 2656 Spiritus;

233 2672 369 2741 cujus
396 2688 505 2725 non
545 2683 677 2727 sunt
710 2676 1006 2744 participes
1036 2694 1247 2743 omnes,
1282 2681 1373 2747 qui
1408 2695 1514 2733 non
1562 2692 1791 2736 currunt

234 2766 288 2817 ad
316 2764 645 2829 Ecclesiam,
683 2771 777 2822 scd
808 2772 1130 2841 semetipsos
1158 2772 1413 2827 fraudant
1470 2790 1498 2827 a
1531 2776 1659 2838 vita,
1697 2792 1794 2844 per

233 2860 547 2911 sententiam
580 2859 802 2924 malam,
840 2871 893 2916 et
921 2865 1289 2930 operationem
1344 2867 1654 2934 pessimam.
1688 2865 1787 2921 Ubi

231 2951 355 3005 enim
384 2951 663 3017 Ecclesia,
703 2953 773 3007 ibi
825 2963 880 3008 et
914 2955 1153 3022 Spiritus
1180 2956 1305 3021 Dei;
1337 2966 1391 3011 et
1416 2957 1502 3011 ubi
1554 2957 1792 3025 Spiritus

235 3043 333 3108 Dei,
367 3045 483 3099 illic
511 3044 784 3109 Ecclesia,
814 3059 870 3100 et
898 3048 1076 3103 omnis
1097 3050 1271 3118 gratia
1296 3068 1309 3102 :
1339 3050 1575 3118 Spiritus
1606 3059 1788 3104 autem

230 3137 432 3191 veritas.
471 3162 492 3189 ι

287 3229 371 3284 58.
402 3231 549 3285 Hinc
586 3231 864 3284 concludit
899 3230 1132 3286 lrenteus
1166 3234 1226 3287 l°
1255 3233 1455 3287 nullam
1502 3242 1653 3287 extra
1690 3248 1788 3287 ve.

232 3336 327 3375 ram
356 3323 565 3376 Christi
622 3322 921 3377 Ecclesiam
950 3364 964 3377 .
1008 3325 1224 3392 qualem
1258 3326 1527 3379 hactenus
1573 3340 1635 3378 ex
1673 3326 1791 3393 ipso

231 3415 631 3483 descripsimus,
668 3430 849 3469 veram
875 3416 1133 3471 doctrinae
1165 3432 1487 3485 morumque
1523 3418 1789 3471 sanctita-

232 3516 322 3560 tem
350 3523 475 3562 csse
496 3507 856 3576 qurerendam
884 3525 899 3573 ;
928 3524 1021 3563 eos
1051 3509 1271 3577 quippe,
1299 3510 1389 3577 qui
1422 3523 1526 3562 non
1562 3519 1791 3564 currunt

231 3598 287 3651 sd
319 3598 622 3653 Ecclesiam
652 3637 670 3663 ,
727 3598 815 3652 ubi
846 3598 1085 3668 Spiritus
1117 3599 1237 3663 Dei,
1276 3600 1597 3669 semetipsos
1637 3601 1787 3653 frau-

230 3690 343 3745 dare
370 3708 399 3745 a
426 3693 544 3745 vita
586 3700 639 3743 et
666 3691 813 3744 omni
861 3693 1062 3759 gratia,
1085 3707 1181 3759 per
1206 3695 1528 3747 sententiam
1568 3694 1788 3757 malam,

230 3790 276 3833 et
294 3782 674 3850 operationem
705 3781 1035 3848 pessimam;
1066 3801 1085 3832 ‹
1123 3798 1221 3835 nec
1250 3784 1579 3852 participare
1614 3784 1789 3851 Spiri-~

232 3879 325 3923 tum
361 3882 658 3935 sanctum;
699 3885 873 3938 neque
904 3886 932 3923 a
1006 3872 1259 3927 mamillis
1339 3875 1531 3927 matris
1589 3873 1786 3926 nutriri

233 3958 277 4011 in
309 3961 499 4026 vitam,
526 3975 711 4029 neque
740 3961 1022 4030 percipere
1072 3962 1137 4015 de
1170 3976 1399 4030 corpore
1424 3962 1628 4016 Christi
1663 3977 1788 4029 pro-

232 4050 493 4107 cedentem
553 4051 943 4105 nitidissimnm
976 4052 1217 4107 fontem:
1268 4054 1361 4107 sed
1411 4052 1647 4107 effodere
1687 4054 1789 4108 sibi

232 4144 363 4201 lacus
388 4146 632 4200 detritos
651 4145 715 4199 de
742 4146 899 4198 fossis
927 4146 1173 4209 terrenis,
1206 4156 1260 4200 et
1286 4149 1350 4202 de
1369 4162 1524 4201 coeno
1546 4147 1789 4215 putidam

232 4237 397 4293 bibere
430 4254 667 4308 aquam,
709 4236 1028 4307 effugientes
1062 4239 1221 4292 ﬁdem
1257 4239 1533 4303 Ecclesiaa,
1568 4256 1635 4293 ne
1677 4248 1789 4292 tra-

231 4328 521 4395 ducantur;
562 4329 872 4398 rejicientes
914 4346 1039 4384 vero
1072 4330 1337 4399 Spiritum
1365 4370 1381 4394 ,
1439 4340 1495 4383 ut
1524 4346 1628 4383 non
1661 4346 1789 4384 ern-

230 4422 451 4476 diautur.
488 4420 737 4475 Alienati
797 4436 923 4475 vero
953 4437 981 4474 a
1022 4423 1246 4477 veritate
1276 4463 1293 4489 ,
1348 4424 1509 4493 digne
1555 4424 1608 4477 in
1641 4423 1788 4477 omni

1896 560 2191 614 dicuntur:
2247 577 2351 614 non
2409 561 2463 614 in
2500 561 2700 613 virtute
2733 558 2847 621 Dei,
2898 574 3073 627 neque
3105 559 3156 612 in
3211 560 3463 621 veritate,

1897 664 2071 718 neque
2098 660 2157 703 ut
2190 649 2417 704 benefici
2448 650 2760 704 hominibus
2794 647 3055 703 facientes
3104 662 3188 712 ea,
3222 661 3343 718 qua
3378 646 3462 701 fa-

1893 744 2079 811 ciunt;
2113 747 2207 800 sed
2240 746 2291 800 in
2327 747 2628 816 perniciem
2683 756 2738 798 et
2766 759 3035 807 errorem,
3090 760 3188 813 per
3222 744 3465 813 magicas

1894 837 2169 892 elusiones
2203 848 2258 891 et
2286 839 2541 892 universa
2579 837 2802 900 fraude;
2833 837 2955 904 plus
2991 836 3265 899 lmdentes,
3295 852 3458 905 quam

1894 930 2185 983 utilitatem
2241 938 2569 999 praestantes
2594 929 2714 995 his,
2748 929 2837 998 qui
2872 930 3101 984 credunt
3130 930 3211 984 eis
3234 968 3251 995 ,
3298 931 3352 984 in
3396 945 3463 985 eo

1895 1024 2041 1092 quod
2077 1025 2364 1083 seducant.
2395 1038 2493 1077 nec
2528 1023 2673 1077 enim
2707 1026 2864 1077 (ειμι-ιε
2896 1034 3118 1093 possunt
3147 1026 3349 1079 donare
3380 1024 3464 1077 vi-

1893 1129 2037 1179 sum,
2075 1129 2248 1183 neque
2280 1115 2463 1169 surdis
2498 1116 2763 1178 auditum,
2796 1132 2971 1183 neque
3023 1131 3214 1170 omnes
3250 1116 3459 1171 daemo-

1893 1221 1988 1260 nes
2017 1204 2277 1276 eﬁ‘ngare,
2308 1215 2501 1274 praeter
2531 1220 2625 1260 eos
2662 1207 2754 1275 qui
2786 1208 2853 1261 ab
2881 1207 3013 1275 ipsis
3044 1207 3414 1262 immittuntur
3440 1246 3457 1270 ,

1893 1300 1935 1353 si
1989 1307 2168 1351 tamen
2199 1304 2253 1351 et
2288 1298 2391 1351 hoc
2419 1296 2647 1361 faciunt,
2681 1307 2789 1355 etc.
2820 1318 2840 1351 ι
2873 1298 3007 1352 Tum
3045 1301 3237 1368 probat
3284 1299 3461 1353 adhuc

1892 1400 2051 1445 astate
2076 1406 2201 1455 sua,
2240 1408 2259 1442 ι
2301 1391 2352 1443 in
2388 1390 2730 1445 fraternitate
2757 1391 3074 1460 stepissime,
3112 1400 3332 1460 propter
3365 1391 3463 1445 ali-

1893 1478 2019 1547 quid
2056 1479 2422 1533 necessarium
2461 1494 2545 1544 ea,
2575 1494 2695 1548 quze
2726 1490 2809 1535 est
2838 1482 2891 1534 in
2914 1494 3136 1549 quoquo
3167 1480 3307 1549 loco,
3350 1482 3459 1537 Ec-

1893 1569 2060 1625 clesia
2094 1570 2348 1623 universa
2387 1572 2694 1639 postulante
2721 1588 2817 1640 per
2850 1572 3106 1640 jejunium
3159 1584 3213 1627 et
3250 1575 3460 1643 suppli-

1892 1662 2159 1717 cationem
2204 1662 2453 1725 multam,
2488 1678 2767 1717 reversum
2809 1679 2931 1718 esse
2955 1664 3204 1731 spiritum
3239 1666 3457 1729 mortui,

1894 1763 1943 1808 et
1969 1752 2233 1825 [CXXIV]
2250 1753 2511 1807 donatum
2535 1768 2653 1807 esse
2682 1754 2951 1808 hominem
2976 1756 3309 1809 orationibus
3339 1772 3462 1810 san-

1894 1855 2136 1912 ctorum;
2173 1865 2193 1897 ι
2230 1844 2522 1915 pluresque
2555 1856 2797 1900 mortuos
2847 1847 2925 1900 sic
2977 1848 3363 1913 resurrexisse,
3399 1856 3462 1900 ut

1897 1953 1916 1986 ‹
1947 1937 2420 2004 perseveraverint
2437 1936 2742 2000 nobiscum,
2763 1936 3009 2005 inquit",
3036 1937 3189 1990 annis
3206 1937 3409 2001 multis;
3433 1954 3455 1988 ι

1892 2027 2159 2081 daemones
2192 2028 2395 2095 passim
2415 2042 2480 2081 ex
2511 2029 2865 2082 obsessorum
2890 2030 3215 2098 corporibus
3232 2029 3451 2097 expelli,

1892 2116 2141 2171 inﬁrmos
2175 2132 2271 2185 per
2307 2134 2567 2172 manuum
2605 2119 3006 2187 impositionem
3037 2122 3240 2187 curari,
3268 2137 3461 2175 sanes-

1889 2223 1995 2277 que
2024 2209 2262 2273 reStitui,
2299 2224 2362 2265 ac
2391 2210 2587 2264 multos
2619 2212 2669 2264 in
2698 2212 2939 2265 Ecclesia
2974 2213 3167 2280 videri,
3196 2214 3289 2282 qui
3322 2228 3460 2282 pra:-

1890 2299 2118 2352 scientia
2151 2300 2481 2364 futurorum,
2504 2301 2831 2365 visionibus,
2870 2302 3200 2358 dictionibus
3225 2306 3461 2373 prophe-

1892 2389 2015 2444 ticis
2036 2402 2087 2446 et
2104 2392 2549 2458 charismatibus,
2581 2394 2722 2448 dono
2742 2395 3071 2463 linguarum,
3091 2408 3224 2464 etc.,
3243 2399 3463 2467 conspi-

1889 2484 1978 2537 cui
2010 2493 2210 2539 essent.
2252 2502 2271 2534 ι
2305 2486 2350 2517 ’⁸
2382 2483 2450 2539 Ει
2478 2486 2607 2555 quid
2656 2488 2871 2542 autem?
2901 2488 3018 2542 Non
3052 2498 3139 2544 est
3171 2506 3457 2545 numerum

1891 2578 2072 2631 dicere
2118 2578 2414 2647 gratiarum
2466 2594 2607 2649 quas
2684 2594 2779 2648 per
2832 2582 3142 2636 universum
3199 2582 3459 2637 mundum

1893 2668 2134 2722 Ecclesia
2171 2685 2198 2721 a
2234 2668 2348 2721 Deo
2381 2670 2683 2737 accipiens,
2720 2672 2770 2723 in
2806 2673 3022 2727 nomine
3058 2673 3258 2727 Christi
3304 2670 3456 2739 Jesu,

1891 2762 2140 2816 cruciﬁxi
2167 2763 2267 2817 sub
2292 2761 2485 2817 Pontio
2508 2763 2706 2827 Pilato,
2736 2781 2830 2832 per
2854 2768 3094 2835 singulos
3119 2769 3238 2823 dies
3266 2769 3319 2823 in
3350 2771 3463 2835 opi-

1893 2854 2208 2908 tulationem
2249 2856 2492 2924 gentium
2552 2854 2791 2924 perlicit;
2832 2872 3008 2927 neque
3043 2860 3317 2915 seduceas
3354 2861 3461 2916 ali-

1890 2964 2069 3017 quem,
2104 2964 2204 3002 nec
2235 2950 2519 3018 pecuniam
2548 2950 2596 3003 ei
2632 2948 3008 3007 auferens.....
3042 2955 3135 3006 sed
3172 2955 3373 3009 munde
3405 2964 3462 3011 et

1891 3040 2181 3094 manifeste
2238 3040 2515 3095 orationes
2579 3042 2821 3112 dirigens
2882 3045 2947 3096 ad
2985 3044 3317 3114 Dominum,
3364 3049 3461 3119 qui

1890 3135 2068 3188 omnia
2106 3134 2270 3198 fecit,
2301 3144 2356 3189 et
2391 3150 2583 3189 nomen
2640 3136 2849 3191 Domini
2884 3136 3013 3193 Iesu
3047 3140 3247 3195 Christi
3304 3141 3459 3196 invo—

1893 3243 2043 3281 cans.
2089 3248 2107 3281 ι
2143 3228 2218 3282 Ex
2254 3230 2455 3298 quibus
2477 3232 2732 3284 omnibus
2756 3232 2952 3285 meriio
2982 3232 3145 3287 infert
3176 3233 3244 3299 ",
3282 3252 3300 3285 ι
3332 3234 3401 3289 ibi
3435 3255 3455 3289 ι

1892 3323 2161 3376 duntaxat
2189 3342 2205 3373 ι
2232 3322 2446 3376 discere
2475 3333 2730 3391 oportere
2773 3325 3063 3379 veritatem
3087 3365 3104 3391 ,
3151 3327 3242 3379 tibi
3277 3326 3463 3381 chari-

1894 3426 2065 3471 smata
2106 3416 2317 3470 Domini
2372 3417 2548 3485 posita
2582 3426 2728 3480 sunt,
2768 3435 2786 3467 ι
2829 3432 3022 3487 nempe
3060 3438 3079 3469 ι
3129 3419 3269 3487 apud
3322 3434 3462 3487 quos

1890 3518 1974 3563 est
2006 3503 2092 3572 e'a,
2129 3523 2249 3576 quae.
2283 3518 2367 3562 est
2393 3510 2460 3561 ab
2494 3509 2752 3577 apostolis
2786 3508 3039 3565 Ecclesia:
3075 3513 3372 3567 successio.
3406 3528 3427 3562 ι

1962 3600 2053 3654 ιο.
2086 3600 2259 3666 Quam
2291 3610 2500 3654 certum
2536 3613 2622 3655 εει
2658 3609 2839 3655 autem
2869 3616 3012 3665 eam,
3051 3618 3209 3671 quam
3242 3604 3464 3670 agnovit

1890 3693 2148 3753 lrenazus,
2185 3691 2485 3747 Ecclesiam
2512 3732 2526 3758 ,
2563 3708 2724 3745 unam
2758 3704 2813 3745 et
2858 3704 3101 3747 sanctam
3150 3709 3297 3759 esse,
3349 3704 3463 3749 tam

1892 3793 2101 3836 certum
2130 3793 2214 3835 est
2243 3780 2493 3833 eamdem
2531 3788 2586 3833 et
2638 3781 2961 3834 catholicam
2994 3791 3047 3833 et
3105 3780 3461 3849 apostolicam

1891 3889 2031 3929 esse.
2082 3873 2137 3927 ld
2172 3873 2451 3927 evidenter
2511 3871 2889 3926 demonstrant
2945 3886 3006 3925 ea
3069 3873 3286 3937 omnia,
3340 3888 3463 3941 qua

1892 3966 2157 4020 hactenus
2186 3962 2517 4031 protulimus
2552 3977 2618 4015 ex
2648 3964 2765 4030 ipso
2797 3961 2936 4017 loca.
2993 3962 3141 4016 Nihil
3171 3964 3317 4018 enim
3348 3964 3463 4017 elli-

1893 4057 2104 4120 cacius,
2153 4064 2206 4108 ut
2233 4055 2343 4123 jam
2394 4054 2653 4112 diximus,
2684 4069 2805 4107 esse
2837 4054 3133 4108 arbitratus
3158 4064 3241 4109 est
3276 4056 3343 4110 ad
3379 4071 3465 4109 re-

1896 4149 2223 4202 tundendam
2279 4146 2687 4209 haereticorum,
2720 4146 2900 4199 varias
2932 4146 2983 4198 in
3022 4157 3219 4211 sectas,
3247 4163 3462 4201 secum-

1893 4257 2000 4310 que
2055 4248 2367 4309 pugnantes
2401 4238 2698 4290 divisorum
2730 4276 2745 4300 ,
2798 4238 3180 4306 pervicaciam,
3210 4255 3369 4307 quam
3406 4248 3464 4293 ut

1893 4332 1959 4386 iis
1991 4339 2287 4400 Opponeret
2320 4327 2632 4381 unanimem
2671 4328 2835 4381 totius
2868 4327 3124 4382 Ecclesia:
3159 4344 3254 4398 per
3289 4338 3461 4384 totum

1893 4422 2151 4477 mundum
2201 4420 2359 4489 longe
2411 4419 2625 4486 lateque
2660 4433 2970 4489 propagata:
3022 4435 3356 4473 consensum
3405 4420 3460 4475 in

229 4516 532 4569 volutantur
568 4529 783 4579 errore,
814 4514 1051 4569 fluctuati
1086 4517 1152 4570 ab
1178 4532 1265 4577 eo,
1305 4515 1466 4570 aliter
1496 4527 1658 4585 atque
1694 4517 1793 4570 ali-
1824 4506 1868 4560 D
1900 4511 2231 4582 rejiciendis,
2262 4510 2723 4580 profligandisque
2758 4511 2985 4566 nefariis
3016 4527 3201 4566 eorum
3235 4512 3463 4580 dogma-

231 4616 299 4661 tcr
325 4625 417 4677 per
457 4621 710 4678 tempora
743 4609 808 4662 de
840 4609 1043 4663 eisdem
1082 4609 1399 4671 sentientes,
1433 4619 1487 4662 et
1516 4626 1790 4680 nunquam

230 4703 537 4755 sententiam
569 4700 867 4755 stabilitam
888 4701 1175 4766 habentes,
1215 4700 1475 4769 sophista!
1501 4702 1792 4755 verborum

232 4792 381 4860 magis
406 4792 660 4847 volentes
693 4805 836 4857 esse,
868 4806 1030 4860 quam
1083 4791 1336 4861 discipuli
1369 4792 1641 4845 veritatis.
1672 4792 1791 4845 Non

231 4885 355 4936 enim
384 4895 518 4938 sunt
556 4882 771 4937 fundati
809 4900 971 4952 super
1008 4900 1167 4937 uuam
1221 4895 1447 4950 petram.
1487 4884 1581 4937 sed
1628 4900 1794 4953 super

229 4991 429 5030 arenam
475 4979 777 5032 habentem
810 4975 863 5029 in
890 4975 1066 5043 seipsa
1103 4976 1307 5045 lapides
1340 4977 1540 5030 multos
1570 4978 1638 5029 θ’.
1676 4997 1693 5028 ι

269 5068 353 5126 39.
369 5069 663 5125 Concludit
684 5066 745 5121 2°
768 5068 820 5121 in
841 5068 952 5123 sola
970 5083 1092 5121 vera
1110 5068 1370 5132 Ecclesia,
1392 5084 1516 5123 vera
1534 5066 1791 5123 miracula

232 5175 336 5216 esse
363 5178 566 5234 posse:
602 5171 760 5216 extra
804 5160 1056 5215 Ecclesia:
1081 5163 1260 5215 sinum
1294 5162 1462 5230 nulla,
1490 5164 1556 5217 ad
1581 5178 1794 5229 eorum,

232 5267 335 5319 ιιιιςε
357 5256 645 5322 reprobat,
669 5253 980 5321 dogmatnm
1007 5254 1496 5315 conﬁrmationem,
1530 5255 1632 5309 nisi
1660 5256 1794 5311 falsa

233 5353 278 5398 ct
305 5351 569 5403 ementita
602 5345 887 5409 miracula,
919 5362 1203 5413 morasque
1239 5347 1564 5415 priestigias,
1598 5358 1650 5403 et
1681 5366 1797 5403 ma-

232 5438 361 5506 gicas
382 5440 735 5509 operationes
766 5440 877 5493 fieri
902 5455 1078 5506 posse.
1107 5458 1125 5490 ι
1155 5439 1201 5472 ⁸⁸
1229 5441 1539 5510 Argucntur
1559 5442 1649 5510 qui
1672 5450 1797 5495 sunt

292 5656 334 5687 ⁸⁸
362 5657 496 5726 Cap.
528 5657 585 5721 6,
614 5673 672 5711 ιι.
711 5658 761 5713 1.
859 5658 905 5689 ⁹⁹
938 5658 1053 5710 Lib.
1093 5674 1175 5721 ιιι,
1207 5676 1257 5714 c.
1286 5660 1376 5725 ‘24,
1410 5677 1464 5713 n.
1502 5664 1553 5715 l.

237 5739 343 5792 cap.
372 5728 465 5791 51,
500 5747 553 5781 ιι.
585 5728 620 5782 2
653 5736 705 5779 et
734 5730 786 5790 5,
819 5737 872 5779 et
902 5744 1017 5797 cap.
1052 5745 1165 5798 seq.
1203 5747 1255 5785 ιι.
1287 5730 1319 5782 3
1352 5743 1406 5785 et
1436 5732 1491 5787 4.

238 5810 281 5852 c.
317 5798 402 5857 ‘26.
438 5814 499 5853 rt.
537 5798 590 5851 5.
690 5799 734 5836 "
778 5797 898 5853 Lib.
930 5814 967 5857 ι,
1009 5815 1056 5853 c.
1098 5812 1177 5857 tu-
1213 5817 1263 5855 ιι.
1303 5802 1352 5857 Ι.
1384 5800 1441 5854 ‘2.

1630 5663 1672 5693 "
1707 5663 1721 5715 Ι
1755 5661 1881 5717 Cor.
1927 5679 2022 5717 xu.
2054 5663 2145 5718 28.

1585 5732 1629 5763 “
1658 5732 1775 5785 Lib.
1802 5749 1854 5795 ν,
1883 5752 1933 5785 e.
1961 5734 2014 5795 6,
2045 5751 2097 5786 ιι.
2141 5738 2189 5787 l.

690 5799 734 5836 "
778 5797 898 5853 Lib.
930 5814 967 5862 ι,
1009 5815 1056 5853 c.
1098 5797 1178 5878 tu,
1213 5817 1263 5855 ιι.
1303 5802 1352 5867 l,
1384 5800 1441 5854 ‘2.
1514 5801 1557 5831 "'
1581 5801 1699 5858 Lib.
1739 5820 1790 5857 ιιι

1893 5847 1900 5859 .
1936 5803 1984 5868 4,
2022 5822 2073 5859 ιι.
2105 5806 2159 5871 2,
2193 5816 2324 5861 etc.
2356 5805 2439 5868 12,
2476 5822 2527 5862 ιι.
2565 5805 2616 5860 8.
2681 5797 2736 5837 "’
2764 5804 2885 5860 Lib.
2920 5820 2974 5859 ιν
2996 5844 3009 5867 ,
3045 5818 3163 5871 cap.
3195 5801 3285 5867 36,
3314 5817 3369 5854 ιι.
3398 5801 3456 5855 2.

1892 4603 2057 4657 tibus.
2092 4602 2228 4657 Hinc
2253 4614 2521 4671 perpetuo
2552 4611 2727 4673 urget,
2757 4613 2816 4657 ut
2849 4605 3083 4657 vidimus
3111 4604 3179 4667 ⁸⁷,
3213 4622 3231 4655 ι
3275 4603 3463 4659 Eccle-

1890 4696 2026 4749 siam
2083 4709 2179 4763 per
2229 4694 2545 4748 universum
2579 4695 2765 4749 orbem
2802 4710 2973 4764 usque
3026 4695 3091 4748 ad
3126 4695 3262 4750 fines
3301 4705 3464 4753 terra:

1892 4787 2243 4850 seminatam,
2274 4787 2325 4839 in
2353 4787 2664 4841 universum
2693 4787 2949 4841 mundum
2972 4787 3411 4853 disseminatam;
3436 4807 3455 4844 :

1891 4895 1986 4946 per
2039 4878 2411 4941 Germaniam,
2478 4877 2801 4950 llispauias,
2850 4879 3092 4946 Gallias,
3153 4880 3461 4946 Orientem,

1888 4969 2187 5041 Egyptum
2215 5011 2230 5033 ,
2287 4970 2516 5041 Libyam
2549 4981 2603 5024 et
2632 4971 2874 5025 Jndazam
2913 4972 3217 5041 dispersam
3245 4992 3261 5040 ;
3320 4974 3460 5042 apud

1905 5082 1924 5115 ι
1967 5067 2165 5117 inultas
2199 5075 2389 5133 gentes
2418 5065 2771 5117 barbarorum
2812 5084 2831 5117 ι
2870 5074 2924 5119 ct
2961 5085 2977 5116 ι
3002 5081 3101 5134 per
3148 5066 3462 5121 universum

1895 5156 2154 5210 mundum
2180 5157 2226 5189 ³⁸
2276 5174 2295 5207 ι
2331 5154 2701 5211 constitutam.
2726 5157 3155 5212 circumeuntem
3203 5159 3462 5213 mundum

1894 5250 2244 5312 universum;
2282 5263 2346 5301 ac
2372 5248 2603 5317 denique
2633 5249 2845 5303 vineam
2880 5268 2896 5301 ι
2934 5265 3038 5304 non
3064 5252 3175 5322 jam
3225 5251 3463 5307 circum-

1892 5341 2267 5398 vallatam.sed
2291 5356 2582 5410 expansum
2610 5341 2664 5393 in
2697 5343 3006 5398 universum
3035 5345 3293 5399 mundum
3340 5345 3408 5408 ”,
3434 5362 3455 5396 ι

1892 5437 2049 5507 cujus
2080 5446 2260 5492 tamen
2297 5445 2441 5493 esset
2471 5452 2574 5489 una
2611 5437 2763 5505 ﬁdes,
2800 5439 3048 5494 doctrina
3099 5448 3154 5495 et
3196 5437 3418 5493 traditio
3442 5476 3459 5501 ,

2224 5666 2268 5697 ⁹¹
2305 5661 2468 5725 lren.,
2500 5663 2591 5717 lib.
2626 5678 2705 5725 ιιι,
2741 5678 2791 5717 c.
2820 5663 2910 5725 ει,
2941 5679 2995 5717 ιι.
3027 5662 3083 5716 2.

2286 5736 2333 5767 “
2364 5734 2483 5787 Lib.
2520 5749 2579 5795 ll,
2610 5750 2729 5799 cap.
2760 5734 2850 5797 23,
2888 5752 2941 5786 ιι.
2970 5733 3024 5787 4.

3162 5661 3209 5693 ’³
3233 5661 3349 5716 Lib.
3388 5678 3449 5721 ll,

3118 5734 3163 5763 ”
3200 5731 3321 5786 Lib.
3360 5748 3416 5784 ιιι
3439 5768 3454 5793 ,
