3924 6354
476 322 583 379 287

1259 321 1865 379 DlSSERTATlONES
1900 319 2205 375 PRIEVIE
2241 318 2305 373 IN
2348 317 2603 375 IRENEI
2636 316 2899 375 LIBROS.

3594 323 3686 376 2’“!

472 456 573 493 una
603 441 801 499 anima.
832 453 997 493 unum
1029 452 1144 505 cor,
1169 455 1336 493 unum
1361 456 1444 503 os,
1475 456 1581 495 una
1613 451 1667 496 et
1690 444 1881 497 eadem
1913 460 2043 512 prae-
2077 443 2122 499 A
2150 440 2403 509 apostoli,
2457 455 2677 509 semper
2727 439 3004 495 custodire
3054 436 3250 493 asserit
3297 449 3478 495 auctor
3508 456 3691 499 noster.

469 536 693 595 dicatio,
724 550 787 589 ac
822 535 1108 603 regiminis
1162 534 1524 592 ecclesiastici
1584 535 1784 592 forma.
1839 537 2038 591 Rideat

471 628 720 697 proinde,
757 627 841 679 vel
874 627 956 681 sui
990 641 1215 696 compos
1253 644 1357 682 non
1392 628 1465 683 sit
1502 644 1722 685 necesse
1750 640 1858 694 est,
1891 632 2047 699 quis—

467 718 589 785 quis
620 716 921 771 Eceiesiam
957 726 1065 771 tam
1094 717 1253 789 longe
1301 719 1516 789 lateque
1550 731 1929 791 propagatam,
1962 721 2047 774 vi-

470 810 681 863 sibilem
720 825 783 864 ac
817 812 1172 879 conspicuam
1208 828 1329 867 esse
1361 822 1541 879 neget,
1595 822 1651 869 et
1687 815 1751 869 ad
1797 816 2045 869 lictitium

471 906 763 971 quemdam
787 914 841 957 et
867 902 1197 959 invisibilem
1224 906 1523 960 electorum
1543 919 1745 962 emtum
1777 919 2046 963 coerceat.

471 990 640 1060 Ecqui
673 992 847 1048 latere
881 995 1078 1062 possit,
1127 1012 1145 1046 ι
1184 995 1338 1061 cujus
1371 996 1577 1065 lumen,
1611 998 1928 1067 praedicatio
1958 1014 2049 1051 ve-

470 1084 670 1147 ritatis,
704 1084 902 1153 ubique
943 1086 1107 1152 lucet,
1141 1096 1195 1142 et
1226 1088 1496 1141 illuminat
1529 1104 1719 1143 omnes
1770 1089 2045 1155 homines,

469 1175 561 1242 qui
615 1175 803 1230 volunt
863 1177 927 1231 ad
982 1178 1347 1247 cognitionem
1404 1179 1651 1234 veritatis
1714 1181 1983 1235 venire‘?
2024 1198 2044 1233 ι

471 1266 755 1332 Quomodo
786 1268 965 1338 ignota
1008 1284 1130 1323 esse
1178 1272 1367 1339 possit,
1394 1286 1516 1340 qua:
1552 1291 1569 1324 ι
1608 1272 1807 1342 ubique
1851 1274 2050 1342 praedi-

471 1367 561 1410 cat
592 1360 903 1423 veritatem,
938 1362 1077 1429 apud
1109 1376 1267 1429 quam
1299 1378 1403 1415 una
1438 1374 1492 1417 et
1518 1365 1704 1419 eadem
1738 1366 1930 1420 salutis
1961 1367 2048 1420 via

471 1449 522 1502 in
549 1438 803 1506 universo
836 1453 1040 1506 mundo
1069 1455 1401 1519 ostenditur,
1438 1474 1457 1507 ι
1490 1472 1609 1524 quae
1636 1475 1655 1509 ι
1688 1457 1930 1527 plantata
1964 1468 2049 1514 est

469 1542 750 1611 paradisus
785 1544 838 1597 in
874 1545 979 1599 hoc
1014 1545 1235 1608 rutundo,
1271 1564 1289 1597 ι
1319 1562 1549 1618 qumque
1606 1567 1625 1601 ‹
1667 1550 1871 1620 ubique
1904 1567 2045 1622 prae-

468 1633 613 1687 clara
647 1641 730 1688 est
761 1634 819 1688 'i
852 1652 870 1685 ι
927 1635 1028 1702 Qui
1067 1638 1300 1706 denique
1346 1639 1637 1694 invisibilis
1668 1656 1790 1697 esse
1837 1652 2046 1712 queat,

468 1738 589 1790 quae
646 1742 666 1777 ι
707 1735 793 1779 est
852 1726 1165 1798 ἐπτάμυξος
1231 1729 1489 1796 lucerna,
1535 1730 1739 1787 Christi
1796 1734 2047 1801 bajulans

2150 534 2284 588 Hinc
2309 535 2522 589 demum
2548 533 2672 602 jure
2694 534 2887 588 merito
2911 531 3097 597 infert,
3127 534 3289 589 sectis
3308 536 3693 608 quibuseunque

2148 630 2423 684 haereticis
2448 637 2542 683 aut
2591 626 2963 682 schismaticis
2997 628 3362 697 antiquiorem
3391 643 3507 683 esse
3529 644 3688 683 veram

2151 722 2470 785 Ecclesiam,
2500 730 2688 790 utpote
2711 736 2831 790 quae
2864 720 3132 789 originem
3168 719 3447 788 apostolis,
3478 719 3578 774 imo
3603 722 3690 791 ipsi

2147 813 2366 868 Christo
2397 813 2558 882 capiti
2587 828 2685 867 suo
2709 824 2984 881 acceptam
3010 810 3291 866 referat‘:
3324 830 3341 863 ‹
3367 811 3556 867 Omnes
3580 830 3693 870 vero

2151 906 2440 960 hmreticos
2467 906 2628 960 valde
2665 905 2997 975 posteriores
3042 918 3188 968 esse,
3219 918 3381 973 quam
3411 906 3691 975 episcopos,

2149 998 2347 1067 quibus
2396 998 2623 1067 apostoli
2659 996 3005 1051 tradiderunt
3032 995 3327 1051 Eeclesias.
3357 1014 3376 1048 ι
3404 995 3553 1065 Apud
3585 997 3694 1051 bar-

2150 1087 2318 1141 baros
2340 1087 2607 1156 siquidem
2629 1088 2741 1158 jam
2775 1087 3058 1143 obtinebat
3089 1103 3177 1151 ea,
3207 1103 3368 1157 quam
3393 1088 3697 1157 prmdicabat

2149 1174 2419 1239 Ecclesia,
2454 1176 2623 1241 ﬁdes;
2659 1178 2863 1245 quibus
2913 1186 3120 1240 tamen,
3156 1193 3222 1232 ne
3244 1178 3459 1247 quidem
3504 1178 3701 1235 nomine

2153 1276 2333 1333 tenus,
2368 1278 2507 1323 nota:
2535 1279 2695 1324 erant
2731 1270 3115 1325 haereticorum
3140 1281 3326 1339 sectae;
3356 1270 3510 1341 longe
3538 1273 3699 1325 minus

2150 1374 2337 1414 eorum
2380 1363 2706 1416 sententia}:
2745 1382 2763 1413 ι
2805 1364 3106 1432 nequedum
3142 1365 3287 1419 enim
3317 1368 3649 1432 congregatio
3677 1381 3696 1415 ι

2153 1452 2534 1507 haereticorum
2577 1474 2595 1504 ‹
2637 1452 2746 1518 fuit
2802 1454 2942 1524 apud
2988 1469 3103 1519 eos,
3153 1470 3327 1522 neque
3350 1455 3589 1510 doctrina
3624 1456 3699 1508 in.

2150 1549 2337 1601 stituta
2366 1548 2409 1601 '.
2444 1566 2462 1599 ι
2520 1546 2725 1601 Deinde
2758 1547 3193 1617 uniuscujusque
3241 1550 3511 1603 lizrreseos
3544 1549 3698 1612 initia,

2151 1638 2467 1708 primosque
2497 1650 2753 1709 parentes
2791 1652 2848 1694 et
2877 1642 3206 1694 architectos
3253 1640 3410 1694 facile
3458 1642 3697 1710 assignari

2151 1747 2346 1801 posse;
2392 1732 2718 1787 recentioris
2747 1734 2947 1802 quippe
2979 1734 3257 1787 memoria:
3276 1749 3427 1788 esse:
3464 1732 3701 1788 Ecclesiae

469 1816 788 1882 lnmen;cui
808 1820 1076 1874 creditum
1102 1830 1181 1875 est
1211 1820 1390 1875 lumen
1416 1822 1543 1888 Dei;
1570 1834 1623 1879 et
1650 1836 1871 1895 propter
1896 1829 1996 1883 hoc
2017 1848 2036 1882 ι
2080 1802 2123 1858 Β
2154 1841 2286 1881 vero
2309 1825 2593 1880 catholica:
2618 1827 2842 1880 exordia
2873 1825 2925 1880 in
2953 1825 3234 1881 Christum
3269 1826 3466 1891 solum,
3499 1825 3703 1896 ejusque

469 1910 737 1978 sapientia
765 1928 783 1961 ι
806 1911 922 1977 Dei,
958 1927 1053 1981 per
1080 1929 1242 1983 quam
1273 1915 1449 1971 salvat
1478 1933 1669 1973 omnes
1696 1920 1961 1987 homines,
1987 1922 2039 1976 in

468 2004 619 2056 exitu
656 2007 897 2070 canitur,
930 2006 984 2060 in
1030 2006 1224 2075 plateis
1250 2018 1433 2062 autem
1476 2010 1802 2067 ﬁducialiter
1842 2014 1954 2083 agit
1998 2016 2038 2080 ³,

470 2095 524 2147 in
560 2097 791 2151 summis
824 2098 993 2151 muris
1024 2101 1375 2168 praedicatur,
1424 2102 1476 2156 in
1506 2105 1678 2173 portis
1701 2113 1882 2161 autem
1910 2107 2043 2162 civi-

473 2189 599 2242 tatis
639 2199 955 2243 constanter
980 2191 1219 2261 loquitur
1242 2193 1302 2247 δῖ
1334 2213 1352 2247 ι

538 2276 627 2331 41.
664 2278 807 2333 Nihil
865 2282 1029 2335 etiam
1084 2283 1315 2339 validius
1370 2287 1436 2340 ad
1482 2286 1893 2346 confundendos
1946 2307 2041 2347 eos

468 2384 681 2433 omnes,
711 2373 803 2434 qui
827 2374 909 2428 vel
936 2376 1075 2429 male
1101 2377 1364 2442 sentiunt,
1390 2380 1470 2433 vel
1493 2392 1853 2451 prmlerquam
1879 2368 2043 2452 oper?

471 2472 569 2525 tet,
599 2465 883 2533 colligunt,
913 2482 1034 2521 esse
1063 2469 1397 2525 existimavit
1429 2483 1621 2528 auctor
1648 2486 1852 2542 noster,
1876 2493 2037 2545 quam

470 2556 537 2609 iis
571 2556 869 2612 Ecclesium
904 2561 1256 2629 apostolicam
1284 2562 1542 2631 objieere.
1579 2566 1714 2622 llinc
1741 2578 1847 2623 tam
1874 2586 2037 2640 saepe,

470 2656 690 2717 uinique
721 2661 1043 2706 constanter
1079 2653 1346 2717 inculcat,
1399 2665 1456 2709 ut
1486 2660 1853 2722 ostendimus,
1887 2675 2040 2715 eam-

469 2742 591 2792 dem
620 2741 915 2797 Ecclesiam
960 2744 1029 2799 ab
1060 2747 1326 2815 apostolis
1384 2749 1516 2818 ipsis
1552 2766 1703 2805 suam
1760 2755 2041 2821 accepisse

469 2832 653 2899 fidem,
699 2835 1001 2892 doctrinam
1038 2848 1095 2892 et
1135 2840 1507 2906 traditionem,
1558 2844 1626 2898 ab
1663 2844 1730 2898 iis
1760 2844 2039 2900 fundatam

467 2941 609 2991 esse,
640 2937 694 2981 et
720 2928 1052 2996 ordinatam,
1085 2932 1152 2986 ab
1179 2934 1247 2989 iis
1275 2936 1604 2990 constitutos
1636 2936 1803 2993 fuisse
1831 2938 2043 3007 episco-

468 3034 587 3087 pos,
627 3035 791 3089 penes
823 3037 960 3092 quos
995 3024 1046 3078 in
1086 3042 1414 3096 unaquaque
1446 3028 1687 3083 Ecclesia
1721 3047 1931 3086 summa
1959 3048 2042 3087 re-

471 3125 590 3163 rum
614 3123 777 3178 esset,
806 3131 834 3166 a
864 3116 1063 3183 quibus
1080 3117 1187 3171 sibi
1219 3120 1447 3175 invicem
1475 3121 1895 3178 succedentibus
1921 3139 2043 3192 per-

468 3213 631 3272 petuo
647 3215 925 3273 regeretur
947 3217 995 3263 et
1020 3210 1523 3280 administraretur;
1555 3214 1763 3284 hacque
1783 3218 2044 3271 continua

467 3296 847 3365 episcoporum
879 3300 1257 3367 sueceSsione,
1287 3320 1567 3373 nunquam
1593 3308 1855 3375 desitura,
1883 3325 2043 3365 unam

467 3398 523 3441 et
551 3390 820 3456 eamdem,
875 3394 1225 3459 aposmlicam
1255 3435 1270 3457 ,
1328 3411 1524 3464 puram
1560 3410 1611 3453 et
1657 3400 2044 3458 iutemeratam

466 3481 535 3534 ad
569 3497 666 3535 nos
699 3498 874 3552 usque
909 3501 1133 3541 manare
1187 3488 1348 3543 ﬁdem
1395 3498 1449 3544 et
1494 3492 1868 3547 traditionem.
1904 3494 2045 3551 llinc

469 3570 521 3626 in
571 3587 636 3627 ea
674 3576 1025 3631 successione
1072 3580 1441 3633 certissimum
1490 3584 1742 3653 corporis
1799 3584 2042 3652 Christi,

466 3680 561 3719 seu
594 3665 851 3721 Ecclesiae
897 3671 1275 3725 characterem
1323 3674 1561 3742 positum
1595 3691 1715 3730 esse
1766 3678 1904 3743 vult,
1935 3694 2045 3748 quo

467 3758 536 3810 ab
568 3757 888 3825 inﬁdelium,
925 3763 1305 3819 luereticorum
1330 3775 1387 3819 et
1409 3767 1884 3825 schismaticorum
1912 3787 2046 3827 con-

467 3851 756 3905 venticulis
788 3866 1131 3909 secernatur.
1168 3874 1188 3908 c
1226 3856 1565 3925 Character,
1626 3861 1850 3932 inquit,
1912 3879 2042 3919 cor—

468 3944 614 4010 poris
640 3943 844 3999 Christi
892 3949 1193 4002 secundum
1221 3952 1601 4007 successiones
1633 3955 2040 4027 episcoporum,

373 4102 380 4108 .
465 4033 666 4101 quibus
700 4035 774 4089 illi
799 4050 940 4100 eam,
972 4053 1093 4108 qum
1134 4039 1187 4092 in
1245 4056 1578 4112 unoquoque.
1622 4044 1743 4101 loco
1775 4059 1859 4102 est
1886 4090 1902 4112 ,
1937 4049 2041 4105 Ec-

466 4125 686 4180 clesiam
742 4129 1104 4184 tradiderunt.
1144 4148 1163 4181 ›
1225 4131 1327 4187 Ubi
1384 4148 1673 4204 perperam
1724 4140 2039 4204 contendit,

466 4218 613 4273 nullo
641 4230 791 4275 certe
818 4232 1139 4290 argumento
1170 4225 1389 4293 probat,
1423 4226 1642 4284 clariss.
1668 4229 1925 4296 Grabius,
1954 4233 2042 4288 hic

463 4312 818 4367 characterem
855 4329 959 4367 non
997 4324 1102 4367 tam
1135 4315 1372 4384 signum,
1425 4319 1547 4380 sive
1596 4331 1779 4376 notam
1806 4363 1821 4388 ,
1873 4338 2039 4392 quam

464 4404 739 4473 fortnam,
776 4409 891 4461 sive
941 4410 1167 4479 ﬁguram
1223 4409 1483 4467 Ecclesia":
1540 4415 1826 4471 denotare.
1884 4417 2038 4485 Quod

461 4497 672 4551 etiamsi
722 4500 1041 4566 obtineret,
1083 4502 1221 4555 male
1278 4512 1455 4557 tamen
1485 4505 1664 4559 adhuc
1706 4522 1883 4561 eansre
1926 4524 2038 4563 suae

463 4590 796 4646 consuleret.
822 4591 877 4645 id
904 4593 1074 4657 enim,
1099 4593 1252 4659 velit,
1295 4594 1448 4657 nolit,
1481 4610 1545 4649 ex
1583 4596 1785 4651 lreuzm
1813 4609 2035 4654 consta-

463 4679 562 4743 bit,
611 4697 731 4736 eam
775 4686 1063 4737 secundum
1124 4685 1480 4739 successiones
1523 4688 1885 4755 episcoporum
1920 4690 2035 4744 for-

462 4787 604 4825 mam
644 4773 698 4826 in
738 4790 968 4843 corpore
998 4776 1201 4831 Christi
1243 4778 1357 4832 sive
1382 4777 1650 4843 Ecclesia,
1681 4780 1748 4832 ab
1777 4783 2039 4850 apostolis

464 4860 595 4927 ipsis
626 4866 977 4919 constitutam
1009 4883 1164 4933 esse;
1203 4884 1267 4922 ac
1308 4867 1533 4938 proinde
1569 4884 1630 4923 ea
1666 4885 1879 4940 semper
1907 4886 2036 4928 nota

463 4954 897 5011 discriminatum
927 4960 991 5013 iri
1014 4976 1197 5015 veram
1220 4960 1425 5017 Christi
1459 4961 1872 5025 Ecclesiam,ab
1903 4980 2039 5035 apo-

461 5048 616 5104 stolis
665 5048 978 5120 fundatam,
1007 5070 1036 5108 a
1068 5071 1394 5125 quacunque
1426 5055 1530 5109 alia
1564 5057 1859 5123 societate;
1896 5061 2038 5127 quod

464 5141 516 5194 in
555 5140 644 5195 illa
670 5140 845 5196 forma
876 5144 949 5199 sit
981 5147 1281 5200 secundum
1318 5146 1614 5219 legitimam
1659 5151 2037 5220 episcoporum

462 5241 889 5309 successionem,
917 5258 1038 5312 qua:
1075 5244 1129 5298 in
1184 5245 1286 5300 hac
1340 5246 1502 5301 desit.
1540 5246 1562 5278 '
1594 5246 1733 5301 Hinc
1767 5265 1786 5299 ‹
1816 5262 1911 5301 eos
1944 5247 2035 5316 qui

463 5336 532 5387 ab
560 5333 803 5389 Ecclesia
838 5345 996 5401 sunt,
1031 5336 1279 5391 eamdem
1340 5336 1567 5406 ﬁguram
1605 5340 1726 5409 ejus
1753 5380 1768 5404 ,
1807 5356 1926 5409 qua:
1956 5348 2041 5394 est

462 5443 586 5494 erga
615 5427 936 5491 Ecclesiam,
967 5428 1356 5495 ordinationis,
1390 5448 1409 5482 ι
1434 5432 1486 5485 id
1517 5434 1865 5486 esteamdem
1898 5434 2039 5502 regi-

464 5518 627 5574 minis
682 5519 1038 5575 ecclesiastici
1076 5520 1351 5588 formam,
1405 5540 1567 5594 quam
1629 5527 2037 5580 consuluerunt

537 5723 554 5754 ¹
580 5723 695 5778 Lib.
730 5742 767 5786 ι,
798 5740 847 5779 e.
891 5725 970 5789 lO,
1005 5742 1055 5778 n.
1082 5728 1134 5779 εὶ.

467 5806 516 5847 c.
543 5796 632 5853 7!".
695 5814 748 5851 Il.
790 5797 839 5850 1.
918 5798 938 5828 ⁶
980 5799 1111 5853 Ibid.

1213 5730 1231 5759 ’
1260 5728 1379 5781 Lib.
1410 5745 1461 5791 v,
1494 5746 1540 5783 c.
1577 5732 1664 5794 20,
1702 5750 1757 5784 n.
1800 5734 1845 5797 Ι,
1874 5734 1929 5790 9..

1189 5807 1209 5838 "
1247 5800 1365 5853 Lib.
1400 5816 1481 5865 m,
1511 5816 1558 5855 c.
1586 5803 1640 5863 4.
1668 5820 1719 5855 n.
1748 5805 1801 5865 2,
1837 5806 1889 5860 5.

2008 5736 2027 5766 ³
2056 5733 2220 5791 Prov.
2255 5748 2304 5798 t,
2331 5731 2425 5800 20,
2458 5732 2547 5788 2|.

2149 1917 2426 1986 apostolos
2478 1916 2693 1971 refundi
2729 1932 2913 1986 posse.
2950 1936 2969 1970 ι
3002 1917 3145 1974 Ante
3198 1917 3539 1974 Valentinum
3572 1918 3701 1972 enim

2144 2023 2258 2063 non
2315 2007 2579 2074 fuerunt,
2625 2010 2716 2079 qui
2774 2022 2902 2063 sunt
2940 2025 2968 2062 a
3018 2008 3326 2076 Valentino,
3388 2026 3565 2079 neque
3592 2020 3703 2065 ante

2152 2101 2479 2159 Marcionem
2511 2113 2715 2167 erant,
2772 2104 2865 2174 qui
2919 2113 3047 2159 sunt
3099 2120 3129 2158 a
3181 2103 3497 2168 Marcione;
3548 2120 3706 2174 neque

2145 2196 2370 2249 omnino
2420 2204 2578 2250 erant
2612 2198 2806 2265 reliqui
2843 2212 3037 2252 sensus
3078 2198 3342 2269 maligni,
3390 2213 3529 2268 quos
3556 2212 3704 2268 supra

2144 2283 2608 2346 enumeravimus,
2635 2294 2924 2354 antequam
2958 2286 3290 2353 initiatores,
3323 2300 3377 2342 et
3409 2290 3704 2343 inventores

2146 2376 2530 2441 perversitatis
2568 2390 2755 2430 eorum
2787 2379 3002 2434 ﬁerent.
3039 2377 3366 2434 Valentinus
3395 2383 3541 2434 enim
3574 2383 3707 2434 venit

2146 2464 2378 2520 Romam
2406 2468 2506 2522 sub
2531 2466 2780 2539 Hygino;
2816 2470 3047 2525 increvit
3077 2487 3205 2526 vero
3237 2472 3338 2526 sub
3368 2472 3485 2537 Pio,
3521 2482 3572 2525 et
3593 2487 3707 2541 pro-

2145 2559 2354 2628 rogavit
2397 2569 2608 2629 tempus
2643 2578 2812 2630 usque
2840 2568 2905 2617 ad
2936 2565 3241 2619 Anicetum.
3270 2565 3483 2619 Cerdon
3515 2581 3704 2630 autem,

2142 2652 2234 2718 qui
2265 2662 2393 2706 ante
2420 2652 2751 2709 Marcionem
2780 2695 2796 2719 ,
2834 2667 2888 2710 et
2938 2658 3026 2712 hic
3059 2658 3160 2711 sub
3198 2657 3411 2729 Hygino
3446 2661 3625 2713 vixit..
3652 2696 3665 2713 .
3686 2699 3701 2714 .

2142 2742 2379 2797 Marcion
2404 2754 2585 2799 autem
2618 2746 2693 2800 illi
2726 2746 3021 2801 succedens
3045 2748 3392 2803 invaluitsub
3417 2750 3703 2805 Anieeto...

2145 2837 2360 2907 Reliqui
2394 2853 2541 2902 vero,
2579 2839 2671 2907 qui
2700 2848 2969 2892 vocantur
3019 2836 3261 2892 Gnostici
3288 2882 3302 2905 ,
3363 2854 3395 2892 a
3428 2838 3710 2893 Menandro

2145 2929 2385 2985 Simonis
2412 2930 2700 2999 discipulo,
2745 2929 3202 2999 quemadmodum
3242 2928 3717 2983 ostendimusacci-

2142 3020 2358 3090 pientes
2388 3020 2546 3074 initia
2599 3021 2978 3089 unusquisque
3024 3034 3236 3085 eorum,
3264 3020 3422 3088 cujus
3453 3020 3711 3090 principa-

2073 3138 2115 3196 ο
2152 3123 2240 3167 tus
2282 3123 2366 3167 est
2401 3114 2716 3177 sententiae,
2768 3112 2887 3179 ejus
2920 3122 2973 3166 et
3001 3124 3179 3181 pater,
3213 3125 3268 3168 et
3297 3116 3536 3170 antistes
3559 3128 3714 3185 appa-

2150 3205 2276 3258 ruit.
2308 3204 2509 3259 Omnes
2540 3215 2719 3258 autem
2748 3206 2800 3259 hi
2834 3204 3003 3259 multo
3028 3206 3319 3274 posterius,
3358 3208 3714 3263 mediantibus

2142 3297 2251 3369 jam
2309 3298 2573 3353 Ecclesia:
2622 3299 2979 3369 temporibus,
3026 3299 3454 3356 insurrexerunt
3486 3302 3537 3355 in
3572 3316 3714 3356 suam

2147 3390 2506 3460 apostasiam.
2545 3406 2567 3440 ι

2216 3502 2669 3560 42.Ορνιίεείιηίε
2726 3502 2877 3556 hisne
2930 3501 3393 3565 characteribus,
3451 3505 3708 3559 hactenus

2146 3593 2459 3664 explicatis,
2486 3609 2604 3648 eam
2640 3593 2965 3657 Ecclesiam,
2998 3594 3152 3662 cujus
3187 3594 3345 3647 ﬁdem
3381 3607 3436 3649 et
3471 3596 3709 3648 traditio-

2146 3702 2270 3741 nem
2298 3697 2487 3741 contra
2516 3687 2812 3742 haereticos
2835 3689 3207 3756 propugnabat
3230 3686 3491 3749 lrenreus,
3514 3688 3708 3752 definit,

2144 3790 2201 3836 et
2231 3798 2259 3835 a
2295 3781 2535 3849 qualibet
2589 3781 2696 3836 alia
2723 3782 2983 3836 societate
3015 3780 3361 3835 discriminat
3388 3823 3402 3844 ,
3435 3796 3500 3834 ac
3524 3780 3711 3833 discri-

2146 3872 2341 3927 minari
2400 3872 2535 3930 vult.
2596 3871 2856 3939 Quaenam
2899 3886 3033 3926 vero
3064 3887 3153 3941 _ea
3212 3871 3380 3926 fuerit
3432 3872 3710 3933 Ecclesia,

2146 3963 2290 4018 haud
2324 3963 2564 4032 ambigat
2588 3962 2835 4032 quisquis
2862 3962 3123 4017 Irenaaum
3155 3963 3428 4017 dicentem
3464 3963 3711 4026 audierit,

2144 4056 2212 4109 ad
2248 4054 2549 4109 Romanam
2586 4052 2886 4108 Ecclesiam
2930 4067 3153 4108 necesse
3197 4068 3317 4107 esse
3349 4068 3569 4107 onmem
3622 4051 3715 4105 Ec-

2144 4148 2361 4202 clesiam
2392 4187 2407 4213 ,
2439 4147 2484 4201 si
2540 4161 2679 4200 verre
2710 4144 2970 4201 Ecclesiae
3003 4145 3304 4200 membrum
3333 4155 3389 4200 et
3416 4162 3544 4214 pars
3599 4158 3713 4199 esse

2145 4239 2295 4307 velit,
2328 4240 2656 4297 convenire.
2693 4236 2745 4291 id
2792 4246 2898 4300 est,
2936 4247 2993 4290 ut
3026 4236 3279 4305 superius
3311 4235 3713 4290 demonstravi-

2144 4347 2284 4395 mus,
2323 4332 2373 4385 in
2408 4346 2514 4385 una
2547 4345 2668 4385 cum
2700 4346 2764 4385 ea
2793 4329 2920 4394 ﬁde,
2956 4328 3252 4382 traditione
3275 4338 3438 4397 atque
3468 4328 3709 4382 doctrina

2146 4424 2500 4489 consentire,
2563 4426 2789 4492 ejusque
2846 4420 3217 4477 communioni
3289 4421 3611 4475 adlnerere:
3665 4427 3716 4473 et

2145 4517 2394 4586 quisquis
2458 4515 2773 4569 meminerit
2822 4512 3233 4568 sanctissimum
3290 4512 3714 4581 apostolicorum

2146 4604 2381 4679 [CXXV]
2401 4607 2648 4668 ,virorum
2674 4606 2998 4675 discipulum
3023 4619 3145 4657 cum
3165 4618 3223 4657 ea
3243 4618 3467 4671 semper,
3480 4602 3715 4657 Ecclesia

2136 4701 2411 4754 individua
2432 4699 2834 4754 communionis
2853 4697 3112 4751 societate
3140 4695 3376 4748 vinctum
3395 4697 3462 4748 ad
3492 4705 3714 4749 mortem

2135 4807 2308 4861 usque
2338 4804 2741 4861 perseverasse.
2772 4788 2944 4843 Porro
2970 4789 3014 4843 si
3047 4788 3292 4841 Romana
3322 4788 3569 4842 Ecclesia
3602 4788 3716 4841 ideo

2136 4886 2303 4939 fuerit
2328 4883 2571 4939 secundo
2601 4881 2801 4936 sacculo
2829 4896 2955 4934 vera
2996 4881 3201 4936 Christi
3252 4880 3506 4934 Ecclesia
3534 4920 3551 4944 ,
3590 4880 3712 4947 quia

2136 4972 2251 5026 sola
2282 4971 2550 5039 praedictis
2582 4986 2725 5025 vera:
2752 4969 3003 5024 Ecclesia:
3031 4971 3443 5027 characteribus
3474 4986 3540 5024 ac
3573 4969 3713 5023 notis

2136 5063 2560 5132 insigniebatur,
2591 5077 2813 5117 necesse
2830 5071 2911 5116 est
2929 5064 3175 5116 eamdem
3199 5073 3253 5116 et
3270 5062 3463 5129 solam,
3497 5074 3707 5132 postre-

2138 5158 2239 5211 mis
2253 5156 2412 5211 etiam
2430 5158 2579 5211 hisce
2592 5155 3014 5219 szeculis,veram
3029 5169 3146 5210 esse
3158 5156 3361 5210 Christi
3383 5156 3709 5213 Ecclesiam,

2136 5252 2332 5305 cumin
2364 5264 2483 5303 eam
2512 5249 2682 5303 solam
2709 5254 3038 5305 conveniant
3058 5250 3130 5304 illi
3162 5252 3535 5304 characteres.
3556 5247 3716 5314 Quis-

2134 5343 2258 5412 quis
2304 5342 2448 5395 enim
2501 5343 2755 5411 sepositis
2798 5344 3065 5411 tantisper
3112 5342 3481 5413 prfejudiciis,
3537 5350 3716 5396 sectas

2134 5448 2357 5497 omnes,
2404 5433 2659 5502 quaajam
2710 5448 2908 5501 corpus
2943 5432 3144 5487 Christi
3195 5433 3394 5486 misere
3432 5432 3713 5495 lacerant,

2135 5539 2457 5594 percurrere
2486 5526 2733 5591 voluerit,
2752 5528 3010 5595 evestigio
3025 5526 3390 5595 deprehendet
3410 5525 3711 5579 Eeclesiam

2650 5732 2668 5763 ⁸
2700 5731 2818 5788 Lib.
2857 5747 2931 5796 tv,
2966 5746 3083 5800 cap.
3119 5729 3207 5795 36,
3244 5747 3295 5783 n.
3323 5729 3374 5782 2.
3458 5727 3482 5759 ³
3512 5727 3633 5783 Lib.
3660 5739 3715 5795 v,
