3924 6354
299 356 407 411 2ΐῦ

1207 352 1665 410 DISSERTATIO
1704 356 1791 422 lll,
1836 357 1923 412 DE
1960 355 2212 410 IRENIEI
2252 354 2619 411 DOCTRINA.

3430 357 3537 418 290

299 471 588 529 [tonrauam
610 476 779 528 solam
809 487 929 525 esse
983 487 1101 541 quae
1126 474 1198 527 sit
1225 475 1385 529 unius
1411 473 1557 537 ﬁdei,
1585 477 1745 530 unius
1772 477 1868 530 do-
1896 480 1937 535 Α
1966 490 2063 529 cus
2097 489 2227 529 vero
2258 475 2601 527 sentiendum
2626 473 2700 528 ‘de
2747 474 2985 543 seqttiori
3034 490 3098 530 ac
3148 475 3334 530 ultima
3370 494 3540 549 prope

295 564 669 629 ctrinze,unius
684 564 885 628 oris,ac
905 564 1054 631 labii,
1077 580 1310 635 quaeque
1326 580 1509 621 secum
1531 568 1730 636 ubique
1744 583 1867 622 con-

293 656 490 710 sentiat
513 654 567 708 in
598 653 759 707 rebus
790 654 915 707 ﬁdei
943 669 1005 708 ac
1026 670 1261 719 morum,
1287 658 1558 711 communi
1587 669 1864 727 pastorum

293 747 565 801 sententia
594 746 861 814 deﬁnitis;
893 746 1014 801 aliis
1047 747 1301 802 omnibus
1328 748 1495 803 sectis
1522 749 1574 802 in
1626 757 1705 804 tot
1752 749 1867 805 fere

288 840 611 905 sententias,
642 848 776 906 quot
807 839 982 907 capita
1011 838 1216 903 divisis,
1248 839 1747 911 alternantibusque
1772 858 1869 895 va-

293 932 494 984 riorum
528 931 843 997 dogmatum
882 928 1134 985 fluctibus
1162 932 1213 984 in
1245 931 1379 992 hinc.
1407 932 1487 986 vel
1513 933 1598 987 illa
1618 932 1863 1002 jactatis,

291 1036 389 1091 pro
423 1022 634 1076 ratione
661 1020 1290 1091 temporunnaﬂ‘ectuum
1314 1064 1329 1088 ,
1359 1024 1628 1079 commodi
1663 1035 1756 1080 aut
1785 1028 1866 1080 in-

290 1112 585 1180 commodi;
608 1113 777 1167 solam
802 1113 1100 1167 Romanam
1127 1113 1424 1168 Ecelesiam
1449 1125 1695 1169 sanctam
1722 1132 1865 1180 esse,

291 1220 398 1259 non
427 1205 572 1272 quod
600 1205 782 1258 omnia
810 1204 927 1273 ejus
972 1207 1215 1259 membra
1245 1222 1273 1259 a
1323 1217 1553 1274 peccato
1601 1200 1865 1263 immunia

292 1300 418 1358 sint,
449 1298 499 1350 in
532 1312 671 1367 agro
699 1298 896 1366 quippe
923 1296 1208 1353 Dominico
1236 1299 1401 1367 paleae
1428 1314 1550 1352 cum
1583 1300 1859 1355 frumento

290 1384 567 1451 permistae
590 1394 753 1452 sunt;
772 1388 865 1443 sed
884 1390 1047 1460 quod,
1067 1405 1190 1445 cum
1209 1389 1321 1444 sola
1339 1388 1472 1445 nihil
1491 1389 1591 1444 nisi
1615 1400 1863 1445 sanetum

292 1476 501 1540 doceat,
534 1478 945 1550 pnecipiatque,
988 1482 1041 1535 in
1079 1497 1143 1536 ea
1186 1484 1297 1536 sola
1344 1481 1581 1536 “resideat
1624 1480 1866 1552 Spiritus

292 1578 512 1622 sanctus
562 1572 869 1639 gratiarum
908 1576 1149 1629 omnium
1190 1586 1245 1630 et
1284 1575 1677 1630 charismatum
1720 1575 1863 1641 fons,

290 1661 376 1729 qui
411 1661 625 1727 plures,
654 1664 820 1719 etiam
849 1668 1050 1724 nostris
1080 1667 1305 1733 diebus,
1334 1668 1401 1721 ad
1447 1669 1705 1723 eximium
1738 1684 1867 1723 san-

287 1755 488 1810 ctitatis
517 1761 749 1826 gradum
781 1763 1055 1830 perduxit,
1082 1777 1446 1834 verorumque
1470 1764 1862 1818 miraculorum

288 1842 454 1911 gloria
480 1845 807 1911 illustravit;
830 1847 954 1902 dum
980 1850 1099 1905 alias
1119 1866 1310 1908 omnes
1324 1859 1504 1916 sectae,
1525 1869 1648 1909 cum
1670 1870 1700 1909 a
1732 1868 1863 1908 vera

288 1935 603 1991 sanctitatis
630 1937 789 1992 laude
816 1939 1001 2008 procul
1032 1941 1365 1997 desciverint
1388 1942 1563 1997 nullos
1589 1947 1867 2014 peccanti-

284 2024 381 2082 bus
409 2025 605 2082 frenos
634 2029 862 2097 injicere
898 2031 1133 2100 valeant,
1160 2048 1333 2104 eaque
1362 2036 1591 2089 doceant
1618 2038 1867 2091 absurdi-

291 2117 417 2171 tatis
447 2116 615 2186 plena
647 2119 923 2187 dogmata,
952 2121 1150 2191 quibus
1178 2122 1326 2189 ﬁdei,
1376 2139 1695 2196 morumque
1740 2142 1868 2182 san-

283 2211 443 2266 ctitas
473 2210 726 2266 funditus
743 2225 1053 2280 evertatur;
1083 2217 1247 2285 quale
1267 2227 1351 2272 est
1374 2218 1527 2279 illud,
1549 2231 1867 2289 peccatores

287 2303 393 2358 sola
422 2305 535 2358 ﬁde
564 2319 753 2358 veram
779 2305 1045 2376 justitiam
1070 2310 1329 2378 consequi
1357 2325 1534 2380 posse,
1566 2313 1866 2369 neminem-

286 2409 390 2465 que
419 2394 642 2463 justum
701 2412 731 2450 a
788 2413 913 2455 vera
968 2414 1130 2468 quam
1172 2402 1341 2456 semel
1381 2412 1708 2460 consecutus
1762 2417 1865 2473 est,

284 2489 501 2556 justitia
526 2489 789 2544 excidere
818 2505 1054 2560 unquam
1085 2507 1276 2562 posse;
1312 2509 1429 2562 quae
1457 2495 1679 2552 fuerunt
1713 2499 1867 2569 ipsis-

286 2584 415 2635 sima
455 2580 849 2637 Gnosticorum
887 2586 1274 2642 exitiosissima
1314 2588 1581 2660 principia
1607 2633 1622 2658 ,
1668 2594 1867 2663 quibus

287 2671 618 2727 latissimum
669 2676 736 2729 ad
787 2677 994 2733 scelera
1036 2681 1219 2733 omnia
1269 2682 1473 2735 aditum
1522 2686 1682 2753 pandi
1734 2686 1864 2741 alibi

282 2765 646 2831 ostendimus;
673 2767 841 2820 solam
867 2767 1162 2824 Ecelesiam
1187 2768 1487 2827 Romanam
1512 2776 1865 2845 apostolicam

284 2868 417 2920 esse,
445 2872 513 2909 ac
538 2860 799 2911 continua
826 2859 1207 2931 episcoporum
1232 2874 1622 2936 pastorumque
1644 2884 1864 2924 suorum

282 2953 638 3004 successione
695 2952 762 3005 ab
808 2952 1072 3021 apostolis
1113 2953 1451 3023 derivatam,
1500 2958 1770 3030 ﬁdemque
1811 2971 1868 3016 et

284 3040 671 3104 traditionem,
702 3056 865 3110 quam
896 3043 964 3096 ab
994 3044 1060 3098 iis
1086 3047 1336 3114 accepit,
1380 3047 1643 3104 illibatam
1684 3063 1867 3109 custo-

1971 564 2154 617 mundi
2190 574 2369 629 aetate,
2404 566 2580 633 deque
2609 572 2850 632 tempore
2884 565 2977 618 illo
2998 565 3187 633 (toties
3214 582 3244 619 a
3276 567 3541 621 ministris

1967 655 2301 709 Calvinianis
2347 664 2401 709 et
2448 655 2782 711 Lutheranis
2843 657 3176 728 decantata)
3230 660 3539 715 meretricis

1966 762 2201 819 magnas,
2240 747 2395 816 cujus
2417 746 2623 801 mentio
2648 747 2869 817 Apoeal.
2904 764 3061 818 capp.
3101 764 3248 816 xvu,
3298 765 3432 804 xvm
3482 762 3540 805 et

1967 855 2082 893 xu.
2120 858 2138 891 ‹
2175 839 2326 906 Quae,
2354 840 2553 909 inquit,
2581 855 2685 894 non
2730 842 2797 895 de
2828 840 2886 895 S.
2922 839 3151 896 Joannis
3190 844 3365 897 solum
3394 882 3411 910 ,
3442 844 3537 897 sed

1966 943 2022 988 et
2058 933 2247 987 ultima
2279 933 2464 987 mundi
2500 942 2662 988 aetate
2689 935 2755 988 ab
2794 935 2924 1004 ipsis
2954 936 3250 1003 pontiﬁciis
3273 979 3289 998 ,
3325 946 3381 991 et
3418 940 3539 1007 qui-

1970 1025 2089 1079 dem
2120 1025 2413 1081 Societatis
2436 1023 2561 1080 Jesu
2596 1027 2861 1097 theologis
2889 1028 3181 1099 plerisque,
3230 1031 3285 1085 in
3320 1046 3533 1087 sacram

1967 1120 2329 1190 Apocalypsin
2356 1118 2803 1189 Commentariis,
2831 1124 3063 1192 ingenue
3091 1125 3360 1194 explicata
3390 1136 3537 1193 sunt,

1970 1228 2070 1268 nec
2106 1213 2268 1266 aliam
2302 1214 2696 1281 expositionem
2729 1215 3048 1270 admittunt.
3077 1216 3229 1272 Tunc
3259 1232 3414 1283 sane,
3442 1220 3538 1273 ad-

1966 1302 2066 1367 dit,
2096 1303 2187 1371 qui
2218 1300 2475 1357 inductus
2503 1302 2859 1358 universitate
2888 1312 2943 1358 et
2982 1306 3342 1374 amplitudine
3382 1308 3540 1363 istius

1969 1404 2241 1464 corrupta
2273 1395 2547 1459 Ecclesiae,
2575 1412 2641 1451 ex
2659 1398 2869 1468 virgine
2898 1399 2950 1453 in
2972 1400 3318 1454 meretricem
3342 1414 3537 1463 versm,

1968 1501 2086 1541 eam
2122 1487 2406 1557 amplexus
2458 1486 2660 1553 fuerit,
2698 1507 2779 1545 na:
2826 1490 2872 1546 is
2922 1494 3121 1548 misere
3157 1494 3510 1563 semetipsum

1968 1582 2261 1651 deceperit.
2302 1601 2323 1634 ι
2354 1581 2446 1636 Sic
2474 1581 2545 1635 cl.
2583 1582 2840 1639 Grabius.
2875 1584 2970 1638 Cui
3002 1600 3100 1656 ego
3128 1602 3141 1638 :
3167 1582 3260 1638 Na:
3282 1586 3466 1654 potius
3487 1587 3535 1640 is

1968 1673 2275 1728 miserrime
2306 1673 2685 1742 semetipsum,
2718 1673 2963 1743 aliosque
2992 1674 3250 1744 decipiat,
3288 1677 3380 1744 qui
3430 1676 3535 1729 fri-

1966 1764 2104 1819 volis
2153 1764 2417 1832 ejusmodi
2468 1765 2792 1819 ratiunculis
2837 1764 3132 1828 inductus,
3182 1765 3539 1833 apertissimis

1968 1864 2286 1909 sanctorum
2313 1852 2536 1909 Patrum
2570 1854 2895 1908 testimoniis
2922 1853 3030 1906 vim
3065 1852 3308 1921 inferat,
3353 1852 3537 1907 elﬁca-

1967 1943 2299 2013 cissimaque
2325 1958 2511 1999 eorum
2558 1952 2876 2012 argumenta
2918 1944 2998 1996 sic
3035 1942 3311 2008 inﬁrmet,
3365 1953 3424 1997 ut
3471 1958 3533 1998 ea

1964 2036 2048 2091 vel
2092 2035 2368 2092 levissimo
2422 2037 2614 2105 spiritu
2664 2034 2873 2091 diﬁlare
2931 2036 3173 2090 haeretici
3229 2050 3421 2091 omnes
3471 2054 3539 2094 ac

1967 2129 2305 2183 schismatici
2350 2143 2568 2197 semper
2609 2128 2906 2197 potuerint.
2950 2128 3095 2182 Nihil
3145 2130 3384 2195 certius,
3425 2128 3537 2185 Ire-

1968 2233 2167 2282 naeum,
2201 2216 2482 2287 Optatum,
2511 2220 2897 2287 Augustinum,
2930 2220 3173 2290 aliosque
3209 2220 3311 2276 SS.
3345 2222 3540 2277 Patres

1971 2310 2224 2365 Ecclesia:
2254 2309 2665 2379 amplitudinem
2691 2318 2743 2365 et
2789 2312 3201 2367 universitatem
3243 2312 3535 2379 objecisse.

1967 2405 2033 2457 At
2061 2404 2163 2458 nisi
2193 2403 2490 2472 amplitudo
2528 2404 2639 2458 hrec
2670 2411 2725 2458 et
2757 2404 3104 2471 universitas,
3136 2405 3444 2459 essentialis
3474 2421 3539 2461 ac

1969 2505 2262 2565 perpetuus
2300 2496 2372 2549 sit
2427 2494 2680 2549 Ecclesiae
2719 2496 3011 2550 character
3037 2537 3052 2560 ,
3096 2495 3232 2549 nihil
3258 2499 3539 2559 inﬁrmius

1967 2595 2287 2653 argumento
2312 2588 2381 2641 ab
2403 2602 2467 2641 ea
2495 2588 2853 2656 amplitudine
2882 2588 3071 2656 petito.
3100 2586 3217 2653 Quo
3244 2588 3386 2641 enim
3416 2590 3539 2657 jure

1969 2674 2094 2729 huic
2130 2676 2460 2746 respondere
2489 2691 2545 2731 se
2579 2690 2737 2745 posse
2777 2686 2930 2745 putat
2958 2674 3193 2731 Grabius
3222 2717 3237 2740 ,
3298 2676 3535 2731 valuisse

1967 2765 2184 2835 quidem
2230 2766 2503 2834 prioribus
2542 2766 2785 2831 saeculis,
2843 2776 2952 2820 tum
2995 2781 3118 2819 cum
3166 2766 3318 2835 virgo
3356 2766 3537 2820 adhuc

1967 2866 2113 2912 esset
2152 2856 2417 2923 Ecclesia,
2460 2873 2567 2913 non
2615 2858 2796 2913 valere
2847 2874 2974 2913 vero
3021 2866 3296 2928 postrema
3344 2859 3533 2914 mundi

1966 2959 2149 3014 aetate,
2185 2965 2293 3019 qua
2341 2952 2496 3021 virgo
2545 2950 2631 3005 illa
2679 2950 2733 3004 in
2792 2952 3136 3005 meretricem
3182 2965 3337 3005 versa
3385 2959 3471 3005 est
3515 2967 3531 3006 :

1967 3042 2155 3096 eodem
2198 3057 2427 3112 prorsus
2459 3058 2719 3112 reponere
2742 3043 3006 3112 potuisset
3030 3042 3323 3097 Gnosticus
3352 3042 3534 3108 quivis

284 3132 478 3198 diisse;
511 3148 641 3185 cum
670 3133 791 3187 aliae
816 3150 1005 3191 omnes
1027 3148 1189 3191 secta:
1226 3147 1427 3194 temere
1464 3142 1694 3212 abrupta
1744 3159 1859 3198 suc-

1970 3135 2338 3201 Sabellanius,
2377 3138 2641 3202 Arianus,
2669 3136 3044 3201 Nestorianus,
3082 3137 3387 3201 Donatista,
3420 3147 3532 3193 etc.

284 3226 528 3279 cessioue
563 3227 866 3296 apostolica
890 3269 905 3295 ,
955 3242 1122 3285 novas
1164 3231 1268 3285 sibi
1309 3232 1579 3288 Ecclesias
1608 3237 1863 3293 condide-

284 3319 416 3385 rint,
475 3334 721 3386 quarum
770 3322 899 3374 novi
952 3333 1079 3376 sunt
1126 3332 1385 3379 auctores
1411 3341 1475 3380 ae
1522 3327 1858 3399 fundatores;

279 3411 439 3466 solam
472 3413 718 3481 denique
745 3414 1043 3469 Romanam
1068 3416 1367 3472 Ecclesiam
1394 3420 1718 3479 catholicam
1741 3437 1862 3479 esse

281 3510 330 3552 et
369 3502 780 3568 univerSaIem,
834 3519 930 3573 per
982 3514 1152 3560 totum
1191 3509 1450 3562 mundum
1486 3523 1862 3582 propagatam,

282 3591 469 3662 ubique
494 3594 852 3663 perspicuam
876 3608 929 3649 et
947 3598 1239 3667 insignem,
1263 3602 1511 3670 miraque
1532 3603 1862 3661 fecunditate

280 3685 626 3751 gaudentem,
641 3702 812 3742 novos
834 3688 934 3742 sibi
962 3699 1015 3744 et
1044 3690 1262 3746 Christo
1288 3706 1489 3761 sponso
1533 3710 1632 3751 suo
1661 3698 1713 3750 in
1742 3696 1859 3752 dies

282 3771 434 3840 ﬁlios,
462 3790 573 3845 per
596 3792 714 3841 eos,
745 3793 883 3847 quos
921 3780 988 3833 ad
1041 3783 1441 3840 remotissimas
1469 3797 1658 3853 gentes
1694 3789 1861 3845 mittit

282 3879 521 3933 pastores
548 3880 603 3923 et
636 3871 913 3939 doctores,
947 3890 1163 3945 parere;
1188 3878 1311 3934 aliis
1344 3882 1600 3938 omnibus
1619 3887 1785 3941 sectis
1806 3887 1859 3941 in

282 3961 473 4029 angulo
540 3961 728 4028 orbis,
777 3974 831 4018 et
864 3966 1006 4020 intra
1061 3981 1336 4025 certarum
1388 3975 1667 4043 regionum
1723 3977 1859 4035 ﬁnes

281 4053 570 4117 conclusis,
617 4055 882 4125 longeque
931 4059 1110 4116 minus
1143 4063 1392 4119 sollicitis
1424 4067 1491 4120 de
1519 4069 1671 4123 nevis
1704 4069 1860 4125 Chri-

281 4153 357 4197 sto
381 4147 681 4216 gignendis
712 4149 857 4215 tiliis,
908 4165 1073 4220 quam
1117 4154 1186 4208 de
1234 4156 1507 4213 veteribus
1546 4172 1859 4230 perverten-

282 4235 377 4291 dis.

343 4326 428 4382 45.
459 4328 619 4394 ﬂare,
651 4344 714 4385 ac
744 4333 1085 4401 potissimum
1112 4336 1367 4394 Reinante
1390 4338 1648 4398 Ecclesiae
1671 4344 1859 4414 ampli-

283 4421 555 4485 tudinem,
604 4437 729 4475 cum
760 4425 896 4493 fpost
937 4426 1200 4483 Irenaeum
1248 4430 1564 4502 frequenter
1614 4436 1669 4489 in
1713 4438 1854 4493 notis

1969 3228 2265 3285 Eeelesiam
2288 3228 2400 3296 jam
2431 3246 2461 3283 a
2494 3230 2722 3296 pristina
2754 3231 3042 3285 sanctitate
3069 3238 3123 3285 et
3172 3229 3275 3286 ﬁde
3316 3230 3395 3286 sic
3436 3231 3534 3286 de-

1964 3317 2180 3379 fecisse.
2215 3321 2544 3389 utquisqais
2578 3321 2828 3375 inductus
2863 3322 3225 3375 universitate
3248 3330 3306 3376 et
3334 3322 3533 3392 ampli-

1965 3410 2151 3465 tudine
2185 3411 2341 3465 istius
2366 3422 2635 3480 corruptae
2666 3410 2943 3476 Ecclesize,
2978 3426 3042 3466 ex
3073 3413 3282 3479 virgine
3314 3413 3367 3467 in
3420 3428 3533 3467 me-

1964 3504 2216 3559 retricem
2237 3520 2422 3568 versae,
2445 3520 2563 3559 eam
2591 3504 3032 3573 amplecteretur,
3053 3505 3096 3557 is
3116 3506 3310 3558 misere
3330 3515 3531 3559 semet-

1963 3595 2140 3664 ipsum
2187 3595 2497 3665 deciperet;
2533 3611 2595 3651 ac
2627 3597 2853 3664 proinde
2885 3597 2930 3650 si
2977 3597 3076 3650 hac
3110 3598 3463 3667 responsione
3495 3612 3524 3650 a

1961 3688 2365 3743 Catholicornm
2401 3688 2517 3743 telis
2553 3698 2722 3742 tntum
2753 3704 2811 3743 se
2856 3702 3001 3752 esse,
3044 3703 3108 3742 ac
3154 3703 3293 3742 vera:
3328 3688 3528 3742 Christi

1961 3777 2219 3836 Ecclesia:
2249 3781 2314 3832 ad
2343 3780 2681 3849 angustiores
2716 3781 2946 3834 redacta:
2980 3779 3180 3833 limites
3225 3778 3524 3833 membrum

1960 3883 2112 3944 putet
2142 3875 2225 3927 vir
2245 3873 2631 3940 doctissimus;
2682 3873 2917 3926 fateatur
2962 3886 3184 3927 necesse
3213 3882 3296 3925 est
3340 3871 3525 3925 eodem

1966 3981 2026 4021 se
2078 3966 2269 4037 clypeo
2324 3966 2538 4021 munire
2588 3963 2786 4018 merito
2829 3964 3069 4033 potuisse
3128 3962 3525 4031 perditissimo:

1959 4058 2183 4126 quosvis
2212 4056 2638 4117 haereticos,cum
2666 4065 2895 4121 veteres,
2927 4063 3038 4108 tum
3076 4055 3429 4116 recentiores,
3460 4066 3525 4105 ac

1959 4163 2102 4202 verae
2148 4146 2405 4202 Ecclesia:
2438 4147 2804 4201 membrorum
2838 4145 2991 4202 titulo
3034 4145 3277 4213 gloriari.
3335 4142 3522 4199 Infelix

1957 4250 2107 4295 certe
2137 4237 2392 4304 Grabius,
2437 4237 2528 4307 qui
2576 4238 2856 4307 responsis
2904 4238 3016 4293 suis
3064 4252 3214 4289 arma
3253 4236 3526 4290 tntnistret

1959 4331 2229 4386 ha2reticis
2258 4330 2692 4399 quibuscunque,
2741 4344 2967 4399 quorum
3010 4329 3178 4383 ictum
3223 4327 3366 4382 nulla
3396 4336 3515 4382 arte

1959 4423 2230 4478 declinare
2261 4424 2374 4490 ipse
2397 4421 2597 4476 valeat.

281 4513 385 4566 suis
410 4522 527 4565 tam
568 4528 699 4567 vere
733 4529 895 4583 quam
925 4517 1011 4586 pie
1046 4518 1422 4587 inculcaverit,
1468 4526 1702 4595 aliisque
1748 4528 1849 4581 Pa-
1878 4532 1924 4587 ι)
2020 4514 2113 4568 44.
2134 4512 2238 4568 Sed
2265 4513 2498 4582 nequod
2525 4513 2683 4567 toties
2710 4526 2740 4566 a
2767 4509 3063 4567 Catholicis
3088 4508 3314 4565 feliciter
3336 4518 3518 4564 actum

283 4612 411 4656 trmn
438 4606 736 4660 sententiis
753 4607 1169 4666 conﬁrmaverit
1200 4613 1569 4681 doctissimus,
1590 4618 1854 4688 beateque

284 4698 557 4750 memoriae
612 4696 1034 4763 Feuardcntius,
1083 4701 1463 4759 molestissima
1515 4707 1632 4777 ejus
1684 4725 1857 4779 argu-

286 4797 449 4841 menta
470 4788 716 4849 eludere,
741 4791 1115 4861 propitiosque
1139 4795 1262 4861 sibi,
1288 4796 1334 4852 si
1363 4808 1559 4866 posset,
1590 4798 1852 4856 lrenaum

284 4885 331 4929 et
358 4878 750 4947 Augustinum,
776 4881 930 4950 cujus
959 4883 1124 4936 etiam
1158 4886 1539 4940 auctoritatem
1562 4887 1854 4956 objiciebat

288 4968 694 5036 Feuardentius,
734 4974 914 5028 facere
939 4990 1037 5044 pro
1064 4976 1204 5029 virili
1238 4992 1331 5031 sua
1358 4986 1584 5034 conatus
1607 4990 1692 5035 est
1710 4980 1849 5037 Gra-

285 5059 393 5114 bius
425 5064 478 5115 in
509 5063 655 5118 notis
689 5064 807 5119 suis
824 5066 891 5119 ad
923 5065 1108 5121 Irenaet
1145 5066 1239 5123 lib.
1267 5082 1343 5132 tv,
1376 5083 1426 5123 c.
1457 5070 1528 5124 al.
1560 5085 1688 5137 ιιι,
1710 5087 1852 5126 nunc

286 5170 458 5215 XXXVI.
498 5159 688 5228 Itaque
718 5160 922 5215 fatetur
943 5162 1301 5231 Augustinum
1325 5162 1379 5217 in
1401 5167 1698 5221 certamine
1725 5182 1848 5221 cum

286 5245 579 5306 Donatistis
616 5255 845 5305 ntttltum
881 5256 931 5306 in
960 5270 1025 5308 eo
1056 5255 1259 5323 fuisse,
1309 5265 1368 5309 ut
1411 5260 1847 5326 universitatem,

288 5340 558 5410 ipsnttique
609 5358 807 5397 nomen
843 5345 1215 5412 catholicum,
1262 5356 1521 5419 tanquam
1571 5352 1847 5422 proprium

285 5442 411 5482 vera:
438 5431 704 5487 Ecclesia:
731 5434 1102 5490 characterem
1131 5450 1430 5504 assereret,
1476 5456 1582 5509 quo
1613 5457 1644 5495 a
1696 5441 1847 5498 falsis

288 5516 653 5579 haereticorum
691 5534 747 5579 et
784 5527 1254 5583 schismaticorum
1300 5532 1570 5599 canibus,
1608 5533 1659 5586 in
1692 5544 1847 5603 parte

289 5614 848 5683 mundihaerentibus,
883 5626 937 5672 et
962 5619 1030 5672 ab
1053 5634 1141 5684 ea,
1180 5620 1259 5675 vel
1293 5623 1362 5677 ab
1390 5623 1706 5679 auctoribus
1729 5625 1844 5680 suis

290 5703 769 5766 denominationem
808 5712 1047 5783 indeptis
1074 5714 1522 5789 distingueretur.
1557 5720 1741 5787 Atque
1768 5721 1842 5774 ita

292 5794 585 5871 plerumque
620 5817 733 5858 rem
767 5803 884 5874 ejus
910 5823 1026 5864 aevo
1058 5819 1112 5865 et
1139 5821 1265 5865 ante
1305 5825 1362 5865 se
1405 5812 1687 5867 habuisse.
1741 5813 1839 5869 Se-

1956 4617 2077 4669 est,
2117 4606 2204 4660 hic
2252 4606 2445 4659 iterum
2490 4619 2652 4674 agere
2683 4619 2888 4674 cogar,
2938 4603 2989 4657 id
3042 4617 3205 4655 unum
3242 4617 3271 4655 a
3318 4600 3520 4657 Grabio

1955 4713 2232 4766 quaeram;
2274 4712 2340 4752 an
2376 4707 2649 4767 postrema
2686 4697 2787 4751 hac
2833 4696 3018 4750 mundi
3076 4703 3234 4749 aetate
3284 4694 3518 4750 societas

1954 4790 2201 4859 qttzedam
2236 4790 2288 4844 in
2320 4791 2455 4845 orbe
2484 4790 2743 4859 supersit,
2773 4803 2893 4856 qua:
2923 4802 3048 4842 vera
3083 4786 3287 4842 Christi
3331 4787 3520 4842 Eccle-

1952 4885 2032 4941 sia
2063 4884 2187 4955 jure
2220 4883 2325 4939 dici
2350 4883 2547 4953 possit?
2579 4881 2935 4952 Superstitem
2974 4896 3092 4936 esse
3121 4897 3229 4937 non
3276 4880 3515 4951 negabit,

1953 4986 2100 5046 puto,
2134 4976 2177 5031 si
2214 4977 2598 5045 prophetarum
2630 4974 2892 5039 oraculis,
2923 4974 3235 5043 Christique
3259 4973 3430 5044 ipsius
3462 4982 3517 5026 et

1952 5067 2229 5138 Evangelii
2262 5068 2446 5125 dictis.
2473 5067 2669 5136 quibus
2691 5067 2989 5135 perituram
3020 5082 3293 5136 nunquam
3326 5065 3516 5121 Eccle-

1951 5162 2087 5218 siam
2137 5163 2562 5231 praenuntiatum
2618 5160 2779 5215 ﬁdem
2828 5160 3045 5216 habeat.
3092 5158 3262 5216 Porro
3301 5160 3350 5213 si
3383 5173 3514 5214 vera

1950 5253 2129 5321 aliqua
2157 5252 2393 5309 Ecclesia
2428 5268 2571 5307 nunc
2601 5253 2653 5308 in
2690 5252 2823 5308 orbe
2860 5251 3135 5322 supersit,
3184 5249 3346 5316 talem
3393 5265 3513 5306 esse

1948 5360 2173 5401 necesse
2212 5355 2335 5408 est,
2388 5346 2691 5415 iisdemque
2731 5345 3141 5401 characteribus
3175 5343 3512 5414 insignitam,

1947 5440 2161 5509 qualem
2230 5450 2284 5496 et
2337 5441 2535 5509 quibus
2564 5441 2707 5496 notis
2762 5440 3108 5511 conspicuam
3163 5453 3287 5496 esse
3346 5436 3513 5493 voluit

1946 5531 2314 5589 Christus.'At
2363 5547 2432 5588 ex
2481 5532 2779 5603 Scripturis
2839 5532 3170 5603 propheticis
3223 5539 3280 5587 et
3341 5544 3511 5585 evan-

1946 5625 2132 5696 gelicis
2151 5626 2516 5684 certissimum
2547 5637 2649 5692 est,
2682 5628 3093 5684 universitatem
3122 5636 3179 5683 et
3199 5622 3512 5696 amplitudi-

1947 5734 2070 5773 nem
2107 5720 2389 5789 proprium
2420 5735 2560 5786 esse,
2589 5721 2968 5785 essentialem,
3009 5734 3073 5776 ac
3119 5719 3349 5789 proinde
3382 5731 3507 5788 per-

1946 5821 2169 5882 petuum
2194 5810 2358 5878 illius,
2388 5812 2602 5883 qualem
2637 5812 2917 5870 constituit
2943 5810 3221 5881 Christus,
3253 5810 3510 5869 Ecclesiae
