3924 6354
421 329 518 391 291

1209 322 1804 382 DISSERTATIONES
1833 320 2132 377 PRAEVUE
2175 319 2243 377 IN
2283 318 2538 377 lRENIEI
2578 317 2845 377 LIBROS.

3559 320 3657 378 292

418 454 814 512 characterem.
846 451 903 506 ld
928 453 1061 507 adeo
1077 453 1381 522 perspicue,
1407 451 1766 505 efﬁcaciteret
1791 449 1992 502 invicte
2022 451 2068 506 Α
2098 446 2240 499 nima
2266 446 2452 501 mundi
2514 455 2675 515 parte
2726 450 3095 500 coerceretur.
3149 440 3286 496 Hinc
3345 443 3659 514 Augustinm

422 550 773 599 demonstrat
798 543 1133 612 Augustinus
1164 543 1217 595 in
1252 543 1390 597 libro
1417 543 1492 595 De
1519 543 1718 595 unitate
1747 537 2018 595 Ecclesiae,

421 651 492 691 ne
524 635 663 690 alios
698 634 1003 704 proferam,
1030 650 1168 704 quos
1196 635 1417 705 scripsit
1447 642 1635 688 contra
1665 632 1999 693 Donatistas,

422 738 482 781 ut
512 742 735 797 prorsus
765 728 1089 793 obstruatur
1116 741 1177 781 os
1203 726 1539 796 loquentium
1572 724 1777 791 iniqua.
1805 722 2001 776 Allatis

423 831 481 875 et
536 820 787 889 expensis
841 818 1250 885 Scripturarum
1309 818 1602 885 utriusque
1663 815 2000 869 Testamenti

424 913 652 967 vocibus
692 912 965 967 concludit
998 910 1056 965 S.
1108 910 1299 964 doctor
1345 908 1374 979 §
1414 908 1506 965 52.
1559 927 1578 960 ι
1618 907 1999 974 Evangelizata

424 1011 510 1058 est
566 1004 726 1057 nobis
792 1002 1032 1056 Ecclesia
1085 1016 1184 1067 per
1254 1009 1427 1053 totum
1491 999 1678 1052 orbem
1729 1007 2000 1051 terrarum

424 1094 631 1149 futura.
665 1092 924 1166 [CXXVI]
965 1094 1078 1147 Hoc
1112 1093 1164 1146 itt
1192 1092 1333 1162 lege,
1355 1102 1411 1146 et
1443 1091 1745 1161 prophetis,
1775 1101 1828 1146 et
1859 1089 2004 1154 psal-

426 1189 528 1242 mis
559 1201 681 1242 esse
727 1187 1153 1257 praenuntiatum
1206 1199 1322 1254 ipse
1361 1183 1625 1238 Dominus
1675 1182 2002 1238 testificatus

422 1290 529 1345 est,
554 1281 647 1349 qui
678 1295 797 1334 eam
826 1288 1128 1349 cmpturam
1163 1291 1191 1330 a
1235 1275 1577 1342 Jerusalem',
1607 1282 1662 1330 et
1696 1291 1792 1344 per
1813 1289 2003 1329 omnes

434 1383 625 1442 gentes
654 1382 1093 1442 permanaturaut
1123 1385 1242 1425 esse
1272 1369 1543 1439 praedixit;
1582 1377 1744 1423 testes
1775 1368 1879 1422 sibi
1912 1366 2001 1420 lu—

432 1474 585 1520 turos
623 1467 676 1519 in
712 1464 1037 1529 Jerusalem,
1063 1474 1117 1519 et
1150 1465 1201 1518 in
1230 1473 1339 1518 tota
1366 1461 1581 1529 Iudaea,
1627 1470 1681 1518 et
1720 1460 1996 1525 Samaria,

423 1567 477 1611 et
523 1572 696 1626 usque
734 1558 786 1611 in
828 1566 998 1609 totam
1046 1566 1247 1608 terram
1278 1594 1295 1618 ,
1347 1570 1472 1609 cum
1521 1552 1633 1621 jam
1694 1552 1747 1607 in
1803 1552 1999 1606 cmlum

423 1653 763 1711 ascenderet.
791 1648 1203 1719 praenuntiavit.
1240 1648 1363 1703 Haec
1411 1648 1576 1702 verba
1637 1645 1779 1701 facta
1815 1654 2001 1700 secuta

422 1753 570 1796 sunt.
602 1741 886 1809 Quomodo
914 1750 1153 1809 coeptum
1193 1740 1261 1795 sit
1292 1755 1323 1793 a
1364 1738 1689 1803 Jerusalem,
1723 1748 1777 1795 et
1803 1738 2000 1794 deinde

2107 540 2135 612 ς
2170 539 2258 600 72,
2286 538 2375 605 75,
2404 539 2561 609 cujus
2585 541 2747 595 verba
2785 540 2893 595 sibi
2922 539 3066 594 dicta
3101 546 3254 607 putet
3298 536 3530 593 Grabius
3554 580 3568 605 ,
3614 551 3662 594 et

2107 632 2353 701 quisquis
2378 648 2503 686 cum
2532 632 2649 702 ipso
2679 631 2881 687 misere
2913 633 3172 702 deceptus
3214 640 3319 684 tam
3365 629 3663 684 immaniter

2103 735 2276 779 errat.
2308 744 2327 776 ι
2360 725 2629 791 Audistis,
2662 725 2860 796 inquit,
2884 726 3118 794 pastoris
3140 739 3324 779 vocem
3350 722 3667 779 manifestis-

2106 820 2324 883 simam,
2358 834 2463 874 non
2491 819 2667 873 solum
2713 833 2815 888 per
2846 822 3019 890 legem
3055 818 3204 888 ejus},
3255 827 3310 872 et
3357 818 3645 887 prophetas

2105 922 2159 966 et
2188 912 2448 981 psalmos,
2480 911 2572 967 sed
2622 911 2790 967 etiam
2838 926 2935 982 per
2977 926 3038 965 os
3079 910 3355 979 proprium
3398 923 3665 964 commen-

2104 1004 2286 1058 dantis
2334 1002 2633 1058 Ecclesiam
2675 1019 2826 1058 suam
2880 1004 3139 1057 futuram.
3184 1004 3251 1058 Et
3278 1018 3339 1058 ea
3383 1018 3502 1072 qua:
3542 1018 3667 1068 prte-

2103 1096 2264 1161 dixit,
2298 1094 2754 1166 quemadmodum
2786 1111 2849 1161 ex
2879 1096 3072 1150 ordine
3104 1104 3398 1150 consecuta
3443 1096 3585 1159 sint,
3619 1095 3665 1149 in

2108 1190 2339 1245 Actibus
2352 1201 2406 1246 et
2422 1189 2643 1244 Litteris
2661 1189 3053 1257 apostolorum,
3069 1204 3188 1257 qua;
3210 1188 3513 1243 divinarum
3532 1188 3665 1242 Scri-

2111 1290 2393 1348 pturarum
2433 1295 2697 1335 canonem
2747 1279 3044 1349 complent,
3097 1278 3328 1349 legendo
3366 1277 3684 1348 perspicitis.

2108 1370 2225 1425 Non
2250 1382 2333 1427 est
2362 1375 2596 1427 obscura
2623 1373 2852 1441 quaestio
2884 1372 2936 1425 in
2976 1387 3082 1442 qua
3117 1387 3214 1427 vos
3260 1372 3452 1424 fallant
3476 1411 3491 1434 ,
3535 1386 3664 1439 quos

2106 1467 2221 1534 ipse
2238 1466 2496 1521 Dominus
2522 1467 2774 1536 prtedixit
2807 1466 3019 1520 futuros
3043 1476 3207 1535 atque
3230 1467 3475 1520 dicturos
3502 1483 3515 1519 :
3538 1465 3665 1521 Ecce

2102 1558 2187 1613 hic
2216 1568 2288 1612 est
2316 1558 2581 1623 Christus,
2613 1575 2728 1613 ecce
2752 1559 2884 1622 illic,
2915 1576 3029 1613 ecce
3056 1559 3110 1611 in
3138 1560 3361 1619 deserto,
3392 1559 3547 1628 quasi
3581 1559 3666 1613 ubi

2103 1668 2211 1707 non
2237 1662 2323 1707 est
2354 1650 2662 1720 frequentia
2692 1652 3083 1714 multitudinis;
3111 1669 3227 1705 ecce
3260 1651 3315 1703 in
3347 1650 3605 1704 cubiculis
3624 1651 3666 1716 ',

2103 1745 2259 1813 quasi
2289 1744 2339 1798 in
2378 1746 2607 1799 secretis
2648 1744 3037 1799 traditionibus
3060 1752 3221 1812 atque
3253 1744 3541 1798 doctrinis.
3569 1743 3669 1797 Ha-

421 1848 739 1904 processum
773 1832 827 1885 in
849 1832 1115 1896 Judaeam.
1149 1841 1204 1886 et
1236 1831 1566 1891 Samariam.
1596 1840 1651 1885 et
1678 1831 1804 1885 inde
1831 1832 1884 1886 in
1916 1840 1999 1885 ιο·
2030 1815 2072 1869 Β
2103 1837 2244 1892 betis
2278 1835 2573 1891 Ecclesiam
2608 1836 2809 1905 ubique
2835 1834 3078 1900 diffundi,
3117 1838 3237 1906 (nec
3269 1844 3478 1890 tantum
3501 1879 3514 1900 ,
3560 1832 3667 1905 sed)

422 1934 534 1977 tam
585 1933 811 1986 terram,
866 1923 958 1976 ubi
1006 1923 1188 1976 adhuc
1237 1922 1438 1976 crescit
1486 1920 1770 1987 Ecclesia,
1824 1921 1997 1975 donec

421 2031 595 2086 usque
622 2015 675 2070 in
703 2015 868 2070 finem
906 2014 1070 2070 etiam
1118 2015 1360 2081 reliquas
1404 2024 1630 2084 gentes,
1676 2012 1763 2066 ubi
1817 2013 1998 2068 adhuc

422 2122 527 2162 non
552 2115 656 2172 est,
690 2106 953 2169 obtineat,
984 2103 1285 2172 Scripturis
1312 2103 1515 2158 sanctis
1546 2103 1776 2157 testibus
1808 2117 1999 2158 conse-

420 2208 658 2269 quenter
695 2197 1006 2253 ostenditur
1056 2214 1073 2251 :
1126 2195 1372 2266 quisquis
1415 2194 1561 2248 aliud
1613 2195 1951 2264 evangelizat
1981 2236 1995 2260 ,

419 2290 707 2344 anathema
744 2288 833 2342 sit.
867 2286 1029 2341 Aliud
1052 2295 1232 2341 autem
1261 2285 1619 2356 evangelizat,
1648 2301 1741 2356 qui
1770 2286 1999 2354 periisse

418 2381 553 2436 dicit
577 2381 645 2436 de
673 2389 871 2436 caetero
896 2381 1094 2435 mundo
1121 2378 1444 2444 Ecclesiam,
1465 2386 1519 2432 et
1544 2378 1597 2433 in
1622 2390 1775 2448 parte
1806 2378 1997 2433 Donati

421 2472 475 2525 in
509 2469 623 2526 sola
658 2468 842 2524 Africa
890 2470 1220 2524 remansisse
1252 2468 1407 2540 (jam
1447 2468 1735 2523 dicendum
1790 2478 1905 2531 est,
1945 2470 1998 2521 in

418 2572 578 2631 parte
603 2561 811 2616 Calviui
839 2572 896 2616 et
922 2561 1156 2616 Lutheri
1201 2562 1255 2615 in
1287 2561 1400 2616 sola
1435 2560 1661 2632 Anglia,
1705 2560 1890 2629 Belgio
1944 2568 1999 2613 et

415 2651 710 2708 Germania
762 2653 1131 2719 remansisse)
1182 2653 1333 2708 dicit.
1386 2652 1527 2724 Ergo
1558 2652 1850 2705 anathema
1904 2651 1998 2705 sit.

414 2745 526 2800 Aut
554 2745 698 2816 legat
727 2746 857 2800 mihi
887 2745 989 2801 hoc
1016 2746 1072 2801 in
1106 2744 1413 2816 Scripturis
1444 2744 1670 2811 sanctis,
1699 2755 1755 2799 et
1788 2760 1895 2799 non
1927 2744 2000 2798 sit

416 2841 732 2893 anathema.
783 2854 803 2890 ι

487 2958 582 3014 45.
621 2955 1048 3027 Respondebant
1106 2952 1250 3008 forte
1302 2950 1638 3007 recentiores
1670 2949 1993 3017 Donatistae,

420 3050 563 3119 quod
596 3058 810 3105 veteres
841 3048 917 3103 illi
944 3047 1085 3117 apud
1112 3045 1475 3116 Augustinum
1504 3043 1531 3115 §
1558 3045 1647 3101 3'5.
1689 3062 1709 3096 ι
1754 3044 1820 3098 Ει
1871 3045 1995 3107 ista,

419 3143 697 3211 inquiunt,
730 3143 1024 3205 credimus,
1062 3152 1118 3194 et
1158 3135 1428 3206 completa
1462 3150 1585 3191 esse
1631 3135 1993 3199 conﬁtemur;
2025 3161 2067 3218 ο

419 3233 515 3287 sed
550 3243 736 3304 postea
765 3233 913 3287 orbis
944 3243 1214 3286 terrarum
1262 3229 1617 3298 apostatavit,
1649 3237 1704 3282 et
1754 3226 1871 3281 sola
1913 3241 1999 3280 re-

420 3325 619 3378 mansit
670 3322 862 3377 Donati
910 3321 1140 3391 (Calvini
1198 3329 1254 3375 et
1305 3319 1557 3389 Lutberi)
1589 3318 1921 3373 communio.
1972 3336 1991 3369 ›

420 3412 528 3468 Sed
556 3412 738 3469 statim
767 3428 887 3467 cum
929 3411 1233 3482 Augustino
1261 3424 1588 3481 reponemus
1622 3427 1636 3463 :
1677 3427 1697 3460 σ
1742 3409 1853 3464 lloc
1886 3425 1995 3465 no-

422 3507 507 3562 bis
538 3507 718 3577 legant
755 3514 810 3560 et
844 3505 978 3559 nihil
1016 3505 1341 3559 resistimus.
1384 3502 1441 3558 Si
1472 3511 1651 3557 autem
1680 3516 1785 3556 non
1837 3516 1899 3555 ea
1933 3502 1999 3556 de

420 3598 721 3667 Scripturis
748 3596 953 3651 sanctis
986 3596 1207 3666 legunt,
1247 3596 1340 3650 sed
1389 3595 1503 3651 suis
1548 3595 1997 3651 contentionibus

421 3690 752 3760 persuadere
806 3697 1119 3753 conantur;
1180 3687 1342 3743 credo
1394 3689 1485 3743 illa
1520 3730 1535 3754 ,
1585 3703 1707 3758 quae
1739 3688 1795 3742 in
1843 3687 1996 3743 Scri-

419 3782 594 3852 pturis
622 3783 831 3836 sanctis
855 3781 1129 3852 leguntur,
1161 3798 1267 3835 non
1296 3783 1460 3838 credo
1486 3783 1612 3848 ista,
1642 3797 1762 3852 quae
1786 3781 1854 3836 ab
1881 3781 1993 3836 hce-

418 3874 606 3928 reticis
633 3872 785 3927 vanis
819 3874 1096 3929 dicuntur.
1139 3892 1158 3925 ι
1188 3872 1520 3943 ,Εαυίεεὶπηδ
1560 3884 1706 3930 certe
1749 3874 1996 3930 conditio

420 3965 490 4020 ab
546 3966 852 4035 Augustino
912 3967 1212 4036 proposita.
1254 3965 1392 4021 Cum
1447 3968 1591 4022 enim
1650 3967 1993 4037 apertissima

418 4058 551 4120 sint,
579 4066 654 4122 et,
680 4066 741 4110 ut
762 4056 1051 4127 Augustini
1077 4056 1279 4123 verbis,
1304 4057 1332 4129 §
1360 4057 1450 4121 56,
1483 4067 1625 4119 utar,
1658 4076 1677 4110 ι
1731 4058 1878 4112 nullo
1910 4058 1996 4112 in-

419 4147 970 4217 terpreteiudigeant
1015 4150 1401 4204 canonicarum
1450 4149 1860 4219 Scripturarum
1909 4158 1991 4203 te-

418 4238 705 4299 stimonia,
758 4252 879 4308 qua:
927 4240 1316 4293 commendant
1363 4239 1666 4295 Ecclesiam
1722 4240 1775 4293 in
1826 4241 1994 4295 totius

418 4332 566 4387 orbis
604 4331 988 4387 communione
1036 4332 1373 4397 consistere;
1419 4350 1437 4384 ι
1494 4332 1739 4403 quisquis
1793 4335 1994 4387 asserit

414 4424 828 4493 amplitudinem
861 4423 1002 4478 hanc
1028 4433 1084 4477 et
1114 4424 1525 4479 universitatem
1568 4440 1673 4479 non
1705 4426 1820 4479 fore
1864 4440 1990 4494 per-

2100 1939 2157 1984 et
2182 1943 2428 1984 crescere
2451 1945 2622 1999 usque
2652 1931 2717 1989 ad
2742 1944 2995 1990 messem,
3027 1930 3078 1983 id
3112 1940 3195 1983 est
3218 1945 3389 1999 usque
3413 1930 3479 1983 ad
3501 1938 3669 1982 extre-

2102 2037 2250 2076 mum
2283 2020 2470 2089 judicii
2513 2021 2685 2076 diem.
2724 2019 2947 2075 Habetis
2976 2020 3250 2075 civitatem
3294 2022 3359 2074 de
3389 2035 3493 2088 qua
3542 2020 3667 2084 ipse,

2098 2114 2190 2183 qui
2227 2128 2345 2168 eam
2374 2112 2653 2176 condidit,
2688 2114 2798 2166 ait:
2844 2112 2966 2167 Non
3005 2122 3170 2180 potest
3212 2112 3398 2167 civitas
3432 2113 3669 2165 abscondi

2099 2221 2256 2275 super
2274 2214 2497 2258 montem
2523 2204 2693 2271 posita
2716 2203 2760 2257 '.
2794 2203 2912 2273 Ipsa
2950 2214 3039 2259 est
3062 2220 3222 2274 ergo,
3262 2218 3385 2273 quae
3422 2219 3531 2258 non
3580 2203 3669 2257 ali-

2100 2312 2209 2365 qua
2240 2306 2396 2365 parte
2430 2306 2732 2358 terrarum,
2780 2295 2873 2349 sed
2914 2296 3111 2363 ubique
3161 2295 3455 2350 notissima
3502 2302 3668 2349 est....

2100 2386 2208 2442 Vos
2246 2397 2425 2441 autem
2457 2387 2748 2440 innitentes
2784 2393 2861 2440 tot
2887 2385 3312 2440 evidentissimis
3345 2385 3665 2441 testimoniis

2098 2478 2279 2550 Legis,
2313 2478 2733 2549 Prophetarum,
2774 2478 3134 2543 Psaltnorum,
3162 2478 3334 2549 ipsius
3358 2477 3592 2543 Domini,
3615 2488 3669 2532 et

2098 2571 2486 2641 Apostolorum
2519 2571 2584 2625 de
2609 2579 2795 2625 sancta
2830 2570 3073 2625 Ecclesia
3100 2579 3214 2644 toto
3247 2580 3521 2625 terrarum
3545 2570 3669 2623 orbe

2101 2661 2317 2728 diffusa,
2357 2661 2560 2729 exigite
2594 2662 2662 2715 ab
2715 2662 2831 2716 istis
2856 2702 2871 2724 ,
2930 2672 2985 2715 ut
3024 2662 3317 2717 ostendant
3359 2662 3426 2716 de
3470 2659 3648 2716 Africa

2102 2753 2232 2824 (jam
2264 2755 2332 2808 de
2354 2752 2571 2824 Anglia,
2604 2753 2734 2823 etc.)
2776 2754 2917 2823 quod
2962 2756 3154 2809 attinet
3206 2755 3270 2808 ad
3308 2764 3520 2823 partem
3570 2752 3670 2807 Do-

2101 2842 2215 2897 nati
2274 2843 2405 2911 (jam
2447 2842 2657 2897 Calvini
2687 2853 2741 2897 et
2777 2842 3249 2914 Lutheri),aliqua
3283 2844 3571 2897 manifesta
3611 2842 3672 2895 de

2101 2934 2377 2989 canonicis
2430 2936 2582 2990 libris
2618 2937 2952 2991 testimonia.
2981 2935 3167 3005 Neque
3202 2938 3371 2999 enim.
3400 2938 3541 2991 sicut
3566 2935 3668 3006 jam

2101 3026 2238 3090 dixi,
2270 3027 2382 3082 ullo
2418 3029 2579 3083 modo
2614 3028 2728 3083 fieri
2758 3040 2963 3098 posset,
2990 3038 3051 3084 ut
3086 3029 3330 3085 Ecclesia
3353 3070 3369 3094 ,
3413 3032 3555 3085 sicut
3591 3029 3669 3084 di-

2102 3127 2254 3185 cunt,
2286 3129 2339 3175 et
2372 3122 2517 3190 quod
2545 3121 2709 3188 absit,
2735 3131 2844 3175 tam
2874 3123 2981 3176 cito
3014 3138 3082 3177 ex
3119 3132 3198 3176 tot
3250 3123 3506 3192 gentibus
3550 3137 3668 3191 per-

2103 3212 2271 3279 itura,
2298 3221 2381 3267 tot
2420 3213 2752 3268 testimoniis
2780 3222 2885 3267 tam
2915 3215 3222 3269 sublimiter
3250 3224 3305 3269 et
3332 3225 3441 3268 tam
3466 3214 3671 3268 indubi-

2101 3313 2284 3360 tanter
2322 3306 2732 3375 praedicaretur;
2764 3317 2819 3360 et
2843 3308 2910 3361 de
2948 3307 3073 3374 ista,
3107 3322 3269 3375 quam
3303 3307 3511 3372 volunt,
3556 3320 3669 3366 sua,

2099 3413 2223 3467 qua:
2255 3412 2425 3467 usque
2454 3398 2507 3451 in
2542 3398 2723 3463 finem,
2755 3398 2894 3454 sicut
2918 3400 3273 3463 contendunt,
3318 3411 3669 3468 permansura

2098 3490 2315 3556 fuerat,
2372 3498 2662 3545 taceretur.
2716 3509 2736 3543 ι
2795 3490 3030 3546 Proinde
3069 3490 3304 3546 Grabius
3355 3501 3412 3547 et
3459 3491 3669 3545 asseclat

2105 3600 2124 3634 ι
2160 3591 2575 3651 perscrutentur
2598 3582 2915 3651 Scripturas
2978 3584 3053 3653 (et
3103 3584 3192 3637 hic
3238 3584 3439 3637 iterum
3490 3583 3661 3651 Augu-

2098 3673 2227 3727 stini
2256 3674 2420 3727 verba
2449 3672 2632 3744 sunt§
2682 3672 2862 3742 42),et
2906 3684 3098 3728 contra
3143 3683 3250 3728 tam
3297 3675 3468 3728 multa
3522 3672 3668 3728 testi-

2099 3765 2305 3830 monia,
2338 3766 2541 3835 quibus
2564 3765 2876 3820 ostenditur
2903 3765 3142 3821 Ecclesia
3173 3765 3383 3821 Christi
3422 3775 3535 3820 toto
3566 3774 3669 3819 ter-

2098 3873 2284 3912 rarum
2346 3858 2478 3913 orbe
2539 3855 2790 3922 diqundi,
2856 3856 2943 3912 vel
2999 3873 3163 3912 unum
3231 3856 3513 3925 proferant
3564 3865 3665 3908 tam

2096 3958 2306 4004 certum
2341 3959 2397 4005 et
2433 3958 2541 4005 tam
2591 3947 2941 4005 manifestum
2968 3989 2983 4014 ,
3023 3964 3186 4019 quam
3229 3948 3318 4002 illa
3356 3958 3522 4012 sunt,
3566 3960 3669 4015 quo

2095 4041 2469 4097 demonstrent
2496 4041 2793 4096 Ecclesiam
2825 4040 3032 4096 Christi
3065 4039 3291 4110 periisse
3338 4040 3407 4095 de
3459 4038 3665 4093 ceteris

2094 4132 2345 4204 gentibus
2362 4134 2487 4187 etin
2511 4133 2623 4188 sola
2652 4151 2672 4185 ι
2694 4134 2884 4204 Anglia
2907 4152 2927 4185 ι
2955 4132 3352 4186 remansisse...
3379 4131 3483 4186 Sed
3507 4144 3663 4199 quam

2095 4239 2204 4279 non
2237 4223 2624 4292 permittantur
2654 4223 2845 4279 saltem
2869 4239 3114 4292 qttzerere
3138 4222 3364 4291 aliquid,
3408 4237 3518 4291 quo
3544 4234 3665 4290 pro-

2092 4317 2224 4372 bent
2249 4331 2372 4371 esse
2404 4316 2748 4385 praedictum,
2779 4314 3165 4370 deficientibus
3195 4330 3223 4368 a
3260 4313 3367 4368 fide
3398 4314 3662 4369 Christla-

2092 4425 2163 4465 na
2193 4410 2408 4465 caeteris
2437 4410 2707 4478 gentibus,
2736 4409 2789 4463 in
2822 4410 2935 4463 sola
2962 4409 3179 4478 (Anglia
3205 4426 3224 4459 ι
3254 4407 3550 4462 Ecclesiam
3579 4419 3663 4460 re-

416 4527 632 4588 pemam
668 4531 811 4572 νει-ω
836 4516 1094 4572 Ecclesia;
1115 4527 1321 4584 notam,
1348 4532 1567 4572 necesse
1594 4525 1677 4573 εει
1704 4528 1812 4572 lam
1836 4518 1985 4573 clam
2012 4516 2065 4575 ι)
2093 4516 2434 4558 mansuram:
2459 4500 2740 4555 attendant
2763 4500 2892 4554 illud
2920 4502 3063 4570 quod
3085 4516 3227 4570 saepe
3243 4498 3679 4553 commemoravi.

416 4616 474 4663 et
504 4618 691 4676 aperta
724 4608 1135 4680 Scripturarum
1177 4609 1483 4664 testimonia
1517 4610 1759 4678 proferat
1790 4610 1987 4679 quibus

418 4702 776 4756 assertionem
811 4718 964 4759 suam
1012 4704 1223 4773 probet.
1269 4701 1382 4756 Nisi
1427 4702 1572 4757 enim
1611 4701 1756 4757 Deus
1797 4702 1988 4758 fallere

418 4810 518 4849 nos
546 4795 801 4861 voluerit,
832 4798 975 4865 quod
1003 4798 1147 4852 absit
1176 4806 1234 4850 ut
1259 4795 1345 4850 vel
1366 4796 1692 4865 cogitemus,
1717 4810 1993 4850 commea-

417 4883 543 4937 data
576 4883 780 4953 ubique
818 4895 873 4939 et
900 4887 1184 4955 designata
1211 4884 1457 4941 Ecclesia
1484 4901 1602 4951 sua,
1628 4887 1779 4940 velut
1818 4886 1994 4941 socie-

420 4983 531 5031 tate
557 4977 816 5046 quadam,
860 4992 983 5046 quae
1026 4992 1139 5045 pra:
1179 4977 1397 5033 caeteris
1434 4979 1688 5033 omnibus
1732 4979 1990 5047 amplitu-

416 5069 546 5123 dine
573 5077 628 5123 et
657 5068 1014 5123 universitate
1043 5070 1273 5141 insignis
1300 5070 1463 5137 foret;
1497 5071 1686 5126 debuit
1710 5085 1808 5140 pro
1834 5071 1992 5126 boni-

419 5170 528 5215 tate
560 5175 681 5225 sua,
717 5159 915 5216 alicubi
951 5161 1142 5216 saltem
1167 5172 1278 5216 tam
1313 5163 1532 5218 disertis
1558 5162 1738 5217 verbis
1769 5178 1991 5217 monere

417 5252 834 5322 amplitudinem
863 5253 1023 5316 hanc,
1053 5255 1406 5324 temporalem
1441 5255 1706 5307 duntaxat
1733 5253 1989 5309 Ecclesiae

417 5356 598 5399 notam
623 5344 760 5413 fore,
807 5355 1078 5415 postrema
1127 5346 1310 5401 mundi
1350 5356 1514 5401 aetate
1559 5347 1887 5413 desituram;
1928 5360 1992 5401 ac

418 5437 633 5492 tandem
660 5437 951 5507 aliquando
984 5438 1225 5493 futurum
1260 5452 1405 5501 esse,
1439 5448 1496 5491 ut
1548 5438 1789 5492 Ecclesia
1817 5478 1833 5503 ,
1868 5453 1991 5507 qua:

415 5530 687 5601 prioribus
712 5532 923 5588 saeculis
949 5533 1135 5587 orbem
1167 5540 1339 5585 totum
1378 5532 1681 5597 obtineret,
1713 5540 1987 5602 p‘ostrema

416 5622 603 5679 mundi
630 5630 791 5678 aetate
813 5625 1218 5695 angustioribus
1244 5632 1397 5693 septa
1446 5622 1746 5691 limitibus,
1792 5624 1850 5678 in
1884 5624 1988 5679 tui-

2095 4608 2315 4667 utraque
2362 4610 2593 4649 crescere
2623 4610 2784 4664 usque
2834 4594 2902 4647 ad
2944 4609 3205 4658 messem,
3239 4604 3285 4645 et
3331 4608 3520 4662 agrum
3555 4607 3663 4645 esse

2093 4687 2372 4753 mundum,
2405 4702 2622 4741 messem
2643 4686 2801 4755 ﬁnem
2827 4685 3089 4753 saeculi”,
3116 4701 3221 4741 non
3242 4688 3417 4749 nobis.
3435 4686 3531 4741 sed
3551 4687 3660 4754 ipsc

2087 4792 2317 4847 Domino
2344 4791 2739 4860 interpretante
2777 4788 3091 4858 parabolam
3124 4804 3353 4849 suam...
3402 4790 3662 4845 Desinant

2087 4898 2218 4952 ergo
2242 4896 2486 4952 quaerere
2514 4881 2659 4950 quod
2687 4881 2937 4935 invenire
2962 4896 3066 4935 non
3094 4892 3369 4951 poterunt,
3401 4896 3509 4936 non
3538 4880 3659 4950 quia

2086 4973 2359 5030 occultum
2391 4983 2497 5039 est,
2530 4973 2623 5027 sed
2671 4972 2799 5040 quia
2836 4986 2944 5027 non
2976 4982 3078 5026 est.
3128 4972 3267 5028 Sunt
3298 4976 3440 5029 enim
3487 4975 3660 5027 adhuc

2087 5064 2359 5123 nonnulla:
2382 5073 2596 5132 gentes,
2625 5064 2680 5118 in
2711 5064 2910 5133 quibus
2934 5067 3171 5119 nondum
3200 5076 3283 5119 est
3310 5066 3656 5135 Evangelium

2086 5160 2472 5231 praedicatum;
2506 5170 2731 5210 necesse
2753 5163 3038 5209 estautem
3070 5157 3276 5225 impleri
3304 5156 3507 5221 omnia,
3542 5171 3658 5225 qua:

2086 5252 2154 5307 de
2183 5249 2407 5306 Christo
2433 5256 2490 5302 et
2518 5245 2761 5300 Ecclesia
2787 5238 3200 5315 prmdicta'sunt
3238 5256 3503 5317 gopertet
3532 5261 3657 5317 ergo

2084 5351 2141 5397 et
2170 5341 2222 5395 iu
2249 5341 2331 5396 eis
2359 5335 2661 5407 praedicari.
2698 5352 2718 5386 ι

2155 5431 2243 5486 46.
2275 5430 2369 5494 At,
2392 5428 2565 5497 inquit
2592 5425 2848 5493 Grabius,
2876 5424 3109 5493 legimus
3136 5426 3191 5481 in
3220 5423 3541 5497 Apocalypsi
3568 5421 3653 5476 fu-

2086 5534 2264 5580 turam
2294 5537 2415 5579 esse
2443 5518 2788 5577 meretricem
2820 5533 3093 5590 magnam,
3131 5535 3255 5576 cum
3284 5534 3391 5590 qua
3421 5516 3654 5572 fornica-

2086 5621 2288 5675 buutur
2312 5629 2469 5688 reges
2512 5624 2689 5680 terrae,
2720 5618 2775 5666 et
2813 5611 3229 5671 inebriabuutur
3260 5616 3352 5686 qui
3404 5611 3648 5669 habitant

3214 5752 3241 5763 Ὦ

520 5799 545 5832 ⁸
573 5799 761 5857 Matth.
796 5818 941 5868 xxiv,
971 5802 1061 5857 25.
1138 5805 1156 5835 ⁹
1194 5799 1385 5857 Matth.
1422 5817 1474 5868 ν,
1510 5802 1594 5857 ll.
1640 5803 1680 5834 ¹⁶
1712 5801 1907 5858 Matth.
1937 5818 2059 5871 xm,
2087 5801 2176 5857 30.
