3924 6354
301 372 399 423 293

1197 362 1656 429 DISSERTATIO
1694 363 1784 428 lll,
1824 362 1913 417 DE
1954 361 2210 418 ΙΒΕΝᾹΞΙ
2246 361 2615 418 DOCTRINA,

3423 367 3530 424 291a

301 503 519 547 terram.
542 488 607 542 de
623 487 758 543 vino
786 484 1190 556 prostitutiouis
1216 487 1357 555 ejus,
1386 497 1524 551 etc.,
1544 501 1663 555 qua
1692 485 1759 539 de
1783 484 1867 537 ul-
1894 487 1941 543 A
1968 496 2133 551 quam
2186 491 2369 537 tamen
2419 485 2463 538 si
2508 498 2682 539 sacra:
2727 483 2889 554 huius
2931 483 3231 556 prophetia
3274 487 3533 559 mysteria

298 584 421 637 tima
458 579 640 635 mundi
680 588 841 633 atate
884 579 951 632 ab
993 576 1126 648 ipsis
1170 578 1461 646 pontiﬁciis
1496 576 1857 645 explicantur.

296 674 396 730 Sed
429 686 619 727 rursus
644 686 770 726 cum
804 670 1109 739 Augustino
1153 668 1181 741 §
1217 670 1251 725 9
1280 670 1617 740 respondebo
1644 710 1658 732 ,
1693 688 1711 720 ι
1768 668 1857 723 illa

300 762 602 834 seponenda
625 777 770 825 esse,
799 776 920 829 qua
943 761 1175 816 obscure
1213 762 1386 831 posita
1418 802 1433 824 ,
1468 771 1520 815 et
1564 760 1857 829 ﬁgurarum

292 855 647 911 velaminibus
682 853 923 908 involuta
979 853 1182 923 (qualia
1227 864 1357 909 sunt
1396 869 1457 906 ea
1496 852 1609 907 fere
1651 851 1856 915 omnia,

292 964 403 1019 qua
438 950 491 1002 in
531 947 862 1018 Apocalypsi
903 946 1199 1018 leguntur),
1228 956 1283 1002 et
1320 946 1617 1001 secundum
1666 959 1765 999 nos
1805 953 1861 999 et

290 1040 583 1095 secundum
627 1040 748 1094 illos
790 1048 1020 1109 possunt
1069 1040 1437 1108 interpretari.
1492 1038 1588 1091 Est
1634 1038 1855 1107 quidem

292 1144 568 1188 acutorum
612 1136 896 1188 hominum
952 1130 1253 1199 diiudicare
1310 1144 1473 1203 atque
1524 1134 1855 1193 discernere,

292 1223 404 1290 quis
430 1239 496 1278 ea
528 1224 872 1294 probabilius
905 1223 1319 1294 interpretetur;
1358 1225 1453 1279 sed
1502 1223 1755 1279 nolumus
1804 1221 1856 1274 in

294 1316 379 1369 bas
403 1316 754 1386 ingeniorum
785 1320 1185 1381 contentiones,
1218 1318 1270 1370 in
1304 1333 1362 1371 ea
1394 1331 1577 1379 causa,
1605 1331 1724 1385 qua
1755 1329 1854 1383 po-

291 1409 437 1476 pulos
476 1418 650 1472 tenet,
684 1418 926 1462 nostram
953 1410 1372 1478 disputationem
1403 1409 1847 1464 committere....

290 1502 477 1570 Aperta
505 1501 715 1555 veritas
755 1501 971 1568 clamet,
1011 1503 1211 1564 luceat,
1263 1501 1315 1555 in
1356 1500 1642 1556 obturatas
1693 1513 1854 1553 aures

290 1595 569 1662 irrumpat,
600 1594 1061 1648 dissimulantium
1088 1595 1274 1649 oculos
1301 1594 1482 1657 feriat,
1504 1608 1661 1648 nemo
1691 1591 1744 1644 itt
1776 1590 1856 1643 eis

291 1685 501 1741 latebris
537 1696 751 1756 quarat
779 1686 925 1741 falsa
957 1701 1067 1741 sua
1096 1688 1377 1742 sententia
1403 1687 1605 1749 locum,
1635 1698 1852 1739 onmem

290 1788 532 1833 conatum
563 1779 979 1834 contradicendi
1021 1781 1335 1846 confundat,
1360 1792 1575 1834 onmem
1621 1778 1851 1831 frontem

1965 577 2200 630 scrutari
2230 578 2415 644 liceat,
2444 578 2605 649 longe
2641 579 2854 634 facilius
2878 596 3213 652 quacunque
3241 581 3310 638 de
3349 597 3526 637 mere-

1962 669 2099 723 trice
2127 667 2215 723 illa
2250 685 2445 740 magna
2457 670 2908 739 pranuntiantur,
2932 687 3217 739 possumus
3255 674 3307 729 in
3334 671 3529 730 Prote-

1962 769 2169 816 stantes
2196 762 2342 831 ipsos
2374 772 2716 830 convertere,
2748 772 2802 818 et
2846 764 2894 819 ei
2925 781 3086 837 quam
3114 766 3238 821 ﬁdei
3279 776 3333 821 et
3360 768 3528 824 morio

1960 850 2062 906 bus
2112 851 2450 913 intulerunt,
2504 854 2827 920 corruptela
2873 853 3318 919 accommodare,
3363 871 3526 923 quam

1959 944 2173 1014 possint
2220 943 2276 997 in
2327 942 2626 998 Ecclesiam
2678 943 2977 1000 Romanam
3042 947 3361 1001 transferre.
3416 945 3525 1003 Sed

1962 1036 2147 1090 missis
2176 1035 2325 1090 hisce
2359 1054 2377 1088 ο
2421 1051 2602 1090 rerum
2632 1036 2844 1107 ﬁguris,
2886 1038 3187 1107 inquibus,
3237 1046 3295 1093 ut
3336 1054 3527 1093 rursus

1959 1127 2033 1180 ait
2062 1126 2395 1195 Augustinus
2436 1124 2464 1197 ᾗ
2501 1128 2585 1193 l0,
2612 1129 2737 1198 quia
2771 1127 2853 1182 vel
2878 1130 3230 1199 interpretem
3255 1140 3526 1199 quarunt,

1959 1223 2083 1277 nolo
2107 1232 2290 1277 nostra
2318 1223 2535 1292 ingenia
2568 1231 2974 1290 comparentur,
3009 1239 3028 1272 ι
3079 1220 3472 1277 concludamus
3508 1241 3523 1275 :

1968 1331 2091 1374 cum
2136 1318 2190 1372 in
2221 1316 2539 1387 ,Scripturis
2563 1316 2664 1371 hac
2696 1316 3085 1379 universitatis,
3128 1315 3529 1385 amplitudinis-

1959 1426 2065 1479 que
2100 1420 2230 1465 nota
2275 1411 2587 1480 designetur
2614 1425 2700 1476 ea,
2728 1426 2891 1480 quam
2929 1410 3210 1465 constituit
3252 1409 3527 1477 Christus,

1956 1500 2228 1567 Ecclesia,
2256 1515 2356 1555 nec
2381 1502 2670 1571 aliquando
2688 1502 2983 1557 desituram
3014 1516 3131 1555 eam
3152 1511 3335 1554 notam
3373 1502 3539 1556 ullibi'

1960 1602 2240 1663 appareat;
2268 1594 2313 1647 si
2341 1608 2461 1662 qua
2490 1592 2651 1647 hodie
2672 1592 2724 1647 in
2753 1594 2884 1648 orbe
2912 1607 3039 1647 vera
3060 1591 3305 1661 supersit
3336 1591 3527 1646 Eccle-

1957 1688 2057 1751 sia,
2087 1700 2206 1740 eam
2238 1687 2407 1739 solam
2447 1700 2569 1740 esse
2600 1700 2721 1754 qua
2747 1685 2959 1739 cateris
3002 1685 3359 1739 societatibus
3400 1684 3521 1738 lon-

1958 1779 2076 1849 gius
2098 1777 2369 1847 latiusque
2396 1787 2612 1848 pateat;
2656 1791 2720 1831 ac
2754 1778 2977 1846 proinde
3016 1776 3185 1830 solam
3220 1776 3524 1830 Romanam

290 1870 613 1939 impudentis
632 1872 851 1927 elidat.»
891 1872 946 1926 Si
979 1888 1096 1941 qua
1122 1839 1381 1939 ejusmodi
1408 1872 1704 1940 Scriptura
1736 1869 1849 1923 loca
1890 1839 1932 1895 Β
1958 1839 2096 1923 csse.
2135 1886 2154 1920 ‹
2193 1870 2234 1900 ιι
2273 1839 2607 1936 illa-quippe
2652 1839 2880 1936 singula
2927 1865 2978 1918 in
3013 1865 3197 1918 multis
3246 1862 3522 1932 gentibus,

289 1964 473 2018 habeat
505 1962 773 2031 Grabius,
804 1964 1067 2034 proferat;
1104 1966 1197 2020 sed
1241 1961 1646 2035 Apocalypseos
1680 1962 1851 2019 inter-

289 2057 648 2125 pretationem
718 2058 830 2112 Deo
884 2057 984 2112 soli
1035 2060 1382 2126 committat,
1429 2055 1849 2123 memineritque

286 2161 433 2218 quam
472 2146 777 2203 infeliciter
800 2148 1121 2220 quibusdam
1149 2162 1180 2204 e
1226 2147 1342 2204 suis
1383 2145 1633 2204 cesserit.
1661 2145 1849 2211 Quan-

1959 1963 2047 2017 ubi
2090 1963 2191 2017 ista
2219 1970 2323 2029 est,
2343 1978 2448 2019 non
2470 1962 2853 2026 inveniuntur;
2883 1961 2997 2015 hac
3030 1968 3236 2025 autem,
3260 1974 3377 2032 qua
3405 1955 3527 2012 ubi-

1956 2066 2061 2122 que
2089 2063 2193 2121 est,
2216 2054 2380 2108 etiam
2414 2052 2505 2107 ubi
2532 2053 2636 2107 illa
2668 2059 2816 2118 sunt,
2849 2052 3138 2107 invenitur.
3182 2069 3201 2102 ι

1470 2431 2147 2524 ARTICULUS
2214 2432 2331 2524 V.

1255 2626 1343 2686 De
1387 2621 1695 2703 mysterio
1740 2620 2160 2684 sanctissima
2201 2619 2553 2683 Trinitatis.

346 2961 631 3036 [CXXVII]
666 2962 756 3017 47.
791 2960 1007 3026 Totam,
1049 2976 1210 3031 quam
1255 2962 1321 3016 de
1372 2976 1529 3016 sacro
1560 2960 1847 3015 Trinitatis
1873 2968 1915 3028 (ς
1948 2958 2146 3029 prioris
2174 2956 2330 3022 edit.,
2368 2971 2458 3011 an.
2497 2954 2655 3021 £697,
2702 2955 2917 3010 dissert.
2962 2971 3040 3021 vr,
3082 2970 3206 3027 cap.
3244 2956 3300 3022 6,
3342 2958 3369 3028 §
3401 2958 3434 3011 2
3460 2968 3516 3014 et

285 3058 535 3129 mysterio
583 3065 729 3111 tenet
766 3056 1004 3111 Ecclesia
1041 3054 1332 3117 catholica,
1384 3053 1546 3109 fidem
1586 3055 1849 3123 paucissi-

285 3150 375 3203 mis
434 3149 894 3218 comprehensam
964 3146 1149 3201 verbis
1224 3146 1449 3199 tradidit
1512 3143 1850 3214 Augustinus

285 3239 366 3293 lib.
398 3256 451 3293 ιι
488 3239 569 3293 De
600 3239 759 3293 Civil.
791 3238 888 3293 Dei
926 3252 976 3292 c.
1008 3238 1110 3293 24:
1152 3257 1170 3290 ι
1203 3237 1504 3301 Credimus,
1550 3236 1750 3305 inquit,
1794 3245 1850 3290 et

285 3342 541 3397 tenemus,
591 3342 643 3385 et
679 3333 912 3386 ﬁdeliter
950 3333 1327 3401 pradicamus,
1368 3333 1510 3401 quod
1555 3330 1718 3386 Pater
1758 3347 1849 3401 ge-

285 3427 447 3480 nuerit
507 3425 775 3491 Verbum,
837 3429 940 3483 hoc
992 3436 1076 3482 est
1149 3426 1480 3495 Sapientiam
1534 3441 1633 3495 per
1684 3440 1847 3494 quam

287 3518 409 3574 facta
443 3530 581 3575 sunt
624 3522 829 3589 omnia,
865 3521 1199 3592 unigenitum
1244 3520 1458 3581 Filium,
1489 3534 1629 3573 unus
1657 3533 1844 3582 unum,

285 3624 503 3668 aternus
559 3623 916 3677 coaternum,
960 3626 1168 3666 summe
1209 3611 1381 3665 bonus
1413 3610 1697 3678 aequaliter
1752 3610 1847 3663 bo-

286 3722 395 3759 num
428 3716 529 3762 :et
581 3708 726 3774 quod
756 3703 991 3774 Spiritus
1024 3714 1249 3759 sanctus
1283 3703 1442 3757 simul
1483 3712 1537 3757 et
1581 3702 1760 3757 Patris
1793 3712 1847 3756 et

288 3798 390 3854 Filii
422 3800 493 3854 sit
540 3799 818 3869 Spiritus,
856 3808 908 3854 et
946 3799 1061 3868 ipse
1112 3796 1592 3853 consubstantialis
1645 3808 1702 3850 et
1758 3810 1848 3851 co-

286 3905 508 3950 aternus
548 3896 821 3949 ainbobus
849 3911 863 3948 :
898 3904 1060 3962 atque
1096 3893 1198 3947 hoe
1230 3903 1402 3948 totum
1428 3891 1740 3947 etTrinitas
1774 3893 1847 3948 sit

287 4000 489 4057 propter
549 3988 878 4042 Trinitatem
937 4001 1336 4056 personarum,
1390 3996 1447 4041 et
1502 4002 1639 4041 unus
1702 3986 1844 4042 Deus

287 4092 489 4150 propter
534 4079 957 4147 inseparabilem
988 4080 1375 4146 divinitatem,;
1396 4080 1538 4132 sicut
1567 4092 1705 4132 unus
1730 4092 1845 4131 om-

287 4170 525 4239 nipotens
588 4182 808 4239 propter
876 4170 1300 4239 inseparabilem
1360 4170 1839 4240 omnipotentiam.

289 4261 352 4316 Ita
378 4265 652 4326 utetiam,
683 4278 807 4316 cum
862 4264 926 4316 de
968 4261 1196 4331 singulis
1229 4261 1512 4329 quaritur,
1556 4262 1843 4330 unusquis-

1949 3068 2135 3123 seqq.,
2197 3066 2431 3121 quorum
2488 3048 2956 3105 lucubrationibus
3012 3051 3056 3104 si
3107 3050 3241 3104 nihil
3316 3052 3516 3108 addere

1948 3153 2245 3224 potuerim,
2284 3150 2475 3207 saltem
2523 3148 2729 3221 aliquid
2781 3149 2920 3207 lucis
2958 3151 3191 3207 forsitan
3234 3152 3517 3221 inspersu-

1949 3260 2042 3300 rus
2067 3245 2192 3300 sim.

2022 3339 2111 3396 48.
2148 3340 2217 3396 Ut
2259 3341 2443 3395 lrenai
2498 3354 2652 3396 mens
2710 3340 2916 3396 certius
2967 3343 3299 3411 exploretur,
3348 3344 3518 3399 tutior

1948 3442 2190 3491 omnium
2227 3438 2313 3491 via
2361 3448 2444 3493 est
2472 3439 2690 3506 penitus
2734 3439 3003 3509 inspicere
3029 3438 3150 3507 quis
3192 3439 3357 3493 fuerit
3400 3439 3517 3505 ejus

1949 3546 2166 3600 scopus,
2194 3546 2315 3601 qua
2350 3532 2816 3596 adversariorum,
2849 3548 2986 3600 quos
3014 3534 3385 3601 impugnabat,
3417 3532 3515 3603 hy-

1946 3624 2220 3692 potltesis,
2270 3623 2399 3693 quid
2453 3624 2666 3679 demum
2719 3625 2985 3679 adversus
3040 3642 3135 3680 eos
3181 3626 3513 3695 probandum

1944 3713 2047 3767 sibi
2076 3714 2419 3783 susceperit?
2449 3714 2644 3769 Animo
2670 3716 2853 3786 itaque
2894 3716 3095 3771 recolat
3123 3716 3368 3785 quisquis
3400 3719 3516 3787 pri-

1945 3819 2088 3858 mam
2154 3813 2397 3859 nostram
2473 3807 2949 3872 dissertationem,
3035 3823 3100 3862 ac
3171 3807 3510 3876 potissimum

1946 3905 2049 3951 art.
2081 3912 2118 3961 ι,
2151 3896 2176 3968 §
2201 3897 2232 3950 5
2256 3907 2308 3952 et
2340 3898 2709 3967 seqq.,legere
2737 3909 2989 3969 gravatus
3016 3914 3122 3954 non
3152 3899 3336 3963 fuerit,
3365 3898 3512 3955 Gno-

1944 3989 2109 4043 sticos
2158 4004 2369 4055 omnes,
2422 3999 2477 4044 et
2527 3990 2971 4057 Valentinianos,
3036 4006 3172 4059 quos
3230 3990 3513 4047 refellebat

1943 4080 2199 4144 lrenaus,
2229 4080 2388 4135 ﬁdem
2417 4096 2634 4137 omnem
2663 4084 2905 4154 mysterii
2940 4084 3041 4137 SS.
3079 4082 3363 4139 Trinitatis
3392 4101 3512 4154 pro-

1943 4169 2105 4236 fanis,
2139 4172 2542 4242 Platonicisque
2576 4175 2691 4228 suis
2719 4176 3038 4228 commentis
3070 4171 3315 4228 funditus
3356 4190 3511 4229 ever-

1942 4262 2070 4318 tisse
2101 4280 2114 4316 :
2147 4265 2283 4317 adeo
2312 4272 2370 4316 ut
2399 4278 2467 4317 ex
2516 4263 2899 4332 impurissimis
2934 4264 3084 4318 hisce
3127 4262 3369 4319 fontibus
3409 4264 3510 4318 ﬂu-

288 4369 377 4424 que
402 4371 594 4411 eorum
626 4365 679 4408 et
720 4355 864 4409 Deus
891 4356 1235 4423 onmipotens
1261 4368 1384 4408 esse
1417 4357 1837 4425 respondeatur;
1872 4355 1917 4409 D
1946 4356 2111 4419 xerit,
2145 4371 2264 4425 qua
2308 4356 2565 4425 deinceps
2604 4355 2970 4410 ChriStianam
3018 4355 3332 4426 religionem
3376 4356 3511 4411 infe-

285 4461 392 4500 cum
426 4463 563 4503 vero
585 4449 653 4501 de
686 4448 937 4501 omnibus
969 4447 1148 4509 simul,
1180 4462 1283 4501 non
1335 4454 1446 4501 tres
1484 4449 1578 4513 dii,
1609 4448 1691 4501 vel
1735 4460 1843 4503 tres

287 4542 698 4610 omnipotentes,
745 4541 839 4595 sed
885 4555 1025 4594 unus
1078 4541 1217 4593 Deus
1268 4540 1610 4608 onmipotens
1646 4558 1659 4595 :
1693 4551 1841 4595 tanta

289 4630 349 4684 ibi
375 4644 454 4686 est
485 4633 541 4687 in
594 4633 770 4685 tribus
818 4632 1200 4702 inseparabilis
1256 4632 1455 4700 unitas,
1498 4648 1617 4701 qua
1659 4635 1739 4688 sic
1771 4650 1842 4704 ,se

288 4723 433 4780 voluit
476 4725 787 4796 praedicari.
835 4742 865 4790 ,ι
914 4724 1058 4789 Hac,
1097 4726 1336 4794 inquam,
1384 4726 1667 4781 catholica
1718 4727 1839 4781 ﬁdei

289 4833 501 4885 summa,
528 4834 561 4873 a
596 4834 701 4888 qua
750 4818 857 4873 late
885 4819 1178 4872 recessisse
1211 4816 1468 4873 lrenaum
1507 4819 1839 4876 calumnian-

289 4916 362 4964 tur
417 4911 725 4975 Sociniani,
784 4925 1013 4980 quorum
1080 4914 1317 4966 maxime
1381 4910 1627 4966 interfuit
1680 4921 1840 4967 tanta

289 5004 612 5058 auctoritatis
646 5004 824 5057 virum
868 5003 920 5056 in
950 5015 1133 5073 partes
1166 5018 1294 5059 suas
1329 5004 1412 5058 vel
1449 5005 1679 5058 invitum
1715 5020 1839 5074 per-

291 5096 509 5152 trahere.
542 5098 617 5151 De
643 5110 708 5151 ea
750 5096 929 5152 minus
964 5106 1110 5152 recte
1145 5098 1413 5161 sensisse,
1442 5097 1838 5168 imprudentius

290 5203 434 5255 quam
483 5192 776 5262 malignius
821 5190 1104 5260 conquesti
1144 5200 1271 5244 sunt
1302 5190 1660 5245 eCatholieis
1714 5192 1839 5259 qui-

291 5280 419 5339 datn.
449 5282 602 5338 Hunc
643 5285 712 5338 ab
738 5293 1090 5352 utrorumque
1115 5283 1584 5338 criminationibus
1617 5295 1839 5339 strenue

292 5372 621 5431 vindicarunt
663 5378 735 5434 cl.
777 5375 1043 5445 Georgius
1094 5376 1281 5430 Bullus
1323 5377 1612 5447 presbyter
1649 5376 1838 5447 Angli-

292 5477 442 5519 canus
476 5467 529 5519 in
562 5483 661 5521 sua
695 5467 1004 5534 Defensione
1028 5470 1155 5539 ﬁdei
1196 5469 1451 5535 Nicwnw,
1484 5479 1538 5524 et
1590 5470 1837 5525 doctissi-

296 5569 397 5606 mus
422 5567 606 5611 uoster
633 5558 864 5613 donmus
888 5556 1141 5613 Nicolaus
1157 5558 1233 5614 Le
1251 5557 1482 5627 Nourry,
1499 5558 1550 5611 in
1570 5560 1835 5626 Apparatu

295 5649 354 5699 ad
385 5645 750 5703 Bibliothecam
800 5651 1080 5707 maximam
1130 5661 1361 5707 veterum
1418 5650 1662 5717 Patrum,
1709 5660 1749 5706 t.
1791 5646 1834 5703 ll

359 5828 395 5861 “
422 5830 670 5902 August.,
700 5829 728 5902 ς
760 5831 811 5887 6.

1944 4453 2041 4515 cit,
2075 4449 2383 4504 Sabelliana
2435 4450 2718 4503 etAriana
2772 4450 3016 4505 baresis.
3052 4450 3133 4503 Ad
3183 4449 3506 4506 Trinitatem

1944 4557 2114 4611 usque
2139 4542 2447 4597 divinarum
2482 4556 2861 4611 personarum,
2895 4558 3123 4611 quarum
3155 4557 3259 4596 una
3286 4544 3509 4596 eadem-

1941 4648 2046 4702 que
2102 4642 2241 4688 esset
2284 4645 2478 4688 natura
2531 4648 2596 4687 ac
2646 4636 2945 4690 substantia
3006 4636 3210 4699 divina,
3263 4635 3505 4689 animum

1943 4727 2155 4796 erigere
2182 4742 2287 4781 non
2316 4726 2577 4791 valentes,
2617 4727 2927 4782 statuebant
2966 4727 3160 4792 Deum,
3187 4736 3362 4797 'quem
3395 4729 3508 4797 pri-

1943 4837 2086 4874 tnum
2122 4836 2185 4874 ac
2222 4834 2533 4889 supremum
2567 4819 2786 4874 Patrem
2827 4820 3194 4889 appellabant,
3223 4822 3506 4876 immensis
3534 4818 3539 4824 ’

1940 4911 2262 4968 saeculorum
2288 4911 2591 4966 intervallis
2627 4910 2951 4973 solitarium,
2989 4927 3267 4982 unumque
3300 4921 3356 4966 ut
3406 4928 3507 4966 na-

1942 5010 2084 5069 tura,
2133 5003 2213 5057 sic
2262 5013 2316 5057 et
2355 5016 2585 5072 persona
2635 5001 2823 5063 fuisse,
2864 5001 3028 5056 tacite
3054 5017 3235 5057 secum
3266 5006 3504 5073 cogitan-

1940 5104 2070 5161 tem,
2099 5110 2316 5165 unaque
2349 5111 2442 5149 sua
2480 5094 2811 5163 cogitatione
2836 5104 3148 5149 contentum
3183 5106 3238 5150 et
3276 5111 3507 5167 occupa-

1940 5197 2073 5242 tum.
2108 5186 2243 5240 Cum
2275 5201 2401 5239 vero
2442 5186 2683 5240 exterius
2718 5199 2837 5239 sese
2870 5188 3117 5253 prodere,
3157 5187 3346 5242 orbem
3376 5203 3505 5242 con-

1938 5279 2136 5343 dendo,
2181 5277 2363 5331 animo
2409 5278 2802 5343 constituisset,
2841 5279 2893 5332 in
2939 5288 3118 5331 actum
3168 5280 3368 5348 erupit,
3407 5283 3501 5351 qui

1940 5383 2122 5424 rerum
2155 5368 2393 5423 oumium
2430 5370 2804 5433 seminarium,
2848 5370 3201 5440 principium,
3246 5370 3417 5425 forma
3445 5382 3502 5427 et

1938 5463 2261 5532 archetypus
2288 5470 2434 5515 esset
2466 5478 2479 5515 :
2506 5463 2754 5533 ltuncque
2785 5473 3050 5518 vocabant
3088 5462 3227 5526 Nun,
3262 5462 3498 5521 Mentem

1936 5568 2032 5609 seu
2062 5569 2301 5619 sensum,
2344 5565 2400 5608 et
2426 5554 2624 5610 Filium
2666 5555 2999 5626 unigenitum
3060 5554 3274 5622 Patris,
3309 5569 3503 5624 paren-

1939 5646 2088 5717 tique
2117 5661 2213 5702 suo
2242 5645 2482 5717 perfecte
2532 5648 2761 5705 similem
2802 5657 2858 5706 et
2891 5650 3153 5720 aqualem
3185 5664 3304 5706 esse
3344 5648 3499 5705 dice-
