  <div class='ocr_page' id='page_1' title='image "/cluster/home/n/w/nwhite01/storage/ocr_20150623/7/hvd.32044019206614/155.png"; bbox 0 0 3924 6354; ppageno 0'>
   <div class='ocr_carea' id='block_1_1' title="bbox 462 310 569 367">
    <p class='ocr_par' dir='ltr' id='par_1_1' title="bbox 462 310 569 367">
     <span class='ocr_line' id='line_1_1' title="bbox 462 310 569 367; baseline 0 -1"><span class='ocrx_word' id='word_1_1' title='bbox 462 310 569 367; x_wconf 80' lang='lat'><strong>295</strong></span> 
     </span>
    </p>
   </div>
   <div class='ocr_carea' id='block_1_2' title="bbox 1266 317 2938 392">
    <p class='ocr_par' dir='ltr' id='par_1_2' title="bbox 1266 317 2938 392">
     <span class='ocr_line' id='line_1_2' title="bbox 1266 317 2938 392; baseline 0.012 -21"><span class='ocrx_word' id='word_1_2' title='bbox 1266 317 1863 377; x_wconf 72' lang='lat' dir='ltr'><strong>DISSERTATIONES</strong></span> <span class='ocrx_word' id='word_1_3' title='bbox 1900 320 2212 378; x_wconf 75' lang='lat' dir='ltr'><strong>PIUEVUE</strong></span> <span class='ocrx_word' id='word_1_4' title='bbox 2253 323 2319 380; x_wconf 84' lang='lat' dir='ltr'><strong>IN</strong></span> <span class='ocrx_word' id='word_1_5' title='bbox 2361 326 2624 385; x_wconf 58' lang='lat' dir='ltr'><strong>IRENJEI</strong></span> <span class='ocrx_word' id='word_1_6' title='bbox 2666 331 2938 392; x_wconf 79' lang='lat' dir='ltr'><strong>LIBROS.</strong></span> 
     </span>
    </p>
   </div>
   <div class='ocr_carea' id='block_1_3' title="bbox 3617 340 3712 396">
    <p class='ocr_par' dir='ltr' id='par_1_3' title="bbox 3617 340 3712 396">
     <span class='ocr_line' id='line_1_3' title="bbox 3617 340 3712 396; baseline 0.021 -2"><span class='ocrx_word' id='word_1_7' title='bbox 3617 340 3712 396; x_wconf 69' lang='lat'><strong>296</strong></span> 
     </span>
    </p>
   </div>
   <div class='ocr_carea' id='block_1_4' title="bbox 461 431 3713 520">
    <p class='ocr_par' dir='ltr' id='par_1_4' title="bbox 461 431 3713 520">
     <span class='ocr_line' id='line_1_4' title="bbox 461 431 3713 520; baseline 0.009 -37"><span class='ocrx_word' id='word_1_8' title='bbox 461 431 613 520; x_wconf 79' lang='lat' dir='ltr'><strong>bant,</strong></span> <span class='ocrx_word' id='word_1_9' title='bbox 644 440 806 503; x_wconf 91' lang='lat' dir='ltr'><strong>atque</strong></span> <span class='ocrx_word' id='word_1_10' title='bbox 838 434 911 488; x_wconf 89' lang='lat' dir='ltr'><strong>ita</strong></span> <span class='ocrx_word' id='word_1_11' title='bbox 944 448 1341 508; x_wconf 88' lang='lat' dir='ltr'><strong>comparatum,</strong></span> <span class='ocrx_word' id='word_1_12' title='bbox 1368 454 1427 495; x_wconf 90' lang='lat' dir='ltr'><strong>ut</strong></span> <span class='ocrx_word' id='word_1_13' title='bbox 1451 442 1598 497; x_wconf 84' lang='lat' dir='ltr'><strong>solus</strong></span> <span class='ocrx_word' id='word_1_14' title='bbox 1621 445 2045 513; x_wconf 87' lang='lat' dir='ltr'><strong>magnitudinem</strong></span> <span class='ocrx_word' id='word_1_15' title='bbox 2075 451 2121 505; x_wconf 80' lang='grc' dir='ltr'>Α</span> <span class='ocrx_word' id='word_1_16' title='bbox 2150 456 2318 511; x_wconf 88' lang='lat' dir='ltr'><strong>retur,</strong></span> <span class='ocrx_word' id='word_1_17' title='bbox 2346 459 2400 504; x_wconf 92' lang='lat' dir='ltr'><strong>et</strong></span> <span class='ocrx_word' id='word_1_18' title='bbox 2433 454 2589 520; x_wconf 86' lang='lat' dir='ltr'><strong>quasi</strong></span> <span class='ocrx_word' id='word_1_19' title='bbox 2625 452 2697 506; x_wconf 87' lang='lat' dir='ltr'><strong>ab</strong></span> <span class='ocrx_word' id='word_1_20' title='bbox 2726 455 2830 509; x_wconf 88' lang='lat' dir='ltr'><strong>alio</strong></span> <span class='ocrx_word' id='word_1_21' title='bbox 2871 455 3015 510; x_wconf 83' lang='lat' dir='ltr'><strong>aliud</strong></span> <span class='ocrx_word' id='word_1_22' title='bbox 3038 455 3318 510; x_wconf 89' lang='lat' dir='ltr'><strong>emittatur</strong></span> <span class='ocrx_word' id='word_1_23' title='bbox 3344 456 3413 510; x_wconf 82' lang='lat'><strong>“.</strong></span> <span class='ocrx_word' id='word_1_24' title='bbox 3457 474 3475 508; x_wconf 74' lang='grc' dir='ltr'><strong><em>ι</em></strong></span> <span class='ocrx_word' id='word_1_25' title='bbox 3513 456 3713 514; x_wconf 87' lang='lat' dir='ltr'><strong>Deinde</strong></span> 
     </span>
    </p>
   </div>
   <div class='ocr_carea' id='block_1_5' title="bbox 462 515 2039 607">
    <p class='ocr_par' dir='ltr' id='par_1_5' title="bbox 462 515 2039 607">
     <span class='ocr_line' id='line_1_5' title="bbox 462 515 2039 607; baseline 0.01 -28"><span class='ocrx_word' id='word_1_26' title='bbox 462 515 644 581; x_wconf 59' lang='lat' dir='ltr'><strong>Patris</strong></span> <span class='ocrx_word' id='word_1_27' title='bbox 674 537 932 597; x_wconf 82' lang='lat' dir='ltr'><strong>caperet;</strong></span> <span class='ocrx_word' id='word_1_28' title='bbox 965 539 1152 600; x_wconf 80' lang='lat' dir='ltr'><strong>utpote</strong></span> <span class='ocrx_word' id='word_1_29' title='bbox 1200 534 1293 602; x_wconf 91' lang='lat' dir='ltr'><strong>qui</strong></span> <span class='ocrx_word' id='word_1_30' title='bbox 1341 552 1371 587; x_wconf 89' lang='lat' dir='ltr'><strong>a</strong></span> <span class='ocrx_word' id='word_1_31' title='bbox 1422 532 1586 591; x_wconf 83' lang='lat' dir='ltr'><strong>Patre</strong></span> <span class='ocrx_word' id='word_1_32' title='bbox 1626 538 2039 607; x_wconf 87' lang='lat' dir='ltr'><strong>haudquaquam</strong></span> 
     </span>
    </p>
   </div>
   <div class='ocr_carea' id='block_1_6' title="bbox 464 618 2042 701">
    <p class='ocr_par' dir='ltr' id='par_1_6' title="bbox 464 618 2042 701">
     <span class='ocr_line' id='line_1_6' title="bbox 464 618 2042 701; baseline 0.007 -26"><span class='ocrx_word' id='word_1_33' title='bbox 464 618 582 675; x_wconf 82' lang='lat' dir='ltr'><strong>sive</strong></span> <span class='ocrx_word' id='word_1_34' title='bbox 637 634 717 681; x_wconf 88' lang='lat' dir='ltr'><strong>re,</strong></span> <span class='ocrx_word' id='word_1_35' title='bbox 762 620 879 675; x_wconf 88' lang='lat' dir='ltr'><strong>sive</strong></span> <span class='ocrx_word' id='word_1_36' title='bbox 930 636 1164 689; x_wconf 84' lang='lat' dir='ltr'><strong>persona</strong></span> <span class='ocrx_word' id='word_1_37' title='bbox 1219 625 1511 682; x_wconf 88' lang='lat' dir='ltr'><strong>distinctus</strong></span> <span class='ocrx_word' id='word_1_38' title='bbox 1561 638 1746 684; x_wconf 88' lang='lat' dir='ltr'><strong>esset:</strong></span> <span class='ocrx_word' id='word_1_39' title='bbox 1797 631 2042 701; x_wconf 87' lang='lat' dir='ltr'><strong>nihilque</strong></span> 
     </span>
    </p>
   </div>
   <div class='ocr_carea' id='block_1_7' title="bbox 462 709 2043 788">
    <p class='ocr_par' dir='ltr' id='par_1_7' title="bbox 462 709 2043 788">
     <span class='ocr_line' id='line_1_7' title="bbox 462 709 2043 788; baseline 0.009 -23"><span class='ocrx_word' id='word_1_40' title='bbox 462 709 611 766; x_wconf 83' lang='lat' dir='ltr'><strong>aliud</strong></span> <span class='ocrx_word' id='word_1_41' title='bbox 644 722 791 768; x_wconf 88' lang='lat' dir='ltr'><strong>esset</strong></span> <span class='ocrx_word' id='word_1_42' title='bbox 817 729 978 781; x_wconf 90' lang='lat' dir='ltr'><strong>quam</strong></span> <span class='ocrx_word' id='word_1_43' title='bbox 1017 714 1183 770; x_wconf 90' lang='lat' dir='ltr'><strong>Pater</strong></span> <span class='ocrx_word' id='word_1_44' title='bbox 1238 717 1354 786; x_wconf 91' lang='lat' dir='ltr'><strong>ipse</strong></span> <span class='ocrx_word' id='word_1_45' title='bbox 1390 720 1654 788; x_wconf 88' lang='lat' dir='ltr'><strong>sentiens,</strong></span> <span class='ocrx_word' id='word_1_46' title='bbox 1690 736 1755 778; x_wconf 90' lang='lat' dir='ltr'><strong>ac</strong></span> <span class='ocrx_word' id='word_1_47' title='bbox 1802 727 2043 782; x_wconf 81' lang='lat' dir='ltr'><strong>exterius</strong></span> 
     </span>
    </p>
   </div>
   <div class='ocr_carea' id='block_1_8' title="bbox 463 803 2041 883">
    <p class='ocr_par' dir='ltr' id='par_1_8' title="bbox 463 803 2041 883">
     <span class='ocr_line' id='line_1_8' title="bbox 463 803 2041 883; baseline 0.011 -26"><span class='ocrx_word' id='word_1_48' title='bbox 463 803 614 859; x_wconf 86' lang='lat' dir='ltr'><strong>velut</strong></span> <span class='ocrx_word' id='word_1_49' title='bbox 647 805 920 861; x_wconf 81' lang='lat' dir='ltr'><strong>effundere</strong></span> <span class='ocrx_word' id='word_1_50' title='bbox 947 822 1067 863; x_wconf 89' lang='lat' dir='ltr'><strong>sese</strong></span> <span class='ocrx_word' id='word_1_51' title='bbox 1092 809 1372 879; x_wconf 81' lang='lat' dir='ltr'><strong>incipiens.</strong></span> <span class='ocrx_word' id='word_1_52' title='bbox 1396 813 1440 865; x_wconf 88' lang='lat' dir='ltr'><strong>A</strong></span> <span class='ocrx_word' id='word_1_53' title='bbox 1470 811 1548 866; x_wconf 86' lang='lat' dir='ltr'><strong>Nu</strong></span> <span class='ocrx_word' id='word_1_54' title='bbox 1580 817 1899 883; x_wconf 90' lang='lat' dir='ltr'><strong>productum</strong></span> <span class='ocrx_word' id='word_1_55' title='bbox 1932 819 2041 873; x_wconf 89' lang='lat' dir='ltr'><strong>aie-</strong></span> 
     </span>
    </p>
   </div>
   <div class='ocr_carea' id='block_1_9' title="bbox 463 898 2038 981">
    <p class='ocr_par' dir='ltr' id='par_1_9' title="bbox 463 898 2038 981">
     <span class='ocr_line' id='line_1_9' title="bbox 463 898 2038 981; baseline 0.01 -31"><span class='ocrx_word' id='word_1_56' title='bbox 463 898 595 952; x_wconf 85' lang='lat' dir='ltr'><strong>bant</strong></span> <span class='ocrx_word' id='word_1_57' title='bbox 622 899 884 965; x_wconf 78' lang='lat' dir='ltr'><strong>Verbum,</strong></span> <span class='ocrx_word' id='word_1_58' title='bbox 917 904 1057 972; x_wconf 90' lang='lat' dir='ltr'><strong>quod</strong></span> <span class='ocrx_word' id='word_1_59' title='bbox 1088 919 1279 967; x_wconf 89' lang='lat' dir='ltr'><strong>rerum</strong></span> <span class='ocrx_word' id='word_1_60' title='bbox 1322 905 1670 975; x_wconf 87' lang='lat' dir='ltr'><strong>spiritalium,</strong></span> <span class='ocrx_word' id='word_1_61' title='bbox 1724 912 2038 981; x_wconf 79' lang='lat' dir='ltr'><strong>angelorum</strong></span> 
     </span>
    </p>
   </div>
   <div class='ocr_carea' id='block_1_10' title="bbox 461 991 2042 1066">
    <p class='ocr_par' dir='ltr' id='par_1_10' title="bbox 461 991 2042 1066">
     <span class='ocr_line' id='line_1_10' title="bbox 461 991 2042 1066; baseline 0.007 -21"><span class='ocrx_word' id='word_1_62' title='bbox 461 991 713 1047; x_wconf 78' lang='lat' dir='ltr'><strong>videlicet</strong></span> <span class='ocrx_word' id='word_1_63' title='bbox 739 995 1076 1063; x_wconf 88' lang='lat' dir='ltr'><strong>superiorum</strong></span> <span class='ocrx_word' id='word_1_64' title='bbox 1118 998 1469 1066; x_wconf 85' lang='lat' dir='ltr'><strong>principium,</strong></span> <span class='ocrx_word' id='word_1_65' title='bbox 1502 1009 1696 1055; x_wconf 90' lang='lat' dir='ltr'><strong>auctor</strong></span> <span class='ocrx_word' id='word_1_66' title='bbox 1733 1012 1787 1057; x_wconf 92' lang='lat' dir='ltr'><strong>et</strong></span> <span class='ocrx_word' id='word_1_67' title='bbox 1838 1003 2042 1059; x_wconf 82' lang='lat' dir='ltr'><strong>forum-</strong></span> 
     </span>
    </p>
   </div>
   <div class='ocr_carea' id='block_1_11' title="bbox 464 1086 2041 1162">
    <p class='ocr_par' dir='ltr' id='par_1_11' title="bbox 464 1086 2041 1162">
     <span class='ocr_line' id='line_1_11' title="bbox 464 1086 2041 1162; baseline 0.009 -24"><span class='ocrx_word' id='word_1_68' title='bbox 464 1094 552 1138; x_wconf 88' lang='lat' dir='ltr'><strong>tor</strong></span> <span class='ocrx_word' id='word_1_69' title='bbox 576 1095 743 1149; x_wconf 90' lang='lat' dir='ltr'><strong>esset,</strong></span> <span class='ocrx_word' id='word_1_70' title='bbox 775 1086 1010 1156; x_wconf 80' lang='lat' dir='ltr'><strong>Angelus</strong></span> <span class='ocrx_word' id='word_1_71' title='bbox 1054 1087 1166 1157; x_wconf 90' lang='lat' dir='ltr'><strong>ipse</strong></span> <span class='ocrx_word' id='word_1_72' title='bbox 1211 1106 1239 1142; x_wconf 92' lang='lat' dir='ltr'><strong>a</strong></span> <span class='ocrx_word' id='word_1_73' title='bbox 1271 1088 1451 1157; x_wconf 85' lang='lat' dir='ltr'><strong>Patre,</strong></span> <span class='ocrx_word' id='word_1_74' title='bbox 1477 1092 1708 1162; x_wconf 83' lang='lat' dir='ltr'><strong>ejusque</strong></span> <span class='ocrx_word' id='word_1_75' title='bbox 1754 1094 1861 1159; x_wconf 85' lang='lat' dir='ltr'><strong>Nu,</strong></span> <span class='ocrx_word' id='word_1_76' title='bbox 1910 1098 2041 1152; x_wconf 87' lang='lat' dir='ltr'><strong>sub-</strong></span> 
     </span>
    </p>
   </div>
   <div class='ocr_carea' id='block_1_12' title="bbox 462 1177 2036 1257">
    <p class='ocr_par' dir='ltr' id='par_1_12' title="bbox 462 1177 2036 1257">
     <span class='ocr_line' id='line_1_12' title="bbox 462 1177 2036 1257; baseline 0.01 -28"><span class='ocrx_word' id='word_1_77' title='bbox 462 1177 661 1231; x_wconf 79' lang='lat' dir='ltr'><strong>stantia</strong></span> <span class='ocrx_word' id='word_1_78' title='bbox 693 1189 746 1232; x_wconf 87' lang='lat' dir='ltr'><strong>et</strong></span> <span class='ocrx_word' id='word_1_79' title='bbox 778 1194 1005 1246; x_wconf 89' lang='lat' dir='ltr'><strong>persona</strong></span> <span class='ocrx_word' id='word_1_80' title='bbox 1053 1181 1210 1252; x_wconf 86' lang='lat' dir='ltr'><strong>longe</strong></span> <span class='ocrx_word' id='word_1_81' title='bbox 1257 1184 1504 1239; x_wconf 88' lang='lat' dir='ltr'><strong>diversus</strong></span> <span class='ocrx_word' id='word_1_82' title='bbox 1536 1205 1551 1240; x_wconf 90' lang='lat'><strong>:</strong></span> <span class='ocrx_word' id='word_1_83' title='bbox 1583 1201 1684 1241; x_wconf 92' lang='lat' dir='ltr'><strong>nec</strong></span> <span class='ocrx_word' id='word_1_84' title='bbox 1715 1189 1857 1243; x_wconf 90' lang='lat' dir='ltr'><strong>enim</strong></span> <span class='ocrx_word' id='word_1_85' title='bbox 1892 1190 2036 1257; x_wconf 83' lang='lat' dir='ltr'><strong>huic,</strong></span> 
     </span>
    </p>
   </div>
   <div class='ocr_carea' id='block_1_13' title="bbox 461 1269 2034 1349">
    <p class='ocr_par' dir='ltr' id='par_1_13' title="bbox 461 1269 2034 1349">
     <span class='ocr_line' id='line_1_13' title="bbox 461 1269 2034 1349; baseline 0.009 -26"><span class='ocrx_word' id='word_1_86' title='bbox 461 1277 522 1323; x_wconf 93' lang='lat' dir='ltr'><strong>ut</strong></span> <span class='ocrx_word' id='word_1_87' title='bbox 553 1269 861 1340; x_wconf 76' lang='lat' dir='ltr'><strong>llnigcnito,</strong></span> <span class='ocrx_word' id='word_1_88' title='bbox 903 1273 1087 1328; x_wconf 91' lang='lat' dir='ltr'><strong>datum</strong></span> <span class='ocrx_word' id='word_1_89' title='bbox 1120 1291 1317 1343; x_wconf 87' lang='lat' dir='ltr'><strong>capere</strong></span> <span class='ocrx_word' id='word_1_90' title='bbox 1364 1280 1789 1349; x_wconf 81' lang='lat' dir='ltr'><strong>magnitudinem</strong></span> <span class='ocrx_word' id='word_1_91' title='bbox 1839 1281 2034 1337; x_wconf 87' lang='lat' dir='ltr'><strong>Patris.</strong></span> 
     </span>
    </p>
   </div>
   <div class='ocr_carea' id='block_1_14' title="bbox 440 1358 2036 1444">
    <p class='ocr_par' dir='ltr' id='par_1_14' title="bbox 440 1358 2036 1444">
     <span class='ocr_line' id='line_1_14' title="bbox 440 1358 2036 1444; baseline 0.01 -32"><span class='ocrx_word' id='word_1_92' title='bbox 440 1358 506 1412; x_wconf 78' lang='grc' dir='ltr'><strong>Ἀ</strong></span> <span class='ocrx_word' id='word_1_93' title='bbox 540 1358 713 1416; x_wconf 76' lang='lat' dir='ltr'><strong>Verbo</strong></span> <span class='ocrx_word' id='word_1_94' title='bbox 741 1364 921 1418; x_wconf 84' lang='lat' dir='ltr'><strong>emissi</strong></span> <span class='ocrx_word' id='word_1_95' title='bbox 958 1378 1082 1420; x_wconf 91' lang='lat' dir='ltr'><strong>sunt</strong></span> <span class='ocrx_word' id='word_1_96' title='bbox 1114 1368 1202 1420; x_wconf 89' lang='lat' dir='ltr'><strong>alii</strong></span> <span class='ocrx_word' id='word_1_97' title='bbox 1226 1367 1451 1433; x_wconf 63' lang='lat' dir='ltr'><strong>Eques,</strong></span> <span class='ocrx_word' id='word_1_98' title='bbox 1491 1386 1584 1427; x_wconf 88' lang='lat' dir='ltr'><strong>seu</strong></span> <span class='ocrx_word' id='word_1_99' title='bbox 1624 1375 1822 1442; x_wconf 81' lang='lat' dir='ltr'><strong>angeli,</strong></span> <span class='ocrx_word' id='word_1_100' title='bbox 1853 1389 1882 1427; x_wconf 91' lang='lat' dir='ltr'><strong>a</strong></span> <span class='ocrx_word' id='word_1_101' title='bbox 1914 1376 2036 1444; x_wconf 82' lang='lat' dir='ltr'><strong>qui-</strong></span> 
     </span>
    </p>
   </div>
   <div class='ocr_carea' id='block_1_15' title="bbox 457 1452 2026 1529">
    <p class='ocr_par' dir='ltr' id='par_1_15' title="bbox 457 1452 2026 1529">
     <span class='ocr_line' id='line_1_15' title="bbox 457 1452 2026 1529; baseline 0.008 -21"><span class='ocrx_word' id='word_1_102' title='bbox 457 1452 561 1509; x_wconf 89' lang='lat' dir='ltr'><strong>bus</strong></span> <span class='ocrx_word' id='word_1_103' title='bbox 608 1456 843 1511; x_wconf 78' lang='lat' dir='ltr'><strong>vicissim</strong></span> <span class='ocrx_word' id='word_1_104' title='bbox 893 1458 981 1513; x_wconf 89' lang='lat' dir='ltr'><strong>alii</strong></span> <span class='ocrx_word' id='word_1_105' title='bbox 1015 1461 1225 1529; x_wconf 83' lang='lat' dir='ltr'><strong>geniti;</strong></span> <span class='ocrx_word' id='word_1_106' title='bbox 1277 1463 1345 1517; x_wconf 91' lang='lat' dir='ltr'><strong>ab</strong></span> <span class='ocrx_word' id='word_1_107' title='bbox 1401 1465 1652 1520; x_wconf 90' lang='lat' dir='ltr'><strong>omnibus</strong></span> <span class='ocrx_word' id='word_1_108' title='bbox 1698 1481 1826 1520; x_wconf 86' lang='lat' dir='ltr'><strong>vero</strong></span> <span class='ocrx_word' id='word_1_109' title='bbox 1864 1468 2026 1521; x_wconf 90' lang='lat' dir='ltr'><strong>simul</strong></span> 
     </span>
    </p>
   </div>
   <div class='ocr_carea' id='block_1_16' title="bbox 458 1547 2033 1628">
    <p class='ocr_par' dir='ltr' id='par_1_16' title="bbox 458 1547 2033 1628">
     <span class='ocr_line' id='line_1_16' title="bbox 458 1547 2033 1628; baseline 0.011 -28"><span class='ocrx_word' id='word_1_110' title='bbox 458 1547 895 1616; x_wconf 83' lang='lat' dir='ltr'><strong>conspirantihus</strong></span> <span class='ocrx_word' id='word_1_111' title='bbox 926 1554 1220 1620; x_wconf 89' lang='lat' dir='ltr'><strong>productus</strong></span> <span class='ocrx_word' id='word_1_112' title='bbox 1262 1556 1543 1623; x_wconf 74' lang='lat' dir='ltr'><strong>Salvator,</strong></span> <span class='ocrx_word' id='word_1_113' title='bbox 1588 1559 1679 1628; x_wconf 90' lang='lat' dir='ltr'><strong>qui</strong></span> <span class='ocrx_word' id='word_1_114' title='bbox 1724 1559 2033 1616; x_wconf 88' lang='lat' dir='ltr'><strong>inferiorem</strong></span> 
     </span>
    </p>
   </div>
   <div class='ocr_carea' id='block_1_17' title="bbox 458 1641 2035 1716">
    <p class='ocr_par' dir='ltr' id='par_1_17' title="bbox 458 1641 2035 1716">
     <span class='ocr_line' id='line_1_17' title="bbox 458 1641 2035 1716; baseline 0.009 -22"><span class='ocrx_word' id='word_1_115' title='bbox 458 1641 706 1709; x_wconf 84' lang='lat' dir='ltr'><strong>angelum</strong></span> <span class='ocrx_word' id='word_1_116' title='bbox 745 1643 927 1696; x_wconf 90' lang='lat' dir='ltr'><strong>mundi</strong></span> <span class='ocrx_word' id='word_1_117' title='bbox 963 1645 1125 1715; x_wconf 85' lang='lat' dir='ltr'><strong>hujus</strong></span> <span class='ocrx_word' id='word_1_118' title='bbox 1156 1648 1508 1716; x_wconf 88' lang='lat' dir='ltr'><strong>aspectabilis</strong></span> <span class='ocrx_word' id='word_1_119' title='bbox 1535 1651 1874 1707; x_wconf 90' lang='lat' dir='ltr'><strong>conditorem</strong></span> <span class='ocrx_word' id='word_1_120' title='bbox 1904 1654 2035 1708; x_wconf 91' lang='lat' dir='ltr'><strong>diri-</strong></span> 
     </span>
    </p>
   </div>
   <div class='ocr_carea' id='block_1_18' title="bbox 457 1733 2032 1812">
    <p class='ocr_par' dir='ltr' id='par_1_18' title="bbox 457 1733 2032 1812">
     <span class='ocr_line' id='line_1_18' title="bbox 457 1733 2032 1812; baseline 0.01 -26"><span class='ocrx_word' id='word_1_121' title='bbox 457 1744 627 1802; x_wconf 85' lang='lat' dir='ltr'><strong>geret.</strong></span> <span class='ocrx_word' id='word_1_122' title='bbox 653 1733 788 1789; x_wconf 90' lang='lat' dir='ltr'><strong>Cum</strong></span> <span class='ocrx_word' id='word_1_123' title='bbox 815 1746 996 1790; x_wconf 88' lang='lat' dir='ltr'><strong>autem</strong></span> <span class='ocrx_word' id='word_1_124' title='bbox 1032 1739 1360 1795; x_wconf 89' lang='lat' dir='ltr'><strong>novissimus</strong></span> <span class='ocrx_word' id='word_1_125' title='bbox 1406 1740 1547 1796; x_wconf 66' lang='lat' dir='ltr'><strong>lEon</strong></span> <span class='ocrx_word' id='word_1_126' title='bbox 1584 1744 1823 1812; x_wconf 88' lang='lat' dir='ltr'><strong>supremi</strong></span> <span class='ocrx_word' id='word_1_127' title='bbox 1856 1746 2032 1803; x_wconf 89' lang='lat' dir='ltr'><strong>Patris</strong></span> 
     </span>
    </p>
   </div>
   <div class='ocr_carea' id='block_1_19' title="bbox 458 1822 2032 1902">
    <p class='ocr_par' dir='ltr' id='par_1_19' title="bbox 458 1822 2032 1902">
     <span class='ocr_line' id='line_1_19' title="bbox 458 1822 2032 1902; baseline 0.01 -27"><span class='ocrx_word' id='word_1_128' title='bbox 458 1822 887 1892; x_wconf 80' lang='lat' dir='ltr'><strong>magnitudinem</strong></span> <span class='ocrx_word' id='word_1_129' title='bbox 921 1835 1123 1883; x_wconf 83' lang='lat' dir='ltr'><strong>temere</strong></span> <span class='ocrx_word' id='word_1_130' title='bbox 1155 1839 1426 1886; x_wconf 86' lang='lat' dir='ltr'><strong>scrutatus</strong></span> <span class='ocrx_word' id='word_1_131' title='bbox 1470 1847 1607 1902; x_wconf 89' lang='lat' dir='ltr'><strong>pene</strong></span> <span class='ocrx_word' id='word_1_132' title='bbox 1637 1833 1924 1902; x_wconf 82' lang='lat' dir='ltr'><strong>periisset;</strong></span> <span class='ocrx_word' id='word_1_133' title='bbox 1963 1852 2032 1891; x_wconf 90' lang='lat' dir='ltr'><strong>ne</strong></span> 
     </span>
    </p>
   </div>
   <div class='ocr_carea' id='block_1_20' title="bbox 456 1913 2031 1996">
    <p class='ocr_par' dir='ltr' id='par_1_20' title="bbox 456 1913 2031 1996">
     <span class='ocr_line' id='line_1_20' title="bbox 456 1913 2031 1996; baseline 0.009 -28"><span class='ocrx_word' id='word_1_134' title='bbox 456 1913 600 1969; x_wconf 83' lang='lat' dir='ltr'><strong>idem</strong></span> <span class='ocrx_word' id='word_1_135' title='bbox 624 1930 784 1972; x_wconf 89' lang='lat' dir='ltr'><strong>casus</strong></span> <span class='ocrx_word' id='word_1_136' title='bbox 809 1917 947 1973; x_wconf 88' lang='lat' dir='ltr'><strong>alios</strong></span> <span class='ocrx_word' id='word_1_137' title='bbox 973 1921 1204 1989; x_wconf 89' lang='lat' dir='ltr'><strong>subiret,</strong></span> <span class='ocrx_word' id='word_1_138' title='bbox 1232 1923 1490 1978; x_wconf 91' lang='lat' dir='ltr'><strong>emissum</strong></span> <span class='ocrx_word' id='word_1_139' title='bbox 1524 1926 1592 1981; x_wconf 88' lang='lat' dir='ltr'><strong>ab</strong></span> <span class='ocrx_word' id='word_1_140' title='bbox 1625 1924 1921 1996; x_wconf 88' lang='lat' dir='ltr'><strong>Uuigenito</strong></span> <span class='ocrx_word' id='word_1_141' title='bbox 1955 1929 2031 1982; x_wconf 86' lang='lat' dir='ltr'><strong>al-</strong></span> 
     </span>
    </p>
   </div>
   <div class='ocr_carea' id='block_1_21' title="bbox 458 2007 2034 2083">
    <p class='ocr_par' dir='ltr' id='par_1_21' title="bbox 458 2007 2034 2083">
     <span class='ocr_line' id='line_1_21' title="bbox 458 2007 2034 2083; baseline 0.009 -26"><span class='ocrx_word' id='word_1_142' title='bbox 458 2012 635 2059; x_wconf 91' lang='lat' dir='ltr'><strong>terum</strong></span> <span class='ocrx_word' id='word_1_143' title='bbox 691 2021 791 2076; x_wconf 90' lang='lat' dir='ltr'><strong>par</strong></span> <span class='ocrx_word' id='word_1_144' title='bbox 840 2007 1101 2076; x_wconf 68' lang='lat' dir='ltr'><strong>1E0num,</strong></span> <span class='ocrx_word' id='word_1_145' title='bbox 1145 2026 1238 2066; x_wconf 88' lang='lat' dir='ltr'><strong>seu</strong></span> <span class='ocrx_word' id='word_1_146' title='bbox 1292 2014 1632 2083; x_wconf 87' lang='lat' dir='ltr'><strong>angelorum,</strong></span> <span class='ocrx_word' id='word_1_147' title='bbox 1682 2015 1933 2073; x_wconf 80' lang='lat' dir='ltr'><strong>Chrisms</strong></span> <span class='ocrx_word' id='word_1_148' title='bbox 1980 2026 2034 2072; x_wconf 91' lang='lat' dir='ltr'><strong>et</strong></span> 
     </span>
    </p>
   </div>
   <div class='ocr_carea' id='block_1_22' title="bbox 460 2097 2035 2179">
    <p class='ocr_par' dir='ltr' id='par_1_22' title="bbox 460 2097 2035 2179">
     <span class='ocr_line' id='line_1_22' title="bbox 460 2097 2035 2179; baseline 0.008 -27"><span class='ocrx_word' id='word_1_149' title='bbox 460 2097 697 2167; x_wconf 87' lang='lat' dir='ltr'><strong>Spiritus</strong></span> <span class='ocrx_word' id='word_1_150' title='bbox 720 2112 965 2170; x_wconf 86' lang='lat' dir='ltr'><strong>sanctus,</strong></span> <span class='ocrx_word' id='word_1_151' title='bbox 1000 2117 1031 2155; x_wconf 87' lang='lat' dir='ltr'><strong>a</strong></span> <span class='ocrx_word' id='word_1_152' title='bbox 1058 2103 1255 2172; x_wconf 87' lang='lat' dir='ltr'><strong>quibus</strong></span> <span class='ocrx_word' id='word_1_153' title='bbox 1304 2105 1591 2160; x_wconf 83' lang='lat' dir='ltr'><strong>I&#39;ulciretur</strong></span> <span class='ocrx_word' id='word_1_154' title='bbox 1628 2110 2035 2179; x_wconf 90' lang='lat' dir='ltr'><strong>munireturque</strong></span> 
     </span>
    </p>
   </div>
   <div class='ocr_carea' id='block_1_23' title="bbox 460 2193 2030 2273">
    <p class='ocr_par' dir='ltr' id='par_1_23' title="bbox 460 2193 2030 2273">
     <span class='ocr_line' id='line_1_23' title="bbox 460 2193 2030 2273; baseline 0.006 -25"><span class='ocrx_word' id='word_1_155' title='bbox 460 2193 729 2251; x_wconf 90' lang='lat' dir='ltr'><strong>Pleroma.</strong></span> <span class='ocrx_word' id='word_1_156' title='bbox 758 2197 979 2251; x_wconf 89' lang='lat' dir='ltr'><strong>Summa</strong></span> <span class='ocrx_word' id='word_1_157' title='bbox 1016 2199 1262 2267; x_wconf 90' lang='lat' dir='ltr'><strong>proinde,</strong></span> <span class='ocrx_word' id='word_1_158' title='bbox 1296 2213 1439 2270; x_wconf 91' lang='lat' dir='ltr'><strong>quod</strong></span> <span class='ocrx_word' id='word_1_159' title='bbox 1470 2202 1534 2255; x_wconf 89' lang='lat' dir='ltr'><strong>ad</strong></span> <span class='ocrx_word' id='word_1_160' title='bbox 1566 2218 1678 2257; x_wconf 90' lang='lat' dir='ltr'><strong>rem</strong></span> <span class='ocrx_word' id='word_1_161' title='bbox 1712 2214 2030 2273; x_wconf 68' lang='lat' dir='ltr'><strong>praesentem</strong></span> 
     </span>
    </p>
   </div>
   <div class='ocr_carea' id='block_1_24' title="bbox 458 2286 2034 2365">
    <p class='ocr_par' dir='ltr' id='par_1_24' title="bbox 458 2286 2034 2365">
     <span class='ocr_line' id='line_1_24' title="bbox 458 2286 2034 2365; baseline 0.007 -25"><span class='ocrx_word' id='word_1_162' title='bbox 458 2286 679 2352; x_wconf 86' lang='lat' dir='ltr'><strong>attinet,</strong></span> <span class='ocrx_word' id='word_1_163' title='bbox 715 2287 822 2341; x_wconf 92' lang='lat' dir='ltr'><strong>huc</strong></span> <span class='ocrx_word' id='word_1_164' title='bbox 851 2290 992 2342; x_wconf 87' lang='lat' dir='ltr'><strong>redit</strong></span> <span class='ocrx_word' id='word_1_165' title='bbox 1023 2308 1037 2343; x_wconf 90' lang='lat'><strong>:</strong></span> <span class='ocrx_word' id='word_1_166' title='bbox 1068 2288 1285 2344; x_wconf 89' lang='lat' dir='ltr'><strong>Patrem</strong></span> <span class='ocrx_word' id='word_1_167' title='bbox 1315 2291 1492 2347; x_wconf 87' lang='lat' dir='ltr'><strong>Verbo</strong></span> <span class='ocrx_word' id='word_1_168' title='bbox 1515 2303 1569 2347; x_wconf 92' lang='lat' dir='ltr'><strong>et</strong></span> <span class='ocrx_word' id='word_1_169' title='bbox 1592 2294 1819 2365; x_wconf 88' lang='lat' dir='ltr'><strong>Spiritui</strong></span> <span class='ocrx_word' id='word_1_170' title='bbox 1846 2307 2034 2351; x_wconf 88' lang='lat' dir='ltr'><strong>sancto</strong></span> 
     </span>
    </p>
   </div>
   <div class='ocr_carea' id='block_1_25' title="bbox 457 2378 2037 2455">
    <p class='ocr_par' dir='ltr' id='par_1_25' title="bbox 457 2378 2037 2455">
     <span class='ocr_line' id='line_1_25' title="bbox 457 2378 2037 2455; baseline 0.009 -24"><span class='ocrx_word' id='word_1_171' title='bbox 457 2378 634 2449; x_wconf 80' lang='lat' dir='ltr'><strong>longis</strong></span> <span class='ocrx_word' id='word_1_172' title='bbox 673 2380 993 2435; x_wconf 68' lang='lat' dir='ltr'><strong>saeculorum</strong></span> <span class='ocrx_word' id='word_1_173' title='bbox 1031 2383 1373 2453; x_wconf 74' lang='lat' dir='ltr'><strong>myriadihus</strong></span> <span class='ocrx_word' id='word_1_174' title='bbox 1419 2388 1851 2455; x_wconf 76' lang='lat' dir='ltr'><strong>przeexstitisse;</strong></span> <span class='ocrx_word' id='word_1_175' title='bbox 1903 2389 2037 2446; x_wconf 91' lang='lat' dir='ltr'><strong>Uni-</strong></span> 
     </span>
    </p>
   </div>
   <div class='ocr_carea' id='block_1_26' title="bbox 458 2470 2037 2544">
    <p class='ocr_par' dir='ltr' id='par_1_26' title="bbox 458 2470 2037 2544">
     <span class='ocr_line' id='line_1_26' title="bbox 458 2470 2037 2544; baseline 0.01 -23"><span class='ocrx_word' id='word_1_176' title='bbox 458 2470 699 2539; x_wconf 89' lang='lat' dir='ltr'><strong>genitum</strong></span> <span class='ocrx_word' id='word_1_177' title='bbox 736 2470 909 2534; x_wconf 83' lang='lat' dir='ltr'><strong>illum,</strong></span> <span class='ocrx_word' id='word_1_178' title='bbox 938 2488 1098 2539; x_wconf 86' lang='lat' dir='ltr'><strong>quem</strong></span> <span class='ocrx_word' id='word_1_179' title='bbox 1126 2473 1405 2540; x_wconf 85' lang='lat' dir='ltr'><strong>dicebant,</strong></span> <span class='ocrx_word' id='word_1_180' title='bbox 1441 2476 1660 2544; x_wconf 90' lang='lat' dir='ltr'><strong>Filium,</strong></span> <span class='ocrx_word' id='word_1_181' title='bbox 1696 2496 1900 2536; x_wconf 90' lang='lat' dir='ltr'><strong>meram</strong></span> <span class='ocrx_word' id='word_1_182' title='bbox 1934 2483 2037 2537; x_wconf 85' lang='lat' dir='ltr'><strong>Pa-</strong></span> 
     </span>
    </p>
   </div>
   <div class='ocr_carea' id='block_1_27' title="bbox 458 2559 2034 2642">
    <p class='ocr_par' dir='ltr' id='par_1_27' title="bbox 458 2559 2034 2642">
     <span class='ocr_line' id='line_1_27' title="bbox 458 2559 2034 2642; baseline 0.01 -29"><span class='ocrx_word' id='word_1_183' title='bbox 458 2560 558 2615; x_wconf 91' lang='lat' dir='ltr'><strong>tris</strong></span> <span class='ocrx_word' id='word_1_184' title='bbox 583 2559 882 2631; x_wconf 71' lang='grc' dir='ltr'><strong>ἐνέργειαν,</strong></span> <span class='ocrx_word' id='word_1_185' title='bbox 918 2560 1286 2630; x_wconf 75' lang='lat' dir='ltr'><strong>efﬁcientiam,</strong></span> <span class='ocrx_word' id='word_1_186' title='bbox 1335 2576 1540 2634; x_wconf 89' lang='lat' dir='ltr'><strong>actum,</strong></span> <span class='ocrx_word' id='word_1_187' title='bbox 1589 2579 1685 2624; x_wconf 90' lang='lat' dir='ltr'><strong>aut</strong></span> <span class='ocrx_word' id='word_1_188' title='bbox 1728 2574 2034 2642; x_wconf 89' lang='lat' dir='ltr'><strong>proprieta-</strong></span> 
     </span>
    </p>
   </div>
   <div class='ocr_carea' id='block_1_28' title="bbox 458 2651 2031 2725">
    <p class='ocr_par' dir='ltr' id='par_1_28' title="bbox 458 2651 2031 2725">
     <span class='ocr_line' id='line_1_28' title="bbox 458 2651 2031 2725; baseline 0.009 -20"><span class='ocrx_word' id='word_1_189' title='bbox 458 2660 565 2705; x_wconf 89' lang='lat' dir='ltr'><strong>tem</strong></span> <span class='ocrx_word' id='word_1_190' title='bbox 590 2651 982 2717; x_wconf 81' lang='grc' dir='ltr'><strong>ἀνυπόστατον,</strong></span> <span class='ocrx_word' id='word_1_191' title='bbox 1022 2670 1129 2708; x_wconf 91' lang='lat' dir='ltr'><strong>non</strong></span> <span class='ocrx_word' id='word_1_192' title='bbox 1177 2670 1468 2725; x_wconf 90' lang='lat' dir='ltr'><strong>personam</strong></span> <span class='ocrx_word' id='word_1_193' title='bbox 1517 2658 1585 2714; x_wconf 91' lang='lat' dir='ltr'><strong>ab</strong></span> <span class='ocrx_word' id='word_1_194' title='bbox 1616 2674 1682 2716; x_wconf 91' lang='lat' dir='ltr'><strong>eo</strong></span> <span class='ocrx_word' id='word_1_195' title='bbox 1718 2662 2031 2720; x_wconf 89' lang='lat' dir='ltr'><strong>distinctam</strong></span> 
     </span>
    </p>
   </div>
   <div class='ocr_carea' id='block_1_29' title="bbox 456 2741 2034 2823">
    <p class='ocr_par' dir='ltr' id='par_1_29' title="bbox 456 2741 2034 2823">
     <span class='ocr_line' id='line_1_29' title="bbox 456 2741 2034 2823; baseline 0.01 -25"><span class='ocrx_word' id='word_1_196' title='bbox 456 2741 627 2799; x_wconf 88' lang='lat' dir='ltr'><strong>fuisse</strong></span> <span class='ocrx_word' id='word_1_197' title='bbox 663 2762 677 2798; x_wconf 92' lang='lat'>:</span> <span class='ocrx_word' id='word_1_198' title='bbox 710 2742 951 2801; x_wconf 80' lang='lat' dir='ltr'><strong>Verbum</strong></span> <span class='ocrx_word' id='word_1_199' title='bbox 986 2756 1191 2812; x_wconf 89' lang='lat' dir='ltr'><strong>autem,</strong></span> <span class='ocrx_word' id='word_1_200' title='bbox 1231 2747 1497 2819; x_wconf 90' lang='lat' dir='ltr'><strong>Spiritum</strong></span> <span class='ocrx_word' id='word_1_201' title='bbox 1546 2764 1829 2823; x_wconf 88' lang='lat' dir='ltr'><strong>sanctum,</strong></span> <span class='ocrx_word' id='word_1_202' title='bbox 1872 2754 2034 2814; x_wconf 70' lang='lat' dir='ltr'><strong>Chri«</strong></span> 
     </span>
    </p>
   </div>
   <div class='ocr_carea' id='block_1_30' title="bbox 456 2835 2036 2913">
    <p class='ocr_par' dir='ltr' id='par_1_30' title="bbox 456 2835 2036 2913">
     <span class='ocr_line' id='line_1_30' title="bbox 456 2835 2036 2913; baseline 0.011 -25"><span class='ocrx_word' id='word_1_203' title='bbox 456 2842 604 2889; x_wconf 80' lang='lat' dir='ltr'><strong>stum</strong></span> <span class='ocrx_word' id='word_1_204' title='bbox 627 2835 1059 2894; x_wconf 88' lang='lat' dir='ltr'><strong>etSalvatorem</strong></span> <span class='ocrx_word' id='word_1_205' title='bbox 1109 2840 1335 2897; x_wconf 89' lang='lat' dir='ltr'><strong>totidem</strong></span> <span class='ocrx_word' id='word_1_206' title='bbox 1386 2842 1661 2913; x_wconf 88' lang='lat' dir='ltr'><strong>spiritales</strong></span> <span class='ocrx_word' id='word_1_207' title='bbox 1704 2856 1931 2905; x_wconf 89' lang='lat' dir='ltr'><strong>naturas</strong></span> <span class='ocrx_word' id='word_1_208' title='bbox 1980 2861 2036 2906; x_wconf 92' lang='lat' dir='ltr'><strong>et</strong></span> 
     </span>
    </p>
   </div>
   <div class='ocr_carea' id='block_1_31' title="bbox 458 2930 2032 3009">
    <p class='ocr_par' dir='ltr' id='par_1_31' title="bbox 458 2930 2032 3009">
     <span class='ocr_line' id='line_1_31' title="bbox 458 2930 2032 3009; baseline 0.009 -27"><span class='ocrx_word' id='word_1_209' title='bbox 458 2944 745 2999; x_wconf 87' lang='lat' dir='ltr'><strong>personas,</strong></span> <span class='ocrx_word' id='word_1_210' title='bbox 780 2930 1009 3002; x_wconf 88' lang='lat' dir='ltr'><strong>angelici</strong></span> <span class='ocrx_word' id='word_1_211' title='bbox 1043 2932 1276 2998; x_wconf 89' lang='lat' dir='ltr'><strong>ordinis,</strong></span> <span class='ocrx_word' id='word_1_212' title='bbox 1310 2948 1339 2988; x_wconf 90' lang='lat' dir='ltr'><strong>a</strong></span> <span class='ocrx_word' id='word_1_213' title='bbox 1369 2949 1427 2990; x_wconf 88' lang='lat' dir='ltr'><strong>se</strong></span> <span class='ocrx_word' id='word_1_214' title='bbox 1451 2936 1683 2994; x_wconf 90' lang='lat' dir='ltr'><strong>invicem</strong></span> <span class='ocrx_word' id='word_1_215' title='bbox 1718 2940 2032 3009; x_wconf 87' lang='lat' dir='ltr'><strong>distinctas,</strong></span> 
     </span>
    </p>
   </div>
   <div class='ocr_carea' id='block_1_32' title="bbox 454 3023 2033 3103">
    <p class='ocr_par' dir='ltr' id='par_1_32' title="bbox 454 3023 2033 3103">
     <span class='ocr_line' id='line_1_32' title="bbox 454 3023 2033 3103; baseline 0.009 -27"><span class='ocrx_word' id='word_1_216' title='bbox 454 3033 512 3077; x_wconf 92' lang='lat' dir='ltr'><strong>et</strong></span> <span class='ocrx_word' id='word_1_217' title='bbox 544 3023 597 3078; x_wconf 90' lang='lat' dir='ltr'><strong>in</strong></span> <span class='ocrx_word' id='word_1_218' title='bbox 626 3032 872 3091; x_wconf 92' lang='lat' dir='ltr'><strong>tempore</strong></span> <span class='ocrx_word' id='word_1_219' title='bbox 915 3024 1184 3089; x_wconf 89' lang='lat' dir='ltr'><strong>conditas,-</strong></span> <span class='ocrx_word' id='word_1_220' title='bbox 1231 3035 1397 3097; x_wconf 90' lang='lat' dir='ltr'><strong>atque</strong></span> <span class='ocrx_word' id='word_1_221' title='bbox 1438 3030 1623 3084; x_wconf 88' lang='lat' dir='ltr'><strong>divina</strong></span> <span class='ocrx_word' id='word_1_222' title='bbox 1657 3045 1755 3087; x_wconf 91' lang='lat' dir='ltr'><strong>seu</strong></span> <span class='ocrx_word' id='word_1_223' title='bbox 1802 3044 2033 3103; x_wconf 88' lang='lat' dir='ltr'><strong>paterna</strong></span> 
     </span>
    </p>
   </div>
   <div class='ocr_carea' id='block_1_33' title="bbox 454 3113 1329 3182">
    <p class='ocr_par' dir='ltr' id='par_1_33' title="bbox 454 3113 1329 3182">
     <span class='ocr_line' id='line_1_33' title="bbox 454 3113 1329 3182; baseline 0.003 -14"><span class='ocrx_word' id='word_1_224' title='bbox 454 3113 616 3182; x_wconf 74' lang='lat' dir='ltr'><strong>longe</strong></span> <span class='ocrx_word' id='word_1_225' title='bbox 661 3113 948 3168; x_wconf 89' lang='lat' dir='ltr'><strong>inferiores</strong></span> <span class='ocrx_word' id='word_1_226' title='bbox 985 3115 1263 3171; x_wconf 77' lang='lat' dir='ltr'><strong>exstitisse</strong></span> <span class='ocrx_word' id='word_1_227' title='bbox 1313 3131 1329 3170; x_wconf 90' lang='lat'><strong>:</strong></span> 
     </span>
    </p>
   </div>
   <div class='ocr_carea' id='block_1_34' title="bbox 456 3203 2035 3278">
    <p class='ocr_par' dir='ltr' id='par_1_34' title="bbox 456 3203 2035 3278">
     <span class='ocr_line' id='line_1_34' title="bbox 456 3203 2035 3278; baseline 0.008 -22"><span class='ocrx_word' id='word_1_228' title='bbox 456 3217 553 3256; x_wconf 92' lang='lat' dir='ltr'><strong>seu</strong></span> <span class='ocrx_word' id='word_1_229' title='bbox 582 3203 764 3257; x_wconf 91' lang='lat' dir='ltr'><strong>mundi</strong></span> <span class='ocrx_word' id='word_1_230' title='bbox 807 3203 1078 3273; x_wconf 78' lang='lat' dir='ltr'><strong>Opificem,</strong></span> <span class='ocrx_word' id='word_1_231' title='bbox 1123 3205 1376 3275; x_wconf 86' lang='lat' dir='ltr'><strong>angelum</strong></span> <span class='ocrx_word' id='word_1_232' title='bbox 1420 3215 1479 3263; x_wconf 93' lang='lat' dir='ltr'><strong>et</strong></span> <span class='ocrx_word' id='word_1_233' title='bbox 1514 3208 1691 3278; x_wconf 90' lang='lat' dir='ltr'><strong>ipsum</strong></span> <span class='ocrx_word' id='word_1_234' title='bbox 1721 3209 1911 3278; x_wconf 90' lang='lat' dir='ltr'><strong>fuisse,</strong></span> <span class='ocrx_word' id='word_1_235' title='bbox 1941 3216 2035 3270; x_wconf 90' lang='lat' dir='ltr'><strong>sed</strong></span> 
     </span>
    </p>
   </div>
   <div class='ocr_carea' id='block_1_35' title="bbox 456 3295 2035 3373">
    <p class='ocr_par' dir='ltr' id='par_1_35' title="bbox 456 3295 2035 3373">
     <span class='ocr_line' id='line_1_35' title="bbox 456 3295 2035 3373; baseline 0.008 -24"><span class='ocrx_word' id='word_1_236' title='bbox 456 3295 890 3365; x_wconf 64' lang='lat' dir='ltr'><strong>praecedentibus</strong></span> <span class='ocrx_word' id='word_1_237' title='bbox 915 3295 1294 3366; x_wconf 90' lang='lat' dir='ltr'><strong>iguobiliorem</strong></span> <span class='ocrx_word' id='word_1_238' title='bbox 1320 3316 1335 3366; x_wconf 90' lang='lat'><strong>;</strong></span> <span class='ocrx_word' id='word_1_239' title='bbox 1364 3300 1455 3368; x_wconf 85' lang='lat' dir='ltr'><strong>qui</strong></span> <span class='ocrx_word' id='word_1_240' title='bbox 1490 3315 1594 3357; x_wconf 90' lang='lat' dir='ltr'><strong>nec</strong></span> <span class='ocrx_word' id='word_1_241' title='bbox 1627 3302 1680 3357; x_wconf 89' lang='lat' dir='ltr'><strong>in</strong></span> <span class='ocrx_word' id='word_1_242' title='bbox 1710 3303 2035 3373; x_wconf 88' lang='lat' dir='ltr'><strong>Pleromate,</strong></span> 
     </span>
    </p>
   </div>
   <div class='ocr_carea' id='block_1_36' title="bbox 458 3387 2035 3469">
    <p class='ocr_par' dir='ltr' id='par_1_36' title="bbox 458 3387 2035 3469">
     <span class='ocr_line' id='line_1_36' title="bbox 458 3387 2035 3469; baseline 0.007 -28"><span class='ocrx_word' id='word_1_243' title='bbox 458 3387 690 3442; x_wconf 91' lang='lat' dir='ltr'><strong>aliorum</strong></span> <span class='ocrx_word' id='word_1_244' title='bbox 725 3387 877 3454; x_wconf 89' lang='lat' dir='ltr'><strong>sede,</strong></span> <span class='ocrx_word' id='word_1_245' title='bbox 906 3387 1080 3442; x_wconf 91' lang='lat' dir='ltr'><strong>locum</strong></span> <span class='ocrx_word' id='word_1_246' title='bbox 1116 3389 1363 3456; x_wconf 87' lang='lat' dir='ltr'><strong>haberet,</strong></span> <span class='ocrx_word' id='word_1_247' title='bbox 1396 3400 1450 3447; x_wconf 93' lang='lat' dir='ltr'><strong>et</strong></span> <span class='ocrx_word' id='word_1_248' title='bbox 1486 3393 1834 3452; x_wconf 78' lang='lat' dir='ltr'><strong>densioribus</strong></span> <span class='ocrx_word' id='word_1_249' title='bbox 1876 3398 2035 3469; x_wconf 79' lang='lat' dir='ltr'><strong>igno-</strong></span> 
     </span>
    </p>
   </div>
   <div class='ocr_carea' id='block_1_37' title="bbox 458 3479 2036 3559">
    <p class='ocr_par' dir='ltr' id='par_1_37' title="bbox 458 3479 2036 3559">
     <span class='ocr_line' id='line_1_37' title="bbox 458 3479 2036 3559; baseline 0.006 -26"><span class='ocrx_word' id='word_1_250' title='bbox 458 3479 649 3533; x_wconf 68' lang='lat' dir='ltr'><strong>rantiae</strong></span> <span class='ocrx_word' id='word_1_251' title='bbox 701 3480 939 3535; x_wconf 86' lang='lat' dir='ltr'><strong>tenebris</strong></span> <span class='ocrx_word' id='word_1_252' title='bbox 984 3480 1277 3536; x_wconf 85' lang='lat' dir='ltr'><strong>obvolutus</strong></span> <span class='ocrx_word' id='word_1_253' title='bbox 1327 3494 1488 3539; x_wconf 90' lang='lat' dir='ltr'><strong>natus</strong></span> <span class='ocrx_word' id='word_1_254' title='bbox 1534 3498 1703 3545; x_wconf 89' lang='lat' dir='ltr'><strong>esset.</strong></span> <span class='ocrx_word' id='word_1_255' title='bbox 1750 3487 1876 3545; x_wconf 70' lang='lat' dir='ltr'><strong>Ilaac</strong></span> <span class='ocrx_word' id='word_1_256' title='bbox 1910 3501 2036 3559; x_wconf 81' lang='lat' dir='ltr'><strong>sunt</strong></span> 
     </span>
    </p>
   </div>
   <div class='ocr_carea' id='block_1_38' title="bbox 456 3571 2034 3644">
    <p class='ocr_par' dir='ltr' id='par_1_38' title="bbox 456 3571 2034 3644">
     <span class='ocr_line' id='line_1_38' title="bbox 456 3571 2034 3644; baseline 0.006 -17"><span class='ocrx_word' id='word_1_257' title='bbox 456 3571 836 3627; x_wconf 64' lang='lat' dir='ltr'><strong>haereticorum</strong></span> <span class='ocrx_word' id='word_1_258' title='bbox 871 3584 1207 3639; x_wconf 91' lang='lat' dir='ltr'><strong>commenta,</strong></span> <span class='ocrx_word' id='word_1_259' title='bbox 1234 3590 1357 3644; x_wconf 67' lang='lat' dir='ltr'><strong>qua:</strong></span> <span class='ocrx_word' id='word_1_260' title='bbox 1395 3573 1726 3631; x_wconf 85' lang='lat' dir='ltr'><strong>confutanda</strong></span> <span class='ocrx_word' id='word_1_261' title='bbox 1774 3579 1878 3634; x_wconf 91' lang='lat' dir='ltr'><strong>sibi</strong></span> <span class='ocrx_word' id='word_1_262' title='bbox 1910 3595 2034 3636; x_wconf 80' lang='lat' dir='ltr'><strong>sus-</strong></span> 
     </span>
    </p>
   </div>
   <div class='ocr_carea' id='block_1_39' title="bbox 456 3664 1925 3739">
    <p class='ocr_par' dir='ltr' id='par_1_39' title="bbox 456 3664 1925 3739">
     <span class='ocr_line' id='line_1_39' title="bbox 456 3664 1925 3739; baseline 0.004 -18"><span class='ocrx_word' id='word_1_263' title='bbox 456 3666 603 3734; x_wconf 83' lang='lat' dir='ltr'><strong>cepit</strong></span> <span class='ocrx_word' id='word_1_264' title='bbox 626 3664 887 3730; x_wconf 73' lang='lat' dir='ltr'><strong>Irenmus,</strong></span> <span class='ocrx_word' id='word_1_265' title='bbox 920 3682 985 3721; x_wconf 89' lang='lat' dir='ltr'><strong>ac</strong></span> <span class='ocrx_word' id='word_1_266' title='bbox 1021 3676 1133 3723; x_wconf 90' lang='lat' dir='ltr'><strong>toto</strong></span> <span class='ocrx_word' id='word_1_267' title='bbox 1167 3682 1333 3737; x_wconf 91' lang='lat' dir='ltr'><strong>opere</strong></span> <span class='ocrx_word' id='word_1_268' title='bbox 1360 3669 1562 3739; x_wconf 89' lang='lat' dir='ltr'><strong>passim</strong></span> <span class='ocrx_word' id='word_1_269' title='bbox 1592 3669 1862 3727; x_wconf 87' lang='lat' dir='ltr'><strong>confutat.</strong></span> <span class='ocrx_word' id='word_1_270' title='bbox 1918 3670 1925 3677; x_wconf 88' lang='grc'><em>’</em></span> 
     </span>
    </p>
   </div>
   <div class='ocr_carea' id='block_1_40' title="bbox 526 3755 2035 3833">
    <p class='ocr_par' dir='ltr' id='par_1_40' title="bbox 526 3755 2035 3833">
     <span class='ocr_line' id='line_1_40' title="bbox 526 3755 2035 3833; baseline 0.005 -22"><span class='ocrx_word' id='word_1_271' title='bbox 526 3757 616 3813; x_wconf 69' lang='grc'><strong>49.</strong></span> <span class='ocrx_word' id='word_1_272' title='bbox 652 3755 717 3811; x_wconf 87' lang='grc' dir='ltr'><strong>Ει</strong></span> <span class='ocrx_word' id='word_1_273' title='bbox 752 3758 928 3826; x_wconf 90' lang='lat' dir='ltr'><strong>primu</strong></span> <span class='ocrx_word' id='word_1_274' title='bbox 961 3758 1179 3828; x_wconf 90' lang='lat' dir='ltr'><strong>quidem</strong></span> <span class='ocrx_word' id='word_1_275' title='bbox 1218 3760 1345 3829; x_wconf 90' lang='lat' dir='ltr'><strong>quia</strong></span> <span class='ocrx_word' id='word_1_276' title='bbox 1399 3760 1646 3817; x_wconf 72' lang='lat' dir='ltr'><strong>haeretici</strong></span> <span class='ocrx_word' id='word_1_277' title='bbox 1684 3762 1876 3828; x_wconf 69' lang='lat' dir='ltr'><strong>variis,</strong></span> <span class='ocrx_word' id='word_1_278' title='bbox 1914 3778 2035 3833; x_wconf 71' lang='lat' dir='ltr'><strong>qua:</strong></span> 
     </span>
    </p>
   </div>
   <div class='ocr_carea' id='block_1_41' title="bbox 456 3848 2031 3920">
    <p class='ocr_par' dir='ltr' id='par_1_41' title="bbox 456 3848 2031 3920">
     <span class='ocr_line' id='line_1_41' title="bbox 456 3848 2031 3920; baseline 0.006 -18"><span class='ocrx_word' id='word_1_279' title='bbox 456 3850 659 3920; x_wconf 86' lang='lat' dir='ltr'><strong>passim</strong></span> <span class='ocrx_word' id='word_1_280' title='bbox 714 3850 767 3903; x_wconf 91' lang='lat' dir='ltr'><strong>in</strong></span> <span class='ocrx_word' id='word_1_281' title='bbox 805 3848 1107 3920; x_wconf 91' lang='lat' dir='ltr'><strong>Scripturis</strong></span> <span class='ocrx_word' id='word_1_282' title='bbox 1143 3861 1464 3918; x_wconf 90' lang='lat' dir='ltr'><strong>occurrunt,</strong></span> <span class='ocrx_word' id='word_1_283' title='bbox 1513 3852 1722 3909; x_wconf 88' lang='lat' dir='ltr'><strong>Christi</strong></span> <span class='ocrx_word' id='word_1_284' title='bbox 1766 3864 1821 3911; x_wconf 91' lang='lat' dir='ltr'><strong>et</strong></span> <span class='ocrx_word' id='word_1_285' title='bbox 1869 3853 2031 3912; x_wconf 82' lang='lat' dir='ltr'><strong>Verbi</strong></span> 
     </span>
    </p>
   </div>
   <div class='ocr_carea' id='block_1_42' title="bbox 458 3939 2032 4016">
    <p class='ocr_par' dir='ltr' id='par_1_42' title="bbox 458 3939 2032 4016">
     <span class='ocr_line' id='line_1_42' title="bbox 458 3939 2032 4016; baseline 0.004 -21"><span class='ocrx_word' id='word_1_286' title='bbox 458 3939 771 3995; x_wconf 88' lang='lat' dir='ltr'><strong>nominibus</strong></span> <span class='ocrx_word' id='word_1_287' title='bbox 800 3941 954 3993; x_wconf 86' lang='lat' dir='ltr'><strong>abusi</strong></span> <span class='ocrx_word' id='word_1_288' title='bbox 985 3979 1001 4005; x_wconf 97' lang='lat'><strong>,</strong></span> <span class='ocrx_word' id='word_1_289' title='bbox 1047 3941 1186 3997; x_wconf 91' lang='lat' dir='ltr'><strong>male</strong></span> <span class='ocrx_word' id='word_1_290' title='bbox 1214 3941 1619 4013; x_wconf 90' lang='lat' dir='ltr'><strong>distinguebant</strong></span> <span class='ocrx_word' id='word_1_291' title='bbox 1664 3944 1807 4001; x_wconf 92' lang='lat' dir='ltr'><strong>inter</strong></span> <span class='ocrx_word' id='word_1_292' title='bbox 1848 3946 2032 4016; x_wconf 87' lang='lat' dir='ltr'><strong>unige-</strong></span> 
     </span>
    </p>
   </div>
   <div class='ocr_carea' id='block_1_43' title="bbox 457 4033 2035 4103">
    <p class='ocr_par' dir='ltr' id='par_1_43' title="bbox 457 4033 2035 4103">
     <span class='ocr_line' id='line_1_43' title="bbox 457 4033 2035 4103; baseline 0.003 -14"><span class='ocrx_word' id='word_1_293' title='bbox 457 4034 634 4090; x_wconf 91' lang='lat' dir='ltr'><strong>nitum</strong></span> <span class='ocrx_word' id='word_1_294' title='bbox 678 4033 901 4099; x_wconf 84' lang='lat' dir='ltr'><strong>Filium,</strong></span> <span class='ocrx_word' id='word_1_295' title='bbox 944 4034 1203 4101; x_wconf 85' lang='lat' dir='ltr'><strong>Verbum,</strong></span> <span class='ocrx_word' id='word_1_296' title='bbox 1242 4034 1550 4103; x_wconf 87' lang='lat' dir='ltr'><strong>Christum,</strong></span> <span class='ocrx_word' id='word_1_297' title='bbox 1591 4033 1801 4102; x_wconf 80' lang='lat' dir='ltr'><strong>Jesum,</strong></span> <span class='ocrx_word' id='word_1_298' title='bbox 1842 4038 2035 4094; x_wconf 87' lang='lat' dir='ltr'><strong>Salva-</strong></span> 
     </span>
    </p>
   </div>
   <div class='ocr_carea' id='block_1_44' title="bbox 459 4127 2037 4200">
    <p class='ocr_par' dir='ltr' id='par_1_44' title="bbox 459 4127 2037 4200">
     <span class='ocr_line' id='line_1_44' title="bbox 459 4127 2037 4200; baseline 0.004 -17"><span class='ocrx_word' id='word_1_299' title='bbox 459 4138 632 4185; x_wconf 87' lang='lat' dir='ltr'><strong>torem</strong></span> <span class='ocrx_word' id='word_1_300' title='bbox 660 4137 715 4182; x_wconf 91' lang='lat' dir='ltr'><strong>et</strong></span> <span class='ocrx_word' id='word_1_301' title='bbox 746 4127 1124 4196; x_wconf 83' lang='lat' dir='ltr'><strong>Demiurgum;</strong></span> <span class='ocrx_word' id='word_1_302' title='bbox 1161 4143 1269 4198; x_wconf 87' lang='lat' dir='ltr'><strong>qua</strong></span> <span class='ocrx_word' id='word_1_303' title='bbox 1307 4145 1473 4200; x_wconf 90' lang='lat' dir='ltr'><strong>prava</strong></span> <span class='ocrx_word' id='word_1_304' title='bbox 1499 4132 1854 4190; x_wconf 89' lang='lat' dir='ltr'><strong>distinctione</strong></span> <span class='ocrx_word' id='word_1_305' title='bbox 1898 4134 2037 4191; x_wconf 87' lang='lat' dir='ltr'><strong>nite-</strong></span> 
     </span>
    </p>
   </div>
   <div class='ocr_carea' id='block_1_45' title="bbox 398 4220 2037 4297">
    <p class='ocr_par' dir='ltr' id='par_1_45' title="bbox 398 4220 2037 4297">
     <span class='ocr_line' id='line_1_45' title="bbox 398 4220 2037 4297; baseline 0.003 -21"><span class='ocrx_word' id='word_1_306' title='bbox 398 4260 406 4268; x_wconf 81' lang='lat'><strong>.</strong></span> <span class='ocrx_word' id='word_1_307' title='bbox 460 4222 620 4277; x_wconf 89' lang='lat' dir='ltr'><strong>batur</strong></span> <span class='ocrx_word' id='word_1_308' title='bbox 652 4220 1015 4275; x_wconf 88' lang='lat' dir='ltr'><strong>Valentiniani</strong></span> <span class='ocrx_word' id='word_1_309' title='bbox 1069 4223 1381 4292; x_wconf 87' lang='lat' dir='ltr'><strong>systematis</strong></span> <span class='ocrx_word' id='word_1_310' title='bbox 1424 4225 1663 4281; x_wconf 81' lang='lat' dir='ltr'><strong>maxima</strong></span> <span class='ocrx_word' id='word_1_311' title='bbox 1717 4242 1846 4297; x_wconf 90' lang='lat' dir='ltr'><strong>pars</strong></span> <span class='ocrx_word' id='word_1_312' title='bbox 1889 4245 1903 4281; x_wconf 86' lang='lat'>:</span> <span class='ocrx_word' id='word_1_313' title='bbox 1940 4242 2037 4281; x_wconf 87' lang='lat' dir='ltr'><strong>va-</strong></span> 
     </span>
    </p>
   </div>
   <div class='ocr_carea' id='block_1_46' title="bbox 460 4313 2036 4386">
    <p class='ocr_par' dir='ltr' id='par_1_46' title="bbox 460 4313 2036 4386">
     <span class='ocr_line' id='line_1_46' title="bbox 460 4313 2036 4386; baseline 0.003 -18"><span class='ocrx_word' id='word_1_314' title='bbox 460 4329 586 4369; x_wconf 91' lang='lat' dir='ltr'><strong>nam</strong></span> <span class='ocrx_word' id='word_1_315' title='bbox 623 4327 745 4367; x_wconf 90' lang='lat' dir='ltr'><strong>eam</strong></span> <span class='ocrx_word' id='word_1_316' title='bbox 802 4327 927 4367; x_wconf 85' lang='lat' dir='ltr'><strong>esse</strong></span> <span class='ocrx_word' id='word_1_317' title='bbox 961 4313 1157 4381; x_wconf 82' lang='lat' dir='ltr'><strong>probat</strong></span> <span class='ocrx_word' id='word_1_318' title='bbox 1202 4313 1459 4381; x_wconf 67' lang='lat' dir='ltr'><strong>Irenaaus,</strong></span> <span class='ocrx_word' id='word_1_319' title='bbox 1501 4318 1738 4386; x_wconf 90' lang='lat' dir='ltr'><strong>primum</strong></span> <span class='ocrx_word' id='word_1_320' title='bbox 1792 4320 2036 4373; x_wconf 85' lang='lat' dir='ltr'><strong>auctori-</strong></span> 
     </span>
    </p>
   </div>
   <div class='ocr_carea' id='block_1_47' title="bbox 460 4403 2031 4477">
    <p class='ocr_par' dir='ltr' id='par_1_47' title="bbox 460 4403 2031 4477">
     <span class='ocr_line' id='line_1_47' title="bbox 460 4403 2031 4477; baseline 0.004 -18"><span class='ocrx_word' id='word_1_321' title='bbox 460 4416 570 4461; x_wconf 91' lang='lat' dir='ltr'><strong>tate</strong></span> <span class='ocrx_word' id='word_1_322' title='bbox 601 4405 872 4477; x_wconf 86' lang='lat' dir='ltr'><strong>Evangelii</strong></span> <span class='ocrx_word' id='word_1_323' title='bbox 897 4403 1163 4473; x_wconf 82' lang='lat' dir='ltr'><strong>Juannis;</strong></span> <span class='ocrx_word' id='word_1_324' title='bbox 1208 4422 1317 4477; x_wconf 92' lang='lat' dir='ltr'><strong>quo</strong></span> <span class='ocrx_word' id='word_1_325' title='bbox 1352 4409 1599 4477; x_wconf 82' lang='lat' dir='ltr'><strong>exposito</strong></span> <span class='ocrx_word' id='word_1_326' title='bbox 1634 4411 1907 4466; x_wconf 89' lang='lat' dir='ltr'><strong>concludit</strong></span> <span class='ocrx_word' id='word_1_327' title='bbox 1937 4411 2031 4467; x_wconf 88' lang='lat' dir='ltr'><strong>lib.</strong></span> 
     </span>
    </p>
   </div>
   <div class='ocr_carea' id='block_1_48' title="bbox 2144 540 3712 617">
    <p class='ocr_par' dir='ltr' id='par_1_48' title="bbox 2144 540 3712 617">
     <span class='ocr_line' id='line_1_48' title="bbox 2144 540 3712 617; baseline 0.007 -25"><span class='ocrx_word' id='word_1_328' title='bbox 2144 540 2187 592; x_wconf 90' lang='lat' dir='ltr'><strong>si</strong></span> <span class='ocrx_word' id='word_1_329' title='bbox 2222 554 2285 594; x_wconf 90' lang='lat' dir='ltr'><strong>ea</strong></span> <span class='ocrx_word' id='word_1_330' title='bbox 2321 543 2675 598; x_wconf 86' lang='lat' dir='ltr'><strong>emissionum</strong></span> <span class='ocrx_word' id='word_1_331' title='bbox 2721 548 2915 610; x_wconf 88' lang='lat' dir='ltr'><strong>series,</strong></span> <span class='ocrx_word' id='word_1_332' title='bbox 2948 554 3162 617; x_wconf 85' lang='lat' dir='ltr'><strong>qualem</strong></span> <span class='ocrx_word' id='word_1_333' title='bbox 3215 549 3712 604; x_wconf 83' lang='lat' dir='ltr'><strong>comminisceban-</strong></span> 
     </span>
    </p>
   </div>
   <div class='ocr_carea' id='block_1_49' title="bbox 2147 632 3714 712">
    <p class='ocr_par' dir='ltr' id='par_1_49' title="bbox 2147 632 3714 712">
     <span class='ocr_line' id='line_1_49' title="bbox 2147 632 3714 712; baseline 0.009 -29"><span class='ocrx_word' id='word_1_334' title='bbox 2147 638 2232 684; x_wconf 91' lang='lat' dir='ltr'><strong>tur</strong></span> <span class='ocrx_word' id='word_1_335' title='bbox 2266 632 2526 697; x_wconf 67' lang='lat' dir='ltr'><strong>haeretici,</strong></span> <span class='ocrx_word' id='word_1_336' title='bbox 2554 636 2607 690; x_wconf 89' lang='lat' dir='ltr'><strong>in</strong></span> <span class='ocrx_word' id='word_1_337' title='bbox 2638 638 2750 692; x_wconf 93' lang='lat' dir='ltr'><strong>Deo</strong></span> <span class='ocrx_word' id='word_1_338' title='bbox 2782 640 3108 708; x_wconf 84' lang='lat' dir='ltr'><strong>admittitur,</strong></span> <span class='ocrx_word' id='word_1_339' title='bbox 3146 644 3221 695; x_wconf 86' lang='lat' dir='ltr'><strong>ita</strong></span> <span class='ocrx_word' id='word_1_340' title='bbox 3254 651 3313 697; x_wconf 94' lang='lat' dir='ltr'><strong>ut</strong></span> <span class='ocrx_word' id='word_1_341' title='bbox 3349 641 3520 712; x_wconf 86' lang='lat' dir='ltr'><strong>longe</strong></span> <span class='ocrx_word' id='word_1_342' title='bbox 3570 643 3714 710; x_wconf 88' lang='lat' dir='ltr'><strong>prius</strong></span> 
     </span>
    </p>
   </div>
   <div class='ocr_carea' id='block_1_50' title="bbox 2144 726 3712 799">
    <p class='ocr_par' dir='ltr' id='par_1_50' title="bbox 2144 726 3712 799">
     <span class='ocr_line' id='line_1_50' title="bbox 2144 726 3712 799; baseline 0.007 -22"><span class='ocrx_word' id='word_1_343' title='bbox 2144 726 2421 780; x_wconf 83' lang='lat' dir='ltr'><strong>exstiterit</strong></span> <span class='ocrx_word' id='word_1_344' title='bbox 2470 726 2656 794; x_wconf 88' lang='lat' dir='ltr'><strong>Pater,</strong></span> <span class='ocrx_word' id='word_1_345' title='bbox 2711 745 2871 799; x_wconf 86' lang='lat' dir='ltr'><strong>quam</strong></span> <span class='ocrx_word' id='word_1_346' title='bbox 2932 732 3171 787; x_wconf 88' lang='lat' dir='ltr'><strong>Verbum</strong></span> <span class='ocrx_word' id='word_1_347' title='bbox 3232 748 3395 788; x_wconf 89' lang='lat' dir='ltr'><strong>suum</strong></span> <span class='ocrx_word' id='word_1_348' title='bbox 3452 735 3712 799; x_wconf 86' lang='lat' dir='ltr'><strong>emiserit,</strong></span> 
     </span>
    </p>
   </div>
   <div class='ocr_carea' id='block_1_51' title="bbox 2143 815 3713 892">
    <p class='ocr_par' dir='ltr' id='par_1_51' title="bbox 2143 815 3713 892">
     <span class='ocr_line' id='line_1_51' title="bbox 2143 815 3713 892; baseline 0.005 -23"><span class='ocrx_word' id='word_1_349' title='bbox 2143 815 2355 886; x_wconf 87' lang='lat' dir='ltr'><strong>hocque</strong></span> <span class='ocrx_word' id='word_1_350' title='bbox 2387 818 2456 873; x_wconf 90' lang='lat' dir='ltr'><strong>ab</strong></span> <span class='ocrx_word' id='word_1_351' title='bbox 2493 820 2583 874; x_wconf 92' lang='lat' dir='ltr'><strong>illo</strong></span> <span class='ocrx_word' id='word_1_352' title='bbox 2621 831 2728 875; x_wconf 90' lang='lat' dir='ltr'><strong>tam</strong></span> <span class='ocrx_word' id='word_1_353' title='bbox 2766 823 2954 892; x_wconf 90' lang='lat' dir='ltr'><strong>procul</strong></span> <span class='ocrx_word' id='word_1_354' title='bbox 2989 826 3191 890; x_wconf 85' lang='lat' dir='ltr'><strong>distet;</strong></span> <span class='ocrx_word' id='word_1_355' title='bbox 3242 825 3534 880; x_wconf 86' lang='lat' dir='ltr'><strong>hominum</strong></span> <span class='ocrx_word' id='word_1_356' title='bbox 3569 841 3713 879; x_wconf 88' lang='lat' dir='ltr'><strong>com-</strong></span> 
     </span>
    </p>
   </div>
   <div class='ocr_carea' id='block_1_52' title="bbox 2143 910 3714 986">
    <p class='ocr_par' dir='ltr' id='par_1_52' title="bbox 2143 910 3714 986">
     <span class='ocr_line' id='line_1_52' title="bbox 2143 910 3714 986; baseline 0.007 -24"><span class='ocrx_word' id='word_1_357' title='bbox 2143 910 2442 976; x_wconf 89' lang='lat' dir='ltr'><strong>positorum</strong></span> <span class='ocrx_word' id='word_1_358' title='bbox 2479 921 2693 977; x_wconf 87' lang='lat' dir='ltr'><strong>natura,</strong></span> <span class='ocrx_word' id='word_1_359' title='bbox 2744 925 2799 969; x_wconf 90' lang='lat' dir='ltr'><strong>et</strong></span> <span class='ocrx_word' id='word_1_360' title='bbox 2849 930 2915 971; x_wconf 81' lang='lat' dir='ltr'><strong>ex</strong></span> <span class='ocrx_word' id='word_1_361' title='bbox 2968 931 3198 986; x_wconf 90' lang='lat' dir='ltr'><strong>corpore</strong></span> <span class='ocrx_word' id='word_1_362' title='bbox 3234 928 3290 973; x_wconf 94' lang='lat' dir='ltr'><strong>et</strong></span> <span class='ocrx_word' id='word_1_363' title='bbox 3320 919 3508 971; x_wconf 86' lang='lat' dir='ltr'><strong>anima</strong></span> <span class='ocrx_word' id='word_1_364' title='bbox 3547 918 3714 973; x_wconf 89' lang='lat' dir='ltr'><strong>subsi-</strong></span> 
     </span>
    </p>
   </div>
   <div class='ocr_carea' id='block_1_53' title="bbox 2144 1002 3713 1074">
    <p class='ocr_par' dir='ltr' id='par_1_53' title="bbox 2144 1002 3713 1074">
     <span class='ocr_line' id='line_1_53' title="bbox 2144 1002 3713 1074; baseline 0.005 -19"><span class='ocrx_word' id='word_1_365' title='bbox 2144 1003 2428 1069; x_wconf 88' lang='lat' dir='ltr'><strong>stentium,</strong></span> <span class='ocrx_word' id='word_1_366' title='bbox 2478 1002 2818 1071; x_wconf 78' lang='lat' dir='ltr'><strong>affectiones,</strong></span> <span class='ocrx_word' id='word_1_367' title='bbox 2848 1016 2902 1061; x_wconf 88' lang='lat' dir='ltr'><strong>et</strong></span> <span class='ocrx_word' id='word_1_368' title='bbox 2943 1008 3274 1063; x_wconf 86' lang='lat' dir='ltr'><strong>intentiones</strong></span> <span class='ocrx_word' id='word_1_369' title='bbox 3309 1012 3549 1074; x_wconf 90' lang='lat' dir='ltr'><strong>mentis,</strong></span> <span class='ocrx_word' id='word_1_370' title='bbox 3598 1011 3713 1063; x_wconf 89' lang='lat' dir='ltr'><strong>dum</strong></span> 
     </span>
    </p>
   </div>
   <div class='ocr_carea' id='block_1_54' title="bbox 2140 1095 3715 1169">
    <p class='ocr_par' dir='ltr' id='par_1_54' title="bbox 2140 1095 3715 1169">
     <span class='ocr_line' id='line_1_54' title="bbox 2140 1095 3715 1169; baseline 0.004 -20"><span class='ocrx_word' id='word_1_371' title='bbox 2140 1095 2405 1164; x_wconf 88' lang='lat' dir='ltr'><strong>cogitant,</strong></span> <span class='ocrx_word' id='word_1_372' title='bbox 2430 1095 2481 1148; x_wconf 92' lang='lat' dir='ltr'><strong>in</strong></span> <span class='ocrx_word' id='word_1_373' title='bbox 2521 1095 2685 1150; x_wconf 92' lang='lat' dir='ltr'><strong>Deum</strong></span> <span class='ocrx_word' id='word_1_374' title='bbox 2715 1097 2890 1169; x_wconf 90' lang='lat' dir='ltr'><strong>ipsum</strong></span> <span class='ocrx_word' id='word_1_375' title='bbox 2926 1099 3213 1153; x_wconf 80' lang='lat' dir='ltr'><strong>transferri</strong></span> <span class='ocrx_word' id='word_1_376' title='bbox 3244 1100 3566 1155; x_wconf 89' lang='lat' dir='ltr'><strong>necessario</strong></span> <span class='ocrx_word' id='word_1_377' title='bbox 3592 1116 3715 1155; x_wconf 64' lang='lat' dir='ltr'><strong>cono</strong></span> 
     </span>
    </p>
   </div>
   <div class='ocr_carea' id='block_1_55' title="bbox 2142 1183 3713 1253">
    <p class='ocr_par' dir='ltr' id='par_1_55' title="bbox 2142 1183 3713 1253">
     <span class='ocr_line' id='line_1_55' title="bbox 2142 1183 3713 1253; baseline 0.001 -15"><span class='ocrx_word' id='word_1_378' title='bbox 2142 1184 2411 1253; x_wconf 90' lang='lat' dir='ltr'><strong>sequitur.</strong></span> <span class='ocrx_word' id='word_1_379' title='bbox 2440 1183 2514 1237; x_wconf 87' lang='lat' dir='ltr'><strong>Ea</strong></span> <span class='ocrx_word' id='word_1_380' title='bbox 2563 1194 2649 1239; x_wconf 89' lang='lat' dir='ltr'><strong>est</strong></span> <span class='ocrx_word' id='word_1_381' title='bbox 2684 1188 2826 1239; x_wconf 89' lang='lat' dir='ltr'><strong>enim</strong></span> <span class='ocrx_word' id='word_1_382' title='bbox 2869 1187 3148 1241; x_wconf 87' lang='lat' dir='ltr'><strong>hominum</strong></span> <span class='ocrx_word' id='word_1_383' title='bbox 3177 1188 3441 1252; x_wconf 89' lang='lat' dir='ltr'><strong>conditio,</strong></span> <span class='ocrx_word' id='word_1_384' title='bbox 3494 1196 3554 1239; x_wconf 92' lang='lat' dir='ltr'><strong>ut</strong></span> <span class='ocrx_word' id='word_1_385' title='bbox 3597 1200 3713 1239; x_wconf 87' lang='lat' dir='ltr'><strong>ver-</strong></span> 
     </span>
    </p>
   </div>
   <div class='ocr_carea' id='block_1_56' title="bbox 2141 1273 3712 1347">
    <p class='ocr_par' dir='ltr' id='par_1_56' title="bbox 2141 1273 3712 1347">
     <span class='ocr_line' id='line_1_56' title="bbox 2141 1273 3712 1347; baseline 0.003 -20"><span class='ocrx_word' id='word_1_386' title='bbox 2141 1273 2266 1327; x_wconf 87' lang='lat' dir='ltr'><strong>bum</strong></span> <span class='ocrx_word' id='word_1_387' title='bbox 2299 1274 2365 1328; x_wconf 91' lang='lat' dir='ltr'><strong>ab</strong></span> <span class='ocrx_word' id='word_1_388' title='bbox 2387 1288 2574 1329; x_wconf 89' lang='lat' dir='ltr'><strong>eorum</strong></span> <span class='ocrx_word' id='word_1_389' title='bbox 2608 1285 2792 1329; x_wconf 86' lang='lat' dir='ltr'><strong>mente</strong></span> <span class='ocrx_word' id='word_1_390' title='bbox 2824 1291 2928 1331; x_wconf 90' lang='lat' dir='ltr'><strong>non</strong></span> <span class='ocrx_word' id='word_1_391' title='bbox 2972 1278 3276 1341; x_wconf 90' lang='lat' dir='ltr'><strong>emittatur,</strong></span> <span class='ocrx_word' id='word_1_392' title='bbox 3316 1278 3423 1333; x_wconf 87' lang='lat' dir='ltr'><strong>nisi</strong></span> <span class='ocrx_word' id='word_1_393' title='bbox 3462 1288 3583 1347; x_wconf 86' lang='lat' dir='ltr'><strong>post</strong></span> <span class='ocrx_word' id='word_1_394' title='bbox 3617 1278 3712 1331; x_wconf 87' lang='lat' dir='ltr'><strong>ali-</strong></span> 
     </span>
    </p>
   </div>
   <div class='ocr_carea' id='block_1_57' title="bbox 2140 1365 3713 1432">
    <p class='ocr_par' dir='ltr' id='par_1_57' title="bbox 2140 1365 3713 1432">
     <span class='ocr_line' id='line_1_57' title="bbox 2140 1365 3713 1432; baseline 0.004 -17"><span class='ocrx_word' id='word_1_395' title='bbox 2140 1378 2301 1432; x_wconf 84' lang='lat' dir='ltr'><strong>quam</strong></span> <span class='ocrx_word' id='word_1_396' title='bbox 2341 1374 2559 1418; x_wconf 89' lang='lat' dir='ltr'><strong>actuum</strong></span> <span class='ocrx_word' id='word_1_397' title='bbox 2602 1365 2799 1420; x_wconf 90' lang='lat' dir='ltr'><strong>seriem</strong></span> <span class='ocrx_word' id='word_1_398' title='bbox 2852 1374 2906 1422; x_wconf 89' lang='lat' dir='ltr'><strong>et</strong></span> <span class='ocrx_word' id='word_1_399' title='bbox 2941 1370 3373 1424; x_wconf 90' lang='lat' dir='ltr'><strong>successionem.</strong></span> <span class='ocrx_word' id='word_1_400' title='bbox 3411 1386 3431 1420; x_wconf 82' lang='grc'><strong>‹</strong></span> <span class='ocrx_word' id='word_1_401' title='bbox 3482 1369 3527 1400; x_wconf 79' lang='grc'><strong>¹³</strong></span> <span class='ocrx_word' id='word_1_402' title='bbox 3566 1368 3619 1422; x_wconf 91' lang='lat' dir='ltr'><strong>lu</strong></span> <span class='ocrx_word' id='word_1_403' title='bbox 3653 1385 3713 1423; x_wconf 72' lang='lat' dir='ltr'><strong>ea</strong></span> 
     </span>
    </p>
   </div>
   <div class='ocr_carea' id='block_1_58' title="bbox 2138 1456 3711 1529">
    <p class='ocr_par' dir='ltr' id='par_1_58' title="bbox 2138 1456 3711 1529">
     <span class='ocr_line' id='line_1_58' title="bbox 2138 1456 3711 1529; baseline 0.003 -20"><span class='ocrx_word' id='word_1_404' title='bbox 2138 1465 2342 1519; x_wconf 87' lang='lat' dir='ltr'><strong>autem,</strong></span> <span class='ocrx_word' id='word_1_405' title='bbox 2377 1459 2468 1526; x_wconf 89' lang='lat' dir='ltr'><strong>qui</strong></span> <span class='ocrx_word' id='word_1_406' title='bbox 2505 1456 2576 1512; x_wconf 86' lang='lat' dir='ltr'><strong>sit</strong></span> <span class='ocrx_word' id='word_1_407' title='bbox 2610 1473 2775 1529; x_wconf 88' lang='lat' dir='ltr'><strong>super</strong></span> <span class='ocrx_word' id='word_1_408' title='bbox 2808 1474 2998 1514; x_wconf 91' lang='lat' dir='ltr'><strong>omnes</strong></span> <span class='ocrx_word' id='word_1_409' title='bbox 3041 1460 3198 1521; x_wconf 90' lang='lat' dir='ltr'><strong>Deus,</strong></span> <span class='ocrx_word' id='word_1_410' title='bbox 3241 1476 3365 1514; x_wconf 90' lang='lat' dir='ltr'><strong>cum</strong></span> <span class='ocrx_word' id='word_1_411' title='bbox 3404 1459 3632 1529; x_wconf 83' lang='lat' dir='ltr'><strong>simplex</strong></span> <span class='ocrx_word' id='word_1_412' title='bbox 3664 1469 3711 1514; x_wconf 86' lang='lat' dir='ltr'><strong>et</strong></span> 
     </span>
    </p>
   </div>
   <div class='ocr_carea' id='block_1_59' title="bbox 2140 1550 3713 1621">
    <p class='ocr_par' dir='ltr' id='par_1_59' title="bbox 2140 1550 3713 1621">
     <span class='ocr_line' id='line_1_59' title="bbox 2140 1550 3713 1621; baseline 0.003 -19"><span class='ocrx_word' id='word_1_413' title='bbox 2140 1564 2247 1603; x_wconf 91' lang='lat' dir='ltr'><strong>non</strong></span> <span class='ocrx_word' id='word_1_414' title='bbox 2283 1550 2636 1618; x_wconf 89' lang='lat' dir='ltr'><strong>compositus,</strong></span> <span class='ocrx_word' id='word_1_415' title='bbox 2672 1561 2727 1606; x_wconf 91' lang='lat' dir='ltr'><strong>et</strong></span> <span class='ocrx_word' id='word_1_416' title='bbox 2774 1550 3259 1613; x_wconf 86' lang='lat' dir='ltr'><strong>similimembrius,</strong></span> <span class='ocrx_word' id='word_1_417' title='bbox 3296 1560 3353 1605; x_wconf 90' lang='lat' dir='ltr'><strong>et</strong></span> <span class='ocrx_word' id='word_1_418' title='bbox 3406 1562 3560 1608; x_wconf 80' lang='lat' dir='ltr'><strong>totus</strong></span> <span class='ocrx_word' id='word_1_419' title='bbox 3607 1553 3713 1621; x_wconf 91' lang='lat' dir='ltr'><strong>ipse</strong></span> 
     </span>
    </p>
   </div>
   <div class='ocr_carea' id='block_1_60' title="bbox 2137 1640 3711 1711">
    <p class='ocr_par' dir='ltr' id='par_1_60' title="bbox 2137 1640 3711 1711">
     <span class='ocr_line' id='line_1_60' title="bbox 2137 1640 3711 1711; baseline 0.003 -18"><span class='ocrx_word' id='word_1_420' title='bbox 2137 1640 2242 1695; x_wconf 87' lang='lat' dir='ltr'><strong>sibi</strong></span> <span class='ocrx_word' id='word_1_421' title='bbox 2304 1641 2527 1705; x_wconf 86' lang='lat' dir='ltr'><strong>similis,</strong></span> <span class='ocrx_word' id='word_1_422' title='bbox 2578 1650 2633 1696; x_wconf 89' lang='lat' dir='ltr'><strong>et</strong></span> <span class='ocrx_word' id='word_1_423' title='bbox 2685 1643 2912 1711; x_wconf 66' lang='lat' dir='ltr'><strong>aequalis</strong></span> <span class='ocrx_word' id='word_1_424' title='bbox 2962 1644 3055 1703; x_wconf 87' lang='lat' dir='ltr'><strong>sit,</strong></span> <span class='ocrx_word' id='word_1_425' title='bbox 3088 1651 3231 1696; x_wconf 71' lang='lat' dir='ltr'><strong>totus</strong></span> <span class='ocrx_word' id='word_1_426' title='bbox 3270 1641 3408 1705; x_wconf 82' lang='lat' dir='ltr'><strong>Nus,</strong></span> <span class='ocrx_word' id='word_1_427' title='bbox 3471 1652 3530 1697; x_wconf 91' lang='lat' dir='ltr'><strong>et</strong></span> <span class='ocrx_word' id='word_1_428' title='bbox 3575 1652 3711 1698; x_wconf 86' lang='lat' dir='ltr'><strong>totus</strong></span> 
     </span>
    </p>
   </div>
   <div class='ocr_carea' id='block_1_61' title="bbox 2136 1732 3710 1806">
    <p class='ocr_par' dir='ltr' id='par_1_61' title="bbox 2136 1732 3710 1806">
     <span class='ocr_line' id='line_1_61' title="bbox 2136 1732 3710 1806; baseline 0.003 -20"><span class='ocrx_word' id='word_1_429' title='bbox 2136 1732 2313 1803; x_wconf 87' lang='lat' dir='ltr'><strong>Logos</strong></span> <span class='ocrx_word' id='word_1_430' title='bbox 2361 1749 2483 1788; x_wconf 91' lang='lat' dir='ltr'><strong>cum</strong></span> <span class='ocrx_word' id='word_1_431' title='bbox 2523 1732 2830 1806; x_wconf 75' lang='lat' dir='ltr'><strong>[CXXVIII]</strong></span> <span class='ocrx_word' id='word_1_432' title='bbox 2866 1735 2955 1797; x_wconf 91' lang='lat' dir='ltr'><strong>sit,</strong></span> <span class='ocrx_word' id='word_1_433' title='bbox 3004 1742 3149 1789; x_wconf 87' lang='lat' dir='ltr'><strong>totus</strong></span> <span class='ocrx_word' id='word_1_434' title='bbox 3194 1750 3414 1799; x_wconf 86' lang='lat' dir='ltr'><strong>sensus,</strong></span> <span class='ocrx_word' id='word_1_435' title='bbox 3469 1746 3525 1789; x_wconf 90' lang='lat' dir='ltr'><strong>et</strong></span> <span class='ocrx_word' id='word_1_436' title='bbox 3576 1745 3710 1790; x_wconf 87' lang='lat' dir='ltr'><strong>totus</strong></span> 
     </span>
    </p>
   </div>
   <div class='ocr_carea' id='block_1_62' title="bbox 2135 1828 3709 1899">
    <p class='ocr_par' dir='ltr' id='par_1_62' title="bbox 2135 1828 3709 1899">
     <span class='ocr_line' id='line_1_62' title="bbox 2135 1828 3709 1899; baseline 0.001 -18"><span class='ocrx_word' id='word_1_437' title='bbox 2135 1842 2351 1889; x_wconf 69' lang='lat' dir='ltr'><strong>ennaza,</strong></span> <span class='ocrx_word' id='word_1_438' title='bbox 2378 1837 2432 1882; x_wconf 89' lang='lat' dir='ltr'><strong>et</strong></span> <span class='ocrx_word' id='word_1_439' title='bbox 2459 1835 2605 1883; x_wconf 93' lang='lat' dir='ltr'><strong>totus</strong></span> <span class='ocrx_word' id='word_1_440' title='bbox 2647 1828 2816 1893; x_wconf 86' lang='lat' dir='ltr'><strong>ratio;</strong></span> <span class='ocrx_word' id='word_1_441' title='bbox 2854 1836 2909 1883; x_wconf 93' lang='lat' dir='ltr'><strong>et</strong></span> <span class='ocrx_word' id='word_1_442' title='bbox 2942 1841 3042 1883; x_wconf 91' lang='lat' dir='ltr'><strong>nec</strong></span> <span class='ocrx_word' id='word_1_443' title='bbox 3082 1828 3231 1883; x_wconf 86' lang='lat' dir='ltr'><strong>aliud</strong></span> <span class='ocrx_word' id='word_1_444' title='bbox 3269 1829 3580 1899; x_wconf 87' lang='lat' dir='ltr'><strong>antiquius,</strong></span> <span class='ocrx_word' id='word_1_445' title='bbox 3616 1844 3709 1884; x_wconf 83' lang='lat' dir='ltr'><strong>nec</strong></span> 
     </span>
    </p>
   </div>
   <div class='ocr_carea' id='block_1_63' title="bbox 2134 1918 3708 1988">
    <p class='ocr_par' dir='ltr' id='par_1_63' title="bbox 2134 1918 3708 1988">
     <span class='ocr_line' id='line_1_63' title="bbox 2134 1918 3708 1988; baseline 0.001 -15"><span class='ocrx_word' id='word_1_446' title='bbox 2134 1918 2426 1988; x_wconf 83' lang='lat' dir='ltr'><strong>posterius,</strong></span> <span class='ocrx_word' id='word_1_447' title='bbox 2473 1928 2565 1973; x_wconf 88' lang='lat' dir='ltr'><strong>aut</strong></span> <span class='ocrx_word' id='word_1_448' title='bbox 2599 1920 2803 1988; x_wconf 87' lang='lat' dir='ltr'><strong>aliquid</strong></span> <span class='ocrx_word' id='word_1_449' title='bbox 2844 1918 3072 1975; x_wconf 90' lang='lat' dir='ltr'><strong>alterius</strong></span> <span class='ocrx_word' id='word_1_450' title='bbox 3109 1921 3342 1977; x_wconf 88' lang='lat' dir='ltr'><strong>habente</strong></span> <span class='ocrx_word' id='word_1_451' title='bbox 3399 1922 3454 1975; x_wconf 91' lang='lat' dir='ltr'><strong>in</strong></span> <span class='ocrx_word' id='word_1_452' title='bbox 3493 1935 3575 1983; x_wconf 88' lang='lat' dir='ltr'><strong>se,</strong></span> <span class='ocrx_word' id='word_1_453' title='bbox 3624 1922 3708 1974; x_wconf 86' lang='lat' dir='ltr'><strong>sed</strong></span> 
     </span>
    </p>
   </div>
   <div class='ocr_carea' id='block_1_64' title="bbox 2137 2011 3707 2084">
    <p class='ocr_par' dir='ltr' id='par_1_64' title="bbox 2137 2011 3707 2084">
     <span class='ocr_line' id='line_1_64' title="bbox 2137 2011 3707 2084; baseline 0.001 -19"><span class='ocrx_word' id='word_1_454' title='bbox 2137 2020 2251 2065; x_wconf 93' lang='lat' dir='ltr'><strong>toto</strong></span> <span class='ocrx_word' id='word_1_455' title='bbox 2271 2011 2486 2082; x_wconf 85' lang='lat' dir='ltr'><strong>aequali,</strong></span> <span class='ocrx_word' id='word_1_456' title='bbox 2522 2021 2573 2068; x_wconf 90' lang='lat' dir='ltr'><strong>et</strong></span> <span class='ocrx_word' id='word_1_457' title='bbox 2603 2014 2787 2073; x_wconf 87' lang='lat' dir='ltr'><strong>simili,</strong></span> <span class='ocrx_word' id='word_1_458' title='bbox 2816 2023 2871 2069; x_wconf 85' lang='lat' dir='ltr'><strong>et</strong></span> <span class='ocrx_word' id='word_1_459' title='bbox 2898 2030 3006 2071; x_wconf 90' lang='lat' dir='ltr'><strong>uno</strong></span> <span class='ocrx_word' id='word_1_460' title='bbox 3028 2025 3439 2084; x_wconf 87' lang='lat' dir='ltr'><strong>perseverante,</strong></span> <span class='ocrx_word' id='word_1_461' title='bbox 3463 2014 3577 2083; x_wconf 89' lang='lat' dir='ltr'><strong>jam</strong></span> <span class='ocrx_word' id='word_1_462' title='bbox 3613 2030 3707 2068; x_wconf 90' lang='lat' dir='ltr'><strong>nou</strong></span> 
     </span>
    </p>
   </div>
   <div class='ocr_carea' id='block_1_65' title="bbox 2138 2102 3705 2175">
    <p class='ocr_par' dir='ltr' id='par_1_65' title="bbox 2138 2102 3705 2175">
     <span class='ocr_line' id='line_1_65' title="bbox 2138 2102 3705 2175; baseline 0.002 -20"><span class='ocrx_word' id='word_1_463' title='bbox 2138 2102 2259 2157; x_wconf 90' lang='lat' dir='ltr'><strong>talis</strong></span> <span class='ocrx_word' id='word_1_464' title='bbox 2295 2103 2453 2171; x_wconf 90' lang='lat' dir='ltr'><strong>hujus</strong></span> <span class='ocrx_word' id='word_1_465' title='bbox 2474 2104 2839 2159; x_wconf 89' lang='lat' dir='ltr'><strong>ordinationis</strong></span> <span class='ocrx_word' id='word_1_466' title='bbox 2869 2117 3133 2174; x_wconf 90' lang='lat' dir='ltr'><strong>sequetur</strong></span> <span class='ocrx_word' id='word_1_467' title='bbox 3156 2106 3404 2160; x_wconf 89' lang='lat' dir='ltr'><strong>emissio.</strong></span> <span class='ocrx_word' id='word_1_468' title='bbox 3445 2124 3464 2156; x_wconf 73' lang='grc' dir='ltr'><strong><em>ι</em></strong></span> <span class='ocrx_word' id='word_1_469' title='bbox 3504 2103 3569 2159; x_wconf 84' lang='grc' dir='ltr'><strong>Ει</strong></span> <span class='ocrx_word' id='word_1_470' title='bbox 3596 2121 3705 2175; x_wconf 65' lang='lat' dir='ltr'><strong>cap.</strong></span> 
     </span>
    </p>
   </div>
   <div class='ocr_carea' id='block_1_66' title="bbox 2138 2195 3708 2267">
    <p class='ocr_par' dir='ltr' id='par_1_66' title="bbox 2138 2195 3708 2267">
     <span class='ocr_line' id='line_1_66' title="bbox 2138 2195 3708 2267; baseline 0.001 -19"><span class='ocrx_word' id='word_1_471' title='bbox 2138 2195 2226 2261; x_wconf 89' lang='lat' dir='ltr'><strong>l7,</strong></span> <span class='ocrx_word' id='word_1_472' title='bbox 2261 2212 2317 2250; x_wconf 90' lang='lat' dir='ltr'><strong>n.</strong></span> <span class='ocrx_word' id='word_1_473' title='bbox 2346 2196 2411 2251; x_wconf 86' lang='lat'><strong>7:</strong></span> <span class='ocrx_word' id='word_1_474' title='bbox 2450 2215 2469 2248; x_wconf 84' lang='grc'><strong><em>‹</em></strong></span> <span class='ocrx_word' id='word_1_475' title='bbox 2511 2195 2629 2251; x_wconf 87' lang='lat' dir='ltr'><strong>Non</strong></span> <span class='ocrx_word' id='word_1_476' title='bbox 2661 2199 2890 2252; x_wconf 80' lang='lat' dir='ltr'><strong>enimut</strong></span> <span class='ocrx_word' id='word_1_477' title='bbox 2926 2199 3285 2266; x_wconf 83' lang='lat' dir='ltr'><strong>compositum</strong></span> <span class='ocrx_word' id='word_1_478' title='bbox 3316 2199 3527 2252; x_wconf 88' lang='lat' dir='ltr'><strong>animal</strong></span> <span class='ocrx_word' id='word_1_479' title='bbox 3562 2197 3708 2267; x_wconf 86' lang='lat' dir='ltr'><strong>quid-</strong></span> 
     </span>
    </p>
   </div>
   <div class='ocr_carea' id='block_1_67' title="bbox 2137 2287 3707 2358">
    <p class='ocr_par' dir='ltr' id='par_1_67' title="bbox 2137 2287 3707 2358">
     <span class='ocr_line' id='line_1_67' title="bbox 2137 2287 3707 2358; baseline -0.001 -15"><span class='ocrx_word' id='word_1_480' title='bbox 2137 2289 2261 2343; x_wconf 87' lang='lat' dir='ltr'><strong>dam</strong></span> <span class='ocrx_word' id='word_1_481' title='bbox 2292 2300 2377 2343; x_wconf 91' lang='lat' dir='ltr'><strong>est</strong></span> <span class='ocrx_word' id='word_1_482' title='bbox 2408 2290 2650 2343; x_wconf 89' lang='lat' dir='ltr'><strong>omnium</strong></span> <span class='ocrx_word' id='word_1_483' title='bbox 2698 2288 2883 2353; x_wconf 88' lang='lat' dir='ltr'><strong>Pater,</strong></span> <span class='ocrx_word' id='word_1_484' title='bbox 2921 2299 3121 2358; x_wconf 60' lang='lat' dir='ltr'><strong>praeter</strong></span> <span class='ocrx_word' id='word_1_485' title='bbox 3159 2287 3302 2353; x_wconf 88' lang='lat' dir='ltr'><strong>Nun,</strong></span> <span class='ocrx_word' id='word_1_486' title='bbox 3361 2288 3707 2357; x_wconf 86' lang='lat' dir='ltr'><strong>quemadmo-</strong></span> 
     </span>
    </p>
   </div>
   <div class='ocr_carea' id='block_1_68' title="bbox 2135 2374 3706 2449">
    <p class='ocr_par' dir='ltr' id='par_1_68' title="bbox 2135 2374 3706 2449">
     <span class='ocr_line' id='line_1_68' title="bbox 2135 2374 3706 2449; baseline -0.004 -16"><span class='ocrx_word' id='word_1_487' title='bbox 2135 2381 2262 2433; x_wconf 90' lang='lat' dir='ltr'><strong>dum</strong></span> <span class='ocrx_word' id='word_1_488' title='bbox 2294 2381 2778 2449; x_wconf 77' lang='lat' dir='ltr'><strong>przeostendimus;</strong></span> <span class='ocrx_word' id='word_1_489' title='bbox 2816 2379 2908 2433; x_wconf 90' lang='lat' dir='ltr'><strong>sed</strong></span> <span class='ocrx_word' id='word_1_490' title='bbox 2940 2376 3054 2432; x_wconf 83' lang='lat' dir='ltr'><strong>Nus</strong></span> <span class='ocrx_word' id='word_1_491' title='bbox 3090 2378 3273 2439; x_wconf 88' lang='lat' dir='ltr'><strong>Pater,</strong></span> <span class='ocrx_word' id='word_1_492' title='bbox 3302 2386 3358 2430; x_wconf 89' lang='lat' dir='ltr'><strong>et</strong></span> <span class='ocrx_word' id='word_1_493' title='bbox 3385 2376 3551 2429; x_wconf 88' lang='lat' dir='ltr'><strong>Pater</strong></span> <span class='ocrx_word' id='word_1_494' title='bbox 3584 2374 3706 2427; x_wconf 85' lang='lat' dir='ltr'><strong>Nos.</strong></span> 
     </span>
    </p>
   </div>
   <div class='ocr_carea' id='block_1_69' title="bbox 2136 2467 3704 2541">
    <p class='ocr_par' dir='ltr' id='par_1_69' title="bbox 2136 2467 3704 2541">
     <span class='ocr_line' id='line_1_69' title="bbox 2136 2467 3704 2541; baseline -0.004 -15"><span class='ocrx_word' id='word_1_495' title='bbox 2136 2471 2369 2527; x_wconf 61' lang='lat' dir='ltr'><strong>NeceSse</strong></span> <span class='ocrx_word' id='word_1_496' title='bbox 2406 2482 2489 2525; x_wconf 92' lang='lat' dir='ltr'><strong>est</strong></span> <span class='ocrx_word' id='word_1_497' title='bbox 2523 2472 2726 2541; x_wconf 87' lang='lat' dir='ltr'><strong>itaque,</strong></span> <span class='ocrx_word' id='word_1_498' title='bbox 2764 2483 2817 2525; x_wconf 91' lang='lat' dir='ltr'><strong>et</strong></span> <span class='ocrx_word' id='word_1_499' title='bbox 2859 2487 3007 2537; x_wconf 91' lang='lat' dir='ltr'><strong>eum,</strong></span> <span class='ocrx_word' id='word_1_500' title='bbox 3043 2472 3134 2541; x_wconf 88' lang='lat' dir='ltr'><strong>qui</strong></span> <span class='ocrx_word' id='word_1_501' title='bbox 3169 2479 3267 2524; x_wconf 83' lang='lat' dir='ltr'><strong>est</strong></span> <span class='ocrx_word' id='word_1_502' title='bbox 3302 2485 3373 2525; x_wconf 80' lang='lat' dir='ltr'><strong>ex</strong></span> <span class='ocrx_word' id='word_1_503' title='bbox 3416 2484 3486 2523; x_wconf 89' lang='lat' dir='ltr'><strong>eo</strong></span> <span class='ocrx_word' id='word_1_504' title='bbox 3519 2467 3704 2533; x_wconf 84' lang='lat' dir='ltr'><strong>Logos,</strong></span> 
     </span>
    </p>
   </div>
   <div class='ocr_carea' id='block_1_70' title="bbox 2138 2561 3705 2632">
    <p class='ocr_par' dir='ltr' id='par_1_70' title="bbox 2138 2561 3705 2632">
     <span class='ocr_line' id='line_1_70' title="bbox 2138 2561 3705 2632; baseline -0.004 -14"><span class='ocrx_word' id='word_1_505' title='bbox 2138 2564 2247 2618; x_wconf 87' lang='lat' dir='ltr'><strong>imo</strong></span> <span class='ocrx_word' id='word_1_506' title='bbox 2286 2565 2457 2631; x_wconf 84' lang='lat' dir='ltr'><strong>magis</strong></span> <span class='ocrx_word' id='word_1_507' title='bbox 2479 2574 2657 2618; x_wconf 89' lang='lat' dir='ltr'><strong>autem</strong></span> <span class='ocrx_word' id='word_1_508' title='bbox 2700 2564 2874 2632; x_wconf 90' lang='lat' dir='ltr'><strong>ipsum</strong></span> <span class='ocrx_word' id='word_1_509' title='bbox 2913 2562 3054 2627; x_wconf 83' lang='lat' dir='ltr'><strong>Nun,</strong></span> <span class='ocrx_word' id='word_1_510' title='bbox 3085 2578 3209 2617; x_wconf 90' lang='lat' dir='ltr'><strong>cum</strong></span> <span class='ocrx_word' id='word_1_511' title='bbox 3242 2563 3315 2617; x_wconf 89' lang='lat' dir='ltr'><strong>sit</strong></span> <span class='ocrx_word' id='word_1_512' title='bbox 3351 2561 3553 2632; x_wconf 87' lang='lat' dir='ltr'><strong>Logos,</strong></span> <span class='ocrx_word' id='word_1_513' title='bbox 3594 2576 3705 2628; x_wconf 90' lang='lat' dir='ltr'><strong>per-</strong></span> 
     </span>
    </p>
   </div>
   <div class='ocr_carea' id='block_1_71' title="bbox 2137 2653 3705 2723">
    <p class='ocr_par' dir='ltr' id='par_1_71' title="bbox 2137 2653 3705 2723">
     <span class='ocr_line' id='line_1_71' title="bbox 2137 2653 3705 2723; baseline -0.006 -15"><span class='ocrx_word' id='word_1_514' title='bbox 2137 2654 2340 2710; x_wconf 87' lang='lat' dir='ltr'><strong>fectum</strong></span> <span class='ocrx_word' id='word_1_515' title='bbox 2392 2664 2446 2709; x_wconf 91' lang='lat' dir='ltr'><strong>et</strong></span> <span class='ocrx_word' id='word_1_516' title='bbox 2494 2653 2881 2723; x_wconf 88' lang='lat' dir='ltr'><strong>impassibilem</strong></span> <span class='ocrx_word' id='word_1_517' title='bbox 2929 2667 3090 2716; x_wconf 88' lang='lat' dir='ltr'><strong>esse;</strong></span> <span class='ocrx_word' id='word_1_518' title='bbox 3137 2660 3192 2705; x_wconf 93' lang='lat' dir='ltr'><strong>et</strong></span> <span class='ocrx_word' id='word_1_519' title='bbox 3238 2665 3355 2715; x_wconf 90' lang='lat' dir='ltr'><strong>eas,</strong></span> <span class='ocrx_word' id='word_1_520' title='bbox 3394 2665 3518 2719; x_wconf 87' lang='lat' dir='ltr'><strong>quae</strong></span> <span class='ocrx_word' id='word_1_521' title='bbox 3554 2663 3616 2701; x_wconf 77' lang='lat' dir='ltr'><strong>ex</strong></span> <span class='ocrx_word' id='word_1_522' title='bbox 3648 2662 3705 2699; x_wconf 89' lang='lat' dir='ltr'><strong>eo</strong></span> 
     </span>
    </p>
   </div>
   <div class='ocr_carea' id='block_1_72' title="bbox 2136 2740 3701 2814">
    <p class='ocr_par' dir='ltr' id='par_1_72' title="bbox 2136 2740 3701 2814">
     <span class='ocr_line' id='line_1_72' title="bbox 2136 2740 3701 2814; baseline -0.008 -12"><span class='ocrx_word' id='word_1_523' title='bbox 2136 2757 2265 2803; x_wconf 87' lang='lat' dir='ltr'><strong>sunt</strong></span> <span class='ocrx_word' id='word_1_524' title='bbox 2311 2746 2659 2807; x_wconf 85' lang='lat' dir='ltr'><strong>emissiones,</strong></span> <span class='ocrx_word' id='word_1_525' title='bbox 2712 2745 2954 2814; x_wconf 86' lang='lat' dir='ltr'><strong>eiusdem</strong></span> <span class='ocrx_word' id='word_1_526' title='bbox 3005 2743 3328 2799; x_wconf 73' lang='lat' dir='ltr'><strong>substantia:</strong></span> <span class='ocrx_word' id='word_1_527' title='bbox 3398 2757 3524 2797; x_wconf 89' lang='lat' dir='ltr'><strong>cum</strong></span> <span class='ocrx_word' id='word_1_528' title='bbox 3579 2740 3701 2799; x_wconf 87' lang='lat' dir='ltr'><strong>sint.</strong></span> 
     </span>
    </p>
   </div>
   <div class='ocr_carea' id='block_1_73' title="bbox 2137 2835 3703 2907">
    <p class='ocr_par' dir='ltr' id='par_1_73' title="bbox 2137 2835 3703 2907">
     <span class='ocr_line' id='line_1_73' title="bbox 2137 2835 3703 2907; baseline -0.007 -14"><span class='ocrx_word' id='word_1_529' title='bbox 2137 2837 2294 2907; x_wconf 90' lang='lat' dir='ltr'><strong>cujus</strong></span> <span class='ocrx_word' id='word_1_530' title='bbox 2317 2848 2371 2893; x_wconf 91' lang='lat' dir='ltr'><strong>et</strong></span> <span class='ocrx_word' id='word_1_531' title='bbox 2399 2838 2536 2906; x_wconf 88' lang='lat' dir='ltr'><strong>ipse,</strong></span> <span class='ocrx_word' id='word_1_532' title='bbox 2562 2835 2833 2907; x_wconf 87' lang='lat' dir='ltr'><strong>perfectas</strong></span> <span class='ocrx_word' id='word_1_533' title='bbox 2867 2846 2921 2891; x_wconf 90' lang='lat' dir='ltr'><strong>et</strong></span> <span class='ocrx_word' id='word_1_534' title='bbox 2970 2835 3339 2905; x_wconf 86' lang='lat' dir='ltr'><strong>impassibiles</strong></span> <span class='ocrx_word' id='word_1_535' title='bbox 3388 2844 3446 2888; x_wconf 88' lang='lat' dir='ltr'><strong>et</strong></span> <span class='ocrx_word' id='word_1_536' title='bbox 3498 2844 3703 2900; x_wconf 78' lang='lat' dir='ltr'><strong>seraper</strong></span> 
     </span>
    </p>
   </div>
   <div class='ocr_carea' id='block_1_74' title="bbox 2137 2926 3530 2997">
    <p class='ocr_par' dir='ltr' id='par_1_74' title="bbox 2137 2926 3530 2997">
     <span class='ocr_line' id='line_1_74' title="bbox 2137 2926 3530 2997; baseline -0.006 -12"><span class='ocrx_word' id='word_1_537' title='bbox 2137 2928 2342 2985; x_wconf 81' lang='lat' dir='ltr'><strong>similes</strong></span> <span class='ocrx_word' id='word_1_538' title='bbox 2369 2943 2493 2982; x_wconf 92' lang='lat' dir='ltr'><strong>cum</strong></span> <span class='ocrx_word' id='word_1_539' title='bbox 2523 2942 2589 2982; x_wconf 93' lang='lat' dir='ltr'><strong>eo</strong></span> <span class='ocrx_word' id='word_1_540' title='bbox 2620 2941 2996 2997; x_wconf 88' lang='lat' dir='ltr'><strong>perseverare.</strong></span> <span class='ocrx_word' id='word_1_541' title='bbox 3025 2930 3116 2996; x_wconf 89' lang='lat' dir='ltr'><strong>qui</strong></span> <span class='ocrx_word' id='word_1_542' title='bbox 3143 2942 3238 2981; x_wconf 91' lang='lat' dir='ltr'><strong>eas</strong></span> <span class='ocrx_word' id='word_1_543' title='bbox 3267 2926 3475 2981; x_wconf 90' lang='lat' dir='ltr'><strong>emisit.</strong></span> <span class='ocrx_word' id='word_1_544' title='bbox 3510 2943 3530 2976; x_wconf 71' lang='grc' dir='ltr'><strong><em>ι</em></strong></span> 
     </span>
    </p>
   </div>
   <div class='ocr_carea' id='block_1_75' title="bbox 2208 3017 3703 3091">
    <p class='ocr_par' dir='ltr' id='par_1_75' title="bbox 2208 3017 3703 3091">
     <span class='ocr_line' id='line_1_75' title="bbox 2208 3017 3703 3091; baseline -0.006 -14"><span class='ocrx_word' id='word_1_545' title='bbox 2208 3022 2299 3079; x_wconf 83' lang='grc'><strong>50.</strong></span> <span class='ocrx_word' id='word_1_546' title='bbox 2333 3020 2459 3076; x_wconf 74' lang='lat' dir='ltr'><strong>llaec</strong></span> <span class='ocrx_word' id='word_1_547' title='bbox 2492 3031 2621 3077; x_wconf 91' lang='lat' dir='ltr'><strong>sunt</strong></span> <span class='ocrx_word' id='word_1_548' title='bbox 2667 3030 3016 3091; x_wconf 88' lang='lat' dir='ltr'><strong>argumenta,</strong></span> <span class='ocrx_word' id='word_1_549' title='bbox 3049 3019 3249 3087; x_wconf 82' lang='lat' dir='ltr'><strong>quibus</strong></span> <span class='ocrx_word' id='word_1_550' title='bbox 3302 3017 3703 3073; x_wconf 87' lang='lat' dir='ltr'><strong>Valentiuianos</strong></span> 
     </span>
    </p>
   </div>
   <div class='ocr_carea' id='block_1_76' title="bbox 1385 3108 3701 3198">
    <p class='ocr_par' dir='ltr' id='par_1_76' title="bbox 1385 3108 3701 3198">
     <span class='ocr_line' id='line_1_76' title="bbox 1385 3108 3701 3198; baseline -0.006 -25"><span class='ocrx_word' id='word_1_551' title='bbox 1385 3117 1728 3191; x_wconf 89' lang='lat' dir='ltr'><strong>Demiurgum</strong></span> <span class='ocrx_word' id='word_1_552' title='bbox 1778 3122 2037 3194; x_wconf 64' lang='lat' dir='ltr'><strong>denique,</strong></span> <span class='ocrx_word' id='word_1_553' title='bbox 2064 3141 2107 3198; x_wconf 68' lang='grc' dir='ltr'>ο</span> <span class='ocrx_word' id='word_1_554' title='bbox 2140 3113 2496 3184; x_wconf 90' lang='lat' dir='ltr'><strong>impugnabat</strong></span> <span class='ocrx_word' id='word_1_555' title='bbox 2540 3113 2798 3167; x_wconf 75' lang='lat' dir='ltr'><strong>Irenzeus.</strong></span> <span class='ocrx_word' id='word_1_556' title='bbox 2854 3113 2911 3166; x_wconf 82' lang='lat' dir='ltr'><strong>l°</strong></span> <span class='ocrx_word' id='word_1_557' title='bbox 2956 3110 3116 3165; x_wconf 82' lang='lat' dir='ltr'><strong>Velut</strong></span> <span class='ocrx_word' id='word_1_558' title='bbox 3155 3111 3526 3165; x_wconf 89' lang='lat' dir='ltr'><strong>certissimum</strong></span> <span class='ocrx_word' id='word_1_559' title='bbox 3561 3108 3701 3179; x_wconf 87' lang='lat' dir='ltr'><strong>quid,</strong></span> 
     </span>
    </p>
   </div>
   <div class='ocr_carea' id='block_1_77' title="bbox 2139 3200 3703 3275">
    <p class='ocr_par' dir='ltr' id='par_1_77' title="bbox 2139 3200 3703 3275">
     <span class='ocr_line' id='line_1_77' title="bbox 2139 3200 3703 3275; baseline -0.004 -14"><span class='ocrx_word' id='word_1_560' title='bbox 2139 3222 2206 3261; x_wconf 82' lang='lat' dir='ltr'><strong>ex</strong></span> <span class='ocrx_word' id='word_1_561' title='bbox 2234 3206 2499 3261; x_wconf 87' lang='lat' dir='ltr'><strong>catholica</strong></span> <span class='ocrx_word' id='word_1_562' title='bbox 2530 3206 2634 3259; x_wconf 88' lang='lat' dir='ltr'><strong>fide</strong></span> <span class='ocrx_word' id='word_1_563' title='bbox 2662 3213 2716 3259; x_wconf 92' lang='lat' dir='ltr'><strong>et</strong></span> <span class='ocrx_word' id='word_1_564' title='bbox 2756 3204 3051 3275; x_wconf 80' lang='lat' dir='ltr'><strong>Evangelia</strong></span> <span class='ocrx_word' id='word_1_565' title='bbox 3092 3205 3465 3274; x_wconf 88' lang='lat' dir='ltr'><strong>supponebat,</strong></span> <span class='ocrx_word' id='word_1_566' title='bbox 3511 3200 3703 3271; x_wconf 80' lang='lat' dir='ltr'><strong>Unige-</strong></span> 
     </span>
    </p>
   </div>
   <div class='ocr_carea' id='block_1_78' title="bbox 2136 3294 3700 3364">
    <p class='ocr_par' dir='ltr' id='par_1_78' title="bbox 2136 3294 3700 3364">
     <span class='ocr_line' id='line_1_78' title="bbox 2136 3294 3700 3364; baseline -0.006 -11"><span class='ocrx_word' id='word_1_567' title='bbox 2136 3300 2338 3364; x_wconf 89' lang='lat' dir='ltr'><strong>nitum,</strong></span> <span class='ocrx_word' id='word_1_568' title='bbox 2376 3298 2641 3363; x_wconf 90' lang='lat' dir='ltr'><strong>Verbum,</strong></span> <span class='ocrx_word' id='word_1_569' title='bbox 2694 3295 3037 3350; x_wconf 90' lang='lat' dir='ltr'><strong>Salvatorem</strong></span> <span class='ocrx_word' id='word_1_570' title='bbox 3089 3305 3143 3350; x_wconf 89' lang='lat' dir='ltr'><strong>et</strong></span> <span class='ocrx_word' id='word_1_571' title='bbox 3192 3295 3473 3351; x_wconf 72' lang='lat' dir='ltr'><strong>Christum</strong></span> <span class='ocrx_word' id='word_1_572' title='bbox 3515 3294 3700 3348; x_wconf 85' lang='lat' dir='ltr'><strong>Filium</strong></span> 
     </span>
    </p>
   </div>
   <div class='ocr_carea' id='block_1_79' title="bbox 2138 3384 3698 3459">
    <p class='ocr_par' dir='ltr' id='par_1_79' title="bbox 2138 3384 3698 3459">
     <span class='ocr_line' id='line_1_79' title="bbox 2138 3384 3698 3459; baseline -0.007 -13"><span class='ocrx_word' id='word_1_573' title='bbox 2138 3392 2258 3455; x_wconf 85' lang='lat' dir='ltr'><strong>Dei,</strong></span> <span class='ocrx_word' id='word_1_574' title='bbox 2282 3390 2372 3459; x_wconf 90' lang='lat' dir='ltr'><strong>qui</strong></span> <span class='ocrx_word' id='word_1_575' title='bbox 2396 3390 2714 3445; x_wconf 86' lang='lat' dir='ltr'><strong>incarnatus</strong></span> <span class='ocrx_word' id='word_1_576' title='bbox 2741 3398 2825 3443; x_wconf 88' lang='lat' dir='ltr'><strong>est</strong></span> <span class='ocrx_word' id='word_1_577' title='bbox 2852 3403 2950 3457; x_wconf 91' lang='lat' dir='ltr'><strong>pro</strong></span> <span class='ocrx_word' id='word_1_578' title='bbox 2976 3387 3154 3454; x_wconf 90' lang='lat' dir='ltr'><strong>nobis,</strong></span> <span class='ocrx_word' id='word_1_579' title='bbox 3182 3404 3345 3441; x_wconf 86' lang='lat' dir='ltr'><strong>unum</strong></span> <span class='ocrx_word' id='word_1_580' title='bbox 3377 3398 3426 3442; x_wconf 72' lang='lat' dir='ltr'><strong>et</strong></span> <span class='ocrx_word' id='word_1_581' title='bbox 3456 3384 3698 3444; x_wconf 79' lang='lat' dir='ltr'><strong>eumdem,</strong></span> 
     </span>
    </p>
   </div>
   <div class='ocr_carea' id='block_1_80' title="bbox 2136 3477 3701 3550">
    <p class='ocr_par' dir='ltr' id='par_1_80' title="bbox 2136 3477 3701 3550">
     <span class='ocr_line' id='line_1_80' title="bbox 2136 3477 3701 3550; baseline -0.006 -11"><span class='ocrx_word' id='word_1_582' title='bbox 2136 3500 2231 3539; x_wconf 89' lang='lat' dir='ltr'><strong>seu</strong></span> <span class='ocrx_word' id='word_1_583' title='bbox 2257 3497 2421 3537; x_wconf 88' lang='lat' dir='ltr'><strong>unam</strong></span> <span class='ocrx_word' id='word_1_584' title='bbox 2448 3490 2503 3538; x_wconf 91' lang='lat' dir='ltr'><strong>et</strong></span> <span class='ocrx_word' id='word_1_585' title='bbox 2543 3482 2788 3537; x_wconf 88' lang='lat' dir='ltr'><strong>eamdem</strong></span> <span class='ocrx_word' id='word_1_586' title='bbox 2815 3494 2940 3535; x_wconf 91' lang='lat' dir='ltr'><strong>esse</strong></span> <span class='ocrx_word' id='word_1_587' title='bbox 2977 3494 3288 3548; x_wconf 89' lang='lat' dir='ltr'><strong>personam,</strong></span> <span class='ocrx_word' id='word_1_588' title='bbox 3315 3479 3477 3550; x_wconf 90' lang='lat' dir='ltr'><strong>cujus</strong></span> <span class='ocrx_word' id='word_1_589' title='bbox 3503 3477 3701 3533; x_wconf 78' lang='lat' dir='ltr'><strong>diversa</strong></span> 
     </span>
    </p>
   </div>
   <div class='ocr_carea' id='block_1_81' title="bbox 2136 3568 3703 3629">
    <p class='ocr_par' dir='ltr' id='par_1_81' title="bbox 2136 3568 3703 3629">
     <span class='ocr_line' id='line_1_81' title="bbox 2136 3568 3703 3629; baseline -0.007 0"><span class='ocrx_word' id='word_1_590' title='bbox 2136 3576 2405 3629; x_wconf 81' lang='lat' dir='ltr'><strong>duntaxat</strong></span> <span class='ocrx_word' id='word_1_591' title='bbox 2433 3582 2618 3629; x_wconf 88' lang='lat' dir='ltr'><strong>essent</strong></span> <span class='ocrx_word' id='word_1_592' title='bbox 2662 3572 2903 3626; x_wconf 90' lang='lat' dir='ltr'><strong>nomina.</strong></span> <span class='ocrx_word' id='word_1_593' title='bbox 2939 3570 3144 3627; x_wconf 91' lang='lat' dir='ltr'><strong>Deinde</strong></span> <span class='ocrx_word' id='word_1_594' title='bbox 3189 3574 3241 3626; x_wconf 91' lang='lat' dir='ltr'><strong>in</strong></span> <span class='ocrx_word' id='word_1_595' title='bbox 3303 3572 3405 3627; x_wconf 89' lang='lat' dir='ltr'><strong>hoc</strong></span> <span class='ocrx_word' id='word_1_596' title='bbox 3452 3568 3703 3625; x_wconf 88' lang='lat' dir='ltr'><strong>assentie-</strong></span> 
     </span>
    </p>
   </div>
   <div class='ocr_carea' id='block_1_82' title="bbox 2137 3660 3717 3735">
    <p class='ocr_par' dir='ltr' id='par_1_82' title="bbox 2137 3660 3717 3735">
     <span class='ocr_line' id='line_1_82' title="bbox 2137 3660 3717 3735; baseline -0.004 -13"><span class='ocrx_word' id='word_1_597' title='bbox 2137 3669 2298 3723; x_wconf 90' lang='lat' dir='ltr'><strong>batur</strong></span> <span class='ocrx_word' id='word_1_598' title='bbox 2337 3666 2612 3722; x_wconf 81' lang='lat' dir='ltr'><strong>haereticis</strong></span> <span class='ocrx_word' id='word_1_599' title='bbox 2659 3664 2825 3735; x_wconf 89' lang='lat' dir='ltr'><strong>(quod</strong></span> <span class='ocrx_word' id='word_1_600' title='bbox 2860 3674 2917 3718; x_wconf 88' lang='lat' dir='ltr'><strong>et</strong></span> <span class='ocrx_word' id='word_1_601' title='bbox 2950 3664 3219 3719; x_wconf 87' lang='lat' dir='ltr'><strong>catholica</strong></span> <span class='ocrx_word' id='word_1_602' title='bbox 3248 3664 3382 3719; x_wconf 88' lang='lat' dir='ltr'><strong>fides</strong></span> <span class='ocrx_word' id='word_1_603' title='bbox 3430 3660 3717 3734; x_wconf 66' lang='lat' dir='ltr'><strong>probabat).</strong></span> 
     </span>
    </p>
   </div>
   <div class='ocr_carea' id='block_1_83' title="bbox 2136 3753 3701 3826">
    <p class='ocr_par' dir='ltr' id='par_1_83' title="bbox 2136 3753 3701 3826">
     <span class='ocr_line' id='line_1_83' title="bbox 2136 3753 3701 3826; baseline -0.004 -13"><span class='ocrx_word' id='word_1_604' title='bbox 2136 3774 2243 3813; x_wconf 89' lang='lat' dir='ltr'><strong>non</strong></span> <span class='ocrx_word' id='word_1_605' title='bbox 2283 3757 2427 3826; x_wconf 88' lang='lat' dir='ltr'><strong>quod</strong></span> <span class='ocrx_word' id='word_1_606' title='bbox 2474 3753 2801 3826; x_wconf 87' lang='lat' dir='ltr'><strong>Unigenitus</strong></span> <span class='ocrx_word' id='word_1_607' title='bbox 2846 3769 2994 3809; x_wconf 86' lang='lat' dir='ltr'><strong>mera</strong></span> <span class='ocrx_word' id='word_1_608' title='bbox 3031 3764 3179 3810; x_wconf 87' lang='lat' dir='ltr'><strong>esset</strong></span> <span class='ocrx_word' id='word_1_609' title='bbox 3217 3754 3398 3809; x_wconf 90' lang='lat' dir='ltr'><strong>Patris</strong></span> <span class='ocrx_word' id='word_1_610' title='bbox 3444 3754 3701 3826; x_wconf 75' lang='grc' dir='ltr'><strong>ἐνέργεια.</strong></span> 
     </span>
    </p>
   </div>
   <div class='ocr_carea' id='block_1_84' title="bbox 2135 3848 3700 3921">
    <p class='ocr_par' dir='ltr' id='par_1_84' title="bbox 2135 3848 3700 3921">
     <span class='ocr_line' id='line_1_84' title="bbox 2135 3848 3700 3921; baseline -0.007 -17"><span class='ocrx_word' id='word_1_611' title='bbox 2135 3860 2196 3904; x_wconf 84' lang='grc' dir='ltr'><strong>ιιι</strong></span> <span class='ocrx_word' id='word_1_612' title='bbox 2235 3851 2311 3905; x_wconf 91' lang='lat' dir='ltr'><strong>illi</strong></span> <span class='ocrx_word' id='word_1_613' title='bbox 2353 3848 2646 3914; x_wconf 86' lang='lat' dir='ltr'><strong>volebant;</strong></span> <span class='ocrx_word' id='word_1_614' title='bbox 2679 3851 2775 3905; x_wconf 91' lang='lat' dir='ltr'><strong>sed</strong></span> <span class='ocrx_word' id='word_1_615' title='bbox 2822 3852 2967 3921; x_wconf 90' lang='lat' dir='ltr'><strong>quod</strong></span> <span class='ocrx_word' id='word_1_616' title='bbox 3012 3849 3364 3918; x_wconf 89' lang='lat' dir='ltr'><strong>Unigenitus,</strong></span> <span class='ocrx_word' id='word_1_617' title='bbox 3405 3862 3509 3917; x_wconf 89' lang='lat' dir='ltr'><strong>per</strong></span> <span class='ocrx_word' id='word_1_618' title='bbox 3554 3858 3700 3914; x_wconf 88' lang='lat' dir='ltr'><strong>quem</strong></span> 
     </span>
    </p>
   </div>
   <div class='ocr_carea' id='block_1_85' title="bbox 2134 3932 3699 4009">
    <p class='ocr_par' dir='ltr' id='par_1_85' title="bbox 2134 3932 3699 4009">
     <span class='ocr_line' id='line_1_85' title="bbox 2134 3932 3699 4009; baseline -0.006 -15"><span class='ocrx_word' id='word_1_619' title='bbox 2134 3941 2275 3996; x_wconf 86' lang='lat' dir='ltr'><strong>facta</strong></span> <span class='ocrx_word' id='word_1_620' title='bbox 2310 3956 2430 3996; x_wconf 85' lang='lat' dir='ltr'><strong>esse</strong></span> <span class='ocrx_word' id='word_1_621' title='bbox 2453 3941 2636 3995; x_wconf 85' lang='lat' dir='ltr'><strong>omnia</strong></span> <span class='ocrx_word' id='word_1_622' title='bbox 2686 3957 2809 3995; x_wconf 90' lang='lat' dir='ltr'><strong>cum</strong></span> <span class='ocrx_word' id='word_1_623' title='bbox 2839 3941 3048 3996; x_wconf 86' lang='lat' dir='ltr'><strong>Joanne</strong></span> <span class='ocrx_word' id='word_1_624' title='bbox 3087 3940 3389 4002; x_wconf 88' lang='lat' dir='ltr'><strong>asserebat,</strong></span> <span class='ocrx_word' id='word_1_625' title='bbox 3417 3940 3533 4009; x_wconf 69' lang='lat' dir='ltr'><strong>{ipsi</strong></span> <span class='ocrx_word' id='word_1_626' title='bbox 3566 3932 3699 3991; x_wconf 87' lang='lat' dir='ltr'><strong>Patri</strong></span> 
     </span>
    </p>
   </div>
   <div class='ocr_carea' id='block_1_86' title="bbox 2134 4031 3695 4103">
    <p class='ocr_par' dir='ltr' id='par_1_86' title="bbox 2134 4031 3695 4103">
     <span class='ocr_line' id='line_1_86' title="bbox 2134 4031 3695 4103; baseline -0.005 -15"><span class='ocrx_word' id='word_1_627' title='bbox 2134 4032 2619 4089; x_wconf 88' lang='lat' dir='ltr'><strong>consubstantialis</strong></span> <span class='ocrx_word' id='word_1_628' title='bbox 2651 4043 2817 4098; x_wconf 89' lang='lat' dir='ltr'><strong>esset,</strong></span> <span class='ocrx_word' id='word_1_629' title='bbox 2854 4033 2902 4088; x_wconf 89' lang='lat' dir='ltr'><strong>ei</strong></span> <span class='ocrx_word' id='word_1_630' title='bbox 2945 4032 3187 4103; x_wconf 87' lang='lat' dir='ltr'><strong>perfecte</strong></span> <span class='ocrx_word' id='word_1_631' title='bbox 3215 4031 3437 4097; x_wconf 87' lang='lat' dir='ltr'><strong>similis,</strong></span> <span class='ocrx_word' id='word_1_632' title='bbox 3484 4039 3537 4085; x_wconf 86' lang='lat' dir='ltr'><strong>et</strong></span> <span class='ocrx_word' id='word_1_633' title='bbox 3581 4041 3695 4096; x_wconf 86' lang='lat' dir='ltr'><strong>per-</strong></span> 
     </span>
    </p>
   </div>
   <div class='ocr_carea' id='block_1_87' title="bbox 2136 4118 3697 4195">
    <p class='ocr_par' dir='ltr' id='par_1_87' title="bbox 2136 4118 3697 4195">
     <span class='ocr_line' id='line_1_87' title="bbox 2136 4118 3697 4195; baseline -0.008 -12"><span class='ocrx_word' id='word_1_634' title='bbox 2136 4126 2276 4183; x_wconf 84' lang='lat' dir='ltr'><strong>fecte</strong></span> <span class='ocrx_word' id='word_1_635' title='bbox 2329 4126 2801 4195; x_wconf 78' lang='lat' dir='ltr'><strong>comprehenderis</strong></span> <span class='ocrx_word' id='word_1_636' title='bbox 2865 4126 3298 4195; x_wconf 85' lang='lat' dir='ltr'><strong>magnitudinem</strong></span> <span class='ocrx_word' id='word_1_637' title='bbox 3358 4125 3558 4179; x_wconf 89' lang='lat' dir='ltr'><strong>Patris.</strong></span> <span class='ocrx_word' id='word_1_638' title='bbox 3627 4118 3697 4173; x_wconf 82' lang='lat' dir='ltr'><strong>Ex</strong></span> 
     </span>
    </p>
   </div>
   <div class='ocr_carea' id='block_1_88' title="bbox 2134 4210 3699 4291">
    <p class='ocr_par' dir='ltr' id='par_1_88' title="bbox 2134 4210 3699 4291">
     <span class='ocr_line' id='line_1_88' title="bbox 2134 4210 3699 4291; baseline -0.005 -19"><span class='ocrx_word' id='word_1_639' title='bbox 2134 4236 2243 4291; x_wconf 93' lang='lat' dir='ltr'><strong>quo</strong></span> <span class='ocrx_word' id='word_1_640' title='bbox 2281 4219 2662 4283; x_wconf 89' lang='lat' dir='ltr'><strong>concludebat,</strong></span> <span class='ocrx_word' id='word_1_641' title='bbox 2706 4227 2762 4273; x_wconf 92' lang='lat' dir='ltr'><strong>et</strong></span> <span class='ocrx_word' id='word_1_642' title='bbox 2790 4219 3026 4275; x_wconf 88' lang='lat' dir='ltr'><strong>Verbum</strong></span> <span class='ocrx_word' id='word_1_643' title='bbox 3064 4221 3239 4291; x_wconf 83' lang='lat' dir='ltr'><strong>ipsum</strong></span> <span class='ocrx_word' id='word_1_644' title='bbox 3271 4217 3423 4273; x_wconf 85' lang='lat' dir='ltr'><strong>Patri</strong></span> <span class='ocrx_word' id='word_1_645' title='bbox 3474 4210 3699 4271; x_wconf 83' lang='lat' dir='ltr'><strong>consub—</strong></span> 
     </span>
    </p>
   </div>
   <div class='ocr_carea' id='block_1_89' title="bbox 2134 4308 3698 4380">
    <p class='ocr_par' dir='ltr' id='par_1_89' title="bbox 2134 4308 3698 4380">
     <span class='ocr_line' id='line_1_89' title="bbox 2134 4308 3698 4380; baseline -0.008 -12"><span class='ocrx_word' id='word_1_646' title='bbox 2134 4311 2386 4368; x_wconf 86' lang='lat' dir='ltr'><strong>stantiale</strong></span> <span class='ocrx_word' id='word_1_647' title='bbox 2408 4326 2549 4377; x_wconf 90' lang='lat' dir='ltr'><strong>esse,</strong></span> <span class='ocrx_word' id='word_1_648' title='bbox 2587 4312 2719 4367; x_wconf 91' lang='lat' dir='ltr'><strong>huic</strong></span> <span class='ocrx_word' id='word_1_649' title='bbox 2760 4313 2999 4380; x_wconf 90' lang='lat' dir='ltr'><strong>perfecte</strong></span> <span class='ocrx_word' id='word_1_650' title='bbox 3028 4310 3228 4375; x_wconf 89' lang='lat' dir='ltr'><strong>simile,</strong></span> <span class='ocrx_word' id='word_1_651' title='bbox 3268 4320 3321 4366; x_wconf 90' lang='lat' dir='ltr'><strong>et</strong></span> <span class='ocrx_word' id='word_1_652' title='bbox 3348 4308 3698 4379; x_wconf 89' lang='lat' dir='ltr'><strong>comprehen-</strong></span> 
     </span>
    </p>
   </div>
   <div class='ocr_carea' id='block_1_90' title="bbox 2136 4398 3696 4475">
    <p class='ocr_par' dir='ltr' id='par_1_90' title="bbox 2136 4398 3696 4475">
     <span class='ocr_line' id='line_1_90' title="bbox 2136 4398 3696 4475; baseline -0.008 -17"><span class='ocrx_word' id='word_1_653' title='bbox 2136 4405 2274 4458; x_wconf 91' lang='lat' dir='ltr'><strong>dens</strong></span> <span class='ocrx_word' id='word_1_654' title='bbox 2323 4404 2441 4473; x_wconf 85' lang='lat' dir='ltr'><strong>ejus</strong></span> <span class='ocrx_word' id='word_1_655' title='bbox 2469 4404 2922 4475; x_wconf 86' lang='lat' dir='ltr'><strong>magnitudinem.</strong></span> <span class='ocrx_word' id='word_1_656' title='bbox 2959 4403 3016 4457; x_wconf 84' lang='grc' dir='ltr'><strong>’5ο</strong></span> <span class='ocrx_word' id='word_1_657' title='bbox 3044 4401 3178 4469; x_wconf 85' lang='lat' dir='ltr'><strong>Quia</strong></span> <span class='ocrx_word' id='word_1_658' title='bbox 3207 4402 3448 4457; x_wconf 66' lang='lat' dir='ltr'><strong>haeretici</strong></span> <span class='ocrx_word' id='word_1_659' title='bbox 3476 4398 3696 4455; x_wconf 89' lang='lat' dir='ltr'><strong>Verbum</strong></span> 
     </span>
    </p>
   </div>
   <div class='ocr_carea' id='block_1_91' title="bbox 458 4482 3696 4575">
    <p class='ocr_par' dir='ltr' id='par_1_91' title="bbox 458 4482 3696 4575">
     <span class='ocr_line' id='line_1_91' title="bbox 458 4482 3696 4575; baseline -0.001 -31"><span class='ocrx_word' id='word_1_660' title='bbox 458 4514 499 4563; x_wconf 73' lang='grc' dir='ltr'><strong>ι,</strong></span> <span class='ocrx_word' id='word_1_661' title='bbox 533 4514 654 4569; x_wconf 78' lang='lat' dir='ltr'><strong>cap,</strong></span> <span class='ocrx_word' id='word_1_662' title='bbox 685 4498 737 4564; x_wconf 80' lang='lat'><strong>9,</strong></span> <span class='ocrx_word' id='word_1_663' title='bbox 769 4516 825 4553; x_wconf 84' lang='grc' dir='ltr'><strong>ιι.</strong></span> <span class='ocrx_word' id='word_1_664' title='bbox 854 4498 887 4553; x_wconf 82' lang='lat'><strong>5</strong></span> <span class='ocrx_word' id='word_1_665' title='bbox 919 4513 938 4552; x_wconf 83' lang='lat'><strong><em>:</em></strong></span> <span class='ocrx_word' id='word_1_666' title='bbox 972 4518 989 4551; x_wconf 77' lang='grc' dir='ltr'>ι</span> <span class='ocrx_word' id='word_1_667' title='bbox 1020 4497 1201 4553; x_wconf 84' lang='lat' dir='ltr'><strong>Unum</strong></span> <span class='ocrx_word' id='word_1_668' title='bbox 1234 4510 1287 4554; x_wconf 81' lang='lat' dir='ltr'><strong>et</strong></span> <span class='ocrx_word' id='word_1_669' title='bbox 1314 4502 1561 4556; x_wconf 76' lang='lat' dir='ltr'><strong>eumdem</strong></span> <span class='ocrx_word' id='word_1_670' title='bbox 1589 4504 1797 4557; x_wconf 75' lang='lat' dir='ltr'><strong>ostendi</strong></span> <span class='ocrx_word' id='word_1_671' title='bbox 1824 4502 2032 4575; x_wconf 70' lang='grc' dir='ltr'><strong>ιοεοη,</strong></span> <span class='ocrx_word' id='word_1_672' title='bbox 2066 4482 2110 4537; x_wconf 85' lang='grc' dir='ltr'><strong>Ῐ)</strong></span> <span class='ocrx_word' id='word_1_673' title='bbox 2143 4500 2333 4569; x_wconf 88' lang='lat' dir='ltr'><strong>procul</strong></span> <span class='ocrx_word' id='word_1_674' title='bbox 2365 4514 2393 4553; x_wconf 90' lang='lat' dir='ltr'><strong>a</strong></span> <span class='ocrx_word' id='word_1_675' title='bbox 2419 4498 2612 4564; x_wconf 90' lang='lat' dir='ltr'><strong>Patre,</strong></span> <span class='ocrx_word' id='word_1_676' title='bbox 2652 4510 2707 4553; x_wconf 91' lang='lat' dir='ltr'><strong>et</strong></span> <span class='ocrx_word' id='word_1_677' title='bbox 2749 4510 2942 4553; x_wconf 86' lang='lat' dir='ltr'><strong>natura</strong></span> <span class='ocrx_word' id='word_1_678' title='bbox 2996 4507 3050 4552; x_wconf 91' lang='lat' dir='ltr'><strong>et</strong></span> <span class='ocrx_word' id='word_1_679' title='bbox 3092 4498 3284 4552; x_wconf 82' lang='lat' dir='ltr'><strong>ordine</strong></span> <span class='ocrx_word' id='word_1_680' title='bbox 3326 4490 3696 4567; x_wconf 85' lang='lat' dir='ltr'><strong>generationis</strong></span> 
     </span>
    </p>
   </div>
   <div class='ocr_carea' id='block_1_92' title="bbox 458 4590 2033 4667">
    <p class='ocr_par' dir='ltr' id='par_1_92' title="bbox 458 4590 2033 4667">
     <span class='ocr_line' id='line_1_92' title="bbox 458 4590 2033 4667; baseline 0.005 -20"><span class='ocrx_word' id='word_1_681' title='bbox 458 4601 514 4647; x_wconf 89' lang='lat' dir='ltr'><strong>et</strong></span> <span class='ocrx_word' id='word_1_682' title='bbox 554 4590 934 4662; x_wconf 82' lang='lat' dir='ltr'><strong>Monogenem,</strong></span> <span class='ocrx_word' id='word_1_683' title='bbox 968 4602 1024 4647; x_wconf 91' lang='lat' dir='ltr'><strong>et</strong></span> <span class='ocrx_word' id='word_1_684' title='bbox 1061 4592 1231 4655; x_wconf 88' lang='lat' dir='ltr'><strong>Zoen,</strong></span> <span class='ocrx_word' id='word_1_685' title='bbox 1275 4601 1330 4645; x_wconf 90' lang='lat' dir='ltr'><strong>et</strong></span> <span class='ocrx_word' id='word_1_686' title='bbox 1362 4590 1528 4659; x_wconf 90' lang='lat' dir='ltr'><strong>Phos,</strong></span> <span class='ocrx_word' id='word_1_687' title='bbox 1564 4604 1621 4649; x_wconf 90' lang='lat' dir='ltr'><strong>et</strong></span> <span class='ocrx_word' id='word_1_688' title='bbox 1663 4594 1934 4667; x_wconf 91' lang='lat' dir='ltr'><strong>Soterem,</strong></span> <span class='ocrx_word' id='word_1_689' title='bbox 1978 4612 2033 4655; x_wconf 90' lang='lat' dir='ltr'><strong>et</strong></span> 
     </span>
    </p>
   </div>
   <div class='ocr_carea' id='block_1_93' title="bbox 458 4682 2040 4758">
    <p class='ocr_par' dir='ltr' id='par_1_93' title="bbox 458 4682 2040 4758">
     <span class='ocr_line' id='line_1_93' title="bbox 458 4682 2040 4758; baseline 0.006 -20"><span class='ocrx_word' id='word_1_690' title='bbox 458 4683 735 4739; x_wconf 88' lang='lat' dir='ltr'><strong>Christum</strong></span> <span class='ocrx_word' id='word_1_691' title='bbox 784 4682 980 4739; x_wconf 82' lang='lat' dir='ltr'><strong>Filium</strong></span> <span class='ocrx_word' id='word_1_692' title='bbox 1028 4684 1149 4747; x_wconf 92' lang='lat' dir='ltr'><strong>Dei,</strong></span> <span class='ocrx_word' id='word_1_693' title='bbox 1201 4684 1295 4754; x_wconf 90' lang='lat' dir='ltr'><strong>qui</strong></span> <span class='ocrx_word' id='word_1_694' title='bbox 1327 4684 1650 4741; x_wconf 89' lang='lat' dir='ltr'><strong>incarnatus</strong></span> <span class='ocrx_word' id='word_1_695' title='bbox 1690 4696 1776 4741; x_wconf 92' lang='lat' dir='ltr'><strong>est</strong></span> <span class='ocrx_word' id='word_1_696' title='bbox 1804 4704 1903 4758; x_wconf 91' lang='lat' dir='ltr'><strong>pro</strong></span> <span class='ocrx_word' id='word_1_697' title='bbox 1936 4708 2040 4747; x_wconf 92' lang='lat' dir='ltr'><strong>no-</strong></span> 
     </span>
    </p>
   </div>
   <div class='ocr_carea' id='block_1_94' title="bbox 461 4773 2034 4850">
    <p class='ocr_par' dir='ltr' id='par_1_94' title="bbox 461 4773 2034 4850">
     <span class='ocr_line' id='line_1_94' title="bbox 461 4773 2034 4850; baseline 0.007 -23"><span class='ocrx_word' id='word_1_698' title='bbox 461 4773 562 4827; x_wconf 87' lang='lat' dir='ltr'><strong>bis.</strong></span> <span class='ocrx_word' id='word_1_699' title='bbox 601 4791 621 4825; x_wconf 77' lang='grc' dir='ltr'><strong><em>ι</em></strong></span> <span class='ocrx_word' id='word_1_700' title='bbox 655 4774 718 4827; x_wconf 82' lang='lat' dir='ltr'><strong>Et</strong></span> <span class='ocrx_word' id='word_1_701' title='bbox 743 4773 837 4829; x_wconf 88' lang='lat' dir='ltr'><strong>lib.</strong></span> <span class='ocrx_word' id='word_1_702' title='bbox 869 4790 933 4841; x_wconf 87' lang='lat' dir='ltr'><strong>Il,</strong></span> <span class='ocrx_word' id='word_1_703' title='bbox 969 4789 1089 4845; x_wconf 89' lang='lat' dir='ltr'><strong>cap.</strong></span> <span class='ocrx_word' id='word_1_704' title='bbox 1123 4774 1213 4836; x_wconf 78' lang='lat' dir='ltr'><strong>l3,</strong></span> <span class='ocrx_word' id='word_1_705' title='bbox 1236 4788 1379 4843; x_wconf 85' lang='lat' dir='ltr'><strong>eam,</strong></span> <span class='ocrx_word' id='word_1_706' title='bbox 1424 4790 1587 4845; x_wconf 90' lang='lat' dir='ltr'><strong>quam</strong></span> <span class='ocrx_word' id='word_1_707' title='bbox 1620 4777 1766 4832; x_wconf 86' lang='lat' dir='ltr'><strong>inter</strong></span> <span class='ocrx_word' id='word_1_708' title='bbox 1794 4780 2034 4850; x_wconf 88' lang='lat' dir='ltr'><strong>Patrem,</strong></span> 
     </span>
    </p>
   </div>
   <div class='ocr_carea' id='block_1_95' title="bbox 462 4862 2041 4939">
    <p class='ocr_par' dir='ltr' id='par_1_95' title="bbox 462 4862 2041 4939">
     <span class='ocr_line' id='line_1_95' title="bbox 462 4862 2041 4939; baseline 0.01 -23"><span class='ocrx_word' id='word_1_709' title='bbox 462 4863 581 4917; x_wconf 86' lang='lat' dir='ltr'><strong>Nun</strong></span> <span class='ocrx_word' id='word_1_710' title='bbox 616 4873 666 4919; x_wconf 92' lang='lat' dir='ltr'><strong>et</strong></span> <span class='ocrx_word' id='word_1_711' title='bbox 695 4862 933 4921; x_wconf 86' lang='lat' dir='ltr'><strong>Verbum</strong></span> <span class='ocrx_word' id='word_1_712' title='bbox 956 4867 1366 4924; x_wconf 87' lang='lat' dir='ltr'><strong>distinctionem</strong></span> <span class='ocrx_word' id='word_1_713' title='bbox 1416 4868 1833 4939; x_wconf 87' lang='lat' dir='ltr'><strong>interponebant</strong></span> <span class='ocrx_word' id='word_1_714' title='bbox 1867 4876 2041 4933; x_wconf 66' lang='lat' dir='ltr'><strong>haere-</strong></span> 
     </span>
    </p>
   </div>
   <div class='ocr_carea' id='block_1_96' title="bbox 463 4949 2037 5028">
    <p class='ocr_par' dir='ltr' id='par_1_96' title="bbox 463 4949 2037 5028">
     <span class='ocr_line' id='line_1_96' title="bbox 463 4949 2037 5028; baseline 0.01 -25"><span class='ocrx_word' id='word_1_715' title='bbox 463 4949 579 5015; x_wconf 89' lang='lat' dir='ltr'><strong>tici,</strong></span> <span class='ocrx_word' id='word_1_716' title='bbox 611 4964 735 5005; x_wconf 88' lang='lat' dir='ltr'><strong>cum</strong></span> <span class='ocrx_word' id='word_1_717' title='bbox 774 4965 861 5018; x_wconf 91' lang='lat' dir='ltr'><strong>eo,</strong></span> <span class='ocrx_word' id='word_1_718' title='bbox 901 4967 1065 5021; x_wconf 89' lang='lat' dir='ltr'><strong>quem</strong></span> <span class='ocrx_word' id='word_1_719' title='bbox 1102 4954 1378 5026; x_wconf 86' lang='lat' dir='ltr'><strong>ﬁngebant</strong></span> <span class='ocrx_word' id='word_1_720' title='bbox 1420 4957 1777 5013; x_wconf 89' lang='lat' dir='ltr'><strong>emissionum</strong></span> <span class='ocrx_word' id='word_1_721' title='bbox 1822 4962 2037 5028; x_wconf 88' lang='lat' dir='ltr'><strong>ordine,</strong></span> 
     </span>
    </p>
   </div>
   <div class='ocr_carea' id='block_1_97' title="bbox 464 5046 2037 5119">
    <p class='ocr_par' dir='ltr' id='par_1_97' title="bbox 464 5046 2037 5119">
     <span class='ocr_line' id='line_1_97' title="bbox 464 5046 2037 5119; baseline 0.011 -22"><span class='ocrx_word' id='word_1_722' title='bbox 464 5056 589 5097; x_wconf 91' lang='lat' dir='ltr'><strong>cum</strong></span> <span class='ocrx_word' id='word_1_723' title='bbox 622 5051 771 5099; x_wconf 88' lang='lat' dir='ltr'><strong>recta</strong></span> <span class='ocrx_word' id='word_1_724' title='bbox 820 5046 1034 5102; x_wconf 90' lang='lat' dir='ltr'><strong>ratione</strong></span> <span class='ocrx_word' id='word_1_725' title='bbox 1066 5063 1313 5119; x_wconf 88' lang='lat' dir='ltr'><strong>pugnare</strong></span> <span class='ocrx_word' id='word_1_726' title='bbox 1348 5050 1538 5106; x_wconf 89' lang='lat' dir='ltr'><strong>multis</strong></span> <span class='ocrx_word' id='word_1_727' title='bbox 1591 5053 1948 5114; x_wconf 90' lang='lat' dir='ltr'><strong>demonstrat.</strong></span> <span class='ocrx_word' id='word_1_728' title='bbox 1980 5059 2037 5114; x_wconf 89' lang='lat' dir='ltr'><strong>In</strong></span> 
     </span>
    </p>
   </div>
   <div class='ocr_carea' id='block_1_98' title="bbox 463 5132 2046 5215">
    <p class='ocr_par' dir='ltr' id='par_1_98' title="bbox 463 5132 2046 5215">
     <span class='ocr_line' id='line_1_98' title="bbox 463 5132 2046 5215; baseline 0.011 -28"><span class='ocrx_word' id='word_1_729' title='bbox 463 5134 658 5205; x_wconf 88' lang='lat' dir='ltr'><strong>primis</strong></span> <span class='ocrx_word' id='word_1_730' title='bbox 694 5149 816 5189; x_wconf 89' lang='lat' dir='ltr'><strong>cum</strong></span> <span class='ocrx_word' id='word_1_731' title='bbox 848 5132 977 5201; x_wconf 86' lang='lat' dir='ltr'><strong>Nus,</strong></span> <span class='ocrx_word' id='word_1_732' title='bbox 1022 5150 1118 5190; x_wconf 92' lang='lat' dir='ltr'><strong>seu</strong></span> <span class='ocrx_word' id='word_1_733' title='bbox 1173 5153 1324 5194; x_wconf 91' lang='lat' dir='ltr'><strong>mens</strong></span> <span class='ocrx_word' id='word_1_734' title='bbox 1359 5139 1437 5195; x_wconf 90' lang='lat' dir='ltr'><strong>sit</strong></span> <span class='ocrx_word' id='word_1_735' title='bbox 1480 5157 1499 5192; x_wconf 71' lang='grc' dir='ltr'><strong>α</strong></span> <span class='ocrx_word' id='word_1_736' title='bbox 1543 5141 1718 5211; x_wconf 91' lang='lat' dir='ltr'><strong>ipsum</strong></span> <span class='ocrx_word' id='word_1_737' title='bbox 1766 5148 1909 5215; x_wconf 93' lang='lat' dir='ltr'><strong>quod</strong></span> <span class='ocrx_word' id='word_1_738' title='bbox 1959 5160 2046 5204; x_wconf 87' lang='lat' dir='ltr'><strong>est</strong></span> 
     </span>
    </p>
   </div>
   <div class='ocr_carea' id='block_1_99' title="bbox 465 5228 2043 5307">
    <p class='ocr_par' dir='ltr' id='par_1_99' title="bbox 465 5228 2043 5307">
     <span class='ocr_line' id='line_1_99' title="bbox 465 5228 2043 5307; baseline 0.01 -27"><span class='ocrx_word' id='word_1_739' title='bbox 465 5228 785 5298; x_wconf 87' lang='lat' dir='ltr'><strong>principale,</strong></span> <span class='ocrx_word' id='word_1_740' title='bbox 820 5239 877 5284; x_wconf 88' lang='lat' dir='ltr'><strong>et</strong></span> <span class='ocrx_word' id='word_1_741' title='bbox 924 5243 1222 5297; x_wconf 91' lang='lat' dir='ltr'><strong>summum,</strong></span> <span class='ocrx_word' id='word_1_742' title='bbox 1268 5240 1321 5286; x_wconf 88' lang='lat' dir='ltr'><strong>et</strong></span> <span class='ocrx_word' id='word_1_743' title='bbox 1374 5233 1526 5289; x_wconf 90' lang='lat' dir='ltr'><strong>velut</strong></span> <span class='ocrx_word' id='word_1_744' title='bbox 1578 5237 1930 5307; x_wconf 90' lang='lat' dir='ltr'><strong>principium,</strong></span> <span class='ocrx_word' id='word_1_745' title='bbox 1987 5254 2043 5297; x_wconf 90' lang='lat' dir='ltr'><strong>et</strong></span> 
     </span>
    </p>
   </div>
   <div class='ocr_carea' id='block_1_100' title="bbox 468 5319 2041 5396">
    <p class='ocr_par' dir='ltr' id='par_1_100' title="bbox 468 5319 2041 5396">
     <span class='ocr_line' id='line_1_100' title="bbox 468 5319 2041 5396; baseline 0.011 -22"><span class='ocrx_word' id='word_1_746' title='bbox 468 5319 589 5376; x_wconf 89' lang='lat' dir='ltr'><strong>fons</strong></span> <span class='ocrx_word' id='word_1_747' title='bbox 624 5321 863 5378; x_wconf 80' lang='lat' dir='ltr'><strong>universi</strong></span> <span class='ocrx_word' id='word_1_748' title='bbox 899 5337 1113 5388; x_wconf 90' lang='lat' dir='ltr'><strong>sensus,</strong></span> <span class='ocrx_word' id='word_1_749' title='bbox 1157 5342 1175 5375; x_wconf 77' lang='grc' dir='ltr'><strong><em>ι</em></strong></span> <span class='ocrx_word' id='word_1_750' title='bbox 1219 5332 1275 5379; x_wconf 93' lang='lat' dir='ltr'><strong>et</strong></span> <span class='ocrx_word' id='word_1_751' title='bbox 1326 5327 1690 5396; x_wconf 77' lang='lat' dir='ltr'><strong>cogitationis,</strong></span> <span class='ocrx_word' id='word_1_752' title='bbox 1733 5346 1841 5387; x_wconf 92' lang='lat' dir='ltr'><strong>uno</strong></span> <span class='ocrx_word' id='word_1_753' title='bbox 1872 5335 2041 5392; x_wconf 89' lang='lat' dir='ltr'><strong>verbo</strong></span> 
     </span>
    </p>
   </div>
   <div class='ocr_carea' id='block_1_101' title="bbox 466 5414 2042 5490">
    <p class='ocr_par' dir='ltr' id='par_1_101' title="bbox 466 5414 2042 5490">
     <span class='ocr_line' id='line_1_101' title="bbox 466 5414 2042 5490; baseline 0.01 -25"><span class='ocrx_word' id='word_1_754' title='bbox 466 5428 622 5468; x_wconf 87' lang='lat' dir='ltr'><strong>mens</strong></span> <span class='ocrx_word' id='word_1_755' title='bbox 666 5414 780 5483; x_wconf 87' lang='lat' dir='ltr'><strong>ipsa</strong></span> <span class='ocrx_word' id='word_1_756' title='bbox 832 5414 1143 5469; x_wconf 88' lang='lat' dir='ltr'><strong>essentialis</strong></span> <span class='ocrx_word' id='word_1_757' title='bbox 1185 5426 1240 5469; x_wconf 89' lang='lat' dir='ltr'><strong>et</strong></span> <span class='ocrx_word' id='word_1_758' title='bbox 1281 5417 1662 5475; x_wconf 88' lang='lat' dir='ltr'><strong>substantialis</strong></span> <span class='ocrx_word' id='word_1_759' title='bbox 1710 5420 1930 5490; x_wconf 87' lang='lat' dir='ltr'><strong>Patris,</strong></span> <span class='ocrx_word' id='word_1_760' title='bbox 1987 5438 2042 5481; x_wconf 88' lang='lat' dir='ltr'><strong>et</strong></span> 
     </span>
    </p>
   </div>
   <div class='ocr_carea' id='block_1_102' title="bbox 470 5502 2038 5572">
    <p class='ocr_par' dir='ltr' id='par_1_102' title="bbox 470 5502 2038 5572">
     <span class='ocr_line' id='line_1_102' title="bbox 470 5502 2038 5572; baseline 0.008 -15"><span class='ocrx_word' id='word_1_761' title='bbox 470 5503 585 5572; x_wconf 60' lang='lat' dir='ltr'><strong>ipse</strong></span> <span class='ocrx_word' id='word_1_762' title='bbox 636 5502 831 5572; x_wconf 87' lang='lat' dir='ltr'><strong>Pater;</strong></span> <span class='ocrx_word' id='word_1_763' title='bbox 885 5505 1144 5561; x_wconf 86' lang='lat' dir='ltr'><strong>emissum</strong></span> <span class='ocrx_word' id='word_1_764' title='bbox 1177 5505 1285 5560; x_wconf 90' lang='lat' dir='ltr'><strong>dici</strong></span> <span class='ocrx_word' id='word_1_765' title='bbox 1329 5520 1439 5562; x_wconf 92' lang='lat' dir='ltr'><strong>non</strong></span> <span class='ocrx_word' id='word_1_766' title='bbox 1494 5506 1598 5564; x_wconf 92' lang='lat' dir='ltr'><strong>nisi</strong></span> <span class='ocrx_word' id='word_1_767' title='bbox 1643 5511 2038 5569; x_wconf 90' lang='lat' dir='ltr'><strong>ahsurdissime</strong></span> 
     </span>
    </p>
   </div>
   <div class='ocr_carea' id='block_1_103' title="bbox 468 5601 2031 5682">
    <p class='ocr_par' dir='ltr' id='par_1_103' title="bbox 468 5601 2031 5682">
     <span class='ocr_line' id='line_1_103' title="bbox 468 5601 2031 5682; baseline 0.006 -27"><span class='ocrx_word' id='word_1_768' title='bbox 468 5613 653 5669; x_wconf 86' lang='lat' dir='ltr'><strong>posse,</strong></span> <span class='ocrx_word' id='word_1_769' title='bbox 690 5615 758 5656; x_wconf 89' lang='lat' dir='ltr'><strong>ne</strong></span> <span class='ocrx_word' id='word_1_770' title='bbox 804 5602 946 5656; x_wconf 84' lang='lat' dir='ltr'><strong>Deus</strong></span> <span class='ocrx_word' id='word_1_771' title='bbox 991 5601 1108 5671; x_wconf 88' lang='lat' dir='ltr'><strong>ipse</strong></span> <span class='ocrx_word' id='word_1_772' title='bbox 1137 5610 1192 5656; x_wconf 93' lang='lat' dir='ltr'><strong>et</strong></span> <span class='ocrx_word' id='word_1_773' title='bbox 1226 5601 1392 5657; x_wconf 89' lang='lat' dir='ltr'><strong>Pater</strong></span> <span class='ocrx_word' id='word_1_774' title='bbox 1416 5619 1436 5654; x_wconf 77' lang='grc' dir='ltr'><strong><em>ι</em></strong></span> <span class='ocrx_word' id='word_1_775' title='bbox 1480 5619 1511 5659; x_wconf 93' lang='lat' dir='ltr'><strong>a</strong></span> <span class='ocrx_word' id='word_1_776' title='bbox 1545 5607 1839 5676; x_wconf 85' lang='lat' dir='ltr'><strong>semetipso</strong></span> <span class='ocrx_word' id='word_1_777' title='bbox 1872 5623 2031 5682; x_wconf 67' lang='lat' dir='ltr'><strong>sepao</strong></span> 
     </span>
    </p>
   </div>
   <div class='ocr_carea' id='block_1_104' title="bbox 578 5775 1813 5849">
    <p class='ocr_par' dir='ltr' id='par_1_104' title="bbox 578 5775 1813 5849">
     <span class='ocr_line' id='line_1_104' title="bbox 578 5775 1813 5849; baseline 0.009 -21"><span class='ocrx_word' id='word_1_778' title='bbox 578 5776 619 5806; x_wconf 83' lang='grc'>¹¹</span> <span class='ocrx_word' id='word_1_779' title='bbox 650 5775 815 5843; x_wconf 86' lang='lat' dir='ltr'><strong>lreu.,</strong></span> <span class='ocrx_word' id='word_1_780' title='bbox 837 5776 929 5832; x_wconf 89' lang='lat' dir='ltr'><strong>lib.</strong></span> <span class='ocrx_word' id='word_1_781' title='bbox 957 5793 1017 5843; x_wconf 87' lang='lat' dir='ltr'><strong>tt,</strong></span> <span class='ocrx_word' id='word_1_782' title='bbox 1049 5795 1097 5835; x_wconf 90' lang='lat' dir='ltr'><strong>c.</strong></span> <span class='ocrx_word' id='word_1_783' title='bbox 1132 5782 1214 5849; x_wconf 79' lang='grc'><strong>13,</strong></span> <span class='ocrx_word' id='word_1_784' title='bbox 1246 5801 1296 5837; x_wconf 86' lang='lat' dir='ltr'><strong>tt.</strong></span> <span class='ocrx_word' id='word_1_785' title='bbox 1331 5782 1382 5836; x_wconf 71' lang='grc'><strong>4.</strong></span> <span class='ocrx_word' id='word_1_786' title='bbox 1465 5784 1508 5814; x_wconf 81' lang='grc'>⁸⁸</span> <span class='ocrx_word' id='word_1_787' title='bbox 1540 5781 1604 5837; x_wconf 84' lang='grc' dir='ltr'><strong>Ν.</strong></span> <span class='ocrx_word' id='word_1_788' title='bbox 1632 5783 1737 5841; x_wconf 67' lang='lat' dir='ltr'><strong>Set</strong></span> <span class='ocrx_word' id='word_1_789' title='bbox 1760 5785 1813 5841; x_wconf 89' lang='lat'><strong>8.</strong></span> 
     </span>
    </p>
   </div>
   <div class='ocr_carea' id='block_1_105' title="bbox 2142 4590 3696 4663">
    <p class='ocr_par' dir='ltr' id='par_1_105' title="bbox 2142 4590 3696 4663">
     <span class='ocr_line' id='line_1_105' title="bbox 2142 4590 3696 4663; baseline -0.006 -17"><span class='ocrx_word' id='word_1_790' title='bbox 2142 4591 2417 4654; x_wconf 89' lang='lat' dir='ltr'><strong>dissitum.</strong></span> <span class='ocrx_word' id='word_1_791' title='bbox 2467 4592 2785 4663; x_wconf 76' lang='lat' dir='ltr'><strong>ignorantia:</strong></span> <span class='ocrx_word' id='word_1_792' title='bbox 2840 4600 2897 4646; x_wconf 91' lang='lat' dir='ltr'><strong>et</strong></span> <span class='ocrx_word' id='word_1_793' title='bbox 2953 4591 3189 4661; x_wconf 87' lang='lat' dir='ltr'><strong>passioni</strong></span> <span class='ocrx_word' id='word_1_794' title='bbox 3239 4590 3531 4643; x_wconf 76' lang='lat' dir='ltr'><strong>obnoxium</strong></span> <span class='ocrx_word' id='word_1_795' title='bbox 3588 4596 3696 4645; x_wconf 79' lang='lat' dir='ltr'><strong>esse</strong></span> 
     </span>
    </p>
   </div>
   <div class='ocr_carea' id='block_1_106' title="bbox 2135 4676 3693 4751">
    <p class='ocr_par' dir='ltr' id='par_1_106' title="bbox 2135 4676 3693 4751">
     <span class='ocr_line' id='line_1_106' title="bbox 2135 4676 3693 4751; baseline -0.01 -13"><span class='ocrx_word' id='word_1_796' title='bbox 2135 4686 2479 4751; x_wconf 86' lang='lat' dir='ltr'><strong>statuebant;</strong></span> <span class='ocrx_word' id='word_1_797' title='bbox 2509 4685 2698 4739; x_wconf 84' lang='lat' dir='ltr'><strong>eodem</strong></span> <span class='ocrx_word' id='word_1_798' title='bbox 2737 4683 3087 4737; x_wconf 90' lang='lat' dir='ltr'><strong>fundamento</strong></span> <span class='ocrx_word' id='word_1_799' title='bbox 3132 4681 3293 4736; x_wconf 86' lang='lat' dir='ltr'><strong>nixus</strong></span> <span class='ocrx_word' id='word_1_800' title='bbox 3320 4676 3693 4751; x_wconf 85' lang='lat' dir='ltr'><strong>blasphemiam</strong></span> 
     </span>
    </p>
   </div>
   <div class='ocr_carea' id='block_1_107' title="bbox 2135 4766 3694 4845">
    <p class='ocr_par' dir='ltr' id='par_1_107' title="bbox 2135 4766 3694 4845">
     <span class='ocr_line' id='line_1_107' title="bbox 2135 4766 3694 4845; baseline -0.006 -10"><span class='ocrx_word' id='word_1_801' title='bbox 2135 4783 2276 4835; x_wconf 90' lang='lat' dir='ltr'><strong>hanc</strong></span> <span class='ocrx_word' id='word_1_802' title='bbox 2299 4779 2515 4835; x_wconf 91' lang='lat' dir='ltr'><strong>refellit.</strong></span> <span class='ocrx_word' id='word_1_803' title='bbox 2547 4778 2831 4839; x_wconf 80' lang='lat' dir='ltr'><strong>Nimirum,</strong></span> <span class='ocrx_word' id='word_1_804' title='bbox 2870 4776 3045 4845; x_wconf 78' lang='lat' dir='ltr'><strong>Logos</strong></span> <span class='ocrx_word' id='word_1_805' title='bbox 3088 4786 3171 4829; x_wconf 89' lang='lat' dir='ltr'><strong>est</strong></span> <span class='ocrx_word' id='word_1_806' title='bbox 3201 4776 3314 4843; x_wconf 90' lang='lat' dir='ltr'><strong>ipse</strong></span> <span class='ocrx_word' id='word_1_807' title='bbox 3339 4773 3473 4840; x_wconf 85' lang='lat' dir='ltr'><strong>Nus,</strong></span> <span class='ocrx_word' id='word_1_808' title='bbox 3503 4784 3555 4828; x_wconf 90' lang='lat' dir='ltr'><strong>et</strong></span> <span class='ocrx_word' id='word_1_809' title='bbox 3596 4766 3694 4819; x_wconf 80' lang='lat' dir='ltr'><strong>NUS</strong></span> 
     </span>
    </p>
   </div>
   <div class='ocr_carea' id='block_1_108' title="bbox 2133 4861 3688 4946">
    <p class='ocr_par' dir='ltr' id='par_1_108' title="bbox 2133 4861 3688 4946">
     <span class='ocr_line' id='line_1_108' title="bbox 2133 4861 3688 4946; baseline -0.012 -15"><span class='ocrx_word' id='word_1_810' title='bbox 2133 4886 2217 4931; x_wconf 92' lang='lat' dir='ltr'><strong>est</strong></span> <span class='ocrx_word' id='word_1_811' title='bbox 2245 4874 2423 4946; x_wconf 81' lang='lat' dir='ltr'><strong>Logos</strong></span> <span class='ocrx_word' id='word_1_812' title='bbox 2452 4890 2466 4927; x_wconf 90' lang='lat'><strong>:</strong></span> <span class='ocrx_word' id='word_1_813' title='bbox 2497 4873 2686 4927; x_wconf 89' lang='lat' dir='ltr'><strong>eadem</strong></span> <span class='ocrx_word' id='word_1_814' title='bbox 2714 4870 2943 4939; x_wconf 88' lang='lat' dir='ltr'><strong>proinde</strong></span> <span class='ocrx_word' id='word_1_815' title='bbox 2976 4869 3257 4935; x_wconf 84' lang='lat' dir='ltr'><strong>utriusque</strong></span> <span class='ocrx_word' id='word_1_816' title='bbox 3286 4877 3341 4922; x_wconf 92' lang='lat' dir='ltr'><strong>et</strong></span> <span class='ocrx_word' id='word_1_817' title='bbox 3381 4861 3688 4923; x_wconf 86' lang='lat' dir='ltr'><strong>substantia,</strong></span> 
     </span>
    </p>
   </div>
   <div class='ocr_carea' id='block_1_109' title="bbox 2139 4963 3689 5036">
    <p class='ocr_par' dir='ltr' id='par_1_109' title="bbox 2139 4963 3689 5036">
     <span class='ocr_line' id='line_1_109' title="bbox 2139 4963 3689 5036; baseline -0.01 -12"><span class='ocrx_word' id='word_1_818' title='bbox 2139 4978 2194 5024; x_wconf 93' lang='lat' dir='ltr'><strong>et</strong></span> <span class='ocrx_word' id='word_1_819' title='bbox 2221 4976 2444 5033; x_wconf 88' lang='lat' dir='ltr'><strong>natura,</strong></span> <span class='ocrx_word' id='word_1_820' title='bbox 2476 4975 2532 5019; x_wconf 88' lang='lat' dir='ltr'><strong>et</strong></span> <span class='ocrx_word' id='word_1_821' title='bbox 2562 4964 2847 5036; x_wconf 80' lang='lat' dir='ltr'><strong>perfectio.</strong></span> <span class='ocrx_word' id='word_1_822' title='bbox 2882 4963 3150 5017; x_wconf 66' lang='lat' dir='ltr'><strong>Praeterea</strong></span> <span class='ocrx_word' id='word_1_823' title='bbox 3195 4975 3422 5015; x_wconf 90' lang='lat' dir='ltr'><strong>necesse</strong></span> <span class='ocrx_word' id='word_1_824' title='bbox 3467 4966 3548 5012; x_wconf 89' lang='lat' dir='ltr'><strong>est</strong></span> <span class='ocrx_word' id='word_1_825' title='bbox 3586 4966 3689 5009; x_wconf 80' lang='lat' dir='ltr'><strong>eas.</strong></span> 
     </span>
    </p>
   </div>
   <div class='ocr_carea' id='block_1_110' title="bbox 2135 5043 3691 5131">
    <p class='ocr_par' dir='ltr' id='par_1_110' title="bbox 2135 5043 3691 5131">
     <span class='ocr_line' id='line_1_110' title="bbox 2135 5043 3691 5131; baseline -0.013 -18"><span class='ocrx_word' id='word_1_826' title='bbox 2135 5075 2257 5131; x_wconf 67' lang='lat' dir='ltr'><strong>qua:</strong></span> <span class='ocrx_word' id='word_1_827' title='bbox 2298 5073 2366 5114; x_wconf 78' lang='lat' dir='ltr'><strong>ex</strong></span> <span class='ocrx_word' id='word_1_828' title='bbox 2414 5056 2497 5110; x_wconf 77' lang='lat' dir='ltr'><strong>Nu</strong></span> <span class='ocrx_word' id='word_1_829' title='bbox 2524 5067 2651 5111; x_wconf 93' lang='lat' dir='ltr'><strong>sunt</strong></span> <span class='ocrx_word' id='word_1_830' title='bbox 2698 5055 3040 5118; x_wconf 86' lang='lat' dir='ltr'><strong>emissiones,</strong></span> <span class='ocrx_word' id='word_1_831' title='bbox 3098 5052 3341 5115; x_wconf 88' lang='lat' dir='ltr'><strong>ejusdem</strong></span> <span class='ocrx_word' id='word_1_832' title='bbox 3389 5043 3691 5105; x_wconf 68' lang='lat' dir='ltr'><strong>substantia:</strong></span> 
     </span>
    </p>
   </div>
   <div class='ocr_carea' id='block_1_111' title="bbox 2138 5133 3687 5220">
    <p class='ocr_par' dir='ltr' id='par_1_111' title="bbox 2138 5133 3687 5220">
     <span class='ocr_line' id='line_1_111' title="bbox 2138 5133 3687 5220; baseline -0.013 -14"><span class='ocrx_word' id='word_1_833' title='bbox 2138 5166 2280 5215; x_wconf 88' lang='lat' dir='ltr'><strong>esse,</strong></span> <span class='ocrx_word' id='word_1_834' title='bbox 2312 5152 2468 5220; x_wconf 87' lang='lat' dir='ltr'><strong>cujus</strong></span> <span class='ocrx_word' id='word_1_835' title='bbox 2515 5158 2574 5203; x_wconf 91' lang='lat' dir='ltr'><strong>et</strong></span> <span class='ocrx_word' id='word_1_836' title='bbox 2618 5142 2735 5218; x_wconf 74' lang='lat' dir='ltr'><strong>ip&#39;se</strong></span> <span class='ocrx_word' id='word_1_837' title='bbox 2767 5146 2901 5211; x_wconf 82' lang='lat' dir='ltr'><strong>Nus,</strong></span> <span class='ocrx_word' id='word_1_838' title='bbox 2933 5144 3204 5217; x_wconf 77' lang='lat' dir='ltr'><strong>perfectas</strong></span> <span class='ocrx_word' id='word_1_839' title='bbox 3243 5152 3298 5199; x_wconf 88' lang='lat' dir='ltr'><strong>et</strong></span> <span class='ocrx_word' id='word_1_840' title='bbox 3342 5133 3687 5213; x_wconf 78' lang='lat' dir='ltr'><strong>impassihiles</strong></span> 
     </span>
    </p>
   </div>
   <div class='ocr_carea' id='block_1_112' title="bbox 2139 5228 3689 5327">
    <p class='ocr_par' dir='ltr' id='par_1_112' title="bbox 2139 5228 3689 5327">
     <span class='ocr_line' id='line_1_112' title="bbox 2139 5228 3689 5327; baseline -0.011 -29"><span class='ocrx_word' id='word_1_841' title='bbox 2139 5255 2193 5298; x_wconf 88' lang='lat' dir='ltr'><strong>et</strong></span> <span class='ocrx_word' id='word_1_842' title='bbox 2238 5257 2455 5313; x_wconf 88' lang='lat' dir='ltr'><strong>semper</strong></span> <span class='ocrx_word' id='word_1_843' title='bbox 2504 5240 2708 5296; x_wconf 89' lang='lat' dir='ltr'><strong>similes</strong></span> <span class='ocrx_word' id='word_1_844' title='bbox 2760 5255 2883 5294; x_wconf 90' lang='lat' dir='ltr'><strong>cum</strong></span> <span class='ocrx_word' id='word_1_845' title='bbox 2944 5254 3007 5293; x_wconf 92' lang='lat' dir='ltr'><strong>eo</strong></span> <span class='ocrx_word' id='word_1_846' title='bbox 3067 5251 3439 5306; x_wconf 84' lang='lat' dir='ltr'><strong>perseverare,</strong></span> <span class='ocrx_word' id='word_1_847' title='bbox 3486 5228 3689 5327; x_wconf 77' lang='lat' dir='ltr'><strong>quieas</strong></span> 
     </span>
    </p>
   </div>
   <div class='ocr_carea' id='block_1_113' title="bbox 2140 5323 3683 5404">
    <p class='ocr_par' dir='ltr' id='par_1_113' title="bbox 2140 5323 3683 5404">
     <span class='ocr_line' id='line_1_113' title="bbox 2140 5323 3683 5404; baseline -0.012 -16"><span class='ocrx_word' id='word_1_848' title='bbox 2140 5335 2344 5389; x_wconf 90' lang='lat' dir='ltr'><strong>emisit.</strong></span> <span class='ocrx_word' id='word_1_849' title='bbox 2374 5335 2537 5404; x_wconf 88' lang='lat' dir='ltr'><strong>Atqui</strong></span> <span class='ocrx_word' id='word_1_850' title='bbox 2566 5333 2677 5389; x_wconf 83' lang='lat' dir='ltr'><strong>Nus</strong></span> <span class='ocrx_word' id='word_1_851' title='bbox 2702 5333 2900 5396; x_wconf 86' lang='lat' dir='ltr'><strong>Patris,</strong></span> <span class='ocrx_word' id='word_1_852' title='bbox 2932 5332 3063 5401; x_wconf 90' lang='lat' dir='ltr'><strong>ipsis</strong></span> <span class='ocrx_word' id='word_1_853' title='bbox 3091 5330 3389 5385; x_wconf 87' lang='lat' dir='ltr'><strong>fatentibus</strong></span> <span class='ocrx_word' id='word_1_854' title='bbox 3412 5323 3683 5385; x_wconf 70' lang='lat' dir='ltr'><strong>haereticis,</strong></span> 
     </span>
    </p>
   </div>
   <div class='ocr_carea' id='block_1_114' title="bbox 2137 5413 3686 5491">
    <p class='ocr_par' dir='ltr' id='par_1_114' title="bbox 2137 5413 3686 5491">
     <span class='ocr_line' id='line_1_114' title="bbox 2137 5413 3686 5491; baseline -0.005 -9"><span class='ocrx_word' id='word_1_855' title='bbox 2137 5427 2372 5483; x_wconf 79' lang='lat' dir='ltr'><strong>Verbum</strong></span> <span class='ocrx_word' id='word_1_856' title='bbox 2413 5427 2618 5484; x_wconf 85' lang='lat' dir='ltr'><strong>emisit.</strong></span> <span class='ocrx_word' id='word_1_857' title='bbox 2661 5424 2899 5482; x_wconf 86' lang='lat' dir='ltr'><strong>Necesse</strong></span> <span class='ocrx_word' id='word_1_858' title='bbox 2924 5434 3009 5479; x_wconf 89' lang='lat' dir='ltr'><strong>est</strong></span> <span class='ocrx_word' id='word_1_859' title='bbox 3054 5424 3235 5491; x_wconf 88' lang='lat' dir='ltr'><strong>itaque</strong></span> <span class='ocrx_word' id='word_1_860' title='bbox 3284 5421 3515 5477; x_wconf 87' lang='lat' dir='ltr'><strong>Verbum</strong></span> <span class='ocrx_word' id='word_1_861' title='bbox 3558 5413 3686 5483; x_wconf 66' lang='lat' dir='ltr'><strong>ejlﬂ‘</strong></span> 
     </span>
    </p>
   </div>
   <div class='ocr_carea' id='block_1_115' title="bbox 2136 5504 3682 5583">
    <p class='ocr_par' dir='ltr' id='par_1_115' title="bbox 2136 5504 3682 5583">
     <span class='ocr_line' id='line_1_115' title="bbox 2136 5504 3682 5583; baseline -0.013 -8"><span class='ocrx_word' id='word_1_862' title='bbox 2136 5521 2257 5575; x_wconf 89' lang='lat' dir='ltr'><strong>dem</strong></span> <span class='ocrx_word' id='word_1_863' title='bbox 2281 5532 2403 5573; x_wconf 89' lang='lat' dir='ltr'><strong>esse</strong></span> <span class='ocrx_word' id='word_1_864' title='bbox 2433 5518 2751 5574; x_wconf 74' lang='lat' dir='ltr'><strong>substantia:</strong></span> <span class='ocrx_word' id='word_1_865' title='bbox 2790 5532 2914 5573; x_wconf 89' lang='lat' dir='ltr'><strong>cum</strong></span> <span class='ocrx_word' id='word_1_866' title='bbox 2948 5513 3028 5570; x_wconf 84' lang='lat' dir='ltr'><strong>Nu</strong></span> <span class='ocrx_word' id='word_1_867' title='bbox 3072 5514 3277 5581; x_wconf 86' lang='lat' dir='ltr'><strong>Patris,</strong></span> <span class='ocrx_word' id='word_1_868' title='bbox 3303 5511 3594 5583; x_wconf 78' lang='lat' dir='ltr'><strong>perfectura</strong></span> <span class='ocrx_word' id='word_1_869' title='bbox 3635 5504 3682 5549; x_wconf 73' lang='lat' dir='ltr'><strong>et</strong></span> 
     </span>
    </p>
   </div>
   <div class='ocr_carea' id='block_1_116' title="bbox 2138 5596 3678 5683">
    <p class='ocr_par' dir='ltr' id='par_1_116' title="bbox 2138 5596 3678 5683">
     <span class='ocr_line' id='line_1_116' title="bbox 2138 5596 3678 5683; baseline -0.027 2"><span class='ocrx_word' id='word_1_870' title='bbox 2138 5610 2475 5683; x_wconf 65' lang='lat' dir='ltr'><strong>imPassihile</strong></span> <span class='ocrx_word' id='word_1_871' title='bbox 2504 5621 2555 5665; x_wconf 71' lang='grc' dir='ltr'><strong>σι·</strong></span> <span class='ocrx_word' id='word_1_872' title='bbox 2592 5624 2811 5682; x_wconf 74' lang='lat' dir='ltr'><strong>semper</strong></span> <span class='ocrx_word' id='word_1_873' title='bbox 2846 5608 3024 5665; x_wconf 86' lang='lat' dir='ltr'><strong>simile</strong></span> <span class='ocrx_word' id='word_1_874' title='bbox 3054 5620 3175 5662; x_wconf 88' lang='lat' dir='ltr'><strong>cum</strong></span> <span class='ocrx_word' id='word_1_875' title='bbox 3208 5620 3290 5661; x_wconf 90' lang='lat' dir='ltr'><strong>eo.</strong></span> <span class='ocrx_word' id='word_1_876' title='bbox 3316 5606 3373 5660; x_wconf 72' lang='grc' dir='ltr'><strong>4ο</strong></span> <span class='ocrx_word' id='word_1_877' title='bbox 3408 5623 3426 5655; x_wconf 71' lang='grc' dir='ltr'><em>α</em></span> <span class='ocrx_word' id='word_1_878' title='bbox 3472 5596 3678 5656; x_wconf 82' lang='lat' dir='ltr'><strong>Multum</strong></span> 
     </span>
    </p>
   </div>
  </div>
