3924 6354
243 340 335 397 997

1129 334 1593 391 DISSERTATIO
1631 334 1716 399 Ill,
1763 334 1851 388 DE
1886 333 2144 389 lllENlEl
2187 333 2562 391 DOCTRINA.

3366 338 3473 393 298

236 457 387 510 distat
426 456 666 510 omnium
714 453 881 511 Pater
922 456 991 510 ab
1044 456 1152 520 bis,
1183 472 1303 526 quae
1332 459 1659 527 proveniunt
1692 458 1790 512 ho-
1818 462 1866 518 Α
1894 456 2171 519 conditor,
2214 458 2301 511 liic
2352 457 2551 523 factor,
2586 457 2678 525 qui
2711 456 2841 511 fecit
2870 472 2933 511 ea
2970 471 3067 524 per
3090 459 3473 528 semetipsum,

234 549 468 611 minibus,
511 546 893 603 affectionibus
931 557 989 603 et
1025 549 1389 619 passionibus.
1449 570 1469 602 ι
1519 549 1609 604 Eae
1660 566 1788 606 vero

234 651 349 696 sunt
378 641 651 695 hominum
680 640 1000 697 affectiones
1027 651 1084 697 et
1127 644 1435 711 passiones,
1470 653 1530 697 ut
1559 644 1787 698 verbum

231 748 398 788 eorum
435 734 757 801 prolationis
804 734 1023 789 initium
1069 735 1291 799 habeat,
1321 746 1378 791 et
1422 746 1607 791 mente
1637 738 1789 806 cogi-

231 837 364 883 tante
396 829 666 896 posterius
694 829 940 898 genesim
991 829 1194 884 habeat
1240 831 1295 884 in
1345 838 1611 900 tempore.
1650 830 1786 885 Cum

227 934 346 987 ergo
372 918 607 973 Verbum
635 921 729 975 Dei
757 922 983 976 verbum
1024 922 1321 977 humanum
1363 922 1581 977 infinito
1616 936 1788 991 supe-

224 1022 300 1065 ret
324 1014 641 1079 intervallo,
678 1030 777 1069 nec
824 1015 1153 1084 prolationis
1204 1017 1418 1071 initium
1471 1019 1671 1071 habere
1694 1031 1790 1086 po-

224 1104 335 1167 tuit,
369 1118 465 1158 nec
496 1106 741 1174 genesim
773 1107 827 1161 in
857 1116 1123 1177 tempore.
1151 1107 1395 1178 Denique
1422 1109 1685 1178 quidquid
1733 1108 1786 1163 in

224 1193 325 1249 Deo
348 1206 442 1255 est,
476 1196 621 1251 Deus
656 1198 771 1266 ipse
809 1206 932 1253 est:
976 1213 1082 1254 nec
1115 1199 1260 1254 enim
1302 1199 1448 1253 aliud
1482 1200 1786 1269 antiquius,

224 1297 314 1335 nec
336 1283 627 1351 posterius,
657 1293 751 1338 aut
779 1285 925 1342 aliud
964 1286 1208 1351 alterius,
1244 1302 1338 1341 seu
1374 1303 1403 1340 a
1429 1301 1487 1341 se
1513 1286 1785 1341 diversum

224 1372 373 1426 habet
398 1374 452 1426 in
484 1388 587 1443 se;
620 1376 713 1430 sed
752 1383 900 1431 totus
936 1377 1167 1445 simplex
1212 1385 1316 1443 est,
1346 1385 1402 1431 et
1429 1392 1537 1433 non
1565 1391 1789 1444 compa.

221 1468 363 1535 situs,
388 1476 540 1525 totus
587 1470 838 1541 aequalis,
884 1480 941 1527 et
983 1472 1203 1530 similis.
1250 1483 1306 1529 ct
1346 1488 1487 1528 unus
1518 1481 1789 1542 'perseve-

223 1578 353 1617 rans.
378 1565 545 1634 Atqui
576 1563 810 1620 Verbum
835 1574 891 1619 et
914 1565 1152 1635 Spiritus
1175 1575 1396 1622 Sanctus
1425 1568 1477 1620 in
1512 1567 1620 1620 Deo
1640 1572 1785 1629 sunt,

221 1666 270 1708 et
296 1656 380 1709 Dei
430 1656 670 1711 Verbum
711 1668 765 1714 et
790 1658 1025 1727 Spiritus
1048 1665 1277 1713 sanctus
1321 1665 1488 1723 sunt;
1523 1673 1647 1711 nam
1676 1657 1789 1728 ipse

222 1748 349 1802 Deus
378 1748 648 1813 Verbum,
696 1757 841 1802 totus
882 1748 1142 1818 Spiritus,
1193 1757 1338 1803 totus
1386 1748 1586 1818 Logos,
1643 1758 1789 1802 totus

219 1840 335 1905 Nus,
367 1852 475 1894 etc.
530 1840 703 1910 Igitur
752 1842 988 1896 Verbum
1024 1853 1077 1896 et
1126 1841 1366 1909 Spiritus
1400 1850 1621 1897 sanctus
1663 1850 1789 1896 sunt

217 1930 451 2000 ejusdem
486 1946 613 1985 cum
657 1933 765 1986 Deo
798 1932 1117 1985 substantiae
1164 1941 1218 1984 et
1267 1941 1497 1997 naturae,
1542 1932 1785 1999 ejusdem

217 2039 329 2077 cum
373 2037 440 2077 eo
489 2022 843 2091 antiquitatis
868 2031 923 2074 et
972 2022 1315 2087 aeternitatis,
1361 2023 1486 2077 huic
1532 2024 1697 2079 coaevi
1734 2034 1788 2079 et

214 2113 735 2171 consubstantiales:
767 2127 874 2165 uno
899 2113 1087 2179 verbo,
1126 2110 1271 2167 Deus
1313 2112 1446 2181 ipse.
1477 2113 1618 2179 Quin
1672 2115 1789 2169 haec

214 2206 475 2273 ipsissima
526 2204 639 2258 sint
686 2202 880 2257 lrenmi
940 2212 1292 2272 argumenta,
1339 2204 1519 2258 nullus
1576 2206 1788 2260 inﬁcias

214 2296 358 2361 ierit,
386 2298 483 2365 qui
513 2298 583 2350 ad
622 2311 748 2351 mox
778 2296 944 2349 citata
972 2295 1308 2361 testimonia,
1336 2303 1620 2365 totumque
1638 2294 1785 2363 ejus-

212 2389 327 2442 dem
366 2403 593 2457 scopum
641 2388 945 2443 attenderit
978 2406 993 2442 :
1026 2387 1219 2441 eadem
1251 2397 1399 2441 certe
1440 2398 1787 2456 argumenta,

213 2478 410 2546 quibus
444 2480 708 2547 deinceps
737 2477 821 2531 usi
864 2485 995 2533 sunt
1037 2476 1141 2531 SS.
1172 2475 1363 2531 Patres
1398 2486 1590 2531 contra
1631 2478 1789 2530 Aria-

211 2586 305 2624 nos
343 2579 403 2626 et
448 2569 889 2635 Macedonianos,
923 2578 979 2623 et
1010 2577 1237 2623 utuntur
1281 2570 1584 2625 etiamnum
1638 2570 1789 2623 theo-

209 2662 311 2729 logi
382 2664 469 2716 adi
518 2661 939 2717 Socinianorum
1003 2661 1337 2731 impietatem
1412 2661 1789 2716 refellendam.

207 2755 408 2809 Eadem
432 2755 661 2823 proinde
703 2755 756 2807 in
783 2754 1027 2823 utrisque
1053 2755 1121 2809 de
1146 2754 1407 2824 mysterio
1436 2753 1791 2808 sanctissima:

206 2847 499 2901 Trinitatis
542 2847 697 2901 fides.
741 2846 853 2901 Nec
900 2857 1081 2901 tamen
1129 2846 1199 2900 iis
1246 2856 1537 2902 contentus
1582 2857 1792 2918 martyr

202 2940 609 3005 sanctissimus,
664 2938 751 2993 vel
810 2939 1000 2992 eadem
1048 2938 1213 2992 latius
1254 2937 1512 3005 explicat,
1554 2936 1636 2991 vel
1684 2938 1788 2992 alia

205 3034 443 3086 subinde
473 3031 705 3101 profert,
746 3029 970 3099 quibus,
1022 3044 1182 3098 quam
1233 3039 1380 3083 recte
1430 3038 1485 3083 et
1525 3030 1791 3085 catholice

202 3124 468 3190 senserit,
507 3124 680 3194 magis
711 3137 775 3178 ac
810 3125 984 3193 magis
1015 3123 1446 3177 demonstretur.

267 3223 367 3276 5|.
412 3220 571 3285 Quia,
598 3229 655 3273 ut
690 3218 825 3281 dixi,
878 3216 1150 3285 negabant
1204 3216 1449 3271 haeretici
1501 3215 1662 3271 Verbi
1698 3215 1790 3272 Dei

201 3313 594 3377 a‘terttitalem,
647 3309 1032 3380 ﬂngebantque
1076 3324 1177 3364 nec
1206 3310 1276 3363 ab
1309 3310 1427 3378 ipso
1460 3306 1645 3375 Patre,
1694 3325 1794 3365 nec

200 3430 226 3465 a
256 3414 445 3467 Verbo
496 3411 611 3480 ejus
653 3410 967 3465 immediate
994 3411 1271 3464 conditum
1316 3425 1440 3463 esse
1484 3412 1792 3479 aspectabi-

200 3507 302 3561 lem
354 3508 508 3560 hunc
559 3505 841 3566 mundum,
879 3504 973 3558 sed
1022 3522 1041 3556 ι
1095 3519 1123 3556 a
1179 3501 1391 3557 Virtute
1417 3502 1598 3573 aliqua
1635 3503 1795 3558 valde

201 3599 458 3652 inferiori
495 3597 562 3651 ab
593 3597 706 3661 illo,
737 3606 792 3649 et
820 3597 1111 3666 ignorante
1138 3594 1354 3651 Patrem
1382 3614 1397 3663 ;
1437 3616 1455 3647 ι
1501 3596 1606 3651 hoc
1642 3612 1794 3651 com-

200 3700 451 3744 mentum
479 3688 766 3743 confutans
794 3688 1027 3743 lrenmus
1063 3689 1154 3743 lib.
1195 3704 1256 3751 ιι,
1307 3703 1427 3757 cap.
1461 3687 1518 3752 2,
1555 3690 1794 3743 ostendit

201 3799 253 3835 ιι.
283 3783 322 3835 4
352 3791 409 3835 et
440 3782 475 3835 5
513 3781 760 3835 homines
807 3781 1032 3849 quidem
1085 3799 1104 3831 ‹
1158 3781 1345 3849 inopes
1406 3799 1427 3832 ι
1475 3796 1599 3835 cum
1655 3781 1788 3846 sint,

203 3891 225 3924 ι
262 3889 377 3928 nec
414 3872 632 3942 possint
678 3873 862 3927 statim
903 3872 1108 3941 aliquid
1157 3886 1225 3927 ex
1259 3884 1451 3941 parato
1494 3872 1788 3939 fabricare,

200 3970 455 4038 indigere
507 3967 692 4021 multis
722 3971 943 4037 organis
971 3967 1037 4021 ad
1075 3986 1093 4019 ι
1124 3968 1202 4020 rei
1232 3967 1461 4037 alicujus
1493 3985 1511 4017 ‹
1551 3967 1790 4022 fabrica-

202 4064 443 4114 tionem.
473 4060 759 4129 Proprium
797 4080 815 4113 ι
849 4072 1031 4115 autem
1072 4079 1090 4110 ι
1127 4075 1248 4115 esse
1278 4060 1385 4114 hoc
1423 4059 1518 4115 Dei
1563 4075 1789 4128 supere-

199 4153 519 4214 mi‘nentiaa,
546 4167 651 4204 non
677 4152 916 4223 indigere
940 4153 1063 4205 aliis
1089 4151 1308 4222 organis
1332 4152 1399 4204 ad
1423 4152 1788 4207 conditionem

197 4260 398 4299 eorum
456 4264 477 4296 ι
512 4244 599 4313 (ad
634 4245 917 4297 condenda
949 4248 1035 4312 ea)
1071 4261 1089 4294 ι
1123 4260 1243 4312 quae
1275 4244 1448 4309 fiunt;
1490 4251 1664 4313 neque
1686 4258 1788 4298 an-

195 4343 335 4409 gelis
364 4339 616 4407 indigere
662 4336 999 4405 adjutoribus
1042 4337 1109 4390 ad
1152 4351 1237 4402 ea,
1268 4351 1389 4405 quae
1428 4335 1583 4400 (lunt,
1614 4352 1790 4405 neque

201 4436 411 4486 virtute
436 4430 622 4499 aliqua
655 4429 809 4484 valde
858 4428 1105 4485 inferiori
1158 4431 1225 4485 ab
1262 4430 1374 4495 illo,
1403 4438 1459 4483 et
1503 4429 1789 4499 ignorante

1892 545 1991 599 hoc
2021 555 2106 600 est
2134 561 2231 615 per
2264 546 2500 601 Verbum
2549 556 2605 602 et
2654 546 2997 615 Sapientiam
3033 563 3213 612 suam,
3243 549 3475 612 caelum,

1888 646 1945 691 et
1974 647 2201 705 terram,
2232 649 2289 693 et
2332 639 2502 693 maria
2526 679 2542 704 ,
2589 648 2643 694 et
2671 641 2855 694 omnia
2909 654 3033 708 qua:
3066 640 3121 694 in
3169 640 3252 696 eis
3280 650 3427 705 ,sunt
3457 655 3472 693 :

1890 729 1980 784 hic
2000 731 2200 797 justus,
2240 730 2329 785 hic
2357 732 2554 798 bonus,
2591 741 2725 795 etc.,
2766 734 2854 786 hic
2900 734 3041 788 Deus
3086 734 3388 795 Abraham.
3419 742 3477 787 et

1892 818 2034 873 Dens
2078 819 2246 883 Isaac,
2298 832 2436 885 e'c.,
2489 820 2579 876 hic
2631 821 2794 876 Pater
2847 823 3062 877 Domini
3123 822 3473 878 nostri'Jesu

1889 911 2091 967 Christi
2122 927 2220 981 per
2250 911 2490 967 Verbum
2525 929 2705 978 suum,
2745 915 2836 983 qui
2871 924 2957 969 est
2990 913 3166 971 Filius
3191 915 3327 984 ejus,
3374 932 3473 984 per

1888 1018 2013 1058 eum
2047 1006 2323 1059 revelatur
2347 1015 2402 1059 et
2428 1006 2816 1062 manifestatur
2848 1009 3127 1072 omnibus,
3156 1028 3175 1062 ι
3203 1020 3310 1064 etc.
3346 1011 3474 1066 llmc

1891 1098 2057 1170 igitur
2098 1098 2239 1166 apud
2277 1098 2539 1153 lrenaum
2579 1110 2727 1153 certa
2773 1108 2829 1153 et
2864 1101 3264 1165 demonstrata,
3300 1117 3470 1154 unum

1893 1189 2057 1243 Deum
2095 1188 2282 1241 omnia
2311 1204 2561 1257 prorsus,
2609 1200 2718 1245 tam
2767 1192 3001 1246 visibilia
3030 1207 3196 1261 quam
3227 1193 3475 1253 invisibi-

1891 1280 1959 1333 lia
1992 1281 2323 1345 condidisse,
2352 1298 2584 1351 eumque
2636 1297 2779 1349 esse,
2818 1286 2909 1354 qni
2941 1286 3015 1341 sit
3062 1300 3227 1356 super
3251 1304 3471 1343 omnem

1890 1370 2391 1441 Principalitatem,
2438 1374 2793 1438 Potestatem,
2851 1359 3309 1447 Dominationem,
3360 1397 3473 1435 uno

1889 1463 2055 1518 verbo
2080 1481 2243 1533 supra
2269 1480 2459 1521 omnes
2482 1466 2719 1536 angelos,
2748 1478 2804 1522 et
2835 1470 3077 1525 omnium
3109 1469 3306 1539 Pater;
3341 1489 3475 1529 con—

1890 1555 2112 1621 didisse,
2148 1557 2393 1626 inquam,
2444 1573 2550 1611 non
2585 1573 2681 1627 per
2706 1574 2913 1630 organa
2956 1572 3011 1616 et
3040 1563 3407 1621 instrumenta
3441 1583 3470 1620 a

1890 1661 1949 1701 se
1981 1648 2219 1714 diversa,
2251 1659 2305 1704 et
2331 1649 2559 1704 alterius
2591 1666 2619 1703 a
2647 1666 2707 1706 se
2750 1664 2981 1719 naturae,
3028 1658 3124 1711 sed
3148 1673 3246 1726 per
3272 1669 3476 1713 semet-

1892 1742 2089 1812 ipsum,
2127 1744 2228 1797 hoc
2251 1752 2336 1798 est
2383 1758 2481 1814 per
2528 1744 2789 1812 Verbum,
2844 1748 3040 1803 Filium
3064 1764 3243 1815 suum,
3278 1764 3334 1807 et
3374 1755 3475 1809 Sa-

1891 1836 2151 1905 pientiam
2187 1852 2365 1903 suam,
2417 1838 2467 1891 id
2507 1849 2591 1893 est
2627 1840 2895 1909 Spiritum
2951 1855 3230 1909 sanctum,
3264 1856 3325 1900 nt
3358 1849 3476 1917 ipse

1889 1929 2126 1998 explicat
2156 1929 2246 1983 lib.
2278 1945 2352 1993 ιν,
2384 1946 2434 1985 c.
2469 1930 2566 1994 ευ,
2597 1949 2652 1986 ιι.
2697 1936 2723 1988 1
2764 1950 2782 1990 :
2818 1952 2836 1985 ι
2872 1933 2983 1991 Nec
3022 1938 3197 2002 enim,
3227 1940 3325 2004 ait,
3374 1944 3475 1997 bo-

1891 2035 2008 2073 rum
2042 2019 2408 2089 (angelorum)
2444 2021 2719 2090 indigebat
2743 2022 2885 2078 Deus
2914 2025 2981 2080 ad
3019 2027 3326 2083 faciendum
3356 2046 3477 2100 quin

1890 2111 2006 2181 ipse
2050 2114 2194 2180 apud
2247 2126 2307 2167 se
2346 2114 2750 2180 praedelinierat
2780 2116 2920 2183 fieri,
2976 2122 3134 2188 quasi
3184 2122 3302 2190 ipse
3350 2138 3480 2180 suas

1891 2217 1998 2255 non
2026 2201 2252 2257 haberet
2277 2218 2490 2258 manus.
2516 2205 2683 2259 Adest
2726 2207 2870 2260 enim
2902 2208 2950 2263 ei
2986 2224 3203 2279 semper
3237 2210 3475 2268 Verbum

1890 2300 1944 2347 et
1985 2294 2285 2362 Sapientia,
2326 2294 2498 2350 Filius
2544 2304 2600 2351 et
2646 2296 2914 2366 Spiritus,
2969 2315 3067 2369 per
3111 2318 3272 2371 quos,
3318 2314 3375 2359 et
3421 2306 3476 2359 in

1890 2386 2087 2454 quibus
2128 2386 2309 2440 omnia
2344 2387 2516 2443 libere
2549 2398 2603 2444 et
2631 2400 2825 2457 sponte
2862 2390 3012 2458 fecit,
3052 2396 3117 2447 ad
3145 2411 3283 2464 quos
3312 2408 3367 2451 et
3388 2396 3472 2450 Ιο-

1892 2478 2077 2543 quitur
2106 2479 2292 2534 dicens
2326 2497 2339 2532 :
2378 2478 2672 2534 Faciamus
2700 2482 2965 2537 hominem
3004 2486 3073 2538 ad
3101 2486 3383 2556 imaginem
3427 2502 3476 2543 et

1891 2571 2293 2625 similitudinem
2353 2584 2589 2626 nostram
2642 2574 2719 2638 ¹⁸;
2774 2574 2888 2643 ipse
2936 2590 2965 2628 a
3010 2579 3310 2647 semetipso
3351 2583 3480 2635 sub.

1894 2664 2151 2719 stantiam
2197 2675 2595 2729 creaturarum,
2648 2678 2702 2721 ct
2740 2668 3045 2736 exemplum
3097 2671 3390 2735 facturum,
3425 2686 3482 2730 et

1896 2758 2124 2828 figuram
2156 2758 2206 2810 in
2238 2758 2441 2811 mundo
2472 2770 2921 2813 ornamentorum
2972 2763 3269 2832 accipiens.
3307 2785 3325 2817 ι
3372 2766 3479 2819 Ea-

1895 2856 2117 2919 propter
2160 2848 2393 2903 Verbum
2443 2860 2498 2905 et
2549 2849 2811 2918 Spiritum
2869 2865 3120 2909 sam-tum
3175 2869 3333 2912 vocat
3381 2860 3481 2914 Dei

1894 2957 2105 3003 manus,
2140 2956 2245 2993 non
2272 2940 2363 2995 hic
2392 2944 2577 3005 modo,
2611 2946 2705 2997 sed
2730 2953 2789 2997 et
2825 2944 2877 2998 in
2904 2945 3146 3012 ejusdem
3174 2948 3294 3003 libri
3332 2949 3479 3005 Prae-

1895 3030 2121 3094 fatione,
2152 3043 2207 3085 et
2251 3031 2344 3087 lib.
2383 3049 2467 3097 ιιι,
2513 3049 2563 3087 c.
2610 3034 2703 3099 2f,
2734 3051 2788 3089 η.
2842 3037 2928 3092 10.
2970 3036 3077 3093 Eas
3120 3053 3251 3094 vero
3286 3056 3483 3095 manus

1896 3146 2019 3185 cum
2044 3138 2284 3201 opponat
2312 3132 2436 3187 aliis
2466 3135 2703 3205 organis,
2734 3146 2790 3190 et
2827 3135 3022 3190 Virtuti
3052 3138 3315 3207 inferiori,
3352 3143 3481 3199 hinc

1898 3224 2184 3281 manifeste
2221 3228 2490 3295 sequitur,
2524 3229 2762 3283 Verbum
2802 3239 2861 3284 et
2906 3231 3170 3299 Spiritqu
3227 3245 3480 3290 sanctum

1897 3332 1928 3371 a
1966 3317 2131 3372 Patre
2162 3318 2382 3386 quidem
2415 3318 2699 3389 distingui,
2732 3332 2921 3390 utpote
2967 3324 3295 3391 quibuscum
3339 3343 3477 3381 con-

1895 3396 2075 3465 silium
2125 3412 2349 3475 habeat,
2403 3412 2531 3465 dum
2582 3414 2660 3465 ait
2705 3410 3041 3468 :Faciamus
3092 3415 3352 3471 hominem
3408 3423 3477 3474 ad

1902 3500 2185 3570 imaginem
2214 3512 2260 3553 et
2292 3501 2696 3556 similitudinem
2728 3514 2961 3558 nostram
2989 3521 3008 3565 ;
3040 3522 3145 3561 non
3193 3519 3373 3563 tamen
3400 3513 3482 3564 in-

1895 3591 2140 3655 ferioris,
2194 3601 2251 3646 et
2296 3592 2523 3649 alterius
2589 3595 2658 3647 ab
2701 3608 2766 3649 eo
2820 3605 3032 3650 natura:
3089 3612 3265 3653 esse:
3315 3601 3479 3655 sicuti

1894 3684 2247 3752 proportione
2298 3694 2543 3750 serrata,
2595 3702 2788 3741 manus
2839 3687 3075 3743 hominis
3130 3705 3160 3743 a
3219 3706 3477 3761 corpore,

1894 3776 2050 3844 cujus
2075 3784 2202 3829 sunt
2237 3791 2456 3840 manus,
2503 3786 2695 3831 natura
2728 3788 2784 3832 et
2821 3778 3126 3833 substantia
3178 3797 3286 3837 non
3321 3783 3481 3841 diffe-

1894 3877 2041 3921 runt.
2070 3866 2183 3921 Ιιιιο
2215 3866 2504 3923 manifeste
2534 3884 2592 3923 se
2627 3869 2740 3939 ipse
2783 3871 3019 3939 explicat
3046 3871 3306 3939 irenteus,
3355 3893 3480 3932 cum

1894 3959 1992 4023 ait,
2028 3975 2194 4012 unum
2232 3958 2397 4011 Deum
2429 3960 2615 4014 omnia
2648 3959 2844 4017 fecisse
2869 3979 2962 4029 per
2985 3966 3344 4035 semetipsum,
3379 3969 3479 4021 hoc

1894 4063 1997 4118 est,
2028 4054 2198 4117 addit,
2228 4069 2322 4123 per
2378 4052 2605 4107 Verbum
2645 4066 2694 4108 et
2733 4053 3063 4123 Sapientiam
3099 4076 3277 4114 suam.
3343 4059 3478 4115 Ver-

1892 4147 2019 4200 bum
2056 4146 2220 4215 igitur
2261 4154 2315 4199 et
2345 4145 2582 4216 Spiritus
2616 4158 2841 4203 sanctus
2886 4160 3013 4205 sunt
3053 4167 3198 4206 unus
3247 4161 3304 4207 et
3336 4154 3477 4208 idem

1892 4252 2015 4292 cum
2052 4237 2210 4293 Patre
2240 4237 2409 4304 Deus,
2450 4253 2557 4293 una
2588 4249 2641 4294 et
2673 4241 2864 4296 eadem
2902 4258 3027 4296 cum
3072 4258 3139 4298 eo
3172 4247 3479 4302 substantia

1891 4341 1945 4385 et
1972 4340 2191 4385 natura.

1965 4422 2332 4495 [CXXIX]52.
2363 4424 2438 4478 Ex
2470 4423 2535 4480 iis
2562 4424 2834 4480 concludit
2859 4426 3113 4491 lrenmus,
3132 4427 3366 4483 Verbum
3386 4444 3481 4483 seu

196 4524 432 4580 Parem
461 4538 478 4587 ;
520 4521 614 4574 sed
644 4521 898 4577 idoneum
940 4536 1062 4577 esse
1100 4529 1156 4576 et
1190 4519 1465 4575 sumciens
1495 4522 1562 4575 ad
1591 4523 1793 4574 forma-
1824 4523 1868 4578 Ι)
1901 4514 2114 4579 Filium,
2139 4526 2192 4569 et
2219 4516 2480 4586 Spiritum
2511 4527 2784 4581 sanctum,
2814 4521 3008 4573 nedum
3038 4521 3197 4575 rebus
3227 4522 3482 4576 omnibus

196 4618 414 4671 tionem
444 4615 692 4667 omnium
724 4614 1003 4682 proprium
1049 4615 1168 4684 ejus
1219 4612 1483 4678 Verbum,
1530 4612 1790 4682 quemad-

198 4710 433 4763 modum
481 4714 537 4759 et
568 4702 807 4759 Joannes
845 4703 1058 4760 Domini
1103 4704 1404 4773 discipulus
1448 4706 1525 4758 ait
1565 4706 1633 4759 de
1675 4719 1784 4758 eo:

200 4801 406 4855 Omnia
432 4814 530 4867 per
558 4799 730 4866 ipsum
760 4797 906 4865 facta
950 4806 1070 4851 sunt
1091 4835 1107 4861 ,
1134 4806 1182 4849 et
1212 4797 1326 4850 sine
1349 4797 1464 4866 ipso
1491 4796 1691 4864 [actum
1718 4806 1792 4849 est

198 4893 337 4945 nihil
376 4891 443 4945 “.
482 4889 541 4943 ιιι
582 4891 838 4945 omnibus
887 4898 1067 4943 autem
1111 4900 1195 4943 est
1236 4899 1291 4943 et
1337 4890 1425 4943 hic
1456 4890 1549 4958 qui
1587 4898 1670 4943 est
1708 4905 1796 4943 se-

200 4987 451 5038 cundum
485 4998 609 5048 nos,
654 4982 911 5037 mundus.
960 4983 1027 5036 Et
1069 4984 1155 5036 hic
1191 4997 1321 5049 ergo
1348 4997 1377 5035 a
1407 4980 1583 5036 Verbo
1616 4981 1795 5036 factus

200 5086 301 5138 est,
346 5094 369 5125 ι
418 5084 529 5127 etc.
597 5073 796 5127 Eadem
858 5073 1167 5127 summatim
1233 5082 1485 5141 repetens
1534 5087 1652 5142 cap.
1702 5073 1791 5135 50,

202 5186 255 5222 n.
282 5169 367 5223 9:
408 5186 426 5217 ι
467 5166 642 5219 Deum
677 5160 852 5235 ipsum
890 5181 919 5219 a
944 5167 1245 5236 semetipso
1290 5165 1489 5219 fecisse
1532 5166 1700 5220 libere
1744 5177 1797 5221 ct

200 5277 266 5315 ex
302 5274 412 5315 sua
439 5265 733 5327 potestate,
764 5268 819 5311 et
847 5258 1202 5326 disposuisse,
1249 5269 1306 5310 et
1346 5256 1637 5325 perfecisse
1671 5272 1791 5310 0m-

204 5357 317 5415 nia,
359 5360 419 5405 et
448 5365 570 5405 esse
604 5350 967 5404 substantiam
996 5350 1234 5403 omnium
1268 5349 1600 5404 voluntatem
1629 5349 1747 5419 ejus
1776 5366 1789 5402 :

202 5445 397 5507 Solus,
425 5443 598 5504 addit,
628 5457 769 5496 unus
817 5442 958 5496 Deus
994 5440 1314 5507 fabricator,
1350 5443 1438 5496 hic
1470 5442 1562 5511 qui
1587 5452 1669 5497 est
1696 5457 1790 5495 su-

202 5554 301 5599 per
326 5551 550 5589 omnem
581 5534 1074 5603 Principalitatem,
1107 5545 1162 5591 et
1205 5535 1561 5600 Potestatem,
1603 5545 1658 5590 et
1681 5534 1790 5588 Do-

204 5630 589 5692 minationem,
624 5636 675 5682 et
709 5628 981 5682 Virtutem
1011 5644 1025 5681 :
1062 5631 1149 5683 hic
1175 5629 1354 5697 Pater,
1384 5631 1470 5686 hic
1505 5629 1669 5697 Deus,
1697 5630 1789 5685 bic

278 5788 324 5817 “
354 5785 514 5840 Joan.
549 5802 585 5845 ι,
624 5787 678 5839 3.
759 5786 800 5816 "
832 5786 969 5840 Gen.
1002 5802 1039 5850 ι,
1069 5786 1158 5839 '26.

544 5888 820 5939 t'xruoc.
858 5880 974 5940 Gn.
1018 5886 1151 5945 Vll.

1897 4608 2095 4663 creatis
2113 4611 2517 4678 praeexstitisse,
2537 4612 2629 4665 sed
2650 4620 2701 4666 et
2732 4612 2829 4680 ipsi
2852 4612 2999 4666 Patri
3019 4628 3236 4681 semper
3248 4614 3484 4668 coexsti-

1898 4701 2048 4766 tisse,
2070 4717 2134 4756 ac
2160 4712 2463 4758 coaeternus
2487 4704 2673 4759 fuisse.
2702 4706 2841 4758 Deus
2863 4705 3128 4772 siquidem
3155 4724 3172 4755 ι
3199 4720 3483 4760 suassem-

1892 4808 1987 4861 per
2004 4795 2195 4849 habuit
2226 4812 2417 4851 manus
2446 4814 2458 4849 :
2488 4798 2646 4851 adest
2674 4797 2819 4850 enim
2847 4797 2894 4850 ei
2915 4811 3131 4866 semper
3158 4797 3395 4851 Verbum
3428 4807 3477 4852 et

1892 4884 2197 4953 Sapientia,
2237 4887 2410 4942 Filius
2444 4899 2498 4941 et
2547 4887 2805 4957 Spiritus.
2853 4905 2872 4938 ι
2910 4886 2977 4939 Ει
3014 4886 3108 4943 lib.
3138 4902 3200 4951 ιι,
3230 4902 3351 4955 cap.
3386 4887 3479 4951 '50,

1894 4994 1949 5031 ιι.
1998 4978 2053 5034 9.
2102 4997 2122 5031 ι
2180 4978 2409 5048 Semper
2465 4990 2646 5035 autem
2694 4980 3034 5035 coexsistens
3086 4976 3260 5033 Filius
3308 4977 3479 5044 Patri,

1892 5071 2021 5125 olim
2074 5082 2130 5125 et
2173 5073 2240 5126 ab
2275 5073 2430 5126 initio
2476 5087 2693 5142 semper
2740 5071 2947 5126 revelat
2988 5069 3234 5134 Patrem,
3279 5082 3335 5124 et
3381 5086 3483 5124 an-

1895 5165 2049 5235 gelis,
2076 5173 2129 5219 et
2160 5166 2531 5235 archangelis,
2562 5174 2617 5220 et
2650 5163 3037 5227 Potestatibus,
3063 5173 3121 5218 et
3152 5164 3483 5228 Virtutibus,

1900 5270 1955 5314 et
1985 5262 2264 5327 omnibus,
2297 5263 2495 5330 quibus
2528 5261 2641 5314 vult
2675 5260 2917 5315 revelare
2942 5258 3133 5313 Deus.»
3160 5257 3224 5311 Et
3248 5272 3348 5325 cap
3389 5255 3479 5317 εὖ.

1899 5370 1955 5408 n.
2008 5352 2062 5415 8.
2112 5356 2383 5409 rationem
2456 5352 2693 5408 afferens
2737 5368 2835 5407 cur
2886 5351 3124 5421 plurima
3183 5350 3323 5412 sint,
3365 5364 3484 5415 qu:e

1901 5445 2103 5499 mentis
2138 5445 2387 5499 humana:
2422 5455 2643 5514 captum
2677 5450 2957 5512 superant,
2998 5455 3228 5511 quaeque
3258 5438 3485 5508 proinde

1898 5538 2172 5593 curiosius
2212 5546 2265 5591 et
2315 5536 2608 5591 sollicitius
2658 5551 2687 5589 a
2738 5536 2898 5590 nobis
2943 5530 3318 5601 investiganda
3375 5545 3481 5583 non

1899 5630 2038 5698 sint;
2091 5630 2249 5685 docet
2296 5628 2391 5683 Dei
2429 5628 2640 5693 solius,
2688 5642 2718 5680 a
2770 5640 2880 5696 quo
2928 5624 3073 5679 facta
3120 5631 3249 5676 sunt
3281 5622 3485 5683 omnia,

3131 5868 3203 5925 10
