3924 6354
493 266 598 320 ἓ99

1310 256 1905 315 DISSERTATIONES
1945 253 2249 311 ΡιιιΕνιᾹῖ
2286 254 2350 308 ΙΝ
2390 252 2648 309 lRENz’EI
2690 252 2954 309 LIBROS.

3618 257 3703 313 ὃ(ιο

492 382 775 459 proprium
807 395 927 436 esse
958 379 1140 435 omnia
1174 392 1367 442 nosse;
1413 378 1688 431 hominem
1732 390 1864 429 vero
1901 391 1919 424 σ
1957 387 2079 426 esse
2108 378 2153 433 Α
2251 371 2346 424 5'5.
2386 369 2494 424 Nec
2537 386 2665 424 vero
2708 370 2912 425 lrenaao
2958 367 3093 422 satis
3142 368 3242 421 luit
3279 368 3529 438 probasse
3569 374 3707 434 divini

494 477 547 528 in
578 472 851 527 inﬁnitum
884 470 1150 525 minorem
1177 468 1320 531 Deo;
1348 486 1367 519 ι
1390 478 1447 521 et
1478 486 1497 518 ι
1527 467 1580 520 in
1609 478 1874 535 quantum
1900 464 2077 519 minor

490 571 577 617 est
601 563 670 616 ab
701 576 767 616 eo
792 560 885 630 qui
927 558 1106 613 factus
1138 574 1247 611 non
1276 567 1391 621 est,
1448 566 1502 611 et
1550 558 1641 624 qui
1686 570 1902 623 semper
1933 555 2074 609 idem

489 662 593 719 est,
631 654 684 706 in
726 662 937 706 tantum
969 651 1269 704 secundum
1299 648 1625 710 scientiam,
1656 654 1713 700 et
1754 648 1819 699 ad
1855 645 2076 699 investi-

486 747 722 814 gandum
781 758 978 798 causas
1037 742 1303 803 omnium,
1362 739 1628 791 minorem
1681 752 1803 791 esse
1862 751 1928 792 eo
1981 735 2072 804 qui

487 844 640 900 fecit.
681 862 701 896 ι
736 842 852 896 Νοιι
879 840 1024 895 enim
1050 880 1065 905 ,
1093 839 1210 904 ait,
1244 856 1261 887 ι
1295 836 1535 890 infectus
1567 852 1645 901 es,
1679 851 1712 891 ο
1746 836 1930 900 homo,
1970 851 2071 891 ne-

489 948 595 1001 que
622 946 842 1001 semper
879 928 1253 984 coexsistcbas
1282 927 1391 980 Deo
1412 969 1427 993 ,
1471 926 1614 982 sicut
1645 928 1921 998 proprium
1953 926 2073 995 ejus

490 1023 768 1087 Verbum;
811 1022 906 1079 sed
938 1030 1165 1092 propter
1208 1019 1539 1074 eminentem
1596 1020 1897 1073 bonitatem
1930 1018 2068 1085 ejus,

486 1133 628 1173 nunc
676 1118 889 1172 initium
948 1116 1171 1168 facturae
1220 1114 1520 1183 accipiens,
1570 1114 1774 1168 sensim
1830 1113 1997 1168 discis
2039 1128 2067 1168 a

485 1212 664 1268 Verbo
692 1210 1082 1281 dispositiones
1113 1210 1231 1273 Dei,
1282 1209 1372 1277 qui
1427 1218 1479 1262 te
1517 1208 1671 1262 fecit.
1710 1233 1729 1266 ι
1785 1207 1910 1263 Ideo
1938 1222 2069 1279 ergo

482 1305 632 1358 tinita
665 1312 768 1371 est,
803 1302 1159 1371 angustisque
1199 1309 1477 1355 coarctata
1518 1299 1786 1355 tinnitibus
1826 1299 2066 1356 hominis

483 1396 737 1463 scientia,
769 1396 898 1465 quia
930 1412 948 1447 ‹
992 1392 1209 1448 initium
1264 1393 1491 1447 facturae
1535 1392 1769 1462 accepit,
1801 1410 1819 1444 ι
1870 1400 1925 1446 et
1953 1410 1972 1443 ι
2011 1393 2064 1447 in

479 1488 753 1545 infinitum
804 1488 984 1541 minor
1034 1495 1122 1540 est
1168 1486 1310 1551 Deo;
1362 1503 1379 1536 ι
1430 1483 1552 1540 ideo
1587 1498 1718 1538 vero
1769 1483 1928 1538 Verbi
1970 1483 2063 1538 Dei

478 1578 708 1632 scientia
742 1575 954 1629 infinita
984 1616 999 1639 ,
1043 1574 1171 1645 quia
1223 1575 1476 1643 infectum
1525 1584 1633 1639 est,
1668 1576 1888 1644 Deoque
1926 1591 2065 1630 sem-

478 1684 575 1736 per
606 1670 908 1724 coexstitil.
945 1669 1144 1722 Eadem
1178 1668 1316 1722 ratio
1354 1677 1457 1731 est,
1491 1684 1654 1737 quam
1688 1666 1843 1723 aﬂ‘ert
1865 1668 1958 1723 lib.
1985 1683 2059 1733 Iv,

2184 465 2344 520 Verbi
2373 472 2428 519 et
2465 465 2698 534 Spiritus
2720 464 2897 519 sancti
2924 462 3308 528 aeternitatem,
3341 466 3431 519 sed
3459 471 3708 540 causaeju-

2178 555 2362 625 gutum
2392 566 2585 625 petens
2603 557 2805 625 passim
2849 552 3046 608 asserit
3076 563 3131 609 et
3166 555 3499 612 demonstrat
3528 570 3709 616 utrum-

2179 663 2283 718 que
2315 647 2463 702 Patri
2500 646 3027 704 consubstantialem
3077 660 3231 713 esse,
3264 648 3498 716 ejusdem
3526 668 3631 707 cum
3656 670 3713 710 eo

2177 751 2388 796 natura:
2414 752 2469 795 et
2501 742 2823 797 substantiae
2852 756 2868 796 :
2892 743 3144 811 quamvis
3169 742 3221 797 id
3252 744 3389 798 satis
3419 756 3588 813 aperte
3606 765 3715 802 cou-

2173 841 2440 900 sequatur
2479 848 2546 885 ex
2588 833 2857 887 hactenus
2888 833 3072 888 dictis.
3113 833 3248 888 Nam
3291 848 3354 887 ex
3399 834 3465 889 S.~
3506 838 3713 895 doctoris

2172 924 2476 994 principiis,
2515 925 2881 995 quodcunque
2910 925 3167 981 infectum
3199 936 3307 992 εει,
3334 936 3388 982 et
3422 928 3537 984 sine
3561 931 3715 999 initio,

2172 1029 2299 1070 vere
2352 1024 2407 1068 et
2450 1015 2886 1070 substantialiter
2940 1018 3081 1073 Deus
3124 1028 3237 1072 est:
3273 1018 3391 1086 Quo
3440 1022 3714 1077 certissimo

2169 1101 2438 1171 principio
2470 1102 2663 1169 probat
2695 1104 2791 1159 lib.
2828 1121 2928 1173 ιιι,
2980 1121 3103 1175 cap.
3150 1106 3204 1171 8,
3237 1125 3292 1162 n.
3320 1109 3354 1162 ἓ
3380 1119 3434 1164 et
3457 1112 3511 1177 5,
3550 1130 3567 1164 ι
3599 1115 3715 1169 nihil

2169 1191 2468 1261 quidquam
2504 1207 2567 1247 ex
2602 1193 2688 1247 his
2717 1209 2839 1264 qua:
2877 1198 3169 1251 constituta
3193 1239 3209 1266 ,
3239 1209 3294 1253 et
3326 1201 3379 1254 in
3416 1201 3719 1270 subjectione

2167 1292 2314 1346 sunt,
2358 1303 2377 1336 ι
2417 1298 2516 1338 nec
2562 1285 2790 1353 proinde
2836 1287 3094 1359 Angelos,
3124 1292 3517 1363 Arehangelos,
3545 1306 3664 1361 elc.,
3692 1313 3717 1351 a

2168 1375 2278 1431 Deo
2313 1380 2639 1432 constitutos
2668 1389 2722 1433 et
2753 1378 2929 1435 factos
2959 1396 3057 1450 per
3086 1382 3330 1438 Verbum
3367 1386 3504 1455 ejus,
3540 1398 3593 1442 et
3637 1406 3718 1459 per

2167 1468 2430 1539 Spiritum
2455 1472 2569 1526 oris
2599 1472 2734 1541 ejus,
2765 1488 2861 1543 per
2892 1488 3052 1543 quem
3095 1475 3224 1529 .cceli
3271 1476 3475 1532 firmati
3507 1492 3645 1547 sunt,
3671 1492 3720 1537 et

2164 1564 2347 1619 omnis
2377 1565 2554 1620 virtus
2575 1580 2788 1633 eorum,
2835 1569 3044 1623 auctori
3076 1584 3175 1624 suo
3206 1573 3515 1640 comparari
3561 1589 3719 1643 posse.

2164 1656 2380 1712 lntinite
2408 1658 2554 1712 enim
2599 1660 2802 1713 distant
2851 1676 2871 1711 ‹
2912 1675 3033 1729 quae
3069 1663 3365 1718 constituta
3410 1675 3535 1720 sunt
3572 1668 3635 1720 ab
3662 1682 3718 1720 eo

478 1734 527 1817 c.
564 1764 653 1828 15,
685 1780 739 1819 n.
766 1764 821 1827 4,
862 1773 918 1816 ιιι
957 1768 1187 1832 probet,
1217 1761 1452 1817 Verbum
1486 1734 1753 1828 divinum,
1781 1764 1923 1831 quod
1957 1764 2048 1818 ho-

2162 1751 2253 1820 qui
2280 1753 2587 1817 constituit,
2635 1763 2689 1807 et
2733 1769 2853 1823 qua:
2901 1754 3041 1809 facta
3083 1766 3207 1810 sunt
3246 1757 3314 1812 ab
3356 1773 3423 1814 eo
3468 1760 3556 1830 qui
3588 1759 3719 1813 fecit.

477 1858 688 1911 minum
719 1856 876 1911 saluti
911 1872 1127 1926 semper
1161 1855 1534 1921 consuluerit,
1572 1865 1629 1911 et
1658 1856 1895 1911 Abrahae
1920 1857 2055 1911 ami-

474 1950 665 2003 citium
699 1950 997 2005 conciliare
1020 1949 1122 2004 sibi
1145 1949 1311 2004 veluti
1344 1950 1640 2013 studuerit,
1672 1965 1779 2003 non
1810 1949 2057 2020 indigen-

478 2043 547 2096 tia
581 2042 799 2097 fecisse.
837 2060 857 2093 ι
892 2040 998 2097 Sed
1026 2056 1203 2111 neque
1235 2042 1471 2097 Abrahre
1502 2042 1800 2097 amicitiam
1834 2052 2056 2113 propter

474 2134 826 2203 indigentiam
864 2134 1160 2203 assumpsit
1201 2132 1297 2187 Dei
1359 2132 1619 2197 Verbum,
1671 2134 1941 2189 exsistens
1986 2134 2055 2188 ab

474 2227 632 2281 initio
656 2226 927 2295 perfectus
958 2227 1287 2294 :Antequam
1308 2227 1579 2279 Abraham
1607 2238 1759 2289 esset,
1782 2241 1874 2295 ego
1913 2241 2053 2291 sum,

474 2316 653 2386 inquit
674 2318 718 2349 ¹⁸
767 2337 781 2386 ;
856 2316 949 2371 sed
996 2326 1054 2369 ut
1102 2316 1204 2385 ipsi
1253 2316 1485 2371 Abraha:
1513 2317 1745 2372 donaret
1796 2325 2055 2372 aeternam

472 2411 666 2475 vitam,
702 2409 976 2465 exsistens
1004 2409 1073 2463 ab
1114 2408 1269 2464 initio
1302 2410 1499 2475 bonus,
1528 2410 1786 2479 quoniam
1814 2408 2055 2463 amicitia

476 2499 572 2556 Dei
609 2498 1038 2555 immortalitatis
1087 2508 1172 2553 est
1215 2498 1574 2553 condonatrix
1604 2498 1690 2553 his
1731 2499 1825 2567 qui
1867 2513 2058 2569 aggre-

474 2594 704 2648 diuntur
737 2607 881 2646 eam.
912 2610 930 2642 ι
962 2589 1178 2646 Nullius
1211 2590 1377 2660 igitur
1405 2590 1485 2645 rei
1518 2590 1763 2658 indigum
1796 2589 1891 2645 Dei
1920 2589 2060 2647 Ver-z

469 2680 624 2746 bum,
663 2682 789 2751 quia
820 2682 1036 2737 exsistit
1073 2682 1141 2737 ab
1172 2683 1329 2737 initio
1360 2683 1661 2753 perfectum
1683 2728 1697 2751 ,
1738 2695 1795 2742 et
1824 2687 2048 2756 bonum,

468 2788 533 2827 ac
570 2773 694 2829 fons
737 2776 980 2829 omnium
1019 2777 1332 2843 bonorum;
1387 2778 1636 2848 Deusque
1685 2790 1877 2835 natura
1925 2798 2046 2836 cum

468 2866 563 2933 sit,
597 2867 789 2922 amicis
822 2868 938 2923 suis
970 2869 1138 2925 donat
1169 2880 1432 2924 aeternam
1463 2872 1628 2925 vitam
1668 2882 1723 2927 et
1762 2875 2046 2928 immorta-

467 2958 707 3014 litatem.
750 2960 818 3014 Et
864 2961 995 3017 hinc
1037 2963 1204 3019 infert
1252 2966 1492 3025 Irenaeus
1532 2968 1803 3037 principio
1854 2968 2048 3038 capitis

2160 1844 2276 1914 Ipse
2324 1846 2470 1900 enim
2531 1847 2783 1917 infectus,
2816 1859 2873 1904 et
2906 1852 3023 1905 sine
3059 1850 3250 1916 initio,
3291 1850 3481 1906 etsine
3523 1852 3722 1914 fine,et

2160 1938 2360 1993 nullius
2400 1937 2673 2009 indigens,
2710 1941 2825 2009 ipse
2854 1941 2955 1995 sibi
3002 1940 3296 2007 suﬂiciens,
3326 1951 3381 1994 et
3408 1940 3584 1995 adlmc
3614 1940 3724 1994 reti-

2158 2034 2284 2100 quis
2322 2031 2595 2096 omnibus,
2634 2042 2695 2087 ut
2734 2034 2867 2100 sint,
2912 2042 3213 2102 praestans;
3246 2049 3368 2103 qua:
3416 2049 3546 2088 vero
3571 2033 3634 2087 ab
3662 2050 3719 2087 eo

2158 2133 2285 2178 sunt
2320 2120 2489 2189 facta,
2525 2124 2738 2177 initium
2763 2135 3129 2194 sumpserunt.
3174 2124 3526 2196 Quaecunque
3556 2138 3719 2182 autem

2156 2217 2374 2271 initium
2409 2224 2782 2287 sumpserunt,
2825 2225 2881 2273 et
2902 2218 3319 2274 dissolutionem
3352 2232 3583 2290 possunt
3614 2238 3723 2291 perv

2154 2311 2362 2379 cipere,
2421 2320 2478 2365 et
2526 2308 2770 2379 subjecta
2809 2321 2960 2375 sunt,
2999 2321 3054 2366 et
3092 2313 3338 2383 indigent
3383 2314 3505 2384 ejus
3547 2316 3633 2385 qui
3677 2329 3727 2369 se

2154 2401 2285 2457 fecit
2314 2421 2327 2455 :
2364 2417 2589 2459 necesse
2615 2414 2700 2458 est
2724 2405 3071 2470 omnimodo,
3103 2405 3179 2458 uti
3212 2404 3477 2461 dill‘erens
3504 2406 3725 2461 vocabu-

2154 2500 2264 2552 lum
2316 2497 2576 2564 habeant,
2622 2499 2765 2567 apud
2815 2514 2910 2555 eos
2953 2500 3141 2564 etiam,
3187 2500 3277 2568 qui
3333 2499 3421 2555 vel
3469 2499 3727 2555 modicum

2152 2606 2372 2646 sensum
2406 2592 2462 2647 in
2498 2592 2863 2648 discernenda
2900 2591 3030 2647 talia
3060 2593 3263 2646 habent
3300 2608 3314 2645 :
3347 2594 3423 2647 ita
3462 2603 3523 2647 ut
3549 2594 3596 2647 is
3617 2593 3728 2660 qui-

2154 2686 2275 2738 dem
2307 2683 2401 2753 qui
2435 2685 2616 2738 omnia
2661 2683 2877 2746 fecerit,
2908 2699 3028 2738 cum
3069 2682 3247 2739 Verbo
3282 2699 3382 2740 suo
3404 2684 3558 2754 juste
3598 2685 3733 2739 dica-

2154 2787 2243 2831 tur
2266 2778 2409 2833 Deus
2434 2788 2490 2832 et
2518 2776 2782 2831 Dominus
2810 2777 2999 2843 solus;
3034 2792 3156 2846 qua:
3181 2788 3362 2831 autem
3402 2778 3551 2831 facta
3594 2786 3729 2840 sunt,

2150 2885 2256 2925 non
2285 2870 2396 2938 jam
2429 2868 2673 2938 ejusdem
2710 2869 2961 2924 vocabuli
2995 2868 3398 2938 participabilia
3446 2884 3575 2924 esse
3596 2910 3611 2930 ,
3642 2884 3732 2924 ne-

2148 2976 2255 3033 que
2291 2960 2439 3029 juste
2481 2959 2537 3014 id
2572 2957 2905 3014 vocabulum
2955 2972 3173 3014 sumere
3220 2958 3446 3025 debere,
3480 2961 3625 3029 quod
3658 2968 3734 3013 est

465 3053 772 3120 sequentis,
812 3072 831 3105 ε
868 3055 1028 3111 initio
1057 3072 1164 3112 non
1200 3060 1357 3128 quasi
1387 3060 1720 3129 indigentem
1753 3062 1923 3117 Deum
1950 3065 2048 3119 ho.
2075 3076 2117 3134 α
2151 3050 2450 3107 Creatoris.
2493 3068 2512 3103 ι
2554 3049 2681 3104 Haec
2708 3049 2873 3119 igitur
2906 3050 3047 3119 apud
3082 3049 3345 3105 lrenzum
3383 3052 3732 3107 certissima:

466 3144 651 3211 minis,
682 3145 1047 3215 plasmavisse
1077 3149 1274 3217 Adam,
1305 3153 1400 3208 sed
1438 3164 1496 3208 ut
1528 3154 1756 3209 haberet
1794 3155 1847 3209 in
1885 3171 2047 3226 quem

465 3236 768 3292 collocaret
815 3240 1079 3296 beneficia
1141 3258 1259 3297 sua.
1318 3244 1435 3299 Non
1496 3248 1642 3300 enim
1693 3247 1868 3301 solum
1920 3259 2047 3303 ante

460 3330 661 3391 Adam,
694 3330 788 3384 sed
819 3340 874 3385 et
900 3340 1027 3388 ante
1054 3348 1271 3390 onmem
1301 3337 1667 3393 conditionem
1708 3338 2048 3409 gloriﬁcabat

466 3421 710 3476 Verbum
744 3421 964 3477 Patrem
1013 3440 1191 3493 suum,
1247 3442 1476 3483 manens
1524 3430 1578 3484 in
1627 3445 1724 3494 eo;
1784 3443 1839 3489 et
1874 3433 2045 3503 ipsea

460 3512 628 3568 Patre
674 3512 1101 3584 clarificabatur,
1152 3519 1614 3587 quemadmodum
1713 3520 1829 3591 ipse
1893 3522 1969 3577 ait
2029 3540 2042 3577 :

464 3603 654 3670 Pater,
685 3606 928 3673 clari/ica
955 3622 1035 3660 me
1070 3609 1336 3675 claritate,
1379 3628 1539 3681 quant
1578 3614 1739 3667 habui
1790 3616 1934 3681 apud
1972 3624 2041 3684 te,

460 3699 773 3768 priusquam
801 3696 1023 3752 mundus
1040 3697 1185 3766 ﬁeret
1205 3698 1264 3753 ‘7.
1293 3718 1312 3750 ι
1340 3701 1587 3773 Denique
1614 3720 1735 3775 cap.
1772 3706 1862 3773 20,
1900 3726 1955 3763 ιι.
1985 3710 2041 3776 5,

463 3789 699 3859 probans
735 3790 882 3859 quod
911 3804 964 3842 η.
1006 3790 1025 3844 ι
1067 3791 1306 3855 dixerat,
1343 3810 1361 3844 ‹
1396 3793 1605 3848 Adesse
1642 3794 1794 3849 Patri
1825 3812 2041 3868 semper

465 3880 700 3936 Verbum
751 3893 807 3938 et
859 3882 1216 3953 Sapientiam,
1269 3883 1471 3938 Filium
1521 3896 1576 3941 et
1627 3887 1911 3958 Spiritum,
1943 3906 2041 3959 per

459 3986 619 4041 quos,
653 3980 707 4026 et
736 3972 790 4027 in
818 3974 1018 4043 quibus
1051 3978 1237 4030 omnia
1279 3975 1451 4031 libere
1482 3988 1537 4031 et
1570 3987 1763 4046 sponte
1804 3979 1936 4035 fecit
1963 3997 1978 4047 ;
2013 4001 2033 4035 ι

459 4067 575 4122 lucc
608 4065 818 4120 habet:
853 4085 872 4119 ι
909 4065 979 4119 Ει
1008 4068 1266 4136 quoniam
1318 4067 1578 4133 Verbum,
1622 4070 1674 4123 id
1726 4081 1810 4126 est
1842 4071 2033 4137 Filius,

457 4170 675 4227 semper
706 4172 831 4212 cum
872 4156 1036 4214 Patre
1077 4168 1221 4223 erat,
1271 4174 1368 4228 per
1410 4162 1580 4215 multa
1631 4162 2035 4219 demonstravi-

457 4265 600 4305 mus.
638 4249 910 4316 Quoniam
948 4258 1133 4304 autem
1168 4260 1224 4303 et
1268 4252 1572 4320 Sapientia,
1603 4269 1724 4322 quae
1749 4264 1835 4309 est
1860 4253 2038 4324 Spiri-

457 4352 569 4405 tus,
614 4350 736 4396 erat
780 4340 925 4410 apud
965 4356 1091 4396 eum
1124 4352 1253 4397 ante
1293 4359 1513 4401 omnem
1569 4348 2031 4416 constitutionem,

454 4446 551 4499 per
571 4433 923 4489 Salomonem
953 4434 1030 4488 ait
1060 4450 1076 4488 :

457 4541 595 4589 ram,
650 4527 859 4593 paravit
908 4536 1084 4579 autem
1126 4526 1307 4580 caelum
1359 4530 1637 4598 prudentia
1696 4531 1760 4596 ¹⁸,
1805 4542 1913 4587 etc.
1968 4534 2036 4588 Et

455 4631 646 4670 rursus
671 4634 685 4670 :
716 4616 973 4669 Dominus
998 4618 1194 4670 creauit
1226 4634 1306 4671 me
1337 4618 1656 4687 principium
1679 4621 1882 4675 viarum
1907 4640 2034 4678 sua-

456 4727 575 4764 rum
619 4712 675 4764 in
701 4728 863 4779 opera
893 4727 993 4764 sua
1026 4711 1092 4776 ιθ,
1125 4718 1236 4765 etc.
1340 4709 1486 4766 Unus
1534 4714 1702 4783 igitur
1742 4714 1905 4781 Deus,
1941 4716 2033 4786 qui

459 4800 638 4856 Verbo
667 4813 723 4856 et
757 4803 1039 4874 Sapientia
1098 4802 1249 4870 fecit,
1291 4812 1347 4857 et
1385 4807 1594 4874 aptavit
1626 4808 1830 4874 omnia,
1863 4829 1881 4861 ι
1919 4820 2030 4864 etc.

454 4892 626 4948 Filius
653 4893 817 4961 igitur
833 4904 891 4948 et
921 4892 1163 4963 Spiritus
1187 4905 1413 4951 sanctus
1444 4896 1524 4951 sic
1555 4902 1695 4967 apud
1726 4900 1892 4954 Deum
1922 4900 2027 4955 Pa-

455 4996 594 5039 trem
638 4983 861 5039 fuerunt
897 4996 1026 5041 ante
1057 5002 1308 5055 onmem,
1354 5004 1462 5043 non
1499 4989 1797 5043 visibilium
1848 4992 2028 5057 modo,

453 5078 548 5134 sed
602 5085 657 5133 et
709 5078 1090 5145 invisibilium,
1123 5092 1180 5136 et
1228 5080 1492 5147 Eonum,
1536 5098 1697 5151 quam
1755 5084 2031 5154 fingebant

452 5171 720 5235 haeretici,
775 5173 1249 5238 constitutionem,
1302 5182 1363 5227 ut
1396 5174 1544 5228 Patri
1590 5190 1808 5245 semper
1837 5176 2028 5231 adfue-

453 5264 581 5323 rint,
616 5262 715 5329 ipsi
743 5264 1023 5343 coaeterni,
1068 5279 1135 5319 ac
1185 5267 1387 5333 coaevi,
1424 5265 1683 5331 Verbum,
1728 5267 2026 5336 Sapientia,

449 5362 505 5408 et
539 5370 733 5409 manus
778 5353 981 5420 Patris,
1026 5357 1224 5425 quibus
1265 5373 1456 5413 carere
1496 5376 1775 5429 nunquam
1825 5362 2027 5430 potuit,

449 5448 703 5517 quamvis
747 5448 969 5518 Angelis
1013 5458 1108 5502 aut
1160 5448 1462 5505 Virtutibus
1502 5453 1856 5509 inferioribus
1905 5454 2028 5523 qui—

446 5538 638 5595 busvis
661 5538 822 5595 facile
851 5556 1070 5611 semper
1091 5556 1284 5597 carere
1313 5545 1573 5612 potuerit.

524 5719 746 5773 “Joatt.
781 5737 895 5786 vm,
940 5720 1022 5777 53.
1066 5720 1109 5753 ¹⁷
1136 5720 1290 5776 Joan.
1331 5740 1456 5791 xvu,
1494 5726 1544 5782 5.

1666 5729 1705 5757 ’⁸³
1738 5727 1895 5785 Prov.
1935 5744 2015 5794 ιιι,
2053 5730 2135 5797 i9,
2170 5729 2257 5783 20.

2152 3146 2255 3212 Qui
2295 3144 2529 3199 infectus
2562 3152 2673 3208 est,
2694 3151 2749 3196 et
2777 3143 2895 3197 sine
2922 3142 3102 3205 initio,
3134 3151 3189 3197 et
3214 3143 3333 3198 sine
3365 3143 3505 3209 ﬁne,
3540 3144 3734 3198 nullius

2150 3238 2422 3308 indigens,
2468 3246 2524 3291 et
2554 3237 2673 3306 ipse
2713 3236 2818 3290 sibi
2855 3234 3155 3300 suﬂiciens,
3203 3250 3353 3302 vere,
3406 3237 3640 3309 proprie
3678 3251 3737 3293 ac

2144 3327 2291 3399 juste
2326 3329 2533 3385 dicitur
2577 3329 2719 3383 Deus
2766 3336 2819 3383 et
2852 3327 3116 3382 Dominus
3156 3328 3308 3384 solus
3348 3346 3365 3385 :
3422 3332 3521 3401 qut
3562 3344 3737 3384 rerum

2148 3422 2392 3480 omnium
2424 3432 2635 3487 auctor,
2663 3422 2915 3477 conditor
2938 3434 2994 3476 et
3026 3421 3325 3476 fabricator
3358 3431 3476 3488 est,
3512 3422 3739 3477 infectus

2146 3522 2232 3569 est
2262 3522 2316 3569 et
2358 3513 2477 3569 sine
2523 3513 2702 3568 initio.
2738 3513 2903 3582 Atqui
2953 3527 3055 3568 nec
3100 3513 3279 3570 minus
3332 3526 3561 3570 certum
3599 3514 3737 3585 apud

2145 3604 2430 3671 Irenaeum,
2488 3603 2727 3659 Verbqu
2775 3613 2832 3658 et
2876 3604 3141 3675 Spiritum
3195 3615 3454 3661 sanctum
3523 3608 3737 3663 initium

2147 3712 2253 3755 non
2290 3696 2567 3762 habuisse,
2593 3695 2740 3750 Patri
2770 3710 2987 3765 semper
3008 3697 3272 3763 adfuisse,
3298 3699 3473 3768 eique
3503 3700 3740 3755 coexsti-

2144 3788 2314 3854 tisse;
2371 3788 2606 3845 Verbum
2653 3799 2709 3845 et
2755 3788 3019 3859 Spiritum
3063 3801 3313 3846 sanctum
3365 3807 3504 3848 cum
3539 3793 3739 3855 Patre,

2143 3882 2325 3936 omnia
2358 3883 2706 3948 condidisse;
2736 3886 2880 3938 unde
2922 3885 3232 3939 necessario
3265 3886 3741 3947 concludendum,

2141 3974 2381 4030 Verbum
2405 3984 2460 4029 et
2497 3974 2758 4044 Spiritum
2789 3985 3064 4041 sanctum,
3103 3992 3169 4030 ex
3209 3976 3447 4042 Irenaeo,
3474 3992 3607 4032 cum
3644 3976 3742 4029 Pa-

2142 4076 2224 4121 tre
2268 4066 2417 4136 juste
2453 4066 2558 4121 dici
2612 4074 2667 4120 et
2712 4082 2834 4122 esse
2875 4085 3039 4121 unum
3080 4069 3249 4123 Deum
3300 4084 3365 4124 ac
3415 4069 3741 4134 Dominum,

2139 4174 2414 4229 unamque
2448 4159 2612 4212 trium
2643 4174 2764 4213 esse
2796 4170 3047 4215 naturam
3084 4170 3139 4216 et
3178 4162 3588 4218 substantiam.
3633 4160 3739 4216 Sed

2139 4251 2203 4304 ad
2235 4250 2544 4304 institutum
2577 4263 2758 4307 redeo.

2208 4342 2300 4399 54.
2340 4343 2618 4408 llaretici,
2648 4344 2723 4398 uti
2751 4343 2888 4410 dixi,
2924 4345 3528 4414 comminiscebantur,
3576 4347 3741 4402 alium

1183 4434 1323 4489 Deus
1369 4440 1632 4507 sapientia
1663 4440 2037 4510 [undavitter-
2068 4417 2110 4471 D
2139 4456 2260 4496 esse
2309 4456 2627 4511 supremum
2679 4441 2921 4505 Patrem,
2967 4441 3134 4497 alium
3181 4443 3587 4515 Demiurgum,
3651 4462 3746 4501 seu

2135 4552 2315 4591 rerum
2349 4538 2592 4591 omnium
2645 4539 2989 4603 inferiorum,
3022 4545 3078 4592 et
3122 4538 3569 4605 aspectabilium
3614 4554 3747 4594 con-

2135 4628 2367 4682 ditorem
2401 4646 2416 4684 :
2450 4630 2596 4685 hunc
2640 4632 2843 4686 veteris
2884 4630 3018 4700 legis
3069 4643 3348 4685 auctorem
3408 4628 3628 4697 fuisse,
3661 4648 3752 4686 so-

2133 4719 2240 4774 lum
2277 4721 2331 4774 in
2368 4736 2428 4776 ea
2462 4721 2796 4778 celebratum
2825 4764 2839 4788 ,
2875 4732 2928 4779 et
2959 4722 3135 4777 solum
3174 4738 3203 4775 a
3238 4721 3453 4779 Judaeis
3488 4725 3747 4795 agnitum

2130 4818 2186 4863 et
2218 4810 2533 4874 adoratum;
2570 4811 2719 4865 illum
2753 4826 2883 4866 vero
2918 4812 3257 4881 incognitum
3280 4815 3581 4870 mansisse
3606 4829 3755 4870 sem-

2136 4916 2256 4970 per,
2293 4902 2466 4957 donec
2500 4902 2798 4974 Evangelio
2830 4904 3160 4967 lucescente,
3186 4903 3435 4972 Jesuque
3472 4905 3749 4977 (amante,

2135 4994 2225 5062 qui
2264 4994 2317 5048 in
2366 5008 2491 5048 eum
2542 4995 2847 5061 descendit,
2901 4995 3146 5065 Christo)
3199 4996 3527 5063 revelante,
3588 5005 3757 5052 notus

2135 5086 2312 5152 fieret,
2339 5104 2531 5143 novam
2567 5088 2740 5159 legem
2766 5090 3025 5144 conderet
3058 5102 3114 5145 et
3146 5079 3575 5158 promulgat-et.
3618 5090 3756 5143 Exi-

2136 5180 2490 5235 tiosissimum
2513 5182 2729 5253 dogma,
2747 5182 3014 5236 malorum
3037 5181 3280 5235 omnium
3298 5182 3758 5251 scaturiginem,

2135 5287 2429 5328 eversurus
2459 5275 2695 5330 tremens
2720 5285 2832 5329 toto
2866 5276 3007 5330 libro
3042 5291 3099 5329 ιιι
3138 5273 3351 5345 probat,
3395 5291 3589 5329 unum
3630 5289 3759 5329 esse

2138 5359 2308 5413 Deum
2363 5360 2626 5418 faetorem
2674 5362 2806 5421 caeli
2843 5377 2900 5418 et
2943 5374 3123 5426 terrae,
3166 5375 3219 5418 et
3251 5363 3569 5433 utriusque
3614 5365 3761 5436 legis.

2138 5468 2439 5520 auctorem,
2473 5459 2725 5529 huncquc
2768 5475 2889 5515 csse
2933 5460 3105 5529 ipsum
3153 5474 3439 5513 summum
3490 5457 3759 5525 Patrem,

2138 5557 2193 5602 et
2220 5548 2452 5605 Verbum
2475 5553 2611 5621 ejus,
2648 5569 2712 5607 ac
2741 5553 3011 5622 Spiritum
3065 5561 3336 5617 sanctum,
3392 5565 3515 5609 nec
3567 5552 3754 5607 alium

2341 5730 2381 5760 ¹⁹
2418 5729 2577 5784 Prov.
2624 5746 2740 5795 Vill,
2774 5730 2861 5785 ‘22.
