3924 6354
225 340 307 392 ΞΜ
1120 332 1578 391 DISSERTATIO
1615 330 1702 399 Ill,
1735 330 1823 385 DE
1850 330 2107 386 IRENEI
2144 331 2523 389 DOCTRINA.

3356 338 3462 391 302

222 470 441 522 unquam
496 469 526 506 a
569 453 689 525 lege
722 463 778 508 et
818 454 1100 524 prophetis
1151 455 1536 508 annuntiatum
1586 454 1777 517 fuisse,
1808 457 1855 514 Α
1889 452 1959 505 tis
1984 450 2203 505 fuerunt
2235 454 2647 520 praedicatores,
2670 462 2724 506 ct
2757 453 2987 523 apostoli
3014 453 3313 520 libertatis,
3354 457 3460 511 nisi

219 555 301 598 aut
332 546 397 599 ab
427 545 545 615 ipso
568 544 812 607 Christo,
842 543 1067 614 ejusque
1106 546 1371 614 apostolis
1412 556 1470 600 et
1499 545 1782 613 discipulis

216 638 440 706 agnitum
476 646 535 691 et
582 637 943 692 celebratum.
1000 637 1137 704 Quia
1190 652 1324 691 vero
1378 638 1783 705 respondebant

218 727 467 791 Gnostici,
497 741 652 791 eum,
688 742 850 798 quem
885 727 1071 782 mundi
1108 727 1447 783 conditorem
1482 727 1780 783 identidem

214 818 495 873 confitetur
521 818 704 884 Iesus,
738 833 1017 887 quemque
1059 829 1172 873 tum
1206 820 1343 889 ipse,
1392 828 1505 874 tum
1546 818 1779 888 aposmli

210 923 258 969 et
284 911 537 978 discipuli
566 909 683 979 ejus
715 910 882 966 Deum
918 911 1132 966 Patrem
1157 926 1221 967 ac
1250 911 1556 975 Dominum,
1597 925 1779 965 rermn

210 1003 441 1058 omnium
476 1002 870 1059 fabricatorem
896 1003 1099 1071 passim
1134 1005 1438 1073 appellant,
1467 1006 1643 1075 ipsum
1681 1006 1781 1060 De-

211 1096 471 1165 miurgum
506 1110 669 1162 esse;
708 1097 798 1165 qui
834 1097 1051 1166 quidem
1083 1096 1213 1152 licet
1254 1097 1395 1151 Deus
1437 1108 1628 1152 natura
1671 1113 1779 1152 non

212 1188 290 1249 sit,
328 1188 477 1256 quod
528 1196 710 1243 tamen
754 1204 934 1244 rerum
976 1190 1221 1245 omnium
1276 1189 1598 1245 inferiorum
1656 1206 1777 1257 rex,

214 1280 454 1334 dominus
480 1290 539 1335 et
573 1280 827 1336 conditor
870 1282 1203 1337 constitutus
1231 1284 1339 1351 sit,
1386 1282 1481 1337 Dei
1531 1284 1779 1354 appella-

213 1373 396 1427 tionem
424 1373 687 1437 sortitur,
714 1382 770 1428 et
806 1388 927 1429 eam
957 1375 1028 1429 ob
1064 1390 1179 1429 rem
1217 1384 1328 1429 tum
1364 1374 1436 1429 ab
1471 1375 1571 1443 iis,
1602 1386 1716 1430 tum
1748 1391 1779 1430 a

212 1464 479 1534 prophetis
514 1475 574 1518 et
607 1465 773 1519 veteri
808 1464 927 1536 lege
963 1466 1103 1521 Deus
1134 1476 1402 1531 vocatur;
1443 1468 1492 1522 id
1531 1470 1783 1523 confuta-

215 1567 351 1611 turus
382 1556 647 1620 lrenaaus,
681 1558 878 1628 prob‘at
912 1573 1031 1627 cap.
1063 1556 1119 1621 6,
1157 1576 1211 1613 ιι.
1244 1560 1293 1624 ι,
1318 1560 1487 1629 quod,
1527 1580 1546 1613 ι
1589 1559 1779 1632 Neque

216 1648 488 1714 Dominus,
533 1669 554 1701 ι
594 1648 817 1722 (veritas
868 1649 1106 1722 [CXXX]
1149 1667 1272 1706 cum
1326 1652 1419 1719 sit,
1474 1668 1575 1709 nec
1627 1669 1780 1708 men-

214 1744 388 1807 tiatur,
425 1751 492 1796 ut
514 1756 642 1813 cap.
674 1744 1003 1813 praecedenti
1035 1746 1080 1777 ¹⁰
1116 1745 1273 1814 dixit)
1320 1763 1340 1797 ι
1394 1760 1568 1815 neque
1606 1745 1783 1815 Spiri-

214 1844 289 1886 tus
354 1843 613 1900 sanctus,
663 1847 843 1903 neque
893 1830 1277 1899 apostolicum
1329 1837 1423 1904 qui
1475 1851 1580 1891 non
1634 1851 1781 1893 esset

216 1924 367 1989 Deus,
398 1924 687 1979 deﬁnitive
707 1934 760 1980 et
781 1926 1032 1982 absolute
1068 1926 1237 1982 Deum
1272 1910 1649 1985 nominassent
1677 1931 1779 1986 ali-

214 2019 439 2089 quando,
470 2019 580 2073 nisi
607 2027 755 2074 esset
784 2033 911 2075 vere
937 2021 1077 2076 Deus
1103 2038 1118 2087 ;
1153 2036 1328 2091 neque
1364 2022 1652 2077 Dominum
1685 2038 1782 2093 ap-

182 2113 499 2193 .pellassent
537 2112 779 2182 aliquem
812 2126 880 2166 ex
916 2126 1013 2166 sua
1058 2128 1311 2182 persona,
1350 2115 1455 2170 nisi
1479 2116 1570 2187 qui
1600 2118 1780 2172 domi-

214 2218 364 2259 natur
396 2204 646 2259 omnium
685 2221 701 2257 :
735 2203 781 2257 si
814 2204 1034 2272 quando
1065 2218 1197 2259 vero
1230 2204 1513 2275 Scriptura
1542 2222 1658 2271 eos,
1688 2212 1779 2279 qui

214 2313 313 2351 non
364 2304 494 2350 sunt
546 2295 644 2359 dii,
674 2295 937 2361 nominat,
993 2309 1099 2349 non
1153 2295 1207 2349 in
1266 2305 1437 2353 totum
1485 2302 1781 2358 ostendere

216 2389 325 2442 illos
352 2390 517 2454 deos;
554 2388 653 2444 sed
692 2402 816 2441 cum
863 2387 1046 2457 aliquo
1088 2389 1461 2449 additamento
1500 2400 1557 2446 et
1607 2393 1783 2462 signi-

214 2482 484 2547 ficatione,
539 2496 640 2553 per
692 2496 857 2550 quam
890 2481 1255 2535 ostenduntur
1298 2498 1403 2537 non
1449 2498 1569 2540 esse
1616 2485 1710 2539 dii.
1754 2503 1776 2539 ι

216 2573 319 2628 Hoc
367 2574 536 2643 igitur
581 2572 770 2627 lrenaei
819 2572 1182 2642 principium,
1226 2575 1573 2631 verissimum
1618 2585 1784 2645 atque

210 2668 600 2724 certissimum.
626 2666 799 2731 Quem
834 2665 1115 2732 Dominus,
1159 2666 1395 2736 Spiritus
1434 2677 1657 2723 sanctus
1690 2678 1783 2724 aut

208 2761 437 2832 apostoli
479 2761 531 2815 in
570 2760 873 2829 Scripturis
908 2761 1187 2817 definitive
1222 2770 1279 2816 et
1318 2762 1569 2817 absolute
1616 2765 1781 2819 Deum

207 2856 506 2920 nominant,
532 2856 581 2910 is
603 2865 688 2909 est
710 2871 843 2911 vere
876 2856 1057 2920 Deus;
1089 2870 1248 2924 quem
1283 2856 1567 2911 Dominum
1598 2857 1783 2927 appel-

206 2946 315 2999 lant
342 2960 409 2999 ex
448 2960 548 2999 sua
572 2960 836 3014 persona,
863 2946 910 2999 is
934 2954 1017 3000 est
1047 2946 1139 3015 qui
1174 2945 1485 3001 dominatur
1516 2952 1779 3005 omnium.

204 3041 291 3105 At,
318 3038 499 3107 inquit
528 3040 671 3092 idem
707 3038 945 3093 lrenaaus
976 3037 1047 3104 ⁸¹,
1076 3038 1357 3106 Dominus,
1387 3038 1623 3110 Spiritus
1656 3056 1784 3096 san-

1886 542 2063 596 solum
2088 558 2277 603 verum
2314 544 2481 598 Deum
2508 542 2727 597 Patrem
2762 552 2817 597 ct.
2844 542 3076 599 Verbum
3109 546 3249 615 ejus,
3281 546 3374 615 qui
3409 548 3461 600 in

1881 636 2137 691 omnibus
2172 636 2535 706 principatum
2582 636 2772 700 habet;
2815 635 3099 692 manifeste
3136 648 3221 692 est
3271 648 3463 692 osten-

1882 743 2025 794 sum,
2062 728 2324 783 factorem
2361 728 2483 784 cmli
2514 737 2569 782 et
2611 738 2797 793 teme,
2829 730 2926 798 qui
2968 729 3183 785 locutus
3232 731 3303 789 sit
3333 746 3461 786 cum

1881 818 2093 891 Moyse,
2123 828 2177 873 et
2205 818 2365 889 Legis
2401 818 2812 886 dispositionem
2844 820 2894 873 ei
2930 819 3160 886 dederit,
3206 822 3296 890 qui
3325 836 3463 876 con-

1884 912 2159 967 vocaverit
2182 910 2396 979 Patres,
2433 912 2724 967 Dominum
2763 912 2932 967 Deum
2972 913 3227 968 confiteri
3261 929 3375 981 eos,
3406 925 3462 968 et

1882 1005 2112 1059 alterum
2146 1004 2417 1059 neminem
2452 1019 2633 1060 nosse.
2677 1024 2695 1057 ι
2742 1004 2881 1072 Quid
2928 1005 3171 1061 clarius?
3215 1005 3376 1062 Pater
3407 1022 3455 1062 et

1882 1096 2145 1161 Verbum,
2172 1095 2336 1151 Pater
2375 1104 2431 1151 et
2461 1097 2622 1166 hujus
2656 1095 2843 1163 Filius,
2877 1107 3006 1152 sunt
3043 1114 3188 1155 unus
3232 1109 3288 1155 et
3319 1101 3460 1155 idem

1882 1190 2024 1244 Deus
2057 1204 2085 1241 a
2114 1187 2395 1258 prephetis
2438 1188 2785 1257 praedicatus,
2820 1197 2876 1241 et
2915 1187 2982 1243 ab
3026 1187 3321 1259 Evangelio
3356 1205 3459 1243 an-

1882 1280 2199 1345 nuntiatus;
2245 1279 2394 1334 solus
2418 1294 2579 1334 verus
2632 1279 2774 1333 Deus
2827 1294 2891 1333 ac
2948 1278 3247 1344 Dominus,
3284 1280 3462 1337 factor

1880 1373 2005 1429 θαιιί
2036 1383 2090 1428 et
2117 1384 2298 1436 terra},
2326 1373 2417 1441 qui
2454 1373 2667 1427 locutus
2712 1372 2936 1427 sitcum
2984 1370 3169 1442 Moyse
3225 1383 3283 1429 et
3325 1375 3460 1445 legis

1882 1464 2296 1534 dispositionem
2326 1464 2375 1518 ei
2404 1463 2642 1529 dederit,
2674 1472 2783 1519 etc.

1951 1556 2041 1612 55.
2083 1558 2227 1612 Idem
2272 1564 2651 1626 argumentum
2701 1554 3016 1611 instaurans
3057 1556 3293 1611 [renatus
3346 1566 3459 1611 toto

1882 1650 1999 1706 fere
2035 1650 2173 1704 libro
2210 1663 2288 1713 tv,
2339 1659 2395 1702 et
2430 1646 2651 1717 propius
2682 1646 2862 1701 adhuc
2907 1647 2975 1701 ad
3026 1663 3247 1703 causam
3297 1663 3459 1703 acce-

1882 1744 2039 1805 dens,
2061 1740 2253 1812 probat
2284 1756 2349 1795 ex
2381 1740 2703 1809 Scripturis,
2748 1749 2805 1794 et
2843 1740 2976 1808 ipsis
3009 1742 3311 1809 praesertim
3348 1744 3458 1797 Do-

1813 1816 1855 1870 Β
1886 1834 2015 1887 mini
2076 1832 2246 1887 nostri
2296 1831 2664 1894 sermonibus,
2723 1848 2889 1886 unum
2937 1841 2991 1885 et
3041 1834 3291 1887 eumdem
3340 1850 3460 1889 esse

1884 1927 2053 1980 Deum
2100 1925 2389 1992 utriusque
2436 1925 2571 1994 legis
2630 1935 2936 1991 auctorem,
2988 1927 3081 1994 qui
3137 1943 3224 1983 res
3268 1942 3459 1984 omnes

1882 2016 2211 2081 condiderit,
2242 2018 2334 2086 qui
2361 2017 2533 2086 legem
2560 2026 2799 2073 veterem
2826 2019 3059 2084 dederit,
3086 2035 3210 2074 cum
3252 2019 3457 2093 Moyse,

1884 2108 2207 2178 ceterisque
2263 2108 2517 2165 Patribus
2566 2124 2632 2165 ac
2679 2110 2961 2181 prophetis
3006 2111 3219 2166 locutus
3270 2113 3455 2176 fuerit,

1883 2204 2082 2274 quique
2114 2217 2208 2272 per
2239 2201 2476 2258 Verbum
2505 2218 2685 2269 suum,
2733 2219 2842 2259 non
2876 2204 3127 2259 fictilium
3168 2206 3300 2261 illud
3345 2208 3457 2261 lue-

1886 2297 2207 2360 reticorum,
2241 2297 2337 2352 sed
2366 2296 2562 2351 Filium
2601 2310 2756 2351 suum
2788 2298 3150 2368 unigenitum,
3181 2315 3460 2370 unumth

1884 2402 1949 2443 ac
1978 2403 2166 2445 verum
2199 2403 2321 2443 cum
2364 2404 2429 2444 eo
2459 2390 2650 2455 Deum,
2683 2390 3142 2460 perfectissimum
3184 2403 3240 2448 et
3282 2409 3460 2449 omm-

1884 2480 2082 2546 scium,
2112 2491 2302 2536 notum
2336 2498 2457 2538 sese
2500 2482 2689 2539 fecerit
2727 2482 2780 2536 in
2812 2494 3044 2554 utroque
3083 2485 3457 2543 Testamenta.

1884 2570 2015 2626 Eam
2051 2576 2102 2628 in
2130 2591 2243 2630 rem
2278 2576 2487 2645 profert
2511 2592 2635 2647 cap.
2677 2578 2733 2643 5,
2770 2596 2823 2633 ιι.
2859 2580 2913 2645 2,
2948 2595 3009 2635 ea
3059 2580 3258 2636 Christi
3295 2583 3455 2636 verba

1879 2659 2073 2715 Matth.
2126 2678 2275 2729 χιιι,
2325 2663 2394 2718 29
2451 2680 2606 2736 seqq.
2664 2668 2733 2723 ad
2782 2668 3161 2725 Sadducteos:
3202 2672 3457 2741 Erratis,

1880 2755 2163 2806 nescientes
2210 2752 2537 2825 Scripturas,
2592 2776 2751 2829 neque
2794 2763 3038 2817 virtutem
3088 2764 3206 2819 Dei.
3251 2765 3326 2820 De
3380 2786 3447 2823 re-

1880 2846 2200 2900 surrectione
2238 2849 2376 2901 enim
2430 2860 2757 2905 mortuorum
2806 2870 2907 2907 non
2939 2855 3141 2925 legistis
3195 2860 3334 2928 quod
3373 2861 3456 2913 di-

1879 2947 2020 2991 ctum
2075 2949 2151 2994 est
2207 2958 2239 2993 a
2296 2942 2404 2995 Deo
2463 2942 2667 2998 dicente
2706 2944 2864 3016 :Ego
2922 2964 3040 3001 sum
3085 2949 3227 3003 Deus
3284 2952 3456 3005 Abra-

1880 3032 2021 3093 ham,
2052 3042 2101 3086 et
2128 3031 2268 3087 Deus
2302 3032 2481 3100 Isaac,
2513 3046 2563 3089 et
2595 3036 2735 3091 Deus
2754 3036 2963 3093 Iacob?
2992 3051 3040 3093 et
3075 3041 3303 3109 adjecit:
3332 3042 3450 3096 Nan

204 3145 340 3198 ctus,
372 3143 429 3188 et
450 3133 687 3203 apostoli
720 3132 1000 3188 deﬁnitive
1027 3142 1083 3187 et
1116 3132 1364 3189 absolute
1405 3134 1572 3189 Deum
1610 3137 1781 3189 nomi-

1886 3134 1963 3178 ιιι
1995 3123 2136 3179 Deus
2165 3136 2517 3192 mortuorum,
2543 3126 2634 3180 sed
2670 3127 2950 3181 viventium
2974 3144 2992 3181 :
3029 3144 3204 3181 omnes
3232 3131 3368 3182 enim
3409 3130 3459 3182 ei

205 3238 351 3291 nant,
380 3229 787 3297 Dominumque
819 3226 1091 3296 appellant
1110 3240 1175 3281 ex
1201 3242 1297 3282 sua
1320 3241 1555 3296 persona
1574 3243 1594 3277 ι
1620 3226 1786 3281 Deum

206 3320 440 3386 Patrem,
474 3330 532 3375 et
578 3319 777 3374 Filium
829 3317 968 3385 ejus,
1012 3319 1105 3387 qui
1148 3320 1445 3375 dominium
1494 3320 1709 3389 accepit
1755 3334 1787 3374 a

203 3412 359 3466 Patre
401 3426 507 3466 suo
540 3412 723 3467 omnis
766 3412 1135 3475 conditionis,
1172 3429 1191 3462 ι
1245 3411 1297 3465 id
1337 3419 1421 3467 est
1459 3426 1641 3466 rerum
1669 3426 1787 3465 om-

206 3506 349 3559 nium
386 3505 780 3569 conditarum;
813 3515 873 3560 et
898 3522 918 3556 t
954 3518 1113 3558 nemo
1154 3504 1292 3560 alius
1331 3522 1351 3556 ι
1387 3504 1440 3559 in
1487 3504 1787 3575 Scripturis

208 3616 228 3648 ι
265 3598 407 3652 Deus
460 3598 804 3663 nominatur,
848 3607 944 3652 aut
993 3596 1253 3650 Dominus
1298 3595 1623 3667 appellatur,
1681 3598 1785 3652 nisi

204 3693 289 3758 qui
342 3699 428 3746 est
478 3690 721 3743 omnium
769 3689 910 3745 Deus
943 3698 997 3744 et
1042 3690 1335 3752 Dominus.
1388 3690 1479 3760 qui
1521 3700 1577 3745 et
1617 3687 1785 3761 Moysi

204 3785 335 3837 dixit
368 3784 414 3814 “
446 3804 460 3839 :
559 3780 674 3851 Ego
710 3798 827 3835 sum
861 3782 950 3852 qui
980 3798 1119 3835 sum.
1145 3781 1218 3835 Et
1259 3781 1337 3836 sic
1366 3783 1507 3837 dices
1537 3782 1666 3850 ﬁliis
1703 3783 1787 3837 Is-

205 3877 308 3929 reet
329 3890 350 3929 :
383 3875 492 3939 Qui
523 3884 623 3939 est,
649 3875 793 3927 misit
826 3876 987 3927 mead
1014 3890 1141 3941 vos;
1228 3882 1282 3931 et
1304 3873 1464 3942 hujus
1494 3874 1661 3929 Filius
1689 3874 1783 3929 Je-

205 3983 289 4022 sus
322 3968 582 4023 Christus
615 3968 880 4023 Dominus
917 3976 1124 4032 noster,
1168 3968 1260 4037 qui
1312 3966 1455 4022 ﬁlios
1506 3966 1599 4022 Dei
1655 3968 1788 4022 facit

206 4063 488 4117 credentes
520 4062 575 4114 in
606 4076 807 4116 nomen
840 4077 997 4115 suum
1025 4077 1041 4125 ;
1074 4080 1093 4113 ι
1147 4062 1290 4130 quod
1334 4061 1567 4115 subinde
1609 4060 1785 4131 pluri-

208 4155 299 4208 mis
332 4154 750 4222 Scripturarum
788 4154 1069 4223 utriusque
1095 4151 1429 4208 Testamenti
1456 4153 1785 4208 testimoniis

206 4245 563 4300 demonstrat.
590 4243 669 4297 Ex
702 4245 900 4313 quibus
924 4244 1202 4298 evidenter
1232 4243 1557 4300 concludere
1582 4253 1686 4309 est,
1717 4259 1785 4299 ex

207 4336 389 4391 lrenai
432 4336 731 4399 sententia,
780 4335 954 4389 solum
1012 4334 1266 4402 Patrem,
1312 4345 1365 4391 et
1424 4335 1623 4390 Filium
1669 4336 1785 4404 ejus

204 4428 381 4483 Jesum
406 4428 689 4483 Christum
717 4427 1003 4483 Dominum
1028 4439 1275 4483 nostrum
1300 4443 1430 4484 vere
1448 4430 1616 4485 Deum
1640 4445 1783 4493 esse.

1890 3222 2088 3273 uiuunt.
2144 3218 2280 3273 Tum
2329 3219 2511 3274 subdit
2566 3218 2839 3275 lrenmus:
2879 3239 2898 3272 ι
2943 3220 3047 3275 Per
3097 3221 3211 3276 haec
3274 3224 3461 3291 utique

1890 3310 2242 3366 manifestum
2266 3309 2422 3375 fecit,
2457 3312 2714 3381 quoniam
2744 3312 2811 3375 is,
2847 3312 2936 3381 qui
2967 3314 3033 3367 de
3065 3314 3200 3368 rubo
3246 3312 3461 3369 loeutus

1886 3412 1973 3457 est
2004 3401 2200 3475 Moysi,
2239 3412 2294 3457 et
2343 3400 2717 3456 manifestavit
2761 3416 2821 3455 se
2851 3415 2971 3456 esse
3007 3403 3171 3456 Deum
3211 3402 3458 3465 Patrum,

1889 3497 1979 3551 hic
2018 3505 2103 3551 est
2145 3494 2446 3549 viventium
2498 3494 2662 3549 Deus.
2715 3492 2847 3560 Quis
2889 3494 3034 3550 enim
3079 3505 3164 3550 est
3209 3496 3458 3551 vivorum

1890 3587 2055 3652 Deus,
2088 3589 2190 3643 nisi
2218 3590 2308 3658 qui
2338 3599 2420 3643 cst
2447 3588 2611 3655 Deus,
2647 3602 2812 3657 super
2850 3601 3013 3656 quem
3062 3586 3200 3641 alius
3229 3602 3338 3641 non
3376 3598 3463 3641 est

1890 3678 2069 3732 Deus?
2091 3679 2259 3745 Quem
2285 3688 2342 3731 et
2376 3678 2563 3734 Daniel
2597 3678 2863 3747 propheta
2896 3677 2963 3742 “,
2992 3693 3115 3731 cmn
3148 3678 3373 3732 dixisset
3407 3677 3459 3730 ei

1887 3769 2060 3840 Cyrus
2115 3785 2209 3824 rex
2260 3770 2597 3824 Persarum:
2711 3768 2889 3833 Quare
2936 3785 3038 3822 non
3082 3770 3276 3823 adoras
3321 3770 3462 3825 Bcl.’

1888 3862 2232 3915 annuntiavit
2272 3863 2459 3917 dicens
2502 3880 2514 3914 :
2561 3859 2825 3926 Quoniam
2856 3877 2959 3913 non
2991 3862 3103 3914 colo
3152 3862 3299 3914 idola
3348 3878 3463 3914 ma.

1889 3955 2127 4022 nufncta,
2174 3954 2266 4008 sed
2294 3954 2463 4007 viuum
2512 3952 2703 4020 Deum,
2742 3952 2833 4019 qui
2877 3953 3148 4005 constituit
3201 3956 3384 4007 cretum
3410 3964 3459 4005 et

1888 4059 2105 4112 terram,
2128 4057 2173 4101 et
2197 4047 2348 4101 habet
2384 4048 2553 4100 omnis
2588 4046 2765 4098 carnis
2812 4044 3224 4100 dominationem
3250 4050 3316 4102 ".
3352 4049 3459 4102 lte-

1893 4156 2011 4194 rum
2042 4140 2218 4193 dixit:
2270 4139 2553 4193 Dominum
2588 4138 2754 4194 Deum
2792 4155 2964 4194 meum
3015 4142 3276 4205 adorabo,
3328 4160 3461 4212 quo-

1890 4234 2031 4286 niam
2061 4235 2144 4287 hic
2172 4244 2250 4287 est
2273 4232 2417 4287 Deus
2448 4234 2588 4287 rivus
2621 4232 2689 4286 ’°.
2784 4232 2887 4300 Qui
2921 4235 3085 4305 igitur
3114 4251 3142 4288 a
3180 4238 3460 4304 prophetis

1889 4326 2224 4381 adorabatur
2256 4326 2396 4381 Deus
2428 4327 2608 4389 vivus,
2665 4326 2753 4381 hic
2799 4338 2882 4382 est
2910 4329 3159 4381 vivorum
3210 4327 3376 4394 Deus,
3406 4339 3462 4382 et

1890 4424 2127 4478 Verbum
2166 4422 2309 4490 ejus,
2342 4422 2433 4491 qui
2471 4431 2525 4475 et
2553 4422 2762 4476 locutus
2793 4430 2879 4477 est
2900 4420 3095 4492 Moysi,
3125 4422 3216 4491 qui
3250 4434 3302 4476 et
3324 4422 3462 4478 Sad-

205 4522 345 4575 etiis
384 4522 477 4589 qui
526 4520 800 4573 interdum
837 4521 904 4589 lin
947 4521 1246 4590 Scripturis
1286 4522 1636 4577 nominantur
1683 4524 1780 4585 dii,
1815 4520 1859 4574 D
1890 4517 2103 4572 duc-cuos
2132 4515 2432 4585 redarguit,
2469 4514 2562 4584 qui
2593 4524 2646 4568 et
2688 4515 3150 4569 resurrectionem
3186 4515 3409 4569 donavit
3445 4535 3456 4568 :

208 4628 294 4667 nec
354 4622 491 4666 sunt
534 4625 715 4668 tamen
744 4653 759 4676 ,
806 4612 1014 4667 infinite
1055 4613 1410 4683 praecellere;
1449 4629 1513 4669 ac
1552 4614 1779 4685 proinde

206 4722 390 4761 veram
421 4723 571 4775 esse,
602 4722 764 4761 unam
808 4716 862 4761 et
896 4706 1143 4760 eamdem
1172 4706 1225 4760 in
1258 4716 1491 4777 utroque
1535 4715 1783 4759 naturam

208 4805 442 4858 divinam
487 4812 544 4857 et
591 4803 912 4858 essentiam.
963 4800 1103 4856 Hinc
1152 4815 1219 4855 ex
1265 4802 1352 4863 iis,
1386 4816 1507 4870 quae
1550 4800 1782 4855 ubertim

207 4898 430 4963 profert,
454 4895 869 4966 Scripturarum
908 4894 1039 4950 locis
1063 4894 1266 4963 passim
1290 4894 1453 4948 infert
1485 4894 1563 4947 “z
1585 4913 1603 4945 ι
1633 4892 1784 4948 Unus

210 4988 365 5057 igitur
396 4998 451 5043 et
473 4988 620 5042 idem
645 4988 806 5051 Deus,
837 4988 929 5056 qui
958 5003 987 5040 a
1016 4985 1303 5057 Pr0phetis
1334 4986 1655 5056 praedicatus
1678 4995 1779 5050 est,

210 5090 253 5132 et
282 5082 356 5134 ab
397 5079 695 5149 Evangelio
734 5078 1118 5144 annuntiatns,
1157 5087 1212 5131 et
1258 5076 1416 5144 hujus
1447 5076 1650 5139 Filius,
1685 5076 1779 5145 qtti

210 5185 265 5225 ex
288 5173 476 5225 fructu
520 5170 728 5225 ventris
776 5169 970 5234 David,
1012 5169 1064 5223 id
1099 5179 1273 5223 estex
1318 5166 1485 5222 David
1535 5166 1779 5237 Virgine,

210 5274 256 5317 et
300 5262 661 5320 Emmanuel.
727 5282 747 5314 ι
806 5260 943 5315 Tum
1000 5260 1305 5316 istiusmodi
1369 5259 1703 5329 argumentis
1751 5273 1782 5312 e

212 5354 621 5428 Scripturarum
668 5354 1002 5409 auctoritate
1034 5354 1223 5422 petitis
1257 5352 1573 5407 coronidem
1610 5352 1781 5420 impo-

214 5465 327 5506 nens
366 5466 491 5520 cap.
526 5450 616 5515 15,
649 5465 703 5503 ιι.
740 5450 793 5514 5,
840 5447 1119 5505 concludit
1154 5463 1169 5502 :
1203 5463 1223 5497 t
1275 5444 1411 5501 Cum
1441 5444 1778 5499 declaratum

212 5546 270 5597 sit
290 5544 622 5607 manifeste,
646 5543 907 5612 quoniam
958 5542 1229 5597 neminem
1276 5538 1442 5594 alium
1472 5536 1641 5590 Deum
1676 5552 1779 5589 vo-

214 5643 477 5702 caverunt,
512 5634 595 5688 vel
624 5634 912 5688 Dominum
943 5634 1396 5693 nominaverunt,
1436 5630 1526 5699 qui
1578 5630 1780 5683 verita-

274 5820 312 5849 ”
339 5820 403 5873 Ν.
442 5822 497 5875 5.

578 5824 623 5849 ³⁸
671 5819 732 5876 Ν.
772 5820 826 5872 2.
905 5820 946 5849 "
982 5819 1147 5874 Exod.
1196 5836 1253 5873 ιιι
1314 5821 1393 5873 ιιι.
1474 5822 1517 5848 ³³
1550 5818 1679 5886 Cap.
1726 5819 1781 5880 9,

1914 5816 1969 5869 2.
2050 5814 2092 5845 ’θ
2128 5814 2258 5883 Cap.
2314 5812 2397 5867 l4.

1890 4618 2123 4677 utraque
2158 4608 2268 4668 his,
2301 4607 2397 4674 qui
2451 4606 2765 4670 caecutiunt,
2796 4606 3111 4671 ostendens,
3164 4607 3215 4661 id
3252 4621 3336 4661 est
3372 4622 3459 4660 re-

1884 4703 2282 4758 surrectionem
2331 4711 2388 4756 et
2439 4702 2629 4755 Deum.
2670 4719 2688 4752 ι
2730 4701 2850 4767 Quo
2892 4702 3269 4756 demonstrato
3327 4716 3461 4756 cou-

1885 4797 2058 4853 cludit
2094 4814 2109 4850 :
2146 4812 2168 4848 ι
2201 4795 2318 4865 Ipse
2356 4795 2523 4864 igitur
2556 4794 2830 4855 Christus,
2862 4809 2985 4847 cum
3012 4792 3195 4856 Patre,
3215 4795 3461 4849 vivorum

1879 4890 2155 4954 estDeus,
2188 4889 2279 4956 qui
2325 4888 2551 4942 locutus
2600 4896 2686 4940 est
2727 4884 2918 4953 Moysi,
2969 4884 3061 4952 qui
3112 4894 3167 4939 et
3213 4887 3463 4953 patribus

1879 4982 2269 5036 manifestatus
2304 4990 2408 5035 est.
2457 4999 2476 5031 ι
2513 4979 2607 5034 Sic
2639 4993 2745 5031 uno
2775 4988 2830 5031 et
2884 4977 3074 5031 eodem
3131 4977 3239 5031 telo
3284 4978 3461 5047 dupli-

1878 5089 1997 5130 cem
2028 5072 2190 5128 simul
2222 5072 2608 5128 Gnosticorum
2643 5084 2885 5124 errorem
2916 5070 3145 5139 contigit
3185 5069 3421 5123 lrenmus
3441 5111 3457 5132 ,

1878 5175 1990 5219 tum
2034 5165 2183 5235 quod
2236 5162 2817 5226 comminiscebantur,
2872 5160 3110 5216 Verbum
3164 5160 3324 5215 Patre
3374 5160 3459 5213 iu-

1878 5258 2049 5312 ferius
2101 5272 2247 5320 esse,
2287 5270 2388 5311 nec
2421 5255 2520 5325 ipsi
2559 5256 2806 5323 pervium
2862 5269 2986 5308 esse
3040 5253 3305 5317 Patrem;
3344 5262 3458 5307 tum

1877 5350 2021 5419 quod
2048 5347 2351 5419 fingebant,
2386 5362 2510 5402 eum
2533 5347 2624 5415 qui
2656 5345 2938 5414 prophetis
2973 5345 3321 5413 loquebatur,
3350 5344 3458 5398 De-

1880 5445 2151 5515 miurgum
2185 5444 2359 5513 ipsum
2391 5455 2542 5505 esse,
2573 5456 2601 5492 a
2633 5453 2890 5507 supremo
2916 5436 3076 5491 Patre
3110 5437 3268 5504 longe
3290 5436 3457 5490 aliutn

1876 5547 2042 5606 atque
2066 5536 2365 5590 diversum.
2401 5532 2627 5601 Nempe,
2666 5531 2711 5584 is
2733 5529 2825 5598 qui
2861 5528 2928 5581 de
2962 5528 3101 5580 rubo
3133 5526 3345 5579 locutus
3376 5534 3461 5578 est

1876 5627 2069 5699 Moysi,
2098 5637 2151 5683 et
2184 5626 2557 5681 manifestavit
2594 5638 2651 5677 se
2673 5636 2795 5677 esse
2826 5622 2992 5675 Deum
3022 5626 3267 5687 patrum,
3296 5630 3457 5686 quem

2480 5811 2524 5841 ¹¹
2560 5810 2697 5866 Ibid.
2736 5807 2791 5862 4.
2872 5806 2915 5836 ’⁸
2952 5804 3087 5859 ibid.
3127 5802 3218 5857 ει.
