3924 6354
525 334 629 388 ’505

1333 327 1931 383 ΠῙΒΞΕΒΤΛΤΙΟΝΕΒ
1966 326 2091 380 PRA

2201 325 2265 379 ΑΕ
2306 324 2375 379 IN
2413 325 2667 381 ΙΒΕΝᾹΞΙ
2704 325 2967 381 LIBROS.
3634 332 3711 385 ’ὀοέ

523 451 805 520 ιιΓορΙιοιὶΒ
843 451 1014 505 Deum
1064 450 1245 505 vivum
1290 451 1588 521 appellant,
1621 462 1676 505 et
1706 452 1872 505 Deum
1911 451 2092 504 vivum
2125 455 2169 509 Α
2198 449 2400 513 Patris,
2426 447 2622 512 Filius,
2662 449 2711 502 id
2743 459 2851 514 est,
2895 448 3037 517 quod
3087 447 3138 500 in
3186 445 3349 500 Patre
3393 448 3605 501 divimnn
3630 464 3716 516 est,

523 544 845 607 adorabant,
890 542 979 596 liic
1026 551 1108 596 est
1161 543 1460 597 viventium
1516 543 1678 609 Deus,
1743 544 1883 597 Deus
1935 556 2098 612 super

522 649 684 701 quem
712 633 851 688 alius
878 634 1021 687 Deus
1054 649 1158 687 non
1189 642 1289 695 est,
1327 650 1433 688 uno
1466 632 1634 688 verbo
1659 650 1907 687 summus
1934 633 2094 687 Deus.

518 726 682 793 Atqui
709 724 868 778 Pater
892 735 947 778 et
971 723 1212 780 Verbum
1243 725 1383 795 ejus,
1422 723 1671 779 Christus
1704 741 1829 779 cum
1865 724 2024 781 Patre
2050 726 2096 780 is

518 825 602 869 est
639 815 729 884 qui
759 814 972 870 locutus
1017 823 1099 869 est
1135 814 1329 884 Moysi,
1364 815 1456 883 qui
1504 824 1562 868 et
1615 814 1862 884 patribus
1919 814 2098 867 mani-

521 907 755 961 testatus
787 916 892 969 est,
925 915 981 961 et
1016 921 1045 960 a
1080 906 1359 975 prophetis
1394 906 1677 969 adoratus,
1705 913 1759 959 et
1791 904 2096 973 appellatus

522 997 672 1054 Deus
723 999 899 1054 vivus.
947 998 1115 1069 Igitur
1160 998 1416 1053 Christus
1464 1014 1587 1053 cum
1644 996 1805 1051 Patre
1840 1009 1922 1052 est
1955 996 2097 1052 Deus

518 1093 796 1159 vivorum,
842 1093 986 1147 Deus
1012 1107 1177 1160 super
1204 1106 1365 1161 quem
1400 1091 1542 1147 alius
1577 1107 1681 1145 non
1725 1100 1809 1145 est
1842 1090 2005 1154 Deus,
2043 1100 2096 1145 et

520 1199 810 1254 supremus
863 1183 1029 1240 Deus.
1062 1182 1223 1250 Quid,
1273 1197 1480 1252 qumso,
1520 1183 1859 1237 manifestius
1910 1181 2092 1238 afferri

519 1288 701 1349 potest
725 1279 790 1332 ad
828 1278 1208 1333 vindicandam
1252 1275 1448 1332 Irenzei
1466 1277 1652 1341 ﬁdem,
1685 1275 2095 1329 stabiliendam—

518 1386 624 1441 (ine
683 1369 843 1426 Verbi
909 1384 1030 1423 cum
1080 1367 1244 1422 Patre
1293 1365 1963 1423 consubstantialitatem?
2019 1365 2097 1420 Ne

518 1464 735 1534 quidem
795 1462 936 1532 apud
985 1461 1346 1515 Athanasium
1395 1460 1572 1531 ipsum
1639 1460 1880 1529 apertius
1932 1458 2094 1529 quid-

517 1574 680 1626 quam
730 1565 788 1611 et
831 1555 1148 1625 expressius
1179 1562 1457 1608 occurret.
1489 1552 1608 1607 Alia
1645 1551 1949 1608 consimilia
1987 1560 2097 1606 tes-

518 1652 745 1707 timonia
799 1658 851 1704 et
884 1657 1204 1721 argumenta
1255 1655 1552 1703 occurrent
1607 1654 1723 1700 toto
1776 1643 1917 1699 libro
1961 1658 2014 1697 tv
2041 1652 2098 1698 et

518 1742 646 1797 alibi
680 1740 903 1811 passim.

2198 558 2320 611 qua:
2356 554 2552 595 natura
2596 542 2775 596 divina
2817 549 2871 594 et
2899 540 3190 593 invisibilis
3234 538 3424 600 Patris,
3456 540 3621 595 eadem
3650 558 3715 596 est

2198 641 2254 685 et
2306 631 2466 695 Filii;
2504 646 2600 700 per
2644 632 2789 700 quod
2835 637 3019 683 autem
3069 629 3288 682 videtur
3339 639 3391 681 et
3419 633 3710 699 cognoscitur

2198 723 2387 789 Filius,
2425 740 2518 794 per
2543 726 2683 778 idem
2719 723 3070 793 cognoscitur
3119 732 3174 776 et
3221 720 3402 786 Pater,
3436 726 3552 793 quia
3581 724 3718 779 Filius

2200 817 2378 887 imago
2409 816 2590 872 Patris
2619 827 2727 882 est,
2758 827 2815 870 et
2844 815 3014 884 figura
3056 830 3148 869 seu
3189 815 3473 869 character
3500 816 3719 870 substan-

2200 912 2286 965 tiae
2313 913 2464 982 ejus:
2502 909 2730 964 Verbum
2753 925 2877 962 caro
2902 909 3126 977 factum,
3158 915 3216 961 ut
3252 923 3378 961 vere
3403 908 3568 970 homo,
3592 910 3658 963 sic
3678 919 3721 964 et

2195 1019 2324 1059 vere
2351 1005 2491 1059 Deus
2517 1022 2530 1057 :
2554 1003 2789 1073 denique
2821 1002 2873 1056 in
2902 1000 3180 1065 omnibus,
3214 1009 3270 1055 et
3298 1015 3393 1069 per
3422 1002 3587 1055 omnia
3610 1019 3723 1057 unus

2200 1100 2343 1155 Deus
2366 1098 2552 1164 Pater,
2576 1113 2743 1152 unum
2766 1096 3024 1161 Verbum,
3043 1105 3097 1151 et
3119 1111 3258 1149 unus
3280 1094 3540 1163 Spiritus;
3572 1098 3723 1149 unitas

2197 1193 2251 1248 in
2289 1194 2483 1257 tribus,
2515 1206 2620 1245 una
2654 1190 2706 1245 in
2737 1191 2912 1245 tribus
2942 1198 3159 1243 natura.
3185 1187 3323 1269 Quid
3347 1186 3575 1241 clarius?
3600 1186 3726 1253 Quod

2198 1296 2377 1339 autem
2437 1282 2571 1337 dicit
2622 1280 2878 1344 Irenzeus,
2930 1278 3266 1349 agnitionem
3315 1276 3509 1339 Patris,
3564 1274 3724 1329 Filium

2198 1391 2342 1441 esse,
2372 1385 2427 1429 et
2459 1373 2787 1445 agnitionem
2835 1371 2958 1426 Filii
3008 1370 3060 1424 in
3094 1368 3257 1424 Patre
3284 1382 3426 1433 esse,
3468 1379 3518 1423 et
3548 1382 3634 1438 per
3654 1367 3728 1421 Fi—

2196 1463 2329 1516 lium
2356 1464 2651 1518 revelatam
2685 1476 2833 1524 esse,
2862 1461 3096 1530 idipsum
3129 1468 3214 1514 est
3252 1458 3397 1529 quod
3424 1459 3621 1513 dixerat
3648 1458 3724 1512 lib.

2197 1570 2277 1618 tu,
2311 1569 2362 1609 c.
2389 1554 2442 1619 6,
2473 1571 2526 1608 n.
2557 1554 2593 1608 2
2625 1572 2638 1608 :
2675 1554 2906 1607 «Filium
2938 1566 3060 1607 esse
3085 1552 3136 1605 in
3169 1551 3350 1616 Patre,
3401 1560 3455 1606 et
3479 1552 3663 1606 habere
3685 1549 3727 1603 in

2197 1667 2255 1706 se
2280 1649 2520 1706 Patrem.
2548 1668 2567 1702 ι
2602 1650 2837 1719 ldipsum
2889 1660 2971 1704 est
3007 1648 3195 1712 etiam,
3226 1646 3373 1718 quod
3416 1646 3620 1700 dixerat
3654 1644 3726 1698 lib.

2168 1788 2171 1789 ν
2197 1757 2272 1806 tv,
2302 1756 2354 1797 c.
2390 1742 2446 1805 4,
2476 1758 2533 1798 n.
2565 1739 2619 1795 Ξ.
2673 1739 2879 1810 Nempe
2910 1738 3245 1810 respondens
3276 1739 3431 1792 vanis
3474 1736 3728 1791 Gnostico-

587 1834 676 1889 56.
706 1835 842 1901 Quia
892 1846 1025 1887 vero
1066 1829 1439 1888 Valentiniani
1474 1828 1839 1885 abutebantur
1890 1826 2093 1883 Christi
2125 1803 2169 1858 Β
2199 1803 2318 1890 rum
2362 1803 2938 1902 cavillationibus,qui
2999 1803 3066 1886 ex
3115 1846 3305 1886 eversa
3362 1830 3727 1902 Hierosolyma,

516 1933 701 1988 verbis
732 1928 923 1984 Matth.
960 1944 1037 1992 χι,
1066 1926 1158 1991 27,
1200 1936 1253 1981 et
1283 1926 1416 1980 Luc.
1452 1940 1507 1990 ι,
1540 1924 1629 1990 22,
1663 1938 1837 1993 eaque
1864 1923 2091 1979 siciles-

516 2023 803 2078 cribebant
832 2038 844 2073 :
879 2018 1047 2072 Nemo
1083 2019 1322 2088 cognovit
1360 2015 1594 2081 Patrem,
1621 2016 1721 2069 nisi
1753 2013 1965 2081 Filius,
2000 2031 2091 2069 nec

516 2113 742 2179 Filium,
781 2112 886 2165 nisi
917 2109 1099 2172 Pater,
1135 2118 1183 2162 et
1215 2108 1303 2161 cui
1344 2106 1562 2162 voluerit
1612 2103 1787 2160 Filius
1824 2106 2090 2171 revelare;

515 2207 596 2259 sic
653 2219 784 2258 vero
850 2222 868 2255 ι
940 2202 1466 2269 interpretabantur,
1532 2216 1551 2249 ι
1612 2198 1792 2266 inquit
1853 2197 2090 2253 lrenreus

516 2315 637 2368 cap.
671 2298 723 2363 6,
758 2314 815 2351 n.
845 2297 897 2364 1,
930 2314 947 2348 ι
974 2296 1129 2366 quasi
1156 2311 1184 2348 a
1216 2292 1364 2349 nullo
1389 2292 1637 2364 cognitus
1659 2293 1731 2345 sit
1762 2306 1920 2345 verus
1948 2291 2090 2347 Deus

516 2402 644 2447 ante
686 2388 901 2446 Domini
946 2388 1119 2442 nostri
1152 2387 1444 2443 adventum
1480 2401 1493 2437 :
1525 2392 1580 2438 et
1609 2397 1733 2437 eum
1773 2382 1964 2447 Deum,
1998 2383 2090 2452 qui

516 2502 545 2539 a
577 2482 861 2554 prophetis
894 2483 967 2535 sit
990 2480 1343 2535 annuntiatus
1366 2519 1381 2544 ,
1415 2477 1670 2532 dicebant
1695 2491 1800 2530 non
1832 2489 1955 2530 esse
1984 2475 2089 2529 Pa-

520 2590 658 2633 trem
710 2573 958 2637 Christi;
1018 2590 1038 2623 ο
1078 2570 1418 2625 demonstrat
1447 2576 1670 2621 sanctus
1716 2577 1924 2637 martyr
1975 2574 2090 2620 toto

518 2671 611 2723 illo
643 2668 842 2738 capite,
895 2673 952 2719 et
1004 2662 1372 2717 adulterinam
1400 2674 1525 2715 esse
1559 2658 1849 2713 verborum
1902 2657 2090 2711 lectio-

518 2776 664 2826 nem,
736 2767 793 2813 et
855 2755 1207 2811 falsissimam
1268 2754 1613 2808 eorumdem.
1653 2750 2090 2819 explicationem.

516 2855 654 2907 Cum
709 2850 855 2903 enim
918 2850 992 2901 ait
1070 2845 1378 2901 Dominus:
1442 2843 1610 2898 Nemo
1671 2845 1932 2913 cognoscit
1994 2840 2092 2895 Fi-

516 2945 669 3006 lium,
731 2941 836 2993 nisi
905 2938 1112 3003 Pater;
1161 2953 1323 3007 neque
1375 2934 1611 2999 Patrem,
1658 2936 1762 2989 nisi
1797 2934 1993 3002 Filius,
2042 2944 2090 2988 et

517 3037 912 3105 quibuscunque
947 3030 1125 3085 Filius
1157 3031 1500 3095 revelaverit;
1544 3045 1666 3098 qua:
1699 3030 1937 3099 genuina
1965 3044 2089 3083 ver-

2196 1927 2415 1981 civitate
2446 1926 2587 1995 regis
2612 1924 2813 1994 magni,
2838 1935 2891 1978 et
2920 1924 3182 1993 abrogata
3212 1924 3381 1977 veteri
3414 1924 3528 1993 lege
3558 1922 3727 1977 intere-

2194 2019 2325 2072 bant
2371 2017 2536 2071 alium
2587 2031 2710 2072 esse
2760 2014 2998 2081 Veteris,
3042 2016 3209 2069 alium
3256 2013 3391 2068 Novi
3434 2014 3730 2068 Testamenti

2194 2119 2471 2164 auctorem
2521 2116 2575 2162 et
2628 2109 2827 2173 Deum;
2885 2108 3123 2162 ostendit
3160 2116 3215 2161 et
3263 2105 3737 2175 Hierosolymam

2194 2202 2363 2257 veteri
2396 2201 2497 2271 legi
2537 2216 2693 2255 suum
2733 2208 2945 2269 tempus
2978 2214 3005 2252 a
3038 2197 3148 2253 Deo
3190 2214 3441 2252 mensum
3477 2214 3538 2253 ac
3573 2199 3735 2251 deﬁni-

2196 2303 2306 2347 tum
2341 2293 2539 2356 fuisse;
2571 2300 2881 2360 utramque,
2915 2290 3237 2344 adveniente
3275 2306 3411 2343 nova
3446 2290 3577 2357 lege,
3612 2287 3735 2341 desi-

2193 2402 2325 2442 nere
2348 2387 2629 2453 debuisse;
2659 2388 2820 2455 idque
2848 2385 3253 2453 sapientissimo
3275 2393 3328 2439 et
3356 2382 3738 2440 ordinatissirno

2194 2479 2286 2533 Dei
2322 2478 2547 2533 consilio
2588 2480 2788 2532 factum
2831 2476 3018 2530 fuisse.
3064 2474 3303 2531 «Omnia
3347 2478 3516 2541 enim,
3564 2476 3735 2543 inquit,

2192 2586 2447 2625 mensura
2478 2579 2531 2624 et
2562 2569 2751 2625 ordine
2781 2570 2921 2624 Deus
2949 2568 3098 2633 facit,
3131 2578 3187 2624 et
3218 2568 3349 2622 nihil
3388 2583 3491 2622 non
3523 2580 3737 2620 mensum

2195 2665 2335 2734 apud
2394 2679 2555 2729 eum,
2606 2662 2860 2732 quoniam
2912 2678 3009 2716 nec
3064 2662 3554 2730 incompositum.»
3612 2657 3741 2724 Quod

2192 2768 2548 2828 postremum,
2580 2755 2805 2818 scilicet,
2838 2755 2967 2809 nihil
3000 2770 3111 2808 non
3143 2769 3396 2809 mensum
3424 2755 3565 2822 apud
3598 2754 3740 2805 Deum

2191 2865 2332 2914 esse,
2359 2859 2415 2903 ut
2436 2849 2653 2919 probet,
2673 2848 2855 2901 laudat
2876 2838 3113 2901 veterem
3143 2847 3380 2917 aliquem
3407 2857 3503 2899 aut
3531 2858 3741 2899 coaevuni

2192 2942 2515 3011 scriptorem
2550 2938 3009 3003 ecclesiasticum,
3050 2940 3206 3007 cujus
3241 2953 3438 2992 nomen
3474 2946 3633 2999 tacet,
3668 2936 3745 2988 scd

2190 3037 2359 3092 verba
2408 3035 2643 3104 probat:
2677 3052 2696 3085 ‹
2721 3034 2787 3088 Ει
2829 3034 2967 3088 bene
3032 3034 3103 3087 ait
3160 3033 3250 3103 qui
3284 3033 3428 3086 dixit
3463 3033 3632 3101 ipsum
3664 3031 3749 3081 iut-

519 3132 712 3181 borum
749 3126 909 3179 lectio
948 3131 1031 3177 est
1068 3124 1113 3153 ’⁷
1146 3140 1159 3176 :
1201 3139 1219 3172 ι
1275 3119 1615 3195 Revelaverit,
1682 3135 1788 3173 non
1830 3118 2001 3174 solum
2034 3119 2087 3173 in

2195 3142 2440 3183 mensum
2494 3124 2714 3179 Patrem
2767 3125 2820 3177 in
2871 3123 3009 3178 Filio
3051 3132 3467 3187 mensuratutn;
3520 3135 3748 3177 mensura

520 3220 761 3274 futurum
820 3219 1024 3272 dictum
1067 3223 1190 3281 est,
1241 3213 1397 3282 quasi
1454 3222 1582 3267 tunc
1654 3214 1912 3284 inceperit
1955 3212 2090 3268 Ver-

520 3314 647 3369 bum
684 3310 1036 3364 manifestare
1062 3307 1301 3370 Patrem,
1331 3321 1455 3359 cum
1491 3306 1557 3360 de
1586 3304 1757 3358 Maria
1782 3318 1969 3373 natus;
1998 3308 2091 3362 sed

520 3406 885 3460 communiter
933 3417 1030 3471 per
1078 3409 1249 3453 totum
1311 3408 1522 3468 tempus
1572 3410 1804 3468 posuum
1859 3409 1963 3455 est.
2012 3401 2093 3455 Ab

520 3498 679 3552 initio
706 3497 850 3550 enim
897 3494 1160 3549 assistens
1213 3491 1383 3545 Filius
1416 3505 1515 3544 suo
1561 3492 1845 3562 plasmati,
1890 3494 2095 3549 revelat

519 3589 775 3645 omnibus
807 3587 1045 3650 Patrem,
1088 3584 1289 3654 quibus
1336 3582 1469 3644 vult,
1516 3592 1570 3636 et
1602 3584 1819 3650 quando
1863 3582 1998 3650 vult,
2039 3592 2096 3639 et

519 3678 977 3753 quemadmodum
1001 3676 1116 3730 vult
1133 3675 1319 3729 Pater.
1344 3694 1363 3727 ι
1395 3673 1524 3729 Nam
1542 3674 1587 3705 ’⁸
1609 3677 1811 3729 bonum
1835 3674 2091 3744 placitum

520 3770 906 3828 Patris-Filius
937 3769 1189 3839 perlicit:
1241 3768 1408 3822 mittit
1450 3768 1594 3821 enim
1639 3765 1822 3833 Pater,
1860 3769 2095 3824 mittitur

521 3876 704 3921 autem
738 3875 793 3920 et
821 3865 972 3917 venit
997 3861 1191 3917 Filius.
1225 3881 1245 3914 ι
1280 3861 1420 3916 Hinc
1457 3862 1605 3917 omni
1638 3878 1750 3917 aevo
1774 3873 1827 3918 et
1856 3878 2090 3935 semper,

520 3959 814 4026 multisque
863 3956 1042 4010 modis
1096 3955 1333 4009 Verbum
1400 3955 1660 4009 revelavit
1718 3957 1976 4025 seipsum,
2032 3966 2092 4011 ut

520 4050 683 4107 simul
719 4049 986 4105 revelaret
1009 4059 1064 4104 et
1092 4049 1335 4103 Patrem.
1373 4048 1536 4103 Ratio
1577 4060 1679 4114 est,
1709 4052 1832 4119 quia
1875 4070 1894 4103 ι
1928 4052 1972 4083 ²⁹
2010 4053 2093 4105 in-

518 4139 736 4195 visibile
779 4137 923 4205 Filii,
974 4137 1172 4203 Pater;
1228 4136 1445 4192 visibile
1504 4145 1685 4190 autem
1742 4138 1939 4203 Patris,
1996 4137 2090 4192 Fi-

444 4282 455 4293 ,
518 4232 646 4287 lius.
689 4250 707 4282 ›
739 4231 805 4284 Ει
829 4230 955 4283 licet
988 4228 1033 4260 ³ο
1070 4248 1088 4280 ι
1127 4229 1290 4284 Pater
1324 4230 1614 4285 invisibilis
1645 4232 1738 4296 sit,
1767 4240 1821 4285 et
1847 4231 2091 4285 indeter-

520 4323 821 4387 minabilis,
838 4332 1104 4390 quantum
1127 4324 1193 4375 ad
1215 4338 1312 4377 nos
1332 4333 1445 4387 est;
1473 4322 1679 4393 agnitio
1705 4345 1722 4374 ι
1750 4335 1925 4378 tamen
1958 4343 1974 4375 ‹
1998 4322 2091 4377 Pa-

518 4418 619 4472 tris
674 4414 938 4489 [CXXXI]
994 4425 1077 4470 est
1112 4415 1233 4470 Filii
1272 4415 1637 4469 manifestatio
1673 4433 1685 4468 :
1715 4415 1896 4470 omnia
1944 4416 2086 4469 enim

2198 3219 2341 3274 enim
2372 3216 2570 3281 Patris,
2614 3215 2806 3279 Filius,
2842 3215 3099 3283 quoniam
3130 3224 3184 3269 et
3227 3215 3376 3284 capit
3416 3231 3563 3269 eum.
3587 3233 3605 3265 ι
3634 3211 3749 3277 Qui-

2194 3312 2294 3366 bus
2332 3309 2592 3370 ostendit,
2647 3309 2817 3361 Deum
2864 3308 3001 3360 adeo
3043 3307 3275 3372 ordinis,
3315 3306 3683 3377 proportionis
3709 3314 3753 3355 et

2196 3418 2467 3458 mensurae
2495 3411 2767 3456 amantem
2812 3414 2958 3463 esse,
2992 3408 3053 3453 ut
3086 3414 3262 3469 neque
3300 3416 3464 3455 suam
3518 3400 3631 3468 ipse
3668 3395 3754 3449 sib.

2195 3508 2508 3548 mensuram
2556 3493 2746 3548 deesse
2790 3492 3059 3557 voluerit;
3110 3491 3281 3545 Filius
3313 3492 3467 3547 enim
3503 3499 3587 3545 est
3621 3504 3754 3542 men-

2196 3601 2325 3641 sura
2356 3584 2557 3648 Patris,
2590 3586 2683 3656 qui
2718 3594 2887 3639 totam
2933 3586 3114 3640 Patris
3160 3586 3617 3647 immensitatem,
3650 3584 3757 3637 inﬁ-

2194 3678 2419 3732 nitatem
2467 3687 2521 3731 et
2566 3678 2924 3731 substantiam
2974 3678 3028 3731 in
3079 3694 3138 3732 se
3189 3678 3357 3747 capit,
3411 3680 3677 3739 continet,
3707 3691 3761 3727 ac

2195 3770 2365 3825 veluti
2422 3769 2850 3824 circumscribit.
2904 3770 2977 3823 Ea
3036 3771 3349 3824 divinarum
3409 3786 3758 3842 personarum

2196 3861 2587 3935 περιχώρησις,
2622 3862 3045 3917 circumiacessio
3087 3875 3191 3929 est,
3236 3879 3299 3917 ex
3345 3879 3459 3933 qua
3515 3875 3621 3917 tam
3666 3862 3759 3915 ire-

2194 3966 2447 4027 quenter,
2475 3965 2693 4024 tamque
2715 3954 2944 4009 feliciter
2968 3964 3286 4025 argumenta
3314 3957 3760 4025 deprompserunt

2194 4046 2458 4100 adversus
2500 4044 2734 4099 Arianos
2775 4047 2949 4099 sancti
2999 4045 3211 4112 Patres,
3267 4057 3329 4100 ut
3384 4046 3593 4101 Filium
3629 4044 3759 4100 Patri

2194 4136 2480 4207 ὁμοούσιον
2499 4151 2620 4191 esse
2640 4138 2957 4207 probarent.
2979 4136 3182 4205 Nempe
3210 4139 3259 4191 in
3292 4152 3353 4192 se
3386 4139 3627 4194 invicem
3657 4147 3764 4190 sunt

2193 4227 2355 4283 Pater
2379 4239 2435 4284 et
2463 4229 2653 4294 Filius,
2681 4242 2778 4282 nec
2807 4229 2990 4283 minus
3027 4229 3079 4282 in
3101 4228 3263 4293 Filio,
3288 4243 3460 4297 quam
3496 4231 3552 4284 in
3582 4244 3639 4283 se
3664 4229 3766 4295 ipso

2194 4333 2280 4377 est
2308 4323 2487 4388 Pater,
2525 4337 2628 4377 nec
2661 4323 2837 4375 minus
2882 4323 2934 4376 in
2972 4321 3133 4376 Patre
3163 4332 3250 4377 est
3298 4322 3503 4387 Filius,
3532 4338 3690 4392 quam
3722 4321 3763 4371 in

2194 4432 2256 4471 se
2300 4417 2461 4485 ipso;
2492 4416 2625 4469 adeo
2662 4424 2721 4469 ut
2750 4424 2939 4469 mutuo
2966 4416 3234 4470 exsistant
3265 4418 3317 4471 in
3366 4433 3453 4481 se,
3491 4427 3570 4483 et,
3600 4428 3656 4472 ut
3703 4416 3766 4469 ita

517 4528 618 4585 per
644 4510 881 4567 Verbum
916 4508 1360 4564 manifestantur.
1394 4509 1613 4579 Agnitio
1649 4508 1849 4573 Patris,
1879 4507 2085 4573 Filius;
2122 4489 2166 4543 D
2194 4511 2421 4578 loquar,
2475 4510 2737 4564 immeent
2785 4508 3038 4573 invicem,
3089 4521 3250 4578 atque
3308 4520 3621 4579 penetrent
3646 4552 3658 4573 ,
3714 4525 3769 4561 ac

522 4605 727 4677 agnitio
750 4612 928 4657 autem
951 4600 1073 4655 Filii
1101 4601 1153 4654 in
1174 4600 1360 4663 Patre,
1382 4610 1434 4653 et
1456 4615 1553 4670 per
1566 4600 1762 4654 Filium
1789 4601 2049 4658 revelata.
2066 4620 2084 4653 ι

518 4695 595 4749 Ex
635 4696 701 4751 iis
733 4695 986 4751 omnibus
1011 4694 1091 4749 sic
1120 4692 1395 4749 concludit
1426 4692 1728 4748 lrenmus“.
1765 4711 1782 4743 ι
1814 4692 1925 4747 Νοη
1958 4708 2089 4764 ergo

519 4788 660 4841 alius
689 4796 811 4842 erat
852 4787 944 4857 qui
979 4786 1436 4857 cognoscebatur,
1467 4792 1520 4839 et
1551 4786 1688 4839 alius
1720 4786 1809 4853 qui
1836 4786 2084 4841 dicebat:

524 4877 698 4935 Nemo
729 4880 992 4948 cognoscit
1038 4879 1287 4943 Patrem;
1328 4880 1421 4932 sed
1450 4894 1589 4933 unus
1616 4888 1671 4932 et
1710 4879 1871 4942 idem,
1903 4880 2089 4934 omnia

519 4973 847 5042 subjiciente
875 4976 922 5027 ei
954 4973 1137 5038 Patre,
1169 4981 1223 5026 et
1252 4974 1319 5027 ab
1352 4972 1602 5026 omnibus
1632 4972 1909 5041 accipiens
1939 4973 2091 5026 testi-

520 5068 785 5131 monium,
838 5070 1092 5134 quoniam
1148 5080 1277 5120 vere
1322 5066 1507 5129 homo,
1559 5075 1615 5119 et
1659 5066 1913 5134 quoniam
1962 5081 2091 5121 vere

521 5159 683 5219 Deus,
722 5172 749 5209 a
784 5157 967 5218 Patre,
1000 5172 1029 5210 a
1065 5157 1296 5225 Spiritu,
1332 5156 1401 5210 ab
1441 5155 1675 5226 angelis,
1703 5165 1809 5208 etc.
1854 5154 1919 5209 Et
1960 5171 2090 5224 pro-

517 5259 644 5321 pter
674 5250 779 5303 hoc
808 5249 861 5302 in
893 5249 1169 5313 omnibus,
1211 5259 1263 5303 et
1299 5265 1394 5320 per
1424 5250 1607 5303 omnia
1632 5263 1773 5303 unus
1815 5249 1955 5303 Deus
1981 5246 2087 5301 Pa-

520 5353 623 5405 ter,
655 5350 710 5394 et
736 5357 903 5394 unum
932 5339 1169 5394 Verbum
1208 5341 1400 5408 Filius,
1441 5351 1498 5395 et
1545 5356 1687 5395 unus
1723 5340 1989 5411 Spiritus;
2035 5349 2091 5395 et

518 5442 623 5479 una
679 5426 830 5481 salus
872 5427 1123 5483 omnibus
1173 5430 1520 5484 credentibus
1577 5430 1630 5484 in
1679 5444 1868 5484 eum.»
1926 5429 2090 5484 Pater

516 5517 681 5583 igitur
709 5528 763 5571 et
810 5517 1066 5579 Verbum,
1117 5518 1318 5571 Irenaeo
1364 5530 1522 5585 teste,
1572 5535 1678 5575 non
1717 5529 1844 5575 sunt
1868 5521 2006 5575 alius
2034 5532 2090 5576 et

516 5609 657 5662 alius
690 5609 831 5663 Deus
862 5630 872 5663 :
909 5608 1182 5663 invisibile
1228 5610 1371 5675 Filii,
1406 5612 1599 5676 Pater;
1646 5613 1864 5669 visibile
1902 5625 2084 5668 autem

585 5788 627 5816 "
662 5786 725 5838 Ν.
774 5786 826 5842 7.
905 5790 949 5819 ’⁸
981 5787 1045 5841 Ν.
1095 5789 1145 5843 5.
1226 5792 1269 5821 ’θ
1304 5789 1439 5843 NG.
1523 5794 1564 5823 ³⁸
1600 5793 1741 5849 Ν.5.

1824 5797 1862 5825 ³¹
1890 5795 1953 5851 Ν.
1993 5797 2046 5850 7.

2195 4603 2423 4673 proinde
2451 4612 2507 4658 et
2534 4618 2562 4655 a
2589 4617 2648 4657 se
2684 4603 2913 4657 invicem
2948 4602 3380 4672 distinguantur,
3411 4617 3470 4660 et
3509 4618 3692 4659 tamen
3725 4604 3769 4656 in

2198 4712 2305 4751 una
2330 4705 2384 4751 et
2409 4698 2597 4751 eadem
2630 4704 2825 4750 natura
2868 4706 2921 4751 et
2957 4698 3263 4752 substantia
3291 4698 3416 4753 sine
3449 4699 3566 4753 ullo
3595 4698 3773 4752 discri-

2194 4789 2339 4842 mine
2366 4790 2719 4843 conveniant.

2267 4879 2358 4935 57.
2387 4879 2495 4933 Sed
2528 4895 2595 4933 ex
2632 4882 2790 4934 modo
2833 4880 2996 4934 dictis
3024 4880 3212 4948 habes,
3241 4896 3339 4936 cur
3374 4893 3437 4937 et
3472 4898 3587 4952 quo
3624 4893 3775 4934 sensu

2193 4980 2305 5026 tam
2339 4988 2480 5041 sazpe
2508 4982 2564 5027 et
2592 4973 2827 5028 Sollicite
2857 4973 3093 5028 inculcet
3123 4974 3360 5030 lrenaeus
3388 4985 3515 5029 toto
3542 4976 3681 5027 libro
3705 4984 3775 5033 IV.

2190 5072 2247 5117 et
2277 5063 2402 5118 alibi
2461 5064 2625 5134 (quod
2677 5073 2735 5119 et
2776 5064 2897 5119 aliis
2939 5077 3066 5120 ante
3092 5075 3146 5119 et
3175 5077 3297 5135 post
3346 5082 3483 5120 eum
3532 5066 3782 5121 Patribus

2193 5155 2511 5225 infrequens
2555 5171 2662 5211 non
2706 5154 3114 5228 fuit),Patrem
3178 5158 3521 5213 invisibilem
3569 5170 3783 5225 semper

2192 5248 2481 5315 mansisse,
2516 5264 2692 5319 neque
2725 5266 2753 5303 a
2782 5266 3083 5321 quoquam,
3120 5267 3185 5305 ne
3211 5255 3397 5322 specie
3429 5252 3665 5321 quidem
3695 5265 3783 5302 ex-

2191 5348 2345 5393 terna
2374 5354 2438 5394 ac
2467 5341 2709 5395 sensibili
2751 5341 2922 5396 forma
2954 5341 3351 5397 dissimulatum
3391 5344 3581 5397 visum
3630 5352 3781 5399 esse;

2191 5447 2368 5501 neque
2396 5433 2573 5488 videri
2598 5434 2820 5489 omnino
2846 5450 3039 5504 posse;
3081 5436 3175 5489 sed
3203 5451 3269 5489 ex
3293 5434 3508 5489 divinis
3538 5433 3786 5503 personis

2192 5523 2369 5579 solum
2401 5525 2455 5578 in
2498 5522 2683 5579 Veteri
2735 5526 3085 5581 Testamento
3132 5528 3376 5582 divinum
3414 5527 3669 5581 Verbum
3702 5539 3786 5574 ve-

2193 5617 2398 5673 teribus
2427 5618 2757 5687 patriarchis
2800 5634 2863 5675 ac
2891 5622 3168 5691 prOphctis
3210 5622 3571 5691 apparuisse,
3606 5631 3667 5674 ut
3694 5623 3787 5674 ho-
