3924 6354
231 467 335 523 305

1141 459 1602 518 DISSERTATIO
1653 456 1738 522 ΙΙΙ,
1778 456 1863 509 DE
1904 455 2157 511 IREN/El
2192 455 2555 513 DOCTRINA.

3369 450 3474 505 506

231 585 456 639 minibus
504 583 596 637 Dei
641 599 704 637 ac
754 583 933 638 Patris
987 586 1235 638 notitiam
1296 587 1641 653 importaret,
1690 593 1797 648 qua
1829 583 1876 638 Α
1904 579 2123 633 refellit.
2165 598 2183 630 ς
2214 580 2277 633 Et
2303 579 2519 633 Patrem
2546 579 2763 648 quidem
2794 574 3121 631 invisibilem
3151 581 3207 628 et
3236 572 3475 627 indeter—

227 678 384 729 vitam
415 676 629 729 illorum
686 685 953 743 tueretur,
982 692 1103 746 quae
1158 678 1280 731 sine
1328 677 1421 730 Dei
1474 674 1792 744 cognitione

225 787 345 827 esse
394 788 497 826 non
556 784 765 841 potest;
819 773 1013 826 Filium
1059 787 1180 827 esse
1234 775 1327 841 qui
1376 774 1606 835 Adamo,
1656 770 1789 834 Noe,

224 866 475 927 Abrahm,
507 865 741 933 aliisque
774 865 1065 919 videndum
1101 880 1158 920 se
1198 866 1512 934 praebuerit,
1544 864 1633 933 qui
1670 878 1792 916 cum

222 958 400 1029 Moyse
428 959 645 1012 locutus
680 959 772 1023 sit,
810 976 828 1008 ε
855 959 945 1027 qui
973 977 989 1009 ι
1023 958 1277 1026 denique,
1313 967 1371 1010 ut
1413 957 1655 1025 loquitur
1682 956 1794 1009 Ire-

223 1048 434 1110 naeus",
470 1068 489 1101 t
520 1059 577 1103 et
605 1050 844 1103 visiones
874 1050 1239 1119 prephetiCas,
1265 1056 1321 1101 et
1342 1047 1640 1102 divisiones
1665 1048 1793 1101 cha-

222 1143 526 1207 rismatntn,
563 1152 619 1197 et
653 1142 953 1196 ministeria
996 1158 1117 1207 Sua,
1141 1153 1197 1196 et
1228 1141 1403 1195 Patris
1441 1140 1792 1211 glorificatio-

174 1217 179 1220 ’
219 1249 333 1287 nem
367 1245 772 1302 consequenter
812 1244 866 1288 et
894 1234 1193 1302 composite
1221 1233 1525 1287 ostenderit
1556 1233 1794 1285 humano

219 1324 417 1392 generi,
449 1332 582 1392 apto
620 1335 861 1393 tempore
905 1325 971 1377 ad
1007 1325 1303 1377 utilitatem
1340 1324 1641 1385 homimnn,
1670 1338 1796 1391 pro-

216 1420 332 1476 pter
360 1427 502 1479 quos
530 1412 661 1466 fecit
698 1425 876 1476 tantas
900 1414 1321 1483 dispositiones;
1357 1413 1791 1467 invisibilitatem

213 1502 425 1568 quidem
478 1501 664 1557 Patris
699 1505 1039 1570 custodiens,
1086 1522 1154 1560 ne
1181 1510 1404 1574 quando
1436 1506 1598 1560 homo
1639 1504 1795 1560 ﬁeret

213 1603 556 1663 contemptor
584 1594 709 1661 Dei,
743 1603 798 1647 et
837 1612 1055 1666 semper
1086 1598 1312 1653 haberet
1347 1599 1412 1651 ad
1446 1599 1589 1668 quod
1626 1599 1793 1668 proli-

212 1695 386 1749 ceret;
419 1686 694 1741 visibilem
731 1699 914 1742 autem
946 1706 1133 1744 rursus
1176 1692 1488 1746 hominibus
1526 1709 1623 1763 per
1651 1694 1793 1746 mul-

213 1786 295 1829 tas
323 1777 714 1845 dispositiones
738 1781 1028 1835 ostendens
1063 1781 1229 1835 Deum
1275 1798 1341 1837 ne
1380 1784 1432 1837 in
1466 1796 1633 1837 tounn
1661 1786 1793 1839 deli-

209 1869 363 1922 eiens
413 1872 579 1925 homo
605 1887 635 1925 a
672 1872 779 1927 Deo
808 1886 1049 1928 cessaret
1101 1891 1223 1930 esse
1252 1876 1317 1931 ³³.
1346 1896 1363 1927 ι
1427 1876 1548 1932 Uno
1602 1879 1789 1946 verbo,

212 1964 367 2027 «ipse
395 1972 482 2016 est
511 1964 602 2033 qui
641 1965 775 2018 dicit
818 1965 1026 2037 Moysi:
1067 1966 1262 2022 Viden:
1314 1969 1419 2021 vidi
1460 1972 1789 2023 vexationem

203 2053 389 2119 populi
418 2055 545 2119 mei,
575 2056 667 2123 qui
694 2066 769 2107 est
802 2058 856 2108 in
887 2056 1140 2127 ngypto,
1172 2068 1219 2113 et
1256 2060 1500 2114 descendi
1530 2070 1587 2113 ul
1609 2079 1792 2115 eruam

203 2160 289 2197 eos
318 2145 404 2209 ³⁴;
438 2146 507 2199 ab
534 2147 693 2201 initio
728 2162 982 2204 assuetus
1014 2152 1248 2205 Verbum
1284 2151 1378 2208 Dei
1409 2154 1710 2209 ascendere
1736 2164 1791 2209 et

203 2237 562 2301 descendere,
598 2249 822 2308 propter
849 2242 1077 2297 salutem
1104 2260 1318 2309 eorum,
1348 2246 1438 2313 qui
1470 2248 1609 2302 male
1634 2249 1794 2302 habe-

203 2339 350 2380 rent.
378 2347 395 2377 ι
434 2328 509 2381 De
545 2328 628 2383 his
669 2328 786 2384 fuse
821 2331 1036 2386 disserit
1084 2334 1317 2390 Irenteus
1358 2336 1470 2390 fere
1513 2352 1543 2390 a
1594 2355 1712 2406 cap.
1758 2342 1793 2396 5

204 2434 384 2487 usque
410 2420 475 2472 ad
509 2419 598 2483 20,
630 2424 724 2475 sed
756 2424 858 2476 hoc
887 2428 1208 2494 praesertim.
1238 2427 1361 2482 Hzec
1388 2429 1570 2483 omnia
1600 2434 1789 2486 eodem

201 2511 516 2567 collinum.
548 2511 753 2581 Nempe
796 2529 921 2568 cum
953 2518 1290 2582 probandum
1325 2522 1425 2574 sibi
1455 2525 1793 2591 suscepisset

202 2614 438 2653 sanctus
462 2603 668 2667 doctor,
687 2620 849 2658 unum
868 2617 922 2660 et
947 2611 1194 2663 eutndem
1220 2627 1343 2666 esse
1371 2615 1654 2685 utriusque
1685 2615 1792 2671 Te-

202 2694 469 2746 stamenti
499 2702 1055 2763 auctorem,ostendit
1078 2720 1243 2757 unum
1270 2717 1324 2759 et
1340 2709 1592 2762 eumdem
1622 2710 1790 2765 Deum

197 2786 493 2839 hominum
525 2801 741 2859 semper
768 2792 931 2846 saluti
963 2796 1305 2851 consuluiSse
1352 2814 1415 2854 ac
1452 2802 1785 2870 providisse:

196 2894 381 2931 unum
415 2888 471 2930 et
501 2881 751 2934 eumdem
806 2881 973 2936 Deum
1011 2902 1038 2939 a
1074 2890 1351 2943 Veteribus
1385 2904 1440 2945 et
1472 2894 1630 2946 nobis
1662 2893 1790 2946 ado-

197 2983 393 3023 ratum
457 2971 646 3033 fuisse,
697 2976 946 3029 eamdem
1005 2977 1171 3032 fuisse
1224 2990 1468 3035 veterum
1520 2984 1679 3038 fidem
1736 2994 1791 3039 et

194 3076 489 3126 nostram;
534 3078 723 3119 omnes
760 3067 972 3121 Veteris
1000 3068 1333 3127 Testamenti
1378 3076 1693 3143 prOphetias
1733 3085 1789 3131 et

192 3160 409 3225 ﬁguras
447 3157 500 3210 in
534 3173 697 3211 unum
743 3169 798 3212 et
828 3162 1077 3215 eumdem
1111 3164 1391 3220 Christum
1428 3167 1560 3223 Novi
1593 3168 1786 3226 Testa-

190 3247 375 3300 menti
430 3250 783 3303 mediatoretn
840 3253 1209 3321 conspirasse,
1241 3273 1305 3312 ac
1334 3261 1561 3326 proinde
1611 3278 1780 3316 unum
1808 3283 1853 3343 ο

187 3350 243 3393 ct
273 3341 541 3394 eumdem
577 3356 700 3395 esse
747 3342 911 3396 Deum
950 3355 1004 3399 et
1036 3345 1276 3413 Patrem,
1324 3366 1483 3419 quem
1535 3354 1651 3421 ipse
1682 3371 1782 3408 an-

190 3432 500 3499 nuntiavit,
530 3443 583 3486 et
630 3443 819 3487 notum
855 3435 1169 3494 hominibus
1201 3442 1349 3506 fecit,
1404 3459 1504 3500 nec
1546 3446 1778 3502 alterum

188 3537 240 3579 et
280 3526 571 3580 diversum
611 3529 677 3581 ab
710 3543 775 3583 eo
819 3546 982 3598 quem
1036 3537 1434 3592 annuntiabant
1478 3542 1779 3609 prophetze,

190 3619 282 3687 qui
317 3618 621 3673 adventum
673 3624 789 3695 ejus
825 3626 1237 3695 prazcinebant:
1271 3629 1397 3685 hinc
1426 3633 1643 3701 quidem
1680 3634 1780 3687 Pa-

190 3716 331 3761 trem
379 3708 705 3765 invisibilem
741 3728 957 3783 semper
985 3715 1174 3782 fuisse,
1216 3733 1319 3773 nec
1348 3720 1602 3789 cuiquam
1635 3738 1780 3780 mor-

190 3805 393 3857 talium
419 3806 607 3859 datum
656 3822 893 3876 unquam
933 3807 1103 3865 fuisse
1131 3812 1317 3867 videre
1346 3816 1775 3884 magnitudinem

189 3898 311 3965 ejus
366 3908 422 3950 et
472 3899 777 3953 mirabilem
818 3902 1087 3971 gloriam;
1130 3905 1543 3975 «incapabilisr
1603 3911 1775 3976 enim,

193 4008 212 4041 ι
240 3999 299 4043 et
358 3991 948 4059 incomprehensibilis,
1002 4005 1058 4050 et
1110 3996 1477 4065 invisibilis”;
1518 4012 1614 4057 rat
1637 4004 1775 4059 male

193 4081 319 4133 inde
368 4082 437 4133 ab
492 4082 763 4134 haereticis
812 4082 1025 4149 inferri,
1083 4085 1322 4149 ignotum
1360 4102 1576 4152 semper
1606 4090 1773 4146 fuisse

190 4174 372 4225 donec
418 4173 709 4225 adveniret
757 4173 1031 4230 Christus.
1067 4177 1140 4227 «⁸⁸
1157 4178 1422 4243 Quoniam
1452 4180 1545 4248 qui
1586 4183 1769 4235 omnia

188 4266 239 4317 in
264 4265 529 4316 omnibus
550 4275 834 4333 operatur,
858 4266 996 4321 Deus
1020 4270 1319 4338 est,qua|is
1342 4279 1395 4323 et
1414 4282 1649 4340 quantus
1668 4285 1771 4340 est,

188 4355 484 4409 invisibilis
526 4365 584 4409 et
627 4357 1012 4413 inenarrabilis
1038 4370 1120 4415 est
1144 4361 1413 4425 omnibus,
1446 4380 1568 4434 quae
1604 4367 1674 4421 ab
1706 4382 1773 4422 eo

188 4444 327 4499 facta
363 4456 523 4511 sunt;
546 4448 860 4517 incognitus
885 4463 1251 4518 nequaquam.
1278 4471 1296 4504 ι
1330 4454 1493 4510 Ratio
1514 4466 1616 4521 est,
1642 4458 1771 4526 quia

192 4540 423 4593 «omnia
460 4555 561 4609 per
615 4540 848 4595 Verbum
905 4541 1023 4609 ejus
1051 4543 1292 4610 discunt,
1340 4548 1466 4616 quia
1508 4560 1589 4603 est
1631 4567 1771 4605 unus

1902 670 2244 732 minabilem,
2294 679 2555 739 quantum
2599 669 2665 722 ad
2719 683 2819 722 nos
2869 677 2973 733 est,
3004 665 3287 733 cognoscit
3315 678 3472 717 suum

1904 762 2070 829 ipsius
2109 759 2377 826 Verbum;
2412 770 2616 815 etcum
2642 761 2713 814 sit
2744 758 3146 820 inenarrabilis,
3176 758 3289 827 ipse
3312 771 3474 812 enar-

1897 864 1982 909 rat
2022 856 2213 919 nobis;
2262 870 2481 909 rursum
2512 864 2698 908 autem
2732 853 2971 908 Verbum
3008 868 3163 907 suum
3204 853 3351 908 solus
3380 868 3472 906 eo-

1896 950 2108 1017 gnoscit
2134 948 2313 1002 Pater.
2340 966 2358 999 ι
2388 947 2502 1002 Non
2543 948 2720 1001 minus
2748 961 2878 1013 ergo
2913 945 3204 1010 invisibile,
3236 954 3289 999 et
3319 936 3485 999 inde-~

1899 1038 2268 1103 terminabile,
2290 1047 2345 1093 et
2376 1039 2741 1093 inenarrabile
2778 1047 2883 1101 est,
2927 1055 2945 1088 ι
2970 1047 3235 1105 quantum
3262 1037 3329 1090 ad
3372 1050 3472 1089 nos

1896 1138 2000 1193 est,
2031 1148 2049 1180 ι
2084 1130 2258 1197 ipsmn
2296 1129 2528 1184 Verbum
2558 1144 2723 1196 quam
2752 1128 2942 1194 Pater,
2968 1144 3091 1183 cum
3118 1144 3148 1182 a
3174 1128 3288 1183 solo
3310 1126 3474 1181 Patre

1896 1229 2159 1289 quantum
2208 1231 2333 1285 est,
2386 1229 2755 1291 cognoscatur
2784 1234 2802 1271 :
2838 1220 3155 1274 «invisibile
3195 1220 3420 1281 etenim,
3448 1238 3468 1270 ι

1898 1322 1955 1365 ut
1985 1314 2144 1380 paulo
2171 1324 2294 1381 post
2322 1313 2419 1378 ait,
2454 1332 2473 1363 ι
2500 1312 2621 1367 Filii
2668 1312 2862 1379 Pater;
2891 1332 2908 1364 ι
2949 1328 3071 1367 nam
3122 1328 3242 1380 quae
3278 1322 3469 1367 natura

1898 1404 2076 1459 Patris
2105 1415 2208 1471 est,
2242 1406 2433 1459 eadem
2485 1415 2539 1460 et
2582 1406 2737 1473 Filii;
2774 1409 3059 1472 utriusque
3088 1408 3384 1461 secundum
3413 1416 3483 1460 se‘

1898 1496 2188 1551 invisibilis
2223 1507 2326 1552 est.
2355 1497 2421 1550 Et
2441 1511 2566 1567 cap.
2593 1496 2687 1562 24,
2715 1514 2770 1550 n.
2798 1497 2854 1562 2,
2887 1506 3076 1567 aperte
3105 1501 3284 1561 docet,
3312 1513 3331 1548 ι
3351 1512 3472 1551 esse

1897 1603 2063 1641 unum
2100 1587 2288 1653 Deum,
2322 1589 2415 1657 qui
2453 1598 2538 1645 est
2569 1604 2731 1658 super
2752 1603 2971 1643 omnem
3000 1589 3390 1657 principatum,
3417 1598 3472 1644 et

1896 1680 2320 1734 dominationem
2396 1691 2451 1735 et
2499 1690 2851 1751 potestatem,
2885 1679 3174 1753 [CXXXII]
3222 1690 3276 1736 et
3310 1696 3473 1735 omne

1897 1790 2090 1828 nomen
2124 1776 2268 1843 quod
2302 1776 2660 1829 nominatur:
2689 1785 2743 1831 et
2768 1774 2931 1842 hujus
2953 1774 3210 1839 Verbum,
3245 1784 3470 1828 natura-

1898 1866 2020 1920 liter
2049 1867 2263 1934 quidem
2296 1867 2644 1931 iuvisibilem,
2675 1868 2999 1938 palpabilem
3024 1876 3080 1921 et
3110 1866 3380 1922 visibilem
3416 1867 3468 1921 iu

1898 1956 2226 2023 hominibus,
2258 1966 2312 2011 et
2343 1973 2515 2026 usque
2543 1957 2610 2011 ad
2645 1968 2877 2014 mortem
2915 1959 3288 2022 descendisse,
3322 1974 3469 2013 mor-

1897 2056 2001 2100 tem
2031 2060 2211 2103 antem
2244 2052 2440 2106 crucis.
2473 2070 2490 2103 ι
2529 2052 2585 2106 Si
2618 2052 2784 2122 igitur
2814 2052 3105 2108 videndum
3142 2066 3201 2105 se
3234 2051 3471 2121 prtebuit

1892 2140 2137 2194 divinum
2167 2140 2421 2209 Verbum,
2462 2160 2570 2199 non
2596 2155 2745 2199 certe
2782 2146 2835 2199 in
2867 2147 2980 2214 ipsa
3030 2155 3223 2199 natura
3259 2160 3356 2199 sua
3389 2144 3472 2199 di-

1892 2231 2015 2283 vina
2046 2240 2101 2286 et
2133 2231 2412 2299 invisibili,
2442 2236 2535 2289 sed
2560 2245 2772 2289 tantum
2803 2236 2857 2289 in
2882 2235 3076 2289 alienis
3102 2244 3157 2289 et
3180 2234 3474 2302 assumptis

1895 2321 2084 2377 formis
2108 2334 2163 2379 et
2190 2326 2499 2395 speciebus.
2531 2324 2589 2380 Id
2627 2324 2746 2381 fuse
2774 2328 2970 2395 probat
2998 2341 3121 2395 cap.
3149 2325 3240 2390 20,
3271 2341 3327 2379 n.
3356 2326 3390 2380 9
3416 2336 3471 2379 et

1893 2430 2073 2485 seqq.,
2118 2418 2207 2471 ubi
2245 2419 2561 2486 expendens
2589 2434 2651 2474 ea
2697 2420 2862 2473 divini
2900 2418 3063 2473 Verbi
3107 2420 3173 2473 ad
3226 2417 3469 2490 Moysen,

1891 2527 2013 2567 cum
2042 2526 2149 2579 quo
2182 2511 2531 2581 loquebatur,
2559 2514 2721 2566 verba
2754 2527 2768 2565 :
2804 2512 2900 2566 Sta
2931 2514 2985 2565 in
3013 2512 3128 2565 loco
3150 2513 3258 2566 alto
3284 2522 3469 2583 petra},

1891 2613 1939 2657 et
1973 2619 2132 2671 manu
2159 2620 2272 2657 mea
2305 2615 2575 2673 conlegam
2599 2620 2756 2673 super
2787 2612 2855 2658 te.
2888 2604 3111 2670 Quando
3144 2621 3263 2659 vero
3290 2614 3469 2659 trans-

1892 2697 2010 2751 ierit
2044 2694 2258 2749 claritas
2305 2714 2439 2758 mea,
2474 2705 2598 2749 tunc
2630 2696 2829 2750 videbis
2857 2713 2977 2766 qua:
3015 2710 3135 2751 sunt
3169 2700 3465 2767 posteriora

1891 2808 2041 2850 mea:
2072 2793 2235 2859 facies
2260 2803 2430 2846 autem
2467 2810 2578 2846 mea
2614 2810 2716 2847 non
2751 2795 3010 2848 videbitur
3036 2796 3163 2859 tibi;
3196 2812 3299 2850 non
3326 2797 3466 2849 enim

1892 2887 2026 2939 videt
2055 2888 2206 2938 ltomo
2230 2886 2417 2953 faciem
2451 2904 2641 2952 meam,
2671 2899 2715 2941 et
2743 2890 2871 2942 vivet
2892 2888 2971 2955 ";
2998 2890 3091 2954 ait,
3121 2898 3355 2959 utraque
3387 2892 3469 2944 his

1888 2978 2213 3046 significari,
2254 2997 2271 3028 ι
2297 2979 2554 3046 quoniam
2592 2990 2648 3034 et
2690 2979 3043 3048 impossibilis
3075 2993 3161 3037 est
3196 2982 3360 3036 homo
3390 2985 3468 3035 vi-

1889 3072 2019 3126 dere
2070 3072 2258 3138 Deum,
2305 3082 2357 3127 et
2409 3073 2668 3141 quoniam
2715 3088 2811 3142 per
2860 3074 3200 3144 Sapientiam
3231 3076 3340 3143 ,Dei
3410 3077 3462 3129 in

1889 3164 2203 3221 novissimis
2234 3165 2570 3234 temporibus
2607 3166 2810 3221 videbit
2842 3182 2965 3221 eum
3003 3168 3168 3222 homo
3200 3170 3253 3223 in
3282 3168 3464 3223 altitu-

1889 3256 2014 3310 dine
2042 3265 2227 3325 petraa,
2263 3258 2366 3311 hoc
2397 3266 2481 3312 est
2526 3257 2578 3311 in
2613 3272 2678 3312 eo
2708 3260 2799 3327 qui
2837 3268 2923 3313 est
2962 3262 3260 3316 secundum
3294 3261 3471 3315 homi-

1891 3363 2012 3401 nem
2042 3349 2160 3417 ejus
2202 3350 2459 3403 adventu.
2487 3368 2505 3402 ι
2545 3348 2700 3405 Tunc
2742 3366 2871 3421 ergo
2908 3353 3177 3407 duntaxat
3220 3353 3463 3408 divinum

1890 3441 2125 3496 Verbum
2184 3440 2323 3496 facie
2378 3443 2444 3495 ad
2487 3441 2685 3496 faciem
2738 3444 2912 3497 visum
2961 3458 3083 3499 esse
3131 3454 3305 3512 putat,
3336 3461 3461 3500 cum

1887 3534 2181 3588 humanam
2237 3533 2342 3587 sibi
2406 3545 2658 3587 naturam
2709 3536 3024 3604 assumpsit,
3077 3536 3464 3603 propriamque

1885 3623 1989 3677 sibi
2024 3622 2171 3678 fecit.
2207 3621 2344 3677 Hinc
2385 3625 2682 3687 concludit,
2732 3644 2750 3675 ι
2782 3640 2886 3677 ηοη
2932 3624 3212 3680 manifeste
3287 3625 3460 3692 ipsam

1884 3713 2077 3768 faciem
2111 3713 2207 3769 Dei
2246 3716 2448 3770 vidisse
2490 3718 2812 3785 prophetas,
2849 3717 2944 3770 sed
2982 3717 3375 3785 dispositiones
3406 3726 3462 3770 et

1884 3805 2165 3875 mysteria,
2210 3819 2307 3873 per
2346 3820 2469 3873 qua:
2509 3804 2773 3874 inciperet
2802 3805 2963 3859 homo
2989 3804 3174 3858 videre
3207 3804 3397 3867 Deum,
3434 3822 3452 3853 ο

1884 3908 1943 3950 ut
1975 3896 2042 3950 iis
2066 3895 2327 3964 paulatim
2353 3903 2699 3951 assuesceret
2732 3896 2894 3948 homo
2919 3895 2985 3947 ad
3014 3894 3303 3948 videndum
3331 3910 3457 3948 eum

1882 4005 2105 4044 carnem
2137 3989 2362 4045 factum.
2399 3988 2463 4042 Et
2492 3996 2713 4057 postea:
2737 3986 2949 4055 «Igitur
2979 3986 3022 4041 si
3049 4000 3226 4054 neque
3244 3984 3459 4055 Moyses

1882 4085 2017 4138 vidit
2047 4082 2235 4147 Deum,
2282 4097 2383 4137 nec
2423 4081 2593 4145 Elias,
2624 4096 2724 4135 nec
2752 4080 3027 4144 Ezechiel,
3060 4080 3150 4148 qui
3190 4078 3361 4133 multa
3391 4078 3457 4131 de

1879 4175 2192 4231 etelestibus
2216 4174 2505 4239 viderunt;
2537 4187 2657 4242 quae
2687 4182 2870 4227 autem
2895 4172 2965 4226 ab
2993 4171 3076 4227 his
3108 4171 3458 4232 videbantur,

1878 4277 2038 4324 erant
2063 4268 2452 4324 similitudines
2493 4265 2763 4321 claritatis
2806 4264 3043 4329 Domini,
3072 4273 3128 4317 et
3154 4262 3460 4331 prophetia:

1878 4361 2186 4416 futurorum
2220 4379 2234 4415 :
2266 4358 2614 4415 manifestum
2662 4366 2770 4421 est,
2823 4358 3082 4426 quoniam
3118 4356 3282 4409 Pater
3329 4354 3455 4422 qui-

1877 4455 1997 4508 dem
2031 4451 2315 4508 invisibilis
2347 4460 2452 4513 est,
2485 4450 2551 4505 de
2575 4465 2682 4519 quo
2717 4460 2773 4504 et
2803 4448 3064 4503 Dominus
3093 4444 3455 4500 dixit:Deum

1878 4563 2026 4601 nemo
2050 4547 2177 4599 vidit
2205 4561 2435 4613 unquam
2454 4544 2532 4598 ⁸ος
2557 4544 2795 4600 Verbum
2824 4554 3003 4596 autem
3032 4538 3171 4607 ejus,
3191 4538 3453 4605 quemado

188 4630 329 4685 Deus
405 4630 596 4696 Pater,
632 4632 723 4700 qui
754 4633 997 4687 continet
1022 4635 1222 4701 omnia,
1266 4646 1323 4690 et
1358 4639 1611 4695 omnibus
1651 4656 1775 4696 esse
1803 4622 1853 4681 ι)
1882 4636 2113 4692 modum.
2132 4636 2346 4690 volebat
2376 4637 2510 4706 ipse,
2541 4645 2597 4692 et
2626 4637 2695 4691 ad
2745 4635 3038 4689 utilitatem
3089 4633 3452 4694 credenlium.

189 4732 430 4789 prestat,
465 4723 920 4789 quemadmodum
954 4726 1006 4778 in
1043 4726 1336 4797 Evangelia
1360 4730 1624 4800 scriptum
1650 4744 1770 4788 est:

189 4815 351 4867 Deum
390 4831 541 4867 nemo
590 4815 715 4869 vidit
770 4833 1022 4887 unquam,
1076 4818 1178 4872 nisi
1235 4822 1537 4890 unigenitus
1570 4821 1772 4891 Filius,

185 4908 268 4975 qui
301 4918 383 4961 est
425 4908 482 4958 in
530 4908 652 4960 sinu
687 4905 864 4960 Patris
895 4924 914 4962 :
944 4910 1051 4976 ipse
1078 4913 1434 4969 enarravit".
1476 4934 1496 4967 ‹
1530 4915 1766 4971 Enarrat

190 5016 316 5069 ergo
357 5002 426 5053 ab
466 5000 625 5052 initio
657 4998 828 5053 Filius
879 5000 1081 5067 Patris,
1136 5006 1335 5073 quippe
1368 5007 1461 5076 qui
1494 5013 1562 5062 ab
1608 5010 1777 5065 initio.

184 5103 395 5145 Caicum
408 5092 571 5148 Patre
587 5092 655 5145 ³⁵.
676 5112 695 5143 ι
721 5092 831 5146 Cur
856 5104 1039 5148 autem
1075 5096 1165 5149 uni
1205 5094 1382 5153 Verbo
1428 5102 1765 5169 provinciam

189 5186 323 5239 hanc
346 5185 645 5238 demandat
667 5185 918 5251 lrenaeus,
952 5199 1009 5242 ut
1037 5205 1096 5244 se
1122 5201 1175 5245 et
1206 5190 1428 5247 Patrem
1470 5209 1628 5249 suum
1662 5211 1763 5249 no-

190 5286 294 5331 tum
327 5277 580 5333 faceret?
606 5279 718 5333 Cur
740 5296 904 5334 unum
938 5280 1175 5337 Verbum
1206 5287 1497 5341 videndum
1532 5302 1591 5342 se
1617 5303 1758 5357 prte-

192 5370 388 5434 buisse,
419 5368 585 5424 Patre
615 5386 833 5441 seraper
862 5373 1120 5429 invisibili
1166 5388 1442 5445 manente,
1472 5389 1581 5433 tam
1626 5395 1762 5435 con-

186 5473 393 5517 stanter
449 5462 723 5518 aliirmat?
767 5466 849 5519 An
896 5468 1038 5536 quod
1086 5467 1175 5523 vel
1230 5470 1544 5526 inferiorem
1599 5472 1761 5531 Patre

186 5556 478 5611 crediderit
497 5556 721 5620 Filium,
744 5558 827 5611 vel
852 5569 1042 5613 natura
1060 5574 1157 5615 sua
1178 5560 1325 5616 hunc
1349 5563 1759 5632 aspectabilem,

187 5645 360 5707 potius
378 5661 545 5715 quam
590 5646 763 5713 illum,
803 5649 1100 5705 arbitratus
1126 5651 1237 5706 sit?
1271 5652 1433 5723 Atqui
1466 5654 1517 5707 id
1548 5655 1756 5710 diserte

247 5842 287 5871 ”
320 5848 444 5899 Lib.
480 5860 555 5907 tv,
590 5861 640 5902 c.
675 5848 769 5911 20,
806 5851 918 5903 n.'.'.

222 5852 287 5923 AA"
320 5852 566 5923 [albi-IV;
590 5861 640 5902 c.
670 5852 769 5923 βο,
806 5852 918 5903 n.'.'.
1015 5852 1059 5883 ³³
1083 5852 1215 5923 Cap.
1248 5855 1335 5915 i2,
1372 5872 1422 5910 tt.
1467 5856 1516 5909 4.

194 5913 265 5964 iii.
348 5918 365 5945 ³
428 5915 492 5971 Ν.
534 5917 587 5971 7.

667 5920 713 5951 ⁵³
753 5922 921 5978 Exorl.
966 5920 1289 5989 χιχιιιξὶθ,
1321 5928 1410 5980 :20.

1594 5856 1637 5933 f“
1673 5857 1855 5933 Exod.
1882 5875 1963 5933 tit,
2000 5862 2049 5924 7,
2085 5861 2137 5915 8.
2184 5926 2199 5933 ί
2226 5860 2269 5893 ³⁵
2302 5861 2429 5929 Cap.
2463 5860 2554 5924 ‘20,
2604 5876 2655 5914 ιι.
2692 5860 2725 5914 5

1494 5928 1536 5956 ’⁵ο
1576 5926 1732 5983 Joau.
1768 5947 1805 5996 ι,
1842 5932 1924 5984 lli.

1870 4730 2178 4785 claritatem
2210 4729 2552 4786 monstrabat
2590 4727 2795 4793 Patris,
2842 4735 2899 4780 et
2936 4726 3326 4795 dispositiones
3358 4740 3455 4778 ex-

1869 4822 2241 4890 ponebat......
2278 4838 2382 4877 non
2416 4823 2469 4876 in
2509 4836 2616 4875 una
2649 4821 2845 4890 figura,
2879 4833 2983 4873 nec
3016 4818 3073 4872 in
3107 4832 3218 4871 uno
3258 4816 3454 4871 chara-

1868 4929 2019 4971 ctere
2046 4917 2335 4971 videbatur
2360 4914 2671 4971 videntibus
2701 4928 2849 4978 eum,
2878 4912 2975 4966 sed
3008 4913 3308 4966 secundum
3339 4910 3454 4964 dis-

1869 5010 2250 5077 pensationum
2284 5008 2399 5076 ejus
2442 5021 2635 5063 causas
2672 5017 2729 5061 et
2757 5003 3077 5061 efﬁcaciam.
3106 5024 3126 5057 ι
3162 5003 3329 5071 Quasi
3361 5003 3450 5057 di-

1868 5111 2019 5155 ceret
2050 5118 2063 5154 :
2097 5101 2154 5155 Si
2204 5115 2380 5170 neque
2424 5100 2657 5170 Moyses,
2696 5112 2873 5167 neque
2901 5098 3072 5163 Elias,
3105 5112 3285 5166 neque
3310 5098 3449 5152 Eze-

1872 5194 2044 5257 chiel,
2105 5208 2283 5262 neque
2338 5192 2654 5262 prophetae,
2706 5192 3032 5261 quibuscum
3095 5190 3451 5245 familiariter

1870 5286 2086 5356 agebat,
2110 5285 2351 5339 divinum
2408 5284 2670 5345 Verbum,
2726 5297 2833 5336 non
2887 5290 3072 5336 tamen
3126 5282 3297 5350 ipsam
3352 5277 3449 5333 Dei

1868 5378 2161 5433 essentiam
2192 5378 2467 5441 viderunt,
2496 5377 2595 5431 sed
2623 5373 3017 5432 similitudines
3049 5377 3315 5431 duntaxat
3336 5373 3453 5428 cla-

1868 5469 2047 5523 ritatis
2080 5469 2294 5523 Domini
2319 5486 2333 5534 ;
2366 5468 2713 5524 manifestum
2741 5476 2846 5533 est,
2870 5468 3126 5537 quoniam
3160 5482 3260 5523 nec
3284 5466 3450 5521 Pater

1867 5562 2167 5615 secundum
2200 5569 2453 5615 naturam
2477 5575 2630 5615 suam
2654 5559 2882 5617 visibilis
2897 5573 2982 5616 est
3013 5560 3068 5615 in
3094 5561 3198 5615 hac
3229 5558 3445 5615 mortali

1868 5655 2011 5719 vita;
2048 5670 2148 5709 nec
2180 5652 2414 5709 Verbutu
2442 5655 2561 5725 ejus
2585 5658 2639 5711 in
2685 5657 2923 5712 essentia
2969 5671 3068 5711 sua
3103 5653 3444 5723 conspicien-

2826 5859 2870 5891 ³⁸
2897 5858 2961 5914 Ν.
2996 5860 3049 5913 6.
3130 5859 3171 5889 ³⁷
3204 5856 3360 5912 Joan.
3400 5873 3437 5925 ε,
