3924 6354
512 393 614 446 507

1339 383 1940 445 DISSERTATIONES
1979 382 2283 446 PREVI/E
2314 383 2381 440 IN
2420 383 2673 443 ΙΒΕΝᾸΞΙ
2712 383 2976 444 LIBROS.

3624 396 3707 451 308

510 513 637 567 dum
681 528 740 568 se
786 512 1037 584 praebuit,
1086 512 1178 567 sed
1235 511 1287 565 in
1314 512 1464 565 varia
1510 513 1705 582 figura,
1745 524 1845 565 nec
1894 510 2086 564 inuno
2113 510 2160 568 Α
2189 518 2436 564 sanctum
2475 510 2527 563 in
2559 516 2722 567 rebus
2744 509 3042 567 condendis
3068 507 3215 564 Patri
3254 511 3601 581 ministrasse;
3630 517 3722 573 ho-'

512 606 859 670 charactere,
904 605 1203 661 secundum
1246 605 1713 677 dispensationum
1743 604 1862 674 ejus
1889 617 2083 658 causas

509 708 564 753 et
592 698 911 753 efﬁcaciam.

585 791 676 847 58.
718 790 775 846 Id
807 807 937 863 ergo
962 792 1077 846 vult
1097 790 1335 845 lrenmus
1362 799 1437 859 tet
1463 791 1554 845 hic
1581 791 1723 861 ejus,
1745 793 2088 863 aliorumque

514 882 738 939 Patrum
772 884 960 940 eadem
1003 899 1127 938 eum
1165 883 1284 952 ipso
1331 883 1717 949 asserentium,
1758 892 1813 938 et
1845 886 2086 940 sentien-

511 976 647 1030 tium
691 976 933 1047 seopus),
965 974 1179 1029 Patrem
1223 989 1346 1030 cum
1381 976 1454 1030 sit
1483 974 1638 1043 origo
1676 984 1731 1030 et
1763 974 1887 1032 fons
1918 981 2086 1032 totius

512 1068 874 1125 sanctissimae
902 1067 1206 1133 Trinitatis,
1235 1083 1266 1121 a
1295 1083 1406 1137 quo
1437 1076 1662 1122 manant
1705 1076 1759 1123 et
1797 1069 2085 1126 mittuntur

512 1161 631 1215 alia:
657 1175 922 1230 personae,
956 1161 1134 1231 ipsum
1167 1175 1198 1213 a
1236 1159 1455 1215 nemine
1492 1161 1744 1228 missum,
1775 1162 1957 1218 minus
1989 1162 2085 1217 de-

511 1253 693 1308 cuisse
744 1251 1057 1322 frequentes
1086 1251 1226 1319 illas,
1268 1268 1391 1323 qum
1439 1252 1567 1307 olim
1607 1252 1763 1309 facta:
1803 1264 1950 1319 sunt,
1986 1254 2081 1309 Dei

511 1344 854 1415 ἐπιφανείας.
902 1342 997 1400 Dei
1044 1345 1263 1415 quidem
1304 1345 1600 1400 bonitatem
1649 1360 1865 1416 semper
1892 1346 2084 1413 decuit

510 1452 698 1491 nomm
723 1452 780 1492 se
804 1437 983 1506 ipsum
1015 1437 1333 1492 hominibus
1358 1437 1558 1504 facere,
1579 1454 1663 1501 ac.
1688 1447 1953 1509 quantum
1981 1440 2082 1510 ipsi

508 1545 703 1600 capere
728 1538 958 1601 queunt,
985 1531 1432 1600 conspiciendum
1456 1533 1731 1602 prazbere;
1765 1534 1890 1603 quia
1930 1552 1950 1587 ι
1972 1535 2084 1589 vita

508 1624 750 1679 hominis
788 1624 929 1679 visio
957 1623 1135 1679 Dei“.
1162 1643 1181 1676 ι
1212 1623 1283 1676 Αι
1315 1623 1368 1680 id
1411 1625 1655 1681 muneris
1698 1625 1755 1680 in
1798 1641 1858 1682 se
1902 1626 2081 1681 susci-

506 1731 637 1785 pere
690 1715 888 1770 Filium
957 1716 1141 1785 potius
1201 1733 1367 1786 quam
1440 1716 1657 1773 Patrem
1725 1719 2080 1789 congruebat.

509 1809 584 1864 Ea
629 1811 775 1864 enim
826 1810 1112 1865 hominum
1160 1811 1360 1866 animis
1400 1812 1759 1883 inspergenda
1795 1811 1889 1868 Dei
1939 1813 2082 1867 nati-

508 1903 615 1970 tia,
668 1903 1091 1975 frequentesque
1139 1907 1246 1961 illae
1299 1904 1393 1961 Dei
1447 1905 1686 1962 visiones
1747 1905 1813 1961 ad
1870 1907 2078 1960 οἰκονο-

509 1996 638 2066 μίαν
674 1999 1017 2067 spectabant,
1059 2009 1114 2055 et
1153 2001 1218 2056 ad
1268 2000 1554 2055 utilitatem
1589 1999 1871 2056 hominum
1898 1999 2081 2069 lapso-

506 2104 627 2143 rum
704 2089 949 2157 ﬁebant,
1015 2093 1353 2163 totidemque
1430 2093 1627 2147 futura:
1686 2091 2079 2147 incarnationis

505 2180 670 2234 veluti
696 2181 955 2250 prteludia
985 2192 1160 2237 erant.
1213 2180 1387 2238 Porro
1424 2181 1584 2238 sicuti
1617 2179 1838 2245 Filium,
1869 2178 2014 2249 quod
2047 2193 2079 2233 a

502 2271 663 2328 Patre
676 2275 1045 2331 necessariam
1063 2282 1389 2330 etaeternam
1407 2275 1676 2346 originem
1696 2274 1913 2339 habeat,
1930 2271 2077 2342 quod

503 2381 533 2419 a
564 2362 722 2419 Patre
748 2375 911 2420 natus
940 2365 1032 2429 sit,
1064 2381 1095 2420 a
1124 2367 1286 2422 Patre
1321 2368 1592 2430 mittatur,
1624 2365 1853 2435 ejusque
1875 2363 2078 2433 imago,

503 2450 676 2521 figura
729 2451 1052 2508 substantiae
1100 2451 1241 2521 ejus,
1294 2462 1370 2517 et,
1422 2461 1480 2509 ut
1535 2452 1774 2522 loquitur
1803 2454 2061 2524 Irenazus,

498 2543 699 2611 agnitio
726 2544 815 2607 sit,
866 2556 1087 2596 carnem
1124 2544 1405 2611 suscipere
1438 2543 1620 2597 decuit
1664 2545 1862 2618 potius.
1897 2560 2063 2613 quam

496 2633 1012 2703 Patrem,qui,cum
1060 2634 1233 2704 prima
1268 2648 1500 2703 persona
1546 2634 1639 2700 sit,
1694 2650 1721 2689 a
1762 2636 1908 2690 nulla
1955 2638 2061 2692 alia

495 2725 574 2780 vel
599 2728 798 2792 oritur,
828 2726 911 2782 vel
940 2726 1199 2792 mittitur;
1236 2728 1319 2781 sic
1350 2727 1548 2782 Filium
1573 2729 1748 2797 magis
1774 2745 1935 2799 quam
1963 2730 2063 2785 Pa-

493 2825 635 2872 trem
662 2818 847 2872 decuit
875 2818 1254 2887 frequentibus
1278 2817 1385 2873 illis
1402 2819 1840 2890 apparitionibus
1869 2824 2063 2877 futura:

491 2909 855 2966 incarnationi
908 2926 1020 2967 suae
1066 2912 1408 2982 praeludere,
1457 2914 1873 2985 hominumque,
1924 2931 2062 2985 quos

490 3000 746 3072 deinceps
777 3004 1042 3074 sanguine
1073 3019 1172 3060 suo
1198 3005 1577 3076 redempturus
1600 3017 1740 3074 erat,
1766 3009 1963 3064 salutis
1992 3010 2060 3064 ab

489 3098 643 3151 initio
670 3112 857 3152 curam
889 3112 1098 3167 gerere.
1122 3097 1307 3169 Neque
1329 3101 1473 3155 enim
1508 3102 1646 3156 hanc
1682 3111 1790 3156 tum
1820 3103 2057 3171 primum

2190 602 2391 658 minem
2425 602 2627 659 factum
2656 619 2797 672 esse,
2843 604 3006 661 Patre
3049 606 3269 675 quidem
3313 607 3448 664 bene
3481 613 3710 673 sentiente

2188 704 2242 750 et
2272 697 2518 765 jubente,
2550 697 2690 752 Filio
2718 714 2850 754 vero
2897 699 3244 756 ministrante
3268 708 3323 756 et
3348 700 3578 771 jubente;
3610 707 3709 778 Spi-

2190 788 2292 843 ritu
2322 798 2501 845 autetn
2532 791 2828 854 nutriente,
2860 801 2916 847 et
2958 804 3213 864 augente,
3243 802 3296 850 et
3336 795 3437 849 alia
3467 798 3709 865 ejusmodi.

2188 879 2395 953 Nempe
2418 883 2580 938 Pater
2592 883 2732 939 Filio
2746 893 2798 938 et
2814 884 3038 954 Spirittti
3057 896 3247 945 sancto
3255 888 3406 959 jubet
3417 904 3474 944 ac
3488 893 3709 961 praecipit,

2190 991 2299 1032 non
2333 986 2599 1046 tanquam
2630 978 2882 1047 superior
2914 995 2978 1034 ac
3009 980 3270 1037 Dominus
3308 981 3635 1042 inferioribus
3663 1004 3714 1044 ac

2186 1067 2439 1135 subditis,
2453 1070 2546 1125 sed
2562 1078 2818 1138 tanquam
2836 1071 3059 1139 aequalis
3070 1073 3390 1141 mqualibus,
3405 1076 3716 1131 consubstan-

2188 1162 2333 1217 tialis
2360 1162 2943 1227 consubstantialibus,
2988 1174 3293 1221 coaeternus
3311 1169 3599 1235 coaeternis,
3618 1171 3716 1225 sine

2185 1254 2383 1324 quibus
2399 1254 2580 1309 facere
2594 1254 2727 1309 nihil
2742 1265 2918 1324 potest
2940 1272 2954 1321 ;
2976 1256 3083 1311 imo
3103 1256 3241 1312 Filio
3259 1256 3544 1329 etSpiritui
3558 1271 3713 1316 sancto

2183 1345 2419 1415 imperat
2449 1346 2631 1411 Pater,
2659 1355 2917 1416 tanquam
2948 1348 3050 1403 sibi
3080 1349 3202 1419 ipsi.
3232 1349 3420 1421 Neque
3446 1353 3579 1407 enim
3603 1353 3715 1408 alias

2185 1436 2382 1495 Filium
2435 1446 2491 1494 et
2534 1437 2800 1509 Spiritum
2853 1450 3104 1496 sanctum
3156 1458 3185 1496 a
3235 1442 3397 1502 Patre
3445 1444 3712 1514 distinguit,

2181 1543 2342 1598 quam
2386 1543 2621 1600 persona
2656 1538 2712 1586 et
2747 1528 3122 1600 subsistentia,
3153 1550 3259 1590 non
3296 1543 3444 1589 certe
3474 1546 3650 1590 natura
3672 1546 3717 1589 et

2179 1622 2509 1686 substantia,
2548 1637 2710 1692 quam
2741 1639 2905 1679 unam
2931 1634 2985 1679 et
3012 1627 3259 1681 eamdem
3291 1628 3344 1682 in
3378 1628 3544 1683 tribus
3570 1644 3714 1697 agno.

2177 1715 2284 1775 scit
2329 1726 2385 1773 et
2428 1715 2742 1775 confitetur.
2793 1713 2850 1770 Id
2900 1717 3048 1771 clare
3091 1730 3146 1773 et
3182 1719 3386 1788 absque
3433 1719 3716 1790 ambagibus

2177 1806 2517 1864 demonstrat
2552 1808 2649 1864 lib.
2694 1825 2756 1873 ιι,
2790 1824 2842 1864 c.
2870 1808 2960 1873 50,
2990 1825 3045 1863 ιι.
3077 1810 3131 1876 9,
3163 1811 3394 1880 aliisque
3423 1812 3550 1867 locis
3572 1812 3669 1881 jam
3690 1827 3713 1863 ιι

2178 1900 2335 1957 nobis
2389 1902 2595 1957 citatis.
2630 1901 2764 1956 Illud
2813 1917 2946 1957 vero
2996 1903 3367 1959 ministerium
3405 1907 3543 1974 quod
3585 1904 3712 1958 Patri

2173 1992 2472 2064 praestitere
2507 1993 2678 2048 Filius
2708 2003 2762 2050 et
2790 1993 3027 2066 Spiritus
3055 2005 3296 2062 sanctus,
3319 2012 3484 2066 quam
3508 1997 3714 2051 immen-

2173 2100 2294 2141 sum
2342 2085 2412 2140 ab
2457 2098 2523 2145 eo
2565 2084 2755 2149 distet,
2788 2084 2934 2155 quod
2965 2085 3050 2139 vel
3084 2085 3364 2140 minimam
3394 2084 3717 2154 subjectionis

2172 2192 2240 2234 ac
2268 2176 2551 2237 servitutis
2600 2175 2850 2232 umbram
2895 2175 3207 2246 adjunctatn
3255 2177 3477 2243 habeat,
3519 2177 3716 2232 demon-

2172 2278 2313 2326 strat
2353 2269 2411 2327 S.
2444 2271 2638 2331 doctor
2663 2271 2760 2328 lib.
2798 2288 2872 2340 tv,
2903 2288 2954 2329 c.
2989 2275 3040 2340 7,
3097 2290 3154 2328 ιι.
3184 2271 3236 2335 4,
3286 2272 3382 2327 ubi
3426 2271 3554 2326 illud
3581 2280 3716 2325 vocat

2174 2380 2193 2414 ι
2224 2363 2501 2432 copiosum
2536 2372 2591 2419 et
2634 2364 3001 2422 inenarrabile
3045 2364 3433 2420 ministerium.
3474 2362 3718 2417 Ministrat

2167 2457 2312 2512 enim
2338 2459 2409 2524 ei,
2431 2477 2450 2510 ι
2486 2458 2657 2524 addit,
2696 2477 2714 2509 ι
2738 2459 3026 2531 progenies
3051 2469 3103 2513 et
3138 2455 3391 2529 figuratio
3421 2470 3540 2515 sua,
3571 2454 3617 2506 ld
3646 2460 3715 2505 est

2168 2548 2344 2604 Filius
2388 2558 2443 2603 et
2493 2545 2733 2616 Spiritus
2780 2559 3033 2610 sanctus.
3064 2547 3303 2603 Verbum
3334 2553 3393 2598 et
3437 2537 3715 2610 Sapientia,

2166 2642 2366 2710 quibus
2402 2642 2671 2706 serviunt,
2710 2650 2765 2695 et
2815 2639 3041 2708 subjecti
3077 2649 3203 2693 sunt
3254 2651 3453 2690 omnes
3491 2632 3710 2703 angeli»

2166 2734 2260 2790 Sic
2283 2748 2415 2805 ergo
2438 2735 2751 2789 ministrant
2779 2733 2928 2794 Patri
2953 2732 3125 2788 Filius
3151 2740 3206 2786 et
3228 2732 3469 2801 Spiritus
3497 2736 3715 2789 sanctus,

2166 2838 2227 2883 ut
2268 2826 2633 2883 ministerium
2668 2826 2799 2881 illud
2832 2824 3199 2887 inenarrabile
3227 2826 3316 2887 sit,
3350 2831 3409 2877 et
3457 2819 3661 2875 infinito
3691 2832 3718 2868 a

2165 2937 2226 2977 se
2258 2929 2538 2977 removeat
2572 2920 2861 2975 intervallo
2891 2920 3039 2975 ideas
3086 2932 3297 2981 omnes,
3352 2931 3495 2984 quas
3537 2913 3588 2966 in
3630 2911 3720 2964 hu-

2165 3015 2342 3070 manis
2380 3013 2666 3083 adiunctas
2714 3027 2900 3068 secum
2934 3012 3118 3068 habet.
3167 3011 3259 3067 Sic
3312 3008 3642 3069 ministrant,
3670 3008 3721 3054 ut

2164 3105 2305 3162 alter
2351 3106 2422 3162 sit
2471 3107 2586 3175 ipsa
2638 3104 2927 3176 progenies
2980 3103 3196 3168 Patris,
3225 3102 3367 3155 alter
3407 3096 3657 3170 figuratio
3675 3101 3723 3148 et

488 3193 745 3261 suscepit,
770 3208 892 3247 cum
926 3193 978 3246 in
1010 3208 1177 3248 carne
1216 3195 1431 3249 mortali
1462 3196 1703 3262 advenit,
1733 3206 1789 3251 ut
1833 3213 1940 3253 non
1973 3215 2061 3254 se-
2086 3207 2128 3264 c
2165 3196 2343 3266 imago
2376 3195 2503 3250 Filii
2589 3195 2754 3262 (lianc
2796 3195 2941 3251 enim
2984 3209 3196 3259 vocem,
3231 3192 3486 3262 ﬁguratio
3516 3206 3630 3250 sua,
3663 3184 3721 3237 ad

488 3284 593 3340 tnel
618 3285 880 3339 Irenaeum
923 3284 1193 3340 dicentem
1228 3286 1553 3351 audivimus,
1586 3288 1679 3343 sed
1723 3291 1791 3343 ab
1820 3288 1979 3344 initio
2006 3300 2061 3345 et

487 3377 557 3433 ab
590 3376 829 3433 hominis
858 3376 1029 3446 lapsu.
1060 3376 1186 3433 Ideo
1224 3392 1355 3433 vero
1382 3379 1448 3431 ab
1489 3379 1641 3434 initio
1681 3380 1749 3435 de
1779 3382 2055 3437 hominum

485 3469 665 3526 salute
708 3470 979 3527 sollicitus
1025 3471 1127 3526 fuit
1174 3472 1367 3540 Filius,
1408 3489 1472 3528 ac
1500 3477 1664 3529 toties
1693 3474 1748 3528 in
1778 3476 2053 3545 publicum

484 3561 870 3619 manifestandi
900 3574 1011 3619 tum
1056 3565 1257 3633 Patris,
1274 3575 1390 3622 tum
1405 3565 1493 3621 sui
1515 3567 1686 3636 ipsius
1713 3583 1905 3636 causa,
1938 3571 2055 3624 vel-

482 3655 559 3709 uti
591 3655 818 3724 prodiit,
845 3655 972 3725 quia
1013 3669 1077 3711 ea
1121 3667 1241 3712 erat
1292 3658 1541 3717 voluntas
1580 3661 1778 3718 Patris.
1817 3664 2054 3719 «Omnia

484 3757 669 3802 autem
718 3745 887 3802 Filius
913 3747 1309 3805 administrans
1339 3748 1489 3803 Patri
1534 3752 1747 3820 perficit
1786 3755 1855 3809 ab
1893 3757 2054 3811 initio

482 3856 653 3910 usque
675 3841 743 3895 ad
775 3840 962 3920 finem,
992 3849 1047 3894 et
1074 3840 1194 3899 sine
1222 3841 1314 3897 illo
1336 3857 1496 3898 nemo
1524 3852 1702 3914 potest
1725 3861 2055 3918 cognoscere

471 3927 660 3998 Deum;
686 3954 703 3983 ι
721 3942 807 3987 ει(
828 3933 1299 4003 bonumplacitum
1318 3935 1499 3992 Patris
1528 3937 1701 3994 Filius
1732 3940 2047 4009 perficit't'a

481 4024 539 4077 Si
584 4036 764 4080 autem
810 4028 878 4081 ab
933 4026 1139 4083 Irenzeo
1166 4045 1404 4100 quaaras,
1429 4045 1529 4085 cur
1554 4032 1736 4087 omnia
1785 4034 2051 4091 adminis-

480 4127 635 4171 trans
657 4118 827 4191 Patri,
854 4119 1165 4189 bonuntque
1196 4119 1454 4189 placitum
1500 4121 1679 4178 Patris
1706 4124 1879 4179 Filius
1930 4143 2053 4194 per-

477 4208 649 4276 ﬁciat,
683 4214 954 4267 rationem
988 4214 1130 4268 hanc
1161 4229 1285 4269 cum
1307 4214 1603 4272 Catholicis
1631 4219 1885 4274 omnibus
1923 4220 2054 4274 affe-

474 4313 602 4357 ret:
636 4321 655 4354 ι
677 4302 843 4359 Mittit
873 4305 1016 4361 enim
1044 4305 1231 4371 Pater,
1285 4307 1523 4364 mittitur
1577 4318 1757 4366 autem
1811 4322 1867 4366 et
1903 4314 2053 4368 venit

446 4456 453 4459 _
475 4395 667 4453 Filius.
701 4417 721 4451 ι
757 4399 953 4455 Filium
984 4417 1115 4457 vero
1146 4403 1315 4458 mittit
1358 4402 1543 4469 Pater,
1588 4406 1716 4475 quia
1749 4405 1871 4461 Filii
1904 4409 2052 4476 prin-

470 4490 677 4559 cipium
719 4500 824 4557 est,
873 4508 1109 4563 eumque
1151 4494 1354 4565 gignit;
1386 4496 1618 4553 mittitur
1648 4508 1829 4553 autem
1854 4499 2048 4567 Filius,

470 4584 597 4647 quia
625 4600 654 4637 a
682 4582 847 4641 Patre
883 4594 1143 4656 tanquam
1198 4603 1229 4641 a
1283 4589 1552 4659 principio
1583 4593 1850 4661 procedit,
1882 4603 1939 4647 et
1977 4594 2045 4647 ab

470 4692 536 4730 eo
563 4676 824 4746 gignitur.
866 4678 1038 4734 Porro
1075 4681 1224 4736 sicut
1263 4682 1624 4738 honorificum
1654 4693 1738 4740 est
1767 4684 1917 4739 Patri
1950 4686 2045 4741 Fi-

471 4771 599 4822 lium
623 4771 845 4839 gignere
875 4782 931 4827 et
956 4774 1208 4841 mittere;
1240 4775 1320 4829 sic
1350 4792 1450 4830 nec
1474 4776 1657 4834 minus
1686 4778 2045 4835 honorificum

470 4861 610 4916 Filio
649 4863 788 4917 mitti
816 4875 870 4919 et
902 4865 1085 4936 gigni;
1124 4866 1433 4938 nullamque
1459 4868 1513 4923 in
1541 4878 1777 4939 utroque
1800 4870 2047 4926 substan-

470 4954 557 5007 tiae
588 4954 964 5023 disparitatem
997 4960 1176 5029 arguit
1202 4960 1318 5015 haec
1344 4960 1555 5016 missio.
1591 4980 1610 5013 ι
1636 4961 1753 5018 Non
1779 4963 1925 5018 enim
1954 4979 2047 5033 ge-

468 5046 704 5100 nitorem
731 5047 1183 5119 (aitAugustinus
1216 5050 1308 5106 lib.
1343 5067 1402 5105 ιιι
1444 5061 1585 5109 cont.
1609 5052 1836 5121 Maxim,
1858 5068 1910 5109 c.
1931 5054 1998 5107 M
2026 5059 2043 5123 )

466 5141 536 5193 ab
587 5154 654 5194 eo
683 5155 846 5208 quem
882 5142 1091 5211 genuit,
1132 5144 1227 5198 sed
1261 5146 1504 5215 genitum
1536 5162 1565 5200 a
1594 5146 1845 5215 genitore
1898 5148 2041 5202 mitti

465 5239 787 5301 oportebat;
814 5247 1000 5287 verum
1029 5235 1144 5289 haec
1173 5251 1282 5290 non
1305 5246 1390 5292 est
1419 5236 1765 5307 inazqualitas
1790 5238 2044 5294 substan-

467 5324 573 5387 tiae,
621 5327 719 5380 sed
761 5327 898 5381 ordo
922 5334 1161 5393 naturae;
1194 5344 1299 5382 non
1329 5331 1475 5399 quod
1523 5331 1662 5386 alter
1701 5331 1855 5399 prior
1895 5342 2043 5396 esset

464 5416 660 5478 altero,
697 5419 793 5473 sed
824 5421 968 5488 quod
990 5422 1129 5476 alter
1162 5432 1308 5478 esset
1338 5440 1403 5478 ex
1435 5424 1631 5479 altero.
1665 5441 1685 5475 ι

531 5509 620 5564 59.
660 5511 736 5564 Ex
767 5512 928 5568 dictis
963 5515 1127 5568 etiam
1162 5515 1323 5570 facile
1343 5517 1570 5588 colliges
1593 5531 1703 5587 quo
1727 5530 1891 5574 sensu
1925 5516 2043 5583 plus

464 5604 634 5659 semel
674 5605 873 5660 dixerit
919 5606 1235 5673 Irenaeus“,
1287 5610 1501 5665 Patrem
1537 5610 1712 5667 Verbo
1761 5626 1859 5665 suo
1902 5626 2041 5679 pra:-

462 5698 674 5766 ccpisse
723 5706 783 5751 ut
834 5700 1097 5757 mundum
1140 5712 1391 5770 crearet,
1438 5703 1637 5759 Filium
1678 5712 1734 5757 et
1778 5703 2040 5772 Spiritum

2163 3284 2361 3340 Filium
2397 3284 2593 3347 refero,
2628 3293 2689 3338 ut
2734 3285 2786 3339 in
2825 3284 2968 3341 notis
2998 3284 3053 3338 in
3087 3284 3231 3338 hunc
3266 3276 3722 3349 locumexplicui);

2164 3393 2270 3431 non
2294 3392 2425 3448 ergo
2454 3387 2714 3446 tanquam
2747 3377 2892 3431 servi
2921 3377 3075 3441 hero,
3107 3377 3204 3430 sed
3241 3384 3502 3443 tanquam
3545 3381 3723 3440 proge-

2163 3471 2281 3525 nies
2310 3469 2581 3539 principio
2632 3484 2661 3522 a
2705 3484 2812 3537 quo
2857 3468 3119 3536 procedit,
3160 3476 3216 3527 et.
3240 3466 3486 3533 ejusdem
3515 3478 3635 3517 cum
3666 3473 3722 3511 eo

2160 3561 2461 3633 dignitatis.
2519 3560 2610 3615 Sic
2658 3560 2889 3629 denique
2934 3561 3269 3623 ministrant,
3307 3568 3366 3622 ut
3398 3559 3465 3612 iis
3496 3554 3725 3610 serviant

2159 3663 2215 3709 et
2265 3653 2471 3708 Subditi
2527 3652 2636 3708 sint
2686 3653 2886 3722 angeli.
2936 3653 3102 3721 Atqui
3145 3668 3209 3706 eo
3247 3652 3471 3705 nomine
3509 3648 3645 3704 Filio
3674 3653 3723 3698 et

2159 3746 2389 3816 Spiritui
2423 3756 2614 3802 sancto
2642 3747 2890 3801 serviunt
2919 3747 3118 3816 angeli,
3153 3746 3296 3815 quod
3328 3746 3382 3799 hi
3415 3746 3485 3798 ab
3518 3744 3583 3796 iis
3614 3754 3724 3793 con-

2159 3842 2255 3895 diti
2291 3841 2423 3907 sint,
2452 3849 2512 3893 ut
2544 3839 2781 3908 explicat
2839 3850 3033 3893 auctor
3080 3839 3176 3893 lib.
3210 3855 3289 3903 ιιι,
3321 3854 3371 3893 c.
3407 3839 3464 3903 8,
3498 3854 3551 3890 ιι.
3581 3835 3635 3898 3,
3665 3830 3725 3886 iis

2158 3934 2386 4003 proinde
2413 3932 2626 3987 infinite
2659 3932 2919 3985 minores.

2230 4024 2544 4098 [CXXXIII]
2572 4025 2661 4080 60.
2696 4025 2803 4079 Sed
2835 4025 2920 4078 his
2943 4035 2993 4079 et
3025 4024 3295 4079 similibus
3325 4020 3591 4092 loquendi
3620 4030 3725 4071 mo—

2157 4123 2239 4181 dis
2294 4120 2682 4176 Gnosticorum
2721 4121 2999 4175 vesaniam
3055 4118 3298 4173 retundit
3349 4118 3613 4171 lrenaeus.
3668 4111 3725 4167 lii

2156 4216 2300 4271 enim
2342 4216 2605 4270 mttndum
2658 4216 2807 4269 hunc
2848 4212 3237 4283 aspectabilem
3275 4211 3344 4264 ab
3378 4208 3726 4265 inferioribus

2155 4305 2390 4374 angelis,
2444 4306 2529 4360 vel
2584 4322 2614 4359 a
2653 4306 2870 4360 Virtute
2920 4304 3102 4373 aliqua
3157 4304 3314 4373 longe
3356 4304 3661 4357 absisteute
3701 4314 3728 4350 a

2156 4398 2323 4454 Patre
2359 4400 2768 4463 universorum,
2824 4399 2940 4469 ipso
2975 4397 3136 4451 Patre
3165 4397 3246 4451 vel
3299 4398 3503 4459 inscio,
3538 4394 3622 4449 vel
3654 4392 3729 4443 in-

2158 4492 2294 4556 vito,
2330 4491 2612 4547 conditum
2672 4505 2796 4547 esse
2856 4489 3353 4560 Illaspltemabant,
3403 4497 3467 4542 ιιι
3505 4504 3569 4542 ex
3622 4495 3731 4539 toto

2156 4586 2251 4639 lib.
2286 4600 2325 4648 t,
2359 4594 2414 4640 et
2456 4584 2615 4639 initio
2646 4584 2770 4641 libri
2812 4600 2853 4640 ιι
2882 4594 3119 4640 constat.
3155 4583 3293 4638 Ilinc
3326 4583 3393 4637 ad
3445 4580 3730 4652 profligan-

2155 4679 2280 4737 dum
2315 4678 2448 4734 illud
2496 4678 2799 4748 impietatis
2848 4689 3145 4732 monstrum
3201 4687 3311 4731 tam
3365 4692 3516 4745 saepe
3562 4682 3729 4743 urget,

2156 4770 2362 4839 omnia,
2398 4771 2758 4842 praecipiente
2783 4785 2847 4824 ac
2871 4769 3096 4839 jubente
3125 4768 3307 4831 Patre,
3334 4783 3431 4838 per
3460 4768 3659 4822 Filium
3684 4773 3732 4818 et

2157 4864 2425 4933 Spiritum
2473 4874 2729 4920 sanetum
2761 4863 2982 4919 condita
3032 4877 3187 4916 esse:
3222 4872 3278 4916 ut
3309 4863 3579 4916 nimirum
3619 4859 3735 4913 inde

2156 4958 2435 5023 conficiat,
2464 4972 2564 5019 nec
2588 4957 2786 5023 inscio,
2817 4972 2916 5012 nec
2946 4957 3115 5009 invito
3144 4956 3308 5011 Patre
3336 4958 3563 5011 condita
3591 4968 3730 5009 esse.

2159 5051 2297 5105 Ilinc
2325 5060 2433 5105 tam
2468 5051 2788 5121 frequenter
2828 5048 3084 5114 inculcat,
3116 5049 3350 5104 Verbum
3380 5057 3435 5103 et
3470 5049 3733 5118 Spiritum

2155 5149 2409 5197 sanctum
2441 5142 2592 5197 Patri
2628 5142 2993 5207 ministrasse,
3021 5152 3082 5199 ut
3134 5142 3257 5198 inde
3286 5140 3607 5201 concludat,
3641 5152 3736 5191 nec

2154 5232 2399 5301 Angelis,
2422 5248 2524 5287 nec
2552 5233 2864 5289 Virtutibus
2895 5234 3252 5292 inferioribus
3276 5233 3344 5287 ab
3377 5230 3505 5298 eius
3539 5241 3736 5285 natura

2152 5335 2209 5382 et
2252 5328 2525 5381 sententia
2572 5326 2771 5382 alienis
2799 5335 2854 5381 et
2882 5326 3105 5389 remotis
3158 5325 3511 5395 indiguisse:
3552 5331 3737 5390 utpote

2151 5420 2243 5491 qui
2298 5421 2498 5481 habeat
2542 5437 2609 5475 ex
2662 5436 2783 5477 sese
2812 5422 3093 5490 copiosum
3125 5431 3180 5477 et
3228 5418 3609 5476 inenarrabile
3641 5417 3740 5473 mi-

2150 5512 2466 5579 nisterium,
2514 5514 2828 5584 progeniem
2869 5522 2926 5570 et
2982 5512 3364 5581 figurationem
3408 5527 3611 5577 suam;
3645 5511 3739 5565 ba-

2151 5606 2333 5660 buerit
2363 5622 2582 5676 semper
2612 5622 2743 5663 suas
2770 5622 2988 5671 manus,
3011 5606 3246 5661 Verbum
3283 5615 3338 5661 et
3363 5604 3738 5674 Sapientiam,

2151 5699 2350 5759 Filium
2403 5710 2457 5754 et
2511 5700 2773 5770 Spiritum
2804 5711 3098 5772 .sanctum,
3131 5715 3226 5769 per
3254 5713 3389 5768 quos
3426 5697 3539 5752 sibi
3574 5710 3738 5749 coex-

536 5861 575 5905 l’
615 5863 776 5931 lren.,
812 5880 860 5918 ς.
888 5864 973 5929 ‘20,
1014 5883 1063 5920 ιι.
1102 5866 1156 5934 7,
1236 5868 1278 5901 "
1317 5868 1444 5940 Cap.
1481 5874 1531 5935 υ,
1568 5884 1619 5923 ιι.
1662 5871 1686 5920 7
1718 5877 1769 5923 ct
1800 5869 1851 5923 5.
1933 5870 1974 5897 "'
2012 5867 2062 5933 Li

2170 5882 2251 5933 ιιι,
2286 5866 2424 5941 ςκδ,
2461 5881 2515 5923 ιι.
2545 5863 2609 5930 3;
2646 5863 2735 5931 ltb.
2774 5880 2846 5931 iv,
2874 5879 2921 5920 c.
2957 5863 3009 5932 7,
3040 5879 3093 5917 ιι.
3127 5863 3181 5931 4;
3212 5861 3365 5930 lbid.,
3391 5874 3445 5913 ρ.
3472 5858 3569 5924 58,
3595 5873 3648 5910 ιι.
3686 5855 3736 5909 3.
