3924 6354
235 416 348 471 309

1158 406 1616 464 DISSERTATIU
1658 405 1747 473 Ill,
1786 404 1873 459 DE
1907 402 2164 460 ΙΒΕΝιΕΙ
2205 404 2572 459 DOCTRINA.

3386 406 3491 462 3H)

235 537 506 598 sistentcs,
533 544 838 589 comternos
865 544 921 589 et
951 532 1469 594 consubstantiales,
1501 540 1555 585 et
1587 531 1642 585 in
1679 530 1806 601 qui-
1836 531 1883 587 A
1914 528 2129 599 posita},
2159 528 2445 583 scientiam
2476 537 2716 581 nostram
2746 527 3067 596 plerumque
3095 525 3323 596 fugiant.
3352 524 3491 582 Hine

234 626 357 693 bus,
408 642 513 679 non
568 626 795 691 invitus,
850 625 997 679 nulla
1042 623 1375 678 necessitate
1424 632 1670 687 coactus,
1710 623 1806 675 sed

232 717 412 771 sciens
439 726 496 771 et
527 718 741 782 volens,
775 718 961 771 omnia
988 716 1159 771 libere
1197 724 1253 770 et
1279 724 1472 783 sponte
1500 714 1666 774 fecit:
1702 728 1808 768 non

230 812 468 873 aliunde,
499 826 608 864 non
640 820 795 864 extra
836 810 1213 877 semetipsum,
1248 808 1343 861 sed
1385 808 1501 875 ipse
1544 822 1573 859 a
1605 814 1809 861 semet-

230 899 369 967 ipso,
404 899 455 951 in
512 898 802 953 voluntate
832 912 955 963 sua,
983 898 1035 952 in
1072 898 1251 953 Verbo
1281 907 1336 952 et
1371 896 1654 966 Sapientia
1684 911 1805 962 sua,

226 992 598 1045 substantiam
628 1001 1031 1056 creaturarum,
1082 1002 1137 1045 et
1164 990 1471 1061 exetnplum
1508 990 1804 1057 factorum,

224 1093 284 1135 et
328 1082 559 1150 ﬁguram
590 1083 644 1137 in
694 1083 897 1138 mundo
925 1093 1374 1138 ornamentorum
1407 1082 1710 1151 accipiens,
1750 1090 1811 1135 ut

228 1176 472 1244 loquitur
504 1175 608 1231 lib.
644 1190 718 1240 tv,
748 1190 798 1231 e.
832 1176 927 1239 ‘20,
959 1192 1017 1229 n.
1047 1177 1098 1230 l.
1160 1176 1231 1229 Ea
1289 1175 1473 1228 omnia
1528 1174 1662 1229 satis
1712 1188 1809 1241 pa-

229 1276 344 1321 tent
371 1282 437 1322 ex
473 1268 746 1322 hactenus
775 1268 1025 1337 allegatis
1058 1266 1246 1322 Irenaei
1293 1267 1644 1332 teStimoniis,
1673 1266 1810 1321 adeo

226 1366 288 1412 ut
315 1360 509 1413 eadem
541 1359 633 1414 hic
665 1369 913 1428 repetere
945 1359 1081 1413 nihil
1113 1374 1340 1414 necesse
1368 1359 1462 1415 sit.

295 1450 385 1503 6|.
428 1448 619 1503 Unum
664 1460 913 1519 superest
955 1450 1392 1519 expendendum,
1453 1454 1520 1505 an
1570 1450 1809 1505 Irenaaus

222 1538 458 1592 extremi
503 1539 696 1608 judicii
745 1538 1144 1609 ignorationem
1194 1539 1331 1595 Filio
1379 1540 1476 1593 Dei
1525 1540 1801 1595 tribuerit.

224 1630 292 1685 Et
315 1631 369 1685 id
394 1632 549 1686 enim
573 1633 923 1687 sanctissimo
949 1634 1181 1703 martyri
1205 1633 1532 1699 ascribitur;
1556 1634 1653 1689 sed
1684 1650 1807 1702 per-

220 1739 412 1793 peram
482 1725 727 1779 omnino.
792 1724 1082 1781 Gnosticos
1155 1727 1375 1795 quidem
1430 1728 1807 1797 perstringens

219 1816 417 1871 scribit
442 1817 539 1872 lib.
576 1832 636 1883 tt,
661 1834 712 1873 c.
744 1818 839 1881 28,
874 1835 929 1871 η.
961 1817 1015 1872 6.
1063 1836 1080 1867 σ
1113 1817 1577 1873 lrrationabiliter
1618 1829 1803 1874 autem

220 1908 421 1975 inﬂati,
475 1911 764 1967 audaciter
812 1909 906 1965 Dei
952 1910 1213 1981 mysteria
1250 1910 1392 1965 seire
1426 1926 1522 1965 vos
1576 1910 1800 1967 dicitis:

216 2000 679 2070 quandoquidem
707 2012 761 2054 et
789 2001 1073 2067 Dominus,
1111 2002 1226 2070 ipse
1253 2000 1423 2056 Filius
1459 2001 1587 2065 Dei,
1621 2002 1803 2071 ipsum

217 2092 417 2161 iudicii
437 2093 585 2146 diem
604 2102 657 2146 et
676 2094 864 2147 horam
886 2094 1157 2148 concessit
1180 2093 1321 2149 scire
1352 2094 1526 2149 solum
1554 2094 1798 2162 Patrem,

216 2186 525 2240 manifeste
554 2186 743 2241 dicens
768 2205 782 2241 :
824 2186 905 2242 De
933 2188 1020 2241 die
1048 2199 1225 2241 autem
1258 2189 1375 2254 illa,
1410 2198 1456 2242 et
1486 2186 1621 2242 liora
1653 2206 1802 2244 nemo

212 2279 341 2343 scil,
400 2294 567 2346 neque
620 2276 822 2342 Filius,
882 2278 985 2330 nisi
1050 2276 1215 2331 Pater
1264 2277 1411 2331 solus
1446 2278 1513 2332 “.
1548 2279 1607 2333 Si
1640 2280 1804 2350 igitur

214 2366 521 2421 scientiam
548 2366 657 2421 diei
690 2366 837 2421 illius
866 2366 1036 2421 Filius
1071 2382 1180 2421 non
1217 2368 1443 2423 erubuit
1484 2367 1693 2425 referre
1733 2372 1801 2425 ad

213 2458 471 2525 Patrem,
503 2461 597 2514 sed
630 2460 763 2513 dixit
790 2462 932 2528 quod
961 2475 1150 2514 verum
1190 2469 1309 2527 est;
1344 2476 1518 2531 neque
1550 2478 1649 2518 nos
1678 2479 1804 2518 eru-

214 2552 541 2617 bescamus,
568 2566 689 2621 qua:
712 2561 839 2605 sunt
866 2552 918 2605 in
951 2553 1345 2623 qumstionibus
1370 2552 1578 2621 majora
1608 2570 1803 2611 secun-

210 2643 353 2697 dum
407 2659 530 2708 nos,
583 2659 867 2698 reservare
914 2645 1044 2699 Deo.
1080 2644 1250 2700 Nemo
1300 2647 1447 2701 enim
1491 2663 1655 2717 super
1688 2663 1805 2701 ma-

206 2737 464 2802 gistrum
520 2746 602 2792 est
629 2736 693 2788 “.
727 2752 746 2787 ι
806 2736 914 2792 Ubi
972 2738 1073 2808 ipsi
1134 2738 1228 2793 Dei
1259 2738 1395 2793 Filio
1432 2740 1802 2809 ignorantiam

207 2829 512 2884 ascribere
562 2830 738 2900 prima
790 2830 971 2886 fronte
1022 2832 1239 2887 videtur
1290 2842 1520 2889 auctor:
1572 2835 1708 2889 adeo
1745 2845 1805 2890 ut

208 2939 368 2979 vana
421 2927 495 2980 sit
554 2926 773 2996 Georgii
828 2926 1043 2981 Bulli“
1099 2927 1325 2994 solutio,
1388 2943 1493 2998 qua
1522 2930 1803 2985 contendit

205 3018 448 3073 Christo
492 3017 695 3070 homini
754 3027 963 3071 tantum
998 3020 1364 3089 ignorantiam
1410 3022 1666 3078 tribuisse
1692 3023 1796 3077 Ire—

208 3124 407 3164 uacum
434 3126 450 3162 :
506 3108 593 3163 hic
643 3109 790 3161 enim
819 3117 885 3162 de
914 3107 1051 3163 Filio
1085 3110 1180 3165 Dei
1228 3111 1431 3165 diserte
1461 3111 1595 3182 agit.
1626 3110 1805 3178 Quan-

1912 620 2187 677 concludit
2240 620 2461 675 insanos
2490 634 2609 673 esse
2638 620 2951 682 haereticos,
2980 618 3073 688 qui
3112 627 3375 673 aeternam
3404 618 3490 671 di-

1912 717 2029 770 vini
2063 714 2228 771 Verbi
2255 714 2689 785 generationem,
2720 712 2936 782 aliaque
2969 711 3232 779 ejusmodi
3261 712 3491 781 profun-

1911 808 2137 863 dissima
2196 807 2457 878 mysteria
2506 806 2837 873 investigare
2886 814 2941 859 et
2986 805 3263 875 explicare
3298 804 3493 859 molie-

1913 902 2113 956 bantur
2138 918 2152 955 :
2184 899 2236 953 in
2267 913 2441 967 eoque
2471 908 2578 951 tam
2626 899 2867 967 graviter
2895 898 3022 963 labi,
3052 896 3196 967 quod
3225 897 3493 966 superbiae

1914 993 2083 1064 typho
2128 992 2285 1051 elati,
2316 990 2450 1044 nihil
2481 991 2589 1045 Deo
2626 998 2997 1056 reservarem,
3045 991 3141 1045 sed
3180 989 3365 1044 omnia
3405 998 3490 1044 te-

1912 1100 2063 1141 mere
2111 1083 2350 1139 scrutari
2378 1082 2596 1137 vellent.
2652 1082 2788 1136 Tum
2840 1092 2898 1136 ut
2926 1082 3309 1137 haereticorum
3336 1096 3493 1137 vesa-

1913 1178 2056 1232 niam
2101 1179 2272 1248 magis
2315 1192 2378 1231 ac
2414 1176 2588 1246 magis
2633 1175 2955 1241 confundat,
2985 1177 3052 1229 ab
3091 1175 3259 1244 ipsius
3284 1173 3490 1229 Christi

1911 1271 2034 1325 Filii
2084 1270 2177 1324 Dei
2210 1269 2457 1338 exemplo
2483 1278 2871 1338 argumentum
2916 1282 2945 1321 a
2975 1265 3168 1336 majori
3197 1265 3264 1319 ad
3308 1266 3493 1319 minus

1910 1364 2065 1434 petit.
2116 1361 2196 1428 Si,
2246 1362 2421 1431 inquit
2472 1360 2732 1414 Dominus
2761 1399 2777 1425 ,
2835 1359 2951 1429 ipse
2979 1359 3145 1413 Filius
3172 1357 3267 1412 Dei
3296 1356 3491 1425 judicii

1911 1455 2055 1509 diem
2086 1463 2141 1509 et
2170 1454 2359 1508 horam
2388 1453 2662 1507 concessit
2686 1453 2830 1507 scire
2855 1452 3027 1505 solum
3048 1450 3288 1513 Patrem,
3312 1448 3507 1503 scien-.

1912 1546 2154 1615 tiamque
2204 1543 2308 1599 diei
2357 1543 2509 1598 illius
2557 1541 2732 1597 Filius
2781 1557 2889 1596 non
2939 1540 3159 1596 erubuit
3186 1540 3394 1595 referre
3423 1539 3492 1593 ad

1910 1637 2128 1693 Patrem
2160 1659 2171 1693 :
2202 1651 2302 1691 cur
2330 1650 2454 1700 nos,
2506 1636 2601 1689 Dei
2652 1634 2790 1689 Filio
2821 1635 3036 1691 inﬁnite
3066 1634 3330 1701 minores,
3359 1648 3489 1689 eru-

1910 1733 2217 1793 bescamus,
2252 1744 2371 1799 quae
2399 1737 2525 1782 sunt
2548 1727 2601 1782 in
2634 1727 3033 1796 quaestionibus
3064 1726 3269 1793 majora
3298 1739 3481 1780 secnn.

1909 1823 2037 1877 dum
2088 1836 2208 1884 nos,
2260 1835 2547 1875 reservare
2587 1820 2740 1875 Deo?
2793 1819 2961 1874 Nemo
3003 1819 3146 1873 enim
3180 1832 3346 1887 super
3376 1832 3492 1870 ma-

1906 1916 2136 1987 gistrum
2165 1922 2269 1969 est.
2299 1914 2416 1981 Qua
2466 1913 2686 1983 quidem
2732 1912 3148 1982 argumentandi
3196 1911 3409 1964 ratione
3437 1910 3489 1963 id

1907 2021 2072 2061 unum
2128 2005 2407 2060 conﬁcere
2457 2004 2575 2058 vult
2631 2014 2854 2059 sanctus
2908 2006 3124 2066 doctor,
3184 2002 3489 2065 Christum,

1907 2100 2228 2157 oeconomia:
2246 2113 2437 2163 causa,
2460 2097 2653 2166 judicii
2684 2098 2827 2152 diem
2849 2107 2905 2152 et
2925 2098 3113 2151 horam
3137 2097 3487 2152 concessisse

1906 2193 2049 2247 scire
2075 2190 2250 2248 solum
2283 2188 2541 2245 Patrem:
2577 2203 2685 2243 non
2736 2188 2877 2258 quod
2927 2188 3043 2256 ipse
3088 2188 3355 2253 nesciret,
3396 2188 3490 2243 sed

1905 2284 2047 2354 quod
2106 2282 2372 2352 ejusmodi
2426 2282 2712 2338 scientiam
2766 2280 2833 2336 ad
2872 2278 3113 2345 Patrem,
3165 2294 3195 2332 a
3240 2295 3346 2347 quo
3378 2279 3492 2348 ipse

1904 2392 2025 2431 eam
2077 2392 2200 2431 cum
2257 2378 2372 2445 ipsa
2426 2375 2711 2431 divinitate
2767 2382 3080 2443 acceperat,
3143 2370 3488 2427 referendam

1905 2485 2025 2526 esse
2058 2469 2243 2534 vellet,
2274 2469 2341 2524 ab
2370 2483 2544 2539 eoque
2583 2468 2851 2522 duntaxat
2894 2465 3322 2536 exspectandam
3368 2477 3492 2517 esse

1906 2560 2012 2615 diei
2061 2558 2209 2614 illius
2258 2559 2529 2615 notitiam.
2582 2557 2845 2624 Quamvis
2895 2556 3038 2611 enim
3078 2570 3199 2611 eam
3248 2556 3364 2623 ipse
3390 2554 3492 2608 ha-

1905 2655 2085 2721 beret,
2118 2668 2243 2708 cum
2270 2652 2394 2708 aliis
2420 2662 2600 2706 tamen
2635 2651 3046 2705 communicare
3080 2648 3318 2713 nolebat,
3367 2646 3491 2701 idve

1906 2746 2201 2816 explicare,
2234 2744 2381 2813 quod
2408 2742 2573 2797 Pater
2604 2742 2659 2813 (a
2695 2757 2802 2811 quo
2836 2740 3183 2810 loquebatur,
3232 2748 3287 2794 et
3318 2753 3348 2792 a
3380 2752 3490 2807 quo

1907 2841 2226 2896 mandatum
2277 2844 2586 2904 acceperat,
2618 2835 2751 2903 quid
2783 2834 3013 2899 diceret,
3045 2842 3099 2887 et
3129 2832 3258 2901 quid
3304 2832 3491 2899 loque-

1907 2942 2077 2996 retur,
2109 2939 2170 2983 ut
2197 2930 2273 2982 ait
2303 2928 2464 2984 Joan.
2498 2942 2600 2989 xu,
2637 2927 2706 2980 49
2734 2926 2752 2995 )
2787 2926 2953 2979 taceri
2984 2924 3274 2978 voluerat:
3318 2931 3378 2976 ut
3402 2922 3487 2975 ni-

1908 3024 2105 3077 mirum
2136 3022 2388 3090 exemplo
2420 3035 2517 3073 suo
2548 3020 2767 3074 doceret
2793 3018 3041 3087 quaedam
3090 3030 3210 3070 esse
3245 3013 3355 3069 Deo
3383 3015 3489 3066 hu-

1908 3114 2111 3168 militer
2165 3113 2523 3175 reservanda,
2572 3125 2670 3165 nec
2698 3126 2761 3164 ea
2813 3120 3015 3164 temere
3043 3123 3072 3161 a
3112 3107 3271 3162 nobis
3307 3106 3489 3176 eXpIi-

206 3214 389 3269 quam
416 3208 476 3252 et
507 3201 630 3252 dum
662 3198 883 3253 Christo
912 3200 1117 3254 homini
1168 3200 1569 3270 ignorationem
1601 3203 1801 3259 ascribi
1834 3221 1877 3278 ο
1908 3205 2084 3260 canda
2111 3219 2253 3271 esse,
2288 3218 2412 3273 qua:
2446 3202 2587 3257 Deus
2617 3202 2799 3257 abdita
2827 3216 2950 3256 esse
2981 3200 3171 3254 voluit.
3210 3199 3301 3253 Sic
3332 3212 3488 3251 men-

206 3306 386 3363 posse
410 3306 535 3345 cum
564 3289 1003 3346 Protestantibus
1038 3292 1228 3347 multis
1270 3302 1456 3347 tuetur
1496 3293 1708 3359 Bullus,
1745 3296 1801 3349 in

206 3399 465 3453 eumque
497 3399 719 3441 sensum
768 3381 1030 3438 Irenaeum
1072 3386 1351 3454 explicare
1385 3387 1611 3455 satagit,
1640 3386 1803 3443 aliam

204 3484 256 3536 ei
296 3479 486 3534 labem
535 3479 795 3549 aspergit.
850 3478 956 3533 Sed
990 3479 1152 3534 missa
1188 3481 1356 3534 haece
1396 3483 1799 3548 controversia,

205 3589 341 3643 qua:
378 3584 536 3628 extra
570 3572 881 3627 institutum
909 3582 1012 3637 est,
1067 3574 1195 3627 illud
1244 3573 1477 3628 ﬁdenter
1518 3589 1801 3641 assevero,

206 3664 366 3735 quod
394 3664 644 3733 quisquis
676 3677 939 3733 praasens,
968 3664 1114 3733 quod
1143 3679 1289 3719 nunc
1308 3680 1616 3729 versamus,
1641 3675 1804 3733 caput

209 3775 301 3823 ea,
338 3773 450 3827 qua
483 3773 584 3827 par
610 3768 712 3824 est,
739 3758 908 3812 animi
937 3759 1238 3813 attentione
1270 3758 1493 3828 legerit,
1528 3760 1804 3828 totiusque

208 3853 411 3907 Ιηηωί
442 3852 935 3922 argumentationis
961 3852 1162 3907 seriem
1195 3862 1249 3906 et
1296 3867 1521 3921 scopum
1550 3855 1803 3907 adverte-

209 3948 308 4012 rit,
366 3962 396 4001 e
430 3946 670 4016 vestigio
704 3946 1097 4014 deprehendet,
1134 3945 1337 3999 Imllam
1380 3960 1609 4016 prorsus
1651 3946 1805 4015 igno-

211 4042 457 4096 rantiam
493 4040 583 4094 hic
606 4037 783 4110 at'ﬁngi
813 4038 1036 4093 Christo
1059 4038 1309 4094 Domino.

283 4156 382 4211 62.
417 4155 645 4211 Scilicet
682 4155 939 4219 Irenzeus,
993 4167 1051 4209 ut
1094 4154 1232 4217 dixi,
1274 4153 1666 4209 Gnosticorum
1699 4153 1802 4207 im-

208 4249 537 4322 pudentiam
570 4248 827 4318 castigat,
852 4247 943 4315 qui
967 4262 1119 4301 vana:
1148 4246 1395 4302 scientiae
1429 4246 1641 4300 Iaudem
1672 4261 1805 4312 cap,-

210 4354 426 4407 tantes,
455 4342 711 4396 insanam
741 4341 845 4396 sibi
873 4340 940 4394 de
967 4341 1130 4394 rebus
1158 4339 1434 4405 omnibus,
1473 4338 1606 4408 ipsis
1633 4338 1801 4393 etiam

210 4436 673 4511 profundioribus
744 4434 1071 4489 Christiana:
1137 4433 1422 4503 religionis
1497 4430 1803 4503 mysteriis,

209 4533 380 4603 quale
428 4538 518 4587 est
561 4529 731 4587 divini
773 4525 937 4582 Verbi
978 4526 1283 4596 generatio,
1327 4525 1655 4587 disserendi,
1708 4538 1803 4577 no—

211 4637 393 4695 vaque
444 4636 633 4677 rerum
689 4630 801 4673 tum
860 4618 1190 4682 divinarum,
1257 4628 1371 4671 tum
1435 4617 1801 4672 humanarum

210 4721 522 4789 systemata
574 4726 676 4781 pro
722 4710 951 4764 arbitrio
996 4708 1261 4763 condendi
1308 4706 1585 4761 licentiam
1616 4720 1800 4759 sume-

211 4813 369 4865 bant.
432 4807 534 4862 lJbi
562 4820 695 4860 vero
744 4803 997 4875 probavit
1022 4812 1230 4856 certam
1258 4815 1384 4854 esse
1415 4800 1466 4853 in
1501 4798 1803 4867 Scripturis

212 4899 422 4958 divinis
443 4900 695 4955 veritatis
724 4898 989 4967 regulam,
1011 4897 1077 4949 ad
1108 4910 1271 4965 quam
1301 4895 1382 4948 sic
1397 4892 1545 4962 exigi
1570 4891 1806 4946 debeant

211 4998 573 5065 quaestiones,
600 5007 737 5063 quas
763 4991 831 5045 de
858 4988 1017 5045 rebus
1045 4988 1247 5043 divinis
1274 4989 1479 5055 agitare
1516 4985 1648 5043 sinit
1678 4983 1806 5037 rell-

218 5092 331 5162 gio.
373 5097 432 5143 ut
458 5090 528 5144 ab
558 5086 649 5141 illa
682 5099 952 5156 nusquam
977 5083 1266 5139 deﬂectere
1309 5081 1467 5134 liceat
1498 5098 1513 5146 ;
1567 5078 1809 5133 ostendit

218 5176 375 5241 Plura
405 5195 595 5238 tamen
640 5194 763 5236 esse
795 5178 848 5233 in
879 5177 1202 5247 Scripturis,
1256 5174 1383 5229 licet
1410 5188 1478 5227 ex
1506 5186 1629 5227 sese
1680 5185 1808 5241 per-

220 5267 392 5334 lectis,
458 5288 581 5343 qua:
625 5281 889 5343 angustos
923 5270 1121 5326 mentis
1151 5277 1351 5324 nostrae
1376 5266 1582 5321 limites
1608 5263 1812 5333 longis-

224 5369 360 5424 sime
386 5376 678 5440 superant,
710 5380 942 5437 quaeque
970 5363 1225 5433 proinde,
1273 5376 1399 5415 cum
1427 5359 1556 5414 sciri
1587 5373 1616 5411 a
1646 5356 1817 5413 nobis.

222 5477 323 5517 non
357 5464 591 5532 possint,
628 5459 739 5515 Deo
770 5456 1051 5512 humiliter
1080 5453 1473 5511 committenda
1521 5460 1672 5515 sunt,
1703 5463 1808 5503 nee

225 5568 421 5612 temere
449 5553 772 5612 scrutanda.
806 5552 917 5607 Nec
966 5551 1162 5605 mirum
1214 5562 1359 5611 esse,
1386 5547 1431 5603 si
1467 5548 1522 5600 in
1550 5542 1811 5617 spiritali-

223 5646 336 5710 bus,
367 5658 422 5702 et
452 5644 804 5707 cmlestibus,
854 5657 977 5711 qua:
1022 5641 1137 5695 sola
1168 5639 1272 5695 ﬁde
1301 5638 1503 5709 percipi
1552 5645 1803 5706 possunt,

222 5742 616 5795 excutiamus:
664 5753 793 5793 cum
843 5736 973 5805 ipsa:
1013 5748 1104 5788 res
1152 5732 1453 5795 naturales,
1500 5732 1570 5785 ob
1619 5728 1807 5783 oculos

285 5904 328 5929 “‘
362 5900 527 5955 Marc.
568 5914 691 5963 xm,
721 5896 813 5952 32.

894 5895 935 5925 ⁸⁸
970 5890 1158 5950 Matth.
1199 5909 1254 5959 ι,
1298 5892 1385 5946 Ἡ.
1462 5889 1655 5947 “Del.
1689 5890 1778 5944 lid.
1808 5888 1951 5953 Nux,
1992 5896 2126 5943 sect.
2157 5903 2215 5949 It,
2248 5902 2294 5942 c.
2340 5901 2387 5948 ν,
2425 5885 2450 5956 §
2486 5882 2538 5938 8.

1908 3306 2017 3352 teni
2046 3296 2205 3366 paulo
2232 3304 2375 3365 post,
2407 3309 2602 3362 nempe
2623 3312 2678 3347 ιι.
2704 3292 2761 3359 8,
2790 3292 3026 3363 explicat
3054 3300 3246 3345 auctor
3273 3299 3484 3343 noster:

1913 3408 1930 3441 ε
1967 3390 2022 3444 Si
2062 3390 2208 3459 quis,
2241 3388 2337 3451 ait,
2365 3387 2621 3457 exquirat
2650 3400 2895 3448 causam,
2952 3394 3175 3455 propter
3224 3398 3391 3453 quam
3432 3382 3487 3435 itt

1905 3483 2163 3537 omnibus
2196 3480 2367 3534 Pater
2393 3477 2815 3534 communicans
2846 3476 3007 3541 Filio,
3042 3475 3191 3530 solus
3218 3476 3361 3529 scire
3392 3474 3489 3529 ho-

1906 3588 2023 3628 ram
2052 3582 2110 3627 et
2135 3572 2277 3626 diem
2311 3587 2340 3625 a
2371 3572 2605 3625 Domino
2632 3569 3012 3623 manifestatus
3044 3578 3161 3631 est;
3191 3580 3367 3635 neque
3394 3581 3491 3634 ap-

1909 3664 2131 3718 tabilem
2163 3662 2355 3732 magis,
2409 3676 2585 3729 neque
2623 3660 3017 3722 decentiorem,
3069 3673 3170 3711 nec
3199 3657 3317 3712 sine
3343 3656 3491 3727 peri-

1906 3757 2029 3813 culo
2075 3756 2322 3821 alteram,
2377 3770 2537 3824 quam
2582 3754 2748 3819 hanc,
2802 3752 3051 3807 inveniat
3099 3753 3152 3806 in
3227 3756 3482 3821 praesenti

1906 3852 2189 3921 (quoniam
2240 3850 2387 3904 enim
2414 3848 2564 3903 solus
2594 3862 2759 3902 verax
2792 3848 3057 3916 magister
3078 3854 3162 3899 est
3178 3844 3481 3919 Dominus):

1909 3954 1967 3999 ut
1998 3944 2275 3998 discamus
2304 3957 2400 4011 per
2429 3942 2625 4012 ipsum,
2666 3954 2833 4009 super
2856 3941 3041 3993 omnia
3088 3952 3212 3991 esse
3239 3935 3484 3990 Patrem.

1910 4036 2125 4091 Etenim
2153 4032 2339 4103 Pater,
2377 4034 2476 4099 ait,
2524 4033 2700 4101 major
2741 4048 2821 4086 me
2868 4041 2943 4085 est
2974 4031 3039 4089 "7.
3096 4030 3161 4083 Et
3187 4030 3491 4084 secundum

1906 4130 2243 4200 agnitionem
2308 4129 2497 4197 itaque
2547 4126 2872 4196 przepositus
2918 4138 3038 4180 esse
3083 4123 3245 4178 Pater
3276 4138 3491 4176 annun-

1909 4225 2079 4279 tiatus
2114 4233 2203 4278 est
2249 4236 2279 4275 a
2334 4221 2563 4277 Domino
2618 4229 2810 4274 nostro
2850 4218 2917 4271 ad
2946 4217 3072 4283 hoc,
3114 4227 3174 4271 ut
3200 4226 3256 4272 et
3283 4232 3402 4281 nos,
3436 4217 3489 4269 in

1906 4326 2167 4387 quantum
2198 4318 2252 4371 in
2300 4316 2468 4384 ﬁgura
2506 4313 2666 4382 hujus
2713 4312 2898 4365 mundi
2935 4326 3145 4372 sumus,
3191 4308 3491 4377 perfectam

1907 4412 2219 4475 scientiam,
2271 4418 2326 4463 et
2373 4408 2512 4462 tales
2559 4407 2891 4476 quaestiones
2937 4404 3305 4458 concedamus
3334 4400 3488 4455 Deo:

1908 4515 1964 4560 et
2007 4520 2075 4559 ne
2108 4503 2251 4559 forte
2303 4511 2615 4572 qurerentes
2645 4498 2997 4553 altitudinem
3025 4495 3207 4550 Patris
3259 4494 3490 4549 investi-

1836 4577 1880 4633 D
1910 4614 2063 4669 gare,
2099 4598 2154 4650 in
2194 4605 2402 4649 tantum
2438 4594 2746 4665 periculum
2782 4591 3109 4656 incidamus,
3148 4588 3226 4642 uti
3277 4603 3492 4658 quaera-

1910 4706 2052 4757 mus,
2106 4704 2175 4742 an
2209 4703 2372 4758 super
2402 4688 2569 4741 Deum
2602 4686 2741 4740 alter
2775 4685 2846 4739 sit
2880 4683 3041 4737 Deus.
3084 4699 3101 4733 ι
3148 4678 3392 4734 Observa
3430 4681 3491 4733 1ο

1910 4800 2177 4855 nusquam
2213 4782 2477 4836 Irenaeum
2517 4779 2843 4849 simpliciter
2873 4791 3141 4836 asserere.
3179 4774 3355 4829 solum
3389 4773 3491 4827 Pa-

1904 4888 2042 4933 trem
2073 4878 2217 4932 scire
2250 4876 2391 4929 diem
2424 4883 2481 4929 et
2510 4874 2725 4937 horam,
2759 4872 2853 4925 sed
2881 4870 3053 4925 solum
3095 4871 3230 4922 scire
3275 4868 3416 4922 diem
3443 4878 3491 4921 et

1901 4971 2086 5023 horam
2121 4986 2153 5023 a
2186 4967 2411 5021 Domino
2452 4965 2852 5034 manifestatum
2884 4976 3039 5025 esse;
3080 4959 3372 5015 Dominum
3401 4959 3492 5027 ju-

1905 5066 2035 5120 dicii
2087 5064 2228 5118 diem
2281 5071 2335 5117 et
2384 5061 2573 5115 horam
2607 5058 2953 5112 concessisse
2981 5056 3125 5111 scire
3173 5055 3355 5110 solum
3386 5051 3493 5105 Pa-

1905 5171 2070 5225 trem,
2104 5169 2210 5213 etc.
2242 5157 2301 5211 2°
2349 5156 2410 5213 S.
2440 5156 2720 5209 doctorem
2766 5154 2946 5221 palam
2993 5150 3261 5220 proﬁteri,
3294 5149 3349 5201 in
3379 5164 3494 5200 om-

1908 5254 2063 5307 nibus
2099 5250 2317 5305 Patrem
2348 5248 2742 5303 communicare
2784 5243 2950 5299 Filio.
2996 5244 3100 5311 Qui
3141 5244 3199 5297 in
3248 5243 3495 5295 omnibus

1907 5344 2319 5401 communicare
2363 5342 2519 5404 dicit,
2576 5338 2713 5393 nihil
2767 5352 2997 5407 prorsus
3028 5336 3348 5405 excipit,ne
3375 5335 3497 5402 qui-

1910 5441 2033 5495 dem
2066 5439 2353 5494 scientiam
2384 5436 2488 5489 diei
2526 5444 2583 5489 et
2614 5435 2765 5488 horae
2792 5432 3028 5487 extremi
3054 5428 3274 5498 judicii.
3304 5430 3359 5483 5⁸
3393 5429 3499 5481 Au-

1906 5535 2044 5591 etori
2073 5543 2259 5588 nostro
2276 5530 2619 5604 propositum
2645 5543 2751 5584 non
2777 5526 2945 5583 fuisse
2964 5525 3319 5596 quaestionem
3353 5522 3498 5576 hanc

1910 5643 1977 5683 ex
2042 5628 2293 5699 professo
2357 5633 2717 5696 pertractare,
2775 5637 2845 5676 an
2903 5634 3098 5674 revera
3158 5617 3307 5672 solus
3334 5613 3499 5667 Pater

1911 5726 2080 5779 sciret
2112 5724 2255 5778 diem
2287 5732 2340 5777 et
2370 5722 2563 5777 horam
2616 5718 2849 5774 extremi
2895 5714 3112 5787 judicii,
3163 5711 3337 5766 Filius
3366 5721 3499 5764 vero

2620 5883 2660 5912 ⁸⁷
2692 5878 2847 5933 Joan.
2885 5875 3115 5939 x1v,‘:.’8.
