3924 6354
475 370 573 423 511

474 486 726 541 absolute
756 484 1032 544 nesciret':
1073 481 1168 538 sed
1187 482 1256 538 de
1289 494 1350 534 ea
1380 492 1542 549 agere
1569 475 1849 532 duntaxat,
1875 482 2049 536 quan-
2079 465 2125 522 Α

479 588 593 631 tum
640 577 915 633 sulIiceret
957 577 1011 629 in
1044 576 1290 647 prwsenti
1333 588 1429 627 seu
1472 578 1735 640 quantum
1770 564 1837 617 ad
1888 576 2043 630 argu-

469 681 724 727 unentum
776 687 1019 742 prtesens
1066 673 1420 727 conduceret.
1465 666 1626 737 Atqui
1672 671 2047 732 argumentum

476 779 721 833 praesens
750 775 894 829 erat,
926 766 1216 833 exquirere
1249 774 1473 816 causam
1500 798 1514 824 ,
1545 755 1856 829 [CXXXIV]
1890 768 2050 822 prop-

479 866 563 910 ter
593 872 754 926 quam
793 859 846 911 in
891 858 1165 921 omnibus,
1208 864 1265 909 et
1314 854 1370 908 in
1408 854 1526 920 ipsa
1568 864 1750 904 rerum
1781 846 2046 907 omnium,

479 964 545 1003 ac
578 949 685 1004 diei
718 948 909 1018 judicii
943 949 1196 1013 scientia,
1229 947 1394 1001 Pater
1431 944 1843 1000 communicans
1887 939 2049 1003 Filio,

478 1042 629 1098 solus
666 1051 843 1097 tamen
881 1042 1025 1097 scire
1060 1041 1248 1096 horam
1281 1048 1336 1093 et
1378 1038 1522 1093 diem
1553 1051 1582 1090 a
1616 1035 1847 1090 Domino
1879 1033 2051 1087 mani-

482 1134 713 1190 festatus
765 1145 871 1191 est.
934 1132 1216 1201 Quomodo
1274 1132 1422 1187 enim
1487 1149 1506 1182 ι
1563 1144 1730 1183 verax
1793 1129 2052 1197 magister

480 1229 763 1296 Dominus,
824 1244 1012 1283 verum
1073 1228 1284 1291 dicens,
1320 1245 1341 1278 s
1405 1226 1458 1279 id
1518 1224 1727 1279 referre
1786 1222 2052 1292 potuitad

479 1321 653 1376 solum
684 1320 925 1385 Patrem,
955 1320 1097 1388 quod
1133 1328 1313 1372 tamen
1344 1328 1635 1372 commune
1684 1315 1880 1374 habeat
1926 1326 2049 1363 cum

480 1414 685 1469 Patre?
715 1414 811 1469 Cui
844 1414 1135 1483 quaestioni
1170 1410 1485 1481 respondet,
1519 1407 1801 1464 meliorem
1848 1405 2050 1459 nullam

484 1526 503 1557 ι
544 1507 596 1560 in
646 1507 898 1576 praasenti
938 1525 957 1558 ι
1016 1503 1283 1558 rationem
1336 1502 1521 1557 afferri
1570 1515 1753 1572 posse,
1808 1514 1967 1569 quam
1997 1498 2051 1553 id

479 1598 798 1654 teconomiae
829 1606 882 1652 et
906 1596 1141 1664 exempli
1171 1610 1337 1651 causa
1367 1594 1570 1649 factum
1602 1608 1723 1649 esse
1750 1608 1781 1647 a
1810 1594 2051 1657 Christo,

486 1706 505 1738 ‹
554 1698 613 1744 ut
640 1687 915 1743 discamus
951 1702 1051 1755 per
1102 1689 1301 1756 ipsum,
1362 1701 1529 1757 super
1574 1687 1757 1742 omnia
1794 1701 1916 1741 esse
1952 1684 2054 1739 Pa-

479 1786 642 1840 trem,
672 1776 1079 1845 perfectamque
1106 1777 1414 1845 scientiam,
1447 1788 1501 1832 et
1556 1778 1693 1833 tales
1718 1777 2051 1846 quaestiones

478 1868 858 1924 concedendas
908 1883 1030 1924 esse
1077 1869 1210 1935 Deo,
1268 1886 1336 1926 ne
1364 1868 1505 1925 forte
1538 1880 1843 1941 quaerentes
1877 1869 2054 1923 altitu-

478 1962 658 2016 dinem
676 1961 856 2017 Patris
878 1964 1229 2032 investigare,
1254 1964 1307 2017 in
1339 1963 1640 2033 periculum
1668 1963 1991 2018 incidamus.
2030 1977 2051 2013 ι

479 2052 688 2107 Etenim
720 2052 901 2118 Pater,
936 2053 1013 2107 ait
1047 2055 1160 2123 ipse
1186 2052 1460 2116 Christus,
1510 2054 1685 2122 major
1710 2072 1789 2108 me
1837 2066 1911 2108 est
1939 2070 1959 2118 ;
1995 2060 2053 2109 et

477 2147 775 2203 secundum
807 2147 1144 2216 agnitionem
1180 2148 1503 2217 prmpositus
1534 2161 1653 2203 esse
1684 2149 1849 2202 Pater
1882 2166 1909 2202 a
1946 2150 2053 2204 Do—

478 2242 626 2299 mino
656 2242 1016 2297 annuntiatus
1062 2254 1188 2297 est:
1225 2257 1331 2297 non
1377 2244 1518 2313 quod
1552 2242 1717 2300 Pater
1755 2246 1931 2314 major
1962 2262 2054 2300 na-

476 2344 596 2391 tura
630 2337 720 2403 sit,
753 2346 847 2390 aut
875 2338 1052 2392 minor
1081 2337 1152 2392 sit
1183 2338 1388 2408 agnitio
1422 2338 1578 2405 Filii;
1612 2337 1849 2408 Spiritus
1877 2340 2055 2409 siqui-

475 2432 599 2485 dem
630 2429 951 2497 Salvatoris,
1009 2432 1099 2501 qui
1134 2432 1185 2485 in
1217 2446 1281 2486 eo
1328 2441 1433 2497 est,
1467 2441 1738 2485 scrutatur
1765 2434 1967 2497 omnia,
1996 2442 2055 2488 et

476 2524 795 2579 altitudines
826 2523 919 2576 Dei
945 2523 1028 2591 ‘3;
1061 2539 1385 2594 semperque
1412 2526 1754 2581 coexsistens
1787 2524 1898 2580 Deo
1926 2540 2054 2595 pro-

476 2618 654 2687 prium
689 2616 810 2685 ejus
840 2617 1098 2681 Verbum,
1133 2617 1376 2671 omnium
1408 2617 1804 2686 experientiam
1853 2626 1910 2672 et
1955 2632 2050 2673 co-

474 2710 820 2778 gitationem,
851 2710 1233 2779 infinitamque
1264 2710 1551 2766 scientiam
1588 2712 1771 2775 habet,
1822 2721 1880 2765 ut
1911 2711 2054 2766 Deus

475 2801 611 2872 ipse,
647 2816 710 2857 ac
739 2802 955 2856 Patrem
988 2817 1146 2857 suum
1197 2803 1439 2873 perfecte
1488 2806 1793 2873 cognoscit,
1824 2805 2053 2874 ejusque

476 2908 733 2948 mensura
760 2902 867 2957 est,
897 2893 1157 2963 quoniam
1191 2902 1248 2948 et
1283 2895 1452 2964 capit,
1486 2904 1545 2949 ut
1589 2892 1851 2950 Irenzeum
1888 2910 2051 2964 supra

474 2986 745 3041 dicentem
802 2986 1156 3055 audivimus;
1204 2987 1300 3042 sed
1363 2988 1509 3056 quod
1561 2986 1725 3042 Pater
1778 2988 1972 3043 ordine
1999 2998 2056 3042 et

473 3080 686 3149 origine
721 3080 869 3149 prior
897 3081 993 3145 sit,
1044 3079 1281 3149 primum
1309 3082 1578 3146 omnium,
1621 3080 1901 3151 ipsiusque
1930 3078 2052 3135 Filii

1302 350 1900 415 DiSSERTATlONES
1933 345 2240 404 PREVIE
2281 345 2346 400 IN
2378 344 2635 406 IBENAEI
2667 346 2937 404 LIBROS.

3595 355 3685 410 δη

2225 464 2315 522 65.
2353 463 2497 532 Jam,
2528 474 2677 536 puto,
2714 466 2915 532 nullus,
2944 467 3045 523 nisi
3075 468 3201 537 quis
3228 468 3490 538 pert‘rictte
3515 471 3685 529 frontis

2152 558 2505 623 Socinianus,
2546 558 2787 630 negabit,
2816 560 2946 629 quin
2975 561 3160 616 [renati
3186 563 3251 616 de
3267 564 3424 618 Verbi
3460 573 3510 617 et
3528 565 3685 633 Spiri-

2153 661 2238 707 tus
2267 652 2441 707 sancti
2475 653 2764 708 divinitate
2786 662 2846 708 et
2872 669 2994 708 cum
3050 654 3219 708 Patre
3246 657 3688 712 consubstantiali-

2153 754 2263 800 tate
2324 747 2460 801 ﬁdes
2505 760 2627 800 cum
2671 745 2885 801 Nicatna
2920 756 2975 801 et
3012 740 3596 817 Constantinopolitana
3633 752 3689 803 ad

2152 840 2359 909 apicem
2388 840 2717 896 consentiat.
2748 837 2915 893 Nemo
2965 840 3129 895 etiam
3174 840 3425 909 deinceps
3464 841 3572 895 sine
3598 851 3693 895 sto-

2155 933 2351 987 macho
2381 932 2525 1002 leget
2549 933 2688 1001 apud
2714 931 3121 1003 Centuriatores
3145 932 3616 1005 Magdeburgenscs
3634 935 3692 998 ⁸⁸,

2160 1043 2178 1078 ι
2236 1026 2309 1080 ita
2360 1025 2597 1081 obscure
2667 1032 2721 1078 et
2783 1024 3038 1095 perplexe
3109 1043 3214 1081 non
3270 1043 3394 1083 raro
3461 1033 3697 1087 vocabulo

2158 1118 2343 1183 Verbi,
2409 1133 2504 1173 seu
2562 1117 2655 1171 τοῦ
2694 1117 2871 1189 Λόγου
2921 1120 3000 1173 uti
3061 1120 3360 1176 Irenaeum:
3421 1132 3476 1175 ut
3539 1123 3696 1179 videa-

2157 1222 2243 1265 tur
2292 1228 2397 1265 non
2452 1212 2744 1281 perspicue
2795 1214 2940 1267 inter
2978 1211 3211 1268 Verbum
3244 1215 3609 1281 substantiale,
3652 1226 3697 1271 et

2154 1304 2378 1358 verbum
2426 1305 2637 1371 vocale,
2694 1319 2788 1358 seu
2841 1308 2954 1361 oris
3003 1307 3355 1377 distinguere.
3398 1326 3417 1359 ι
3469 1308 3697 1366 Profecto

2154 1394 2248 1464 qui
2290 1396 2403 1451 huic
2456 1395 2790 1463 scribebant,
2823 1391 3041 1451 'lrenaci
3093 1396 3266 1452 libros
3293 1398 3376 1453 vel
3423 1415 3696 1469 nunquam,

2156 1488 2239 1542 vel
2266 1489 2427 1559 lippis
2446 1488 2620 1543 oculis
2646 1488 2910 1560 legerant.
2938 1491 3072 1546 Huic
3094 1492 3390 1548 refutandae
3436 1494 3700 1549 calumnia:

2158 1581 2453 1649 lrenaeique
2482 1581 2607 1636 fidei
2633 1582 2968 1637 vindicanda:
2998 1583 3117 1652 plus
3147 1600 3308 1652 quam
3359 1584 3621 1641 suiIiciunt
3646 1601 3701 1641 es

2154 1674 2339 1729 omnia
2391 1689 2509 1742 quae
2539 1676 2801 1732 hactenus
2835 1678 3092 1733 diximus.
3129 1678 3296 1734 Paulo
3339 1680 3505 1735 latius
3545 1682 3702 1736 adhuc

2158 1768 2459 1837 exspatiari
2496 1770 2886 1839 potuissemus,
2920 1782 2974 1826 et
3005 1784 3327 1843 argumenta
3359 1773 3520 1827 multa
3555 1775 3617 1829 ah
3644 1775 3703 1830 iis

2160 1873 2370 1932 petere,
2417 1879 2538 1934 qua:
2587 1862 2708 1918 fuse
2736 1864 2956 1919 disserit
2996 1874 3187 1920 auctor
3214 1877 3403 1922 noster
3433 1868 3524 1922 lib.
3557 1884 3633 1934 ut,
3658 1884 3700 1923 c.

2155 1956 2242 2018 16,
2276 1967 2331 2010 et
2357 1971 2512 2024 seqq.
2563 1956 2615 2009 In
2651 1956 2717 2012 iis
2755 1958 2899 2012 enim
2933 1967 3080 2012 totus
3107 1968 3188 2012 est
3218 1970 3275 2013 ut
3317 1961 3509 2027 probet
3533 1970 3703 2015 contra

2155 2047 2469 2112 Gnosticos,
2504 2064 2670 2102 unum
2700 2060 2755 2104 et
2785 2051 3036 2105 eumdem
3061 2065 3184 2106 esse
3211 2050 3397 2105 Jesum
3426 2051 3703 2116 Christum,

2155 2142 2492 2212 unigenitum
2524 2141 2617 2196 Dei
2649 2141 2866 2204 Filium,
2896 2158 3086 2196 verum
3120 2144 3285 2196 Deum
3317 2160 3383 2198 ac
3412 2160 3592 2198 verum
3621 2146 3706 2199 ho-

2155 2234 2379 2299 minem,
2410 2235 2497 2290 ubi
2542 2250 2665 2290 cum
2701 2237 2890 2304 primis
2928 2236 2992 2290 ad
3023 2237 3078 2292 id
3115 2239 3515 2292 conficiendum
3556 2239 3707 2292 utitur

2156 2343 2220 2383 eo
2247 2328 2486 2399 Apostoli
2517 2329 2845 2395 testimonio,
2872 2326 3027 2383 Ronl.
3049 2346 3125 2395 tx,
3152 2330 3185 2385 5
3230 2344 3246 2383 :
3278 2328 3514 2394 Quorum
3534 2341 3707 2396 patres,

2153 2429 2201 2471 et
2225 2435 2290 2472 ex
2317 2419 2504 2490 quibus
2532 2418 2768 2472 Christus
2795 2420 3085 2473 secundum
3114 2435 3348 2483 carnem,
3372 2422 3466 2489 qui
3490 2431 3560 2474 est
3586 2420 3709 2473 Deus

2153 2528 2310 2579 super
2355 2528 2534 2566 omnes
2580 2504 2909 2567 benedictae
2934 2514 2989 2567 in
3042 2514 3261 2568 saecula.
3296 2512 3407 2567 Sed
3439 2512 3575 2569 forte
3600 2529 3706 2567 cum

2155 2584 2418 2659 lectorum
2449 2602 2672 2657 fastidio
2722 2603 2926 2657 factum
2981 2602 3217 2658 fuisset:
3259 2603 3710 2674 quaremaluimus

2160 2696 2418 2751 Irenzeum
2449 2697 2622 2763 ipsum
2654 2694 2779 2764 legi.
2810 2696 2968 2749 Aliud
3000 2705 3086 2749 est
3121 2697 3264 2765 quod
3322 2702 3713 2763 conqueruntur

2159 2786 2313 2843 citati
2338 2785 2777 2852 Centuriatores,
2814 2804 2833 2837 ι
2869 2787 2934 2840 de
2968 2785 3174 2855 Spiritu
3221 2795 3419 2840 sancto
3453 2786 3625 2839 rarius
3648 2785 3713 2836 lo-

2158 2880 2249 2948 qui
2288 2899 2307 2933 s
2367 2879 2652 2935 Irenaeum.
2707 2877 2873 2931 Paulo
2924 2878 3145 2946 quidem
3190 2878 3371 2932 rarius
3417 2879 3494 2933 de
3528 2876 3711 2945 Spiritu

2155 2982 2366 3037 sancto,
2421 2989 2585 3044 quam
2634 2973 2700 3028 de
2732 2971 2915 3028 Verbo
2962 2972 3245 3043 loquitur:
3289 2979 3446 3026 ratus
3484 2970 3715 3024 videlicet

2157 3068 2291 3121 satis
2321 3082 2461 3129 esse,
2497 3075 2556 3120 ut
2589 3066 2705 3134 ipse
2736 3067 3028 3135 profitetur
3055 3065 3149 3121 lib.
3186 3080 3225 3127 ι,
3258 3079 3306 3119 c.
3336 3063 3403 3143 9,⁵
3421 3064 3467 3118 si
3497 3062 3716 3116 funditus

473 3174 841 3244 principium;
893 3174 979 3228 cui
1006 3173 1210 3237 omnia,
1248 3180 1306 3226 ut
1335 3184 1612 3240 naturam,
1661 3173 1743 3228 sic
1773 3182 1829 3228 et
1876 3172 2054 3227 scien—

2160 3173 2349 3212 eversa
2380 3174 2547 3228 prava
2579 3156 2951 3221 distinctione,
2981 3170 3145 3224 quam
3178 3155 3319 3209 inter
3358 3153 3713 3224 Unigenitum,

476 3269 631 3330 tiam,
662 3279 885 3339 accepta
917 3269 1082 3325 refert
1112 3270 1322 3334 Filius;
1357 3271 1443 3324 cui
1479 3269 1716 3337 denique
1742 3270 1952 3335 omnia,
1988 3278 2048 3324 ut

474 3363 689 3416 auctori
731 3378 831 3416 suo
876 3363 1151 3428 concedit,
1203 3364 1342 3419 nihil
1388 3365 1682 3433 quidquam
1716 3364 1834 3417 sive
1865 3378 2051 3434 agere,

474 3453 588 3506 sive
619 3452 764 3520 loqui
815 3463 871 3507 et
907 3453 1149 3507 revelare
1196 3466 1398 3522 praeter
1444 3455 1566 3523 ejus
1594 3455 1933 3509 voluntatem
1965 3470 2056 3510 vo-

478 3545 632 3600 lens:
667 3548 735 3601 ad
773 3548 873 3602 hoc
905 3556 963 3600 ut
988 3556 1042 3601 et
1078 3563 1200 3613 nos,
1239 3548 1348 3602 Deo
1392 3549 1446 3602 in
1479 3549 1751 3603 infinitum
1786 3550 2052 3618 minores,

473 3637 687 3697 Christi
742 3640 995 3708 exemplo
1042 3639 1317 3693 discamus
1366 3640 1663 3710 perfectam
1738 3640 2049 3706 scientiam,

477 3732 873 3803 abstrusasque
931 3737 1258 3804 quaestiones
1319 3733 1429 3790 Deo
1476 3739 1801 3801 concedere,
1833 3750 1935 3791 nec
1989 3749 2055 3790 ea

479 3834 688 3879 temere
716 3825 952 3879 scrutari
991 3841 1114 3896 qua:
1145 3826 1318 3881 latere
1362 3842 1462 3881 nos
1514 3828 1701 3881 voluit.
1736 3826 1857 3882 Uno
1887 3827 2057 3883 verbo

478 3917 649 3971 totius
678 3917 868 3972 lrenaai
908 3920 1404 3989 argumentationis
1452 3936 1662 3976 summa
1719 3922 1825 3976 huc
1871 3921 2054 3976 redit:

480 4011 537 4064 Si
568 4011 682 4080 ipse
708 4009 996 4076 Dominus,
1028 4012 1123 4068 Dei
1154 4012 1345 4079 Filius,
1378 4012 1613 4067 Verbum
1645 4013 1845 4081 Patris,
1879 4015 1967 4069 cui
2000 4015 2056 4070 in

478 4105 738 4162 omnibus
770 4106 1136 4159 communicat
1170 4104 1354 4171 Pater,
1389 4106 1545 4175 cujus
1581 4106 1816 4175 Spiritus
1867 4109 1957 4177 qui
1989 4108 2056 4177 'in

477 4211 545 4252 eo
570 4209 656 4253 est
710 4198 761 4252 id
788 4205 893 4261 est,
932 4197 1149 4250 divinus
1193 4198 1519 4265 intellectus,
1547 4208 1817 4252 scrutatur
1857 4201 2056 4265 omnia,

479 4291 628 4361 ipsas
676 4290 843 4344 etiam
900 4290 1217 4345 altitudines
1269 4291 1382 4354 Dei,
1425 4306 1591 4360 quem
1626 4293 1856 4360 proinde
1889 4293 2060 4347 latere

481 4396 586 4435 non
621 4390 798 4450 potest
831 4382 975 4449 quod
1006 4382 1073 4436 de
1103 4382 1189 4436 die
1216 4391 1272 4436 et
1304 4384 1434 4435 hora
1462 4385 1693 4437 extremi
1726 4383 1916 4452 judicii
1942 4392 2058 4439 sta-

481 4478 581 4529 tuit
616 4476 819 4541 Pater;
852 4474 998 4533 illius
1050 4483 1228 4528 tamen
1268 4475 1374 4527 diei
1422 4476 1709 4529 scientiam
1752 4476 1943 4530 retulit
1992 4479 2060 4531 ad

482 4569 720 4633 Patrem,
755 4569 916 4637 eique
946 4569 1238 4631 concessit,
1294 4582 1393 4622 nec
1426 4567 1479 4621 id
1510 4567 1788 4637 explicare
1818 4578 1873 4623 et
1911 4582 2062 4624 rese—

483 4676 608 4716 rare
637 4660 827 4724 voluit,
846 4662 992 4728 quod
1025 4672 1273 4714 reserare
1307 4674 1412 4713 non
1442 4659 1656 4714 sinebat
1686 4660 1940 4721 voluntas
1966 4660 2069 4715 Pa-

483 4754 583 4806 tris
605 4775 617 4809 ;
636 4768 665 4805 a
697 4752 906 4807 fortiori
934 4766 1035 4806 nos
1055 4752 1147 4822 qui
1175 4768 1333 4819 super
1360 4762 1555 4805 terram
1581 4753 1850 4822 degimus,
1870 4754 2068 4822 quibus

480 4845 765 4898 divisiones
793 4846 1063 4903 duntaxat
1109 4845 1408 4913 gratiarum
1461 4854 1613 4908 sunt,
1663 4855 1718 4899 et
1771 4845 2070 4902 divisiones

482 4935 901 4989 ministeriorum
942 4945 990 4989 et
1018 4934 1305 4990 divisiones
1344 4937 1734 5002 operationum,
1764 4937 1966 5004 quique
2006 4952 2072 4991 ex

464 5022 632 5097 parte
659 5030 1044 5097 cognoscimus,
1077 5040 1123 5085 et
1152 5045 1218 5085 ea:
1236 5037 1389 5097 parte
1417 5028 1791 5098 prephetamus
1818 5044 1835 5091 ,'
1859 5030 1923 5089 de
1952 5031 2073 5083 unis

483 5124 650 5178 uersis
675 5122 1058 5192 questionibus
1084 5123 1369 5176 concedere
1398 5133 1598 5190 oportet
1624 5124 1693 5187 ei,
1720 5122 1812 5190 qui
1832 5139 1897 5176 ea:
1923 5133 2072 5191 parte

485 5216 635 5271 nobis
660 5224 877 5285 prwstat
906 5216 1161 5285 gratiam,
1187 5226 1245 5271 ut
1272 5216 1434 5284 paulo
1466 5224 1593 5271 ante
1620 5216 1758 5270 dixit
1786 5215 1854 5279 ‘9,
1888 5230 1991 5270 nee
2019 5216 2073 5273 id

484 5307 763 5376 explicare
812 5316 909 5361 aut
940 5308 1274 5377 investigare
1329 5308 1452 5374 niti,
1503 5308 1646 5377 quod
1699 5308 1753 5361 in
1786 5306 2074 5374 sapientia:

486 5416 597 5455 sua:
622 5399 897 5455 thesauris
924 5399 1249 5455 delitescere
1278 5400 1448 5455 voluit
1479 5401 1640 5455 Deus.
1672 5399 1825 5467 Quod
1847 5400 2069 5468 quidem

486 5492 793 5562 argumenti
838 5508 1011 5561 genus
1055 5508 1219 5563 quam
1257 5493 1625 5554 catholicum,
1669 5502 1725 5550 et
1768 5494 1838 5549 ab
1868 5494 2069 5549 Ariana

490 5585 772 5654 impietate
800 5595 1100 5653 remotum,
1120 5586 1372 5656 quisquis
1399 5602 1587 5657 aequus
1620 5602 1804 5649 rerum
1830 5587 2071 5643 :estima-

490 5687 573 5732 tor
605 5678 766 5734 facile
804 5679 970 5733 videt.

567 5852 608 5885 "
643 5852 877 5922 ICut‘.it,
918 5855 998 5910 lO.
1078 5856 1116 5888 δ’
1146 5855 1315 5913 H301".
1354 5872 1451 5927 XII,
1484 5856 1534 5913 5.

2161 3249 2417 3315 Verbum,
2456 3248 2834 3313 Salvatorem,
2876 3247 3178 3312 Christum,
3230 3254 3361 3311 etc.,
3420 3248 3714 3313 interpone-

2158 3342 2291 3396 bant
2340 3340 2729 3406 Valentiniani,
2788 3340 2963 3407 prima
3013 3352 3205 3393 eorum
3253 3338 3485 3407 ogdoas,
3537 3352 3565 3389 a
3622 3348 3715 3404 qua

2158 3433 2326 3489 veluti
2356 3433 2580 3502 religata
2611 3433 2885 3501 pendebat
2932 3443 3044 3485 tOta
3096 3431 3427 3486 Pleromatis
3500 3429 3717 3486 Valenti-

2160 3525 2308 3579 niani
2364 3526 2557 3592 moles,
2608 3526 2958 3589 dirueretur;
3010 3523 3111 3577 hac
3153 3523 3298 3577 enim
3349 3536 3545 3575 eversa
3578 3532 3718 3572 ruere

2163 3629 2331 3673 lotam
2383 3617 2728 3688 bypmhesim
2771 3629 3057 3670 necessum
3104 3628 3245 3668 esse.
3302 3612 3454 3668 Unde
3510 3612 3561 3664 in
3594 3611 3719 3662 hanc

2160 3712 2576 3767 concutiendam
2608 3710 3011 3765 distinctionem
3034 3747 3050 3773 ,
3088 3706 3553 3772 statuendamque
3575 3698 3721 3757 Verbi

2161 3822 2281 3860 cum
2335 3805 2630 3874 Unigenito
2665 3803 2990 3873 ταυτότητα,
3046 3801 3405 3868 eamdemque
3448 3796 3588 3852 illius
3613 3806 3720 3848 cum

2162 3900 2323 3954 Patre
2372 3908 2622 3953 naturam
2669 3905 2725 3950 et
2770 3894 3138 3957 divinitatem,
3190 3890 3339 3945 salva
3382 3889 3723 3945 distinctione

2163 4008 2549 4064 personarum,
2596 3996 2703 4045 tota
2761 3986 2871 4042 fere
2928 3995 3380 4056 argumentorum
3442 3982 3607 4038 moles
3652 3980 3723 4032 in-

2164 4087 2390 4144 cumbit.
2418 4084 2536 4139 Non
2570 4095 2746 4137 tamen
2776 4082 2910 4135 adeo
2945 4094 3068 4133 raro
3097 4079 3161 4132 de
3192 4076 3399 4147 Spiritu
3435 4083 3622 4130 sancto
3653 4073 3723 4124 lo-

2164 4177 2369 4244 quitur,
2404 4174 2537 4243 quin
2568 4188 2634 4228 ex
2666 4172 2755 4236 iis,
2786 4185 2905 4240 quae
2936 4168 3232 4224 identidem
3263 4166 3507 4227 disserit,
3538 4162 3723 4231 liquido

2165 4280 2370 4341 pateat,
2419 4284 2608 4323 verum
2657 4266 2849 4329 Deum,
2900 4262 3051 4317 Patri
3100 4272 3155 4315 et
3201 4258 3340 4315 Filio
3386 4256 3723 4327 coaequalem,

2164 4373 2498 4416 coasternum
2554 4368 2610 4413 et
2655 4354 3177 4413 consubstantialem
3225 4355 3292 4407 ab
3324 4367 3389 4406 eo
3423 4349 3654 4405 censeri.
3678 4345 3727 4397 ld

2167 4452 2454 4522 perspicue
2501 4451 2882 4504 demonstrant
2933 4462 3021 4509 ea,
3074 4461 3196 4515 qua).
3237 4459 3400 4513 supra
3437 4440 3727 4498 retulimus,

2171 4544 2508 4602 sanctissimi
2542 4542 2805 4613 martyris
2835 4540 2956 4595 loca
2987 4548 3042 4596 et
3074 4548 3425 4608 argumenta.
3457 4536 3593 4590 Hinc
3617 4545 3727 4587 eum

2168 4644 2260 4699 Dei
2293 4657 2513 4697 manum
2547 4637 2809 4708 appellat,
2861 4633 3093 4703 indeque
3119 4631 3393 4687 concludit
3419 4628 3568 4684 Patri
3601 4638 3729 4681 sem-

2168 4754 2266 4808 per
2296 4734 2671 4797 coexstitisse,
2694 4739 2748 4783 et
2777 4738 2905 4785 ante
2930 4743 3017 4783 res
3048 4742 3239 4781 omnes
3266 4724 3514 4781 conditas
3544 4720 3727 4780 fuisse;

2167 4833 2311 4901 quod
2356 4838 2410 4885 et
2460 4844 2527 4884 ex
2574 4827 2710 4880 libro
2740 4823 3159 4881 Proverbiorum
3208 4821 3423 4891 prohat.
3458 4817 3597 4872 Hinc
3621 4828 3732 4868 eum

2169 4925 2222 4979 in
2268 4937 2440 4993 opere
2490 4919 2784 4975 creationis
2827 4932 2951 4973 cum
2986 4915 3148 4970 Patre
3189 4925 3246 4969 et
3277 4913 3414 4969 Filio
3441 4909 3728 4966 consociat.

2170 5018 2480 5073 Creationis
2532 5024 2711 5068 autem
2762 5028 2900 5082 opus
2944 5013 3018 5065 ita
3070 5009 3310 5064 divinum
3362 5021 3506 5071 esse,
3544 5003 3733 5070 Deique

2171 5112 2340 5167 solius
2374 5107 2652 5179 proprium
2695 5106 2815 5175 jure
2848 5104 3045 5159 merito
3077 5102 3272 5177 credit,
3321 5111 3377 5155 ut
3414 5116 3478 5155 ex
3514 5112 3579 5152 eo
3604 5093 3733 5163 quod

2171 5220 2270 5274 per
2300 5200 2537 5259 Verbum
2594 5200 2893 5257 constituta
2944 5197 3054 5250 sint
3108 5195 3327 5259 omnia,
3377 5193 3591 5255 inferat,
3639 5200 3735 5242 non

2171 5278 2382 5355 tantum
2419 5314 2448 5351 a
2483 5296 2667 5352 Verbo
2717 5293 2923 5347 inﬁnite
2975 5293 3185 5346 distare
3227 5287 3478 5358 angelos,
3519 5284 3735 5339 archan-

2170 5392 2345 5462 gclos,
2398 5390 2644 5458 aliasque
2671 5400 2759 5442 res
2785 5393 3037 5449 creatas;
3090 5383 3185 5436 sed
3229 5390 3284 5436 et
3312 5380 3441 5435 illud
3483 5375 3735 5431 infectum

2172 5502 2314 5552 esse,
2372 5487 2490 5545 sine
2539 5484 2719 5549 initio,
2770 5481 2891 5536 sine
2940 5479 3068 5547 fine,
3114 5477 3398 5549 solumque
3425 5488 3548 5527 cum
3586 5469 3738 5523 Patre

2164 5584 2312 5652 juste
2364 5577 2470 5633 dici
2519 5577 2690 5635 Deum
2726 5589 2791 5631 ac
2838 5573 3127 5629 Dominum
3158 5588 3170 5622 :
3205 5580 3402 5623 cwtera
3430 5564 3635 5627 omnia,
3677 5572 3735 5611 ex

2170 5694 2237 5736 eo
2293 5680 2440 5747 quod
2495 5683 2680 5732 creata
2731 5674 2862 5742 sint,
2912 5670 3127 5727 initium
3180 5664 3457 5723 habuisse.
3524 5653 3735 5714 dissolvi

1615 5857 1657 5889 '°
1693 5857 1913 5915 Centur.
1945 5875 2004 5926 it,
2036 5873 2151 5929 Cap.
2189 5858 2269 5923 10,
2299 5858 2350 5911 in
2385 5855 2474 5913 litt.
