3924 6354
202 384 320 439 315

1140 386 1600 442 DISSERTATIO
1631 385 1718 441 Ill.
1752 385 1839 439 DE
1874 385 2131 440 ΙΒΕΝᾹΞΙ
2170 384 2539 441 DOCTBINA.

3349 381 3448 434 3H

200 517 392 570 posse,
425 502 665 570 subjecta
716 520 861 571 esse,
916 520 1090 576 neque
1138 506 1284 575 juste
1332 507 1422 561 Dei
1454 506 1776 560 vocabulum
1808 509 1853 566 Α
1885 505 1938 559 in
2015 505 2333 560 novissimis
2416 503 2752 571 temporibus
2806 498 2991 557 effudit
3057 514 3153 568 per
3208 496 3450 564 adoptio-

199 610 429 649 sumere
452 612 628 663 posse,
662 600 807 665 quod
842 606 932 653 est
956 599 1254 654 Creatoris.
1299 600 1452 666 Quod
1490 615 1777 667 argumen-

201 695 321 738 tum
375 690 453 742 vel
496 692 628 743 nihil
673 694 903 748 omnino
954 696 1171 764 prohat,
1219 693 1303 746 vel
1360 693 1561 747 invicte
1587 691 1778 761 probat

197 778 470 847 Spiritum
499 793 780 849 sanctum,
812 800 880 840 ex
919 787 1104 840 Irenaei
1134 785 1426 848 sententia,
1460 799 1564 837 non
1596 783 1777 837 minus

196 884 393 924 verum
426 872 595 927 Deum
628 891 773 941 esse,
808 876 1091 942 infectum,
1130 878 1249 930 sine
1282 876 1461 938 initio,
1500 875 1617 929 sine
1648 874 1774 939 line,

196 963 333 1017 nulli
361 966 688 1033 subjectum,
718 980 850 1033 etc.,
885 985 1046 1036 quam
1081 971 1255 1039 ipsum
1284 968 1555 1023 Verbum:
1588 975 1777 1035 utpote

195 1058 287 1123 qui
320 1074 426 1112 non
456 1062 644 1116 minus
674 1078 869 1117 manus
902 1064 1081 1118 Patris
1112 1063 1295 1129 fuerit,
1347 1078 1447 1117 nec
1482 1062 1661 1115 minus
1708 1060 1774 1114 ad

198 1166 288 1204 res
317 1155 593 1209 creandas
641 1170 863 1225 operam
892 1157 1208 1224 contulerit,
1259 1171 1420 1224 quam
1450 1156 1622 1223 ipsum
1651 1153 1778 1207 Ver-

194 1245 352 1296 bum.
380 1244 493 1300 Sed
540 1247 632 1300 cui
684 1249 938 1315 praedicta
988 1247 1173 1302 omnia
1206 1246 1453 1301 sufﬁcere
1482 1260 1586 1298 non
1620 1243 1774 1297 vide-

195 1335 421 1397 buntur,
454 1335 608 1403 legat
633 1338 779 1405 quod
808 1336 1044 1392 lrenaeus
1070 1338 1163 1391 lib.
1188 1352 1240 1402 ν,
1271 1352 1321 1390 c.
1354 1335 1442 1397 12,
1473 1350 1530 1387 n.
1556 1334 1611 1397 ξ,
1642 1333 1775 1387 scri-

195 1427 293 1480 hit.
350 1427 465 1482 Hoc
515 1443 683 1483 omne
731 1430 1070 1499 exceptionis
1118 1444 1288 1499 genus
1333 1428 1657 1498 praeclusum
1709 1425 1774 1478 iri

195 1520 435 1578 conﬁdo.
471 1520 549 1574 Ibi
579 1522 869 1588 distinguit
898 1523 1130 1577 Irenzeus
1159 1524 1303 1577 inter
1328 1542 1346 1574 ι
1377 1520 1612 1576 allIatum
1632 1521 1773 1583 vita},

194 1612 287 1676 qui
318 1622 375 1665 et
403 1615 705 1669 animalem
734 1614 897 1669 ellicit
927 1615 1229 1679 hominem,
1256 1624 1312 1669 et
1339 1614 1603 1683 Spiritum
1640 1613 1776 1666 vivi-

195 1708 480 1769 licanlent,
519 1708 617 1775 qui
668 1684 725 1762 ei
770 1709 1068 1776 spiritalem
1104 1707 1268 1762 eliicit
1299 1704 1594 1761 hominem.
1623 1722 1640 1754 ι
1664 1723 1682 1753 ι
1710 1702 1776 1757 Ει

191 1810 419 1865 propter
446 1801 576 1859 hoc,
628 1799 834 1866 inquit,
879 1797 1046 1853 Isaias
1072 1800 1115 1830 ⁵¹
1150 1799 1272 1851 ait:
1373 1796 1467 1850 Sic
1491 1802 1619 1848 dicit
1663 1796 1773 1848 Do-

193 1892 397 1949 rnium,
446 1890 538 1959 qui
584 1892 706 1960 fecit
752 1893 961 1954 coelum,
1005 1901 1054 1943 et
1097 1891 1214 1958 ﬁxit
1243 1888 1397 1952 illud,
1429 1888 1774 1957 quiﬁrmavit

189 1991 416 2043 terram,
444 1991 496 2033 et
524 1997 644 2049 qua:
670 1982 725 2033 in
760 1998 821 2034 ea
850 1992 970 2034 sunt
999 1997 1018 2043 ;
1046 1989 1094 2034 et
1129 1980 1272 2033 dedit
1302 1980 1533 2049 uﬂlatum
1560 1979 1772 2046 populo,

187 2072 275 2137 qui
305 2087 473 2138 super
490 2087 607 2124 eam
625 2081 727 2133 est,
744 2082 793 2125 et
836 2070 1083 2139 spiritum
1109 2072 1191 2124 his
1214 2073 1302 2141 qui
1321 2072 1530 2124 calcant
1598 2066 1769 2121 illam.

1880 612 2002 651 nem
2030 598 2264 651 filiorum
2294 598 2344 650 in
2370 612 2537 666 genus
2557 598 2851 650 lmmanum
2872 614 2884 648 :
2907 593 3139 647 adlatum
3163 587 3451 661 [CXXXV]

1880 697 2066 742 autem
2114 688 2481 742 communiter
2541 687 2596 739 in
2638 686 3031 747 conditionem,
3077 693 3131 736 et
3184 681 3448 734 facturam

1878 781 2176 834 ostendens
2200 780 2375 835 illum.
2408 780 2567 832 Aliud
2608 788 2793 832 autem
2829 785 2914 832 est
2938 773 3083 845 quod
3117 772 3317 826 factum
3345 780 3446 836 est,

1878 872 1950 927 ab
1977 886 2043 926 eo
2071 872 2163 939 qui
2200 869 2351 925 fecit.
2378 869 2604 925 Aﬁlatus
2636 869 2798 939 igitur
2830 866 3175 936 temporalis;
3216 864 3450 935 Spiritus

1876 974 2058 1018 autem
2083 963 2473 1032 sempiternus,
2498 983 2517 1016 ι
2549 972 2655 1016 etc.
2712 960 2807 1015 llic
2833 975 2896 1015 ex
2931 960 3080 1013 Isaiae
3113 959 3294 1014 verbi:
3320 972 3448 1026 pro-

1876 1058 1967 1111 bat
1994 1055 2260 1119 Irenasus,
2302 1054 2636 1108 latissimum
2669 1052 2966 1107 discrimen
2996 1050 3260 1120 Spiritum
3306 1058 3449 1102 inter

1876 1159 1933 1203 et
1957 1150 2198 1204 alIIatum
2244 1148 2698 1217 interponendum
2735 1161 2858 1201 esse
2901 1162 2915 1199 :
2954 1161 2973 1195 ι
3014 1142 3278 1210 Spiritum
3323 1142 3448 1210 qui-

1877 1246 1998 1300 dem
2039 1266 2059 1298 s
2106 1245 2176 1299 ab
2220 1245 2355 1298 Isaia
2393 1261 2413 1295 ι
2469 1243 2687 1312 praprie
2720 1242 2772 1294 in
2807 1240 2974 1294 Deum
3022 1237 3288 1304 deputari,
3328 1256 3345 1286 ι
3388 1234 3447 1288 τὸ

1883 1335 2100 1406 πνεῦμα
2138 1336 2282 1398 ἰδίως
2331 1334 2423 1387 ἐπὶ
2468 1333 2562 1387 τοῦ
2608 1330 2742 1385 Θεοῦ
2791 1328 2993 1393 τάξας,
3028 1328 3120 1380 τοῦ
3167 1326 3447 1398 ἐκχέοντος

1877 1426 2029 1493 αὑτό,
2062 1427 2113 1480 id
2143 1434 2225 1480 est
2249 1427 2300 1480 in
2323 1425 2512 1479 eodem
2536 1424 2748 1485 ordine,
2779 1422 2968 1491 gradu,
2988 1419 3250 1488 dignitate
3272 1429 3326 1471 et
3347 1435 3443 1471 na—

1878 1528 1999 1574 tura
2028 1517 2311 1578 constitui.
2336 1515 2490 1585 cuius
2522 1526 2603 1570 est
2638 1516 2705 1581 is,
2738 1515 2830 1584 qui
2868 1511 3057 1567 ell'udit
3079 1526 3224 1573 eum,
3254 1511 3394 1564 Deus
3424 1525 3446 1561 ε

1884 1633 1903 1665 ι
1936 1613 2173 1667 aﬂIatum
2202 1620 2385 1665 autem
2416 1609 2784 1664 communiter
2823 1608 2874 1660 in
2903 1603 3274 1661 conditionem
3311 1622 3329 1654 ι
3378 1602 3448 1655 ab

1877 1721 1944 1759 eo
1974 1704 2241 1772 deputari,
2276 1722 2294 1754 ι
2328 1714 2381 1757 et
2410 1701 2678 1756 facturam
2727 1698 2943 1754 ostendi
2974 1715 2989 1763 ;
3031 1718 3050 1748 ι
3130 1705 3446 1763 tantumque

1879 1794 2098 1848 diﬂ‘erre
2130 1792 2370 1847 aﬂlatum
2414 1808 2443 1846 a
2493 1793 2721 1861 Spiritu,
2754 1800 3016 1859 quantum
3073 1787 3255 1842 dili‘ert
3301 1787 3443 1855 quod

1878 1882 2079 1936 factum
2106 1893 2210 1948 est,
2248 1884 2404 1937 abeo
2446 1883 2539 1952 qui
2592 1881 2758 1947 fecit;
2813 1895 2878 1934 ac
2928 1878 3157 1948 proinde
3206 1876 3443 1931 afﬂatum

1869 1974 2211 2042 temporalem
2264 1988 2406 2037 esse,
2465 1973 2684 2026 initium
2728 1972 3014 2032 habuisse,
3086 1979 3446 2036 creatumquc

1872 2065 2078 2131 fuisse;
2113 2066 2375 2133 Spiritum
2412 2080 2542 2120 vero
2578 2064 2973 2130 sempiternum
3007 2078 3148 2124 esse,
3181 2062 3299 2116 sine
3342 2060 3447 2113 ini-

185 2159 448 2214 Aflatum
518 2164 736 2230 quidem
800 2165 1160 2216 communiter
1216 2164 1362 2216 ontni
1394 2202 1409 2225 ,
1466 2161 1558 2231 qui
1608 2176 1773 2228 super
1872 2159 1968 2224 tio,
1994 2157 2332 2211 conditorem
2363 2171 2425 2210 ac
2464 2171 2649 2208 verum
2687 2154 2878 2207 Deum.
2919 2153 3036 2205 Erit
3068 2152 3207 2207 forte
3229 2152 3318 2220 qui
3345 2152 3445 2206 mi-

190 2266 400 2307 terram
429 2265 539 2317 est,
588 2252 788 2323 populo
817 2252 1003 2307 dicens
1036 2253 1260 2306 datum:
1292 2252 1556 2321 Spiritum
1586 2263 1771 2305 autem
1868 2266 1972 2305 nus
2014 2248 2251 2303 feliciter
2298 2248 2451 2303 Isaiae
2506 2247 2621 2300 loca
2655 2246 2724 2301 ab
2774 2246 2975 2300 Irenazo
3017 2244 3284 2315 explicata
3326 2259 3446 2300 esse

187 2347 417 2413 proprie
446 2347 557 2408 his,
608 2348 700 2413 qui
741 2347 1019 2400 inculcant
1063 2346 1136 2415 (id
1183 2353 1267 2399 est
1292 2345 1636 2411 conculcant)
1665 2353 1774 2397 ter-
1868 2341 2155 2407 obtendat;
2202 2338 2408 2394 sedhic
2436 2340 2502 2393 de
2535 2339 2771 2408 genuino
2808 2338 2961 2391 Isaiae
3000 2354 3165 2393 sensu
3198 2353 3302 2390 non
3335 2336 3446 2390 dis-

188 2452 360 2491 renas
401 2437 899 2505 concupiscentiae.
947 2436 1177 2506 Pr0pter
1227 2437 1373 2504 quod
1422 2450 1617 2489 rursus
1663 2435 1779 2503 ipse
1875 2442 2167 2503 putamus;
2204 2432 2254 2485 id
2286 2442 2494 2487 tantum
2525 2433 2647 2500 jure
2685 2432 2880 2486 merito
2926 2430 3336 2496 contendimus,
3365 2429 3446 2483 sic

187 2526 368 2581 Iulias
386 2528 436 2559 η
468 2528 814 2596 distinguens
840 2543 961 2597 qua:
988 2529 1245 2597 praedicta
1274 2536 1417 2591 sunt,
1448 2529 1523 2580 ait
1564 2543 1576 2578 :
1654 2525 1780 2593 Spi-
1875 2525 1944 2578 ab
1971 2534 2199 2579 auctore
2224 2535 2413 2580 nostro
2446 2529 2751 2594 expositum
2784 2538 2906 2577 esse
2930 2523 3267 2592 prophetam,
3294 2531 3352 2576 ut
3375 2537 3438 2577 ea

186 2624 324 2672 ritus
363 2619 506 2672 enim
536 2639 568 2674 a
598 2636 678 2673 me
704 2621 864 2684 exiet,
916 2630 963 2674 et
1011 2620 1243 2691 afﬂatum
1286 2636 1488 2673 omnem
1531 2634 1626 2687 ego
1654 2618 1777 2686 feci.
1875 2614 2057 2669 verbis
2109 2616 2228 2684 ejus
2282 2616 2567 2681 intulerit,
2626 2613 2885 2684 Spiritum
2946 2624 3197 2669 sanctum
3254 2626 3441 2670 verum

184 2714 462 2777 Spiritum
523 2712 745 2782 quidem
809 2714 1026 2785 preprie
1091 2716 1143 2768 in
1194 2715 1301 2769 Deo
1339 2715 1456 2779 (ἐπὶ
1488 2712 1581 2767 τοῦ
1615 2711 1773 2777 Θεοῦ,
1873 2726 1996 2768 esse
2021 2713 2215 2776 Deum,
2240 2713 2287 2767 ei
2323 2711 2845 2767 consubstantialem
2871 2725 2902 2765 a
2935 2725 3042 2780 quo
3068 2710 3119 2764 in
3148 2711 3442 2765 humanum

182 2798 270 2852 hic
325 2801 471 2855 verti
526 2801 856 2864 debuisset,
908 2805 962 2856 in
1020 2803 1209 2873 Deum)
1282 2805 1552 2874 deputans
1613 2818 1774 2873 quem
1870 2819 2041 2873 genus
2068 2803 2274 2861 ell‘usus
2295 2815 2398 2859 est.

1380 3115 2047 3207 ARTICULUS
2099 3117 2265 3206 Vl-

302 3302 399 3361 De
432 3300 750 3380 mysterio
788 3305 1282 3376 lncarnationis,
1320 3305 1560 3368 Christi
1604 3306 1972 3379 nativitate,
2019 3306 2359 3386 baptismo,
2393 3313 2454 3368 et
2495 3307 2813 3369 descensu
2841 3305 2917 3368 ad
2950 3302 3215 3380 inferos,
3249 3318 3321 3365 ac

1018 3412 1084 3473 B.
1117 3412 1335 3475 Marias
1371 3413 1660 3494 Virginis
1691 3412 2003 3494 dignitate
2028 3421 2088 3475 et
2130 3413 2617 3476 intercessione.

242 3685 346 3739 64.
375 3684 637 3754 Operam,
670 3701 789 3740 mea
821 3687 1039 3755 quidem
1063 3689 1361 3756 sententia,
1401 3690 1637 3757 luderet,
1671 3693 1762 3761 qui
1794 3699 1836 3756 C
1871 3707 1991 3746 rum
2033 3691 2339 3759 Deuin,qui
2375 3710 2393 3741 ι
2429 3690 2475 3721 ⁸³
2497 3690 2548 3743 in
2583 3688 2857 3759 principio
2889 3686 3121 3741 Verbum
3163 3689 3439 3744 exsistens

174 3792 375 3830 sanam
414 3791 544 3832 esse
573 3787 630 3833 et
666 3780 1033 3835 orthodoxam
1075 3781 1266 3837 lrenaai
1296 3785 1361 3838 de
1387 3788 1649 3855 mysterio
1682 3788 1771 3840 ln-

175 3869 536 3924 carnationis
580 3870 884 3924 doctrinam
935 3871 1091 3943 longa
1128 3874 1515 3931 dissertatione
1545 3879 1769 3933 demon—

176 3959 485 4011 strandum
510 3958 612 4012 sibi
644 3969 884 4025 putaret.
918 3958 1131 4029 Scripta
1160 3963 1431 4030 siquidem
1463 3979 1560 4033 per
1590 3980 1648 4019 se
1683 3966 1765 4019 lo-

174 4063 457 4115 quuntur,
498 4059 553 4103 et
599 4050 849 4118 quisquis
878 4065 939 4105 ea
972 4050 1192 4119 legerit,
1226 4068 1347 4122 qua:
1387 4067 1579 4109 auctor
1624 4057 1766 4112 lihro

176 4141 500 4210 praesertim
534 4144 715 4205 tertio,
746 4157 777 4195 a
822 4156 944 4211 cap.
974 4143 1042 4199 16
1071 4160 1243 4215 usque
1276 4146 1342 4200 ad
1396 4146 1467 4200 24
1500 4149 1764 4217 disputat,

178 4248 292 4285 non
346 4234 533 4287 minus
580 4244 839 4289 accurate
878 4236 1165 4307 scripsisse
1209 4237 1491 4304 fatebitur,
1518 4256 1680 4311 quam
1717 4244 1763 4297 si

178 4335 311 4391 post
369 4323 527 4377 Pauli
579 4323 948 4391 Samosateni,
1006 4326 1247 4396 Pbotini,
1296 4330 1530 4388 Nestorii
1564 4345 1619 4389 et
1659 4337 1766 4389 Eu-

178 4417 427 4485 tychetis
490 4426 731 4487 tempora
786 4420 1034 4475 vixisset.
1106 4422 1359 4478 Haeretici
1431 4428 1761 4496 quibuscum

176 4508 631 4574 conﬂictabatur,
659 4508 841 4565 Iesum
870 4510 1145 4566 Christum
1187 4515 1473 4570 Dominum
1513 4527 1761 4574 nostrum

177 4616 370 4654 verum
396 4602 568 4655 Deum
594 4610 647 4656 et
678 4617 865 4656 verum
896 4602 1169 4658 hominem
1192 4620 1311 4661 esse
1326 4610 1635 4679 negabant;
1666 4614 1761 4667 sed

177 4692 366 4748 Iesum
412 4710 443 4747 a
483 4693 704 4749 Christo
739 4694 903 4764 impie
953 4696 1280 4764 dividentes,
1311 4700 1404 4754 alii
1463 4703 1611 4758 illum
1646 4721 1761 4760 me-

180 4800 295 4837 ram
318 4786 562 4839 hominis
595 4785 799 4839 larvam
825 4787 1134 4853 exstitisse,
1151 4806 1270 4859 quae
1288 4806 1384 4861 per
1406 4792 1651 4860 Mariam,
1677 4812 1764 4851 ve-

181 4877 256 4929 lut
283 4893 382 4944 per
406 4879 658 4933 canalem
698 4883 1028 4947 transierat;
1090 4885 1206 4950 alii,
1235 4902 1385 4942 more
1430 4898 1758 4945 cmterorum

183 4969 487 5033 hominum,
516 4985 581 5024 ex
610 4971 831 5043 losephi
872 4986 926 5029 et
958 4975 1143 5031 Maria:
1169 4988 1285 5031 satu
1317 4980 1556 5049 genitum
1592 4997 1710 5038 esse
1740 5000 1755 5038 :

1870 3788 2009 3856 apud
2050 3785 2241 3849 Deum,
2301 3799 2397 3853 per
2437 3797 2599 3850 quem
2638 3781 2819 3834 omnia
2870 3780 3011 3835 facta
3059 3790 3208 3845 sunt,
3240 3783 3330 3850 qui
3383 3792 3438 3836 et

1868 3889 2079 3944 semper
2104 3873 2294 3927 aderat
2336 3873 2524 3942 generi
2569 3873 2829 3936 humano,
2876 3890 2895 3923 ι
2941 3872 3142 3942 quique
3177 3890 3195 3923 ι
3244 3873 3297 3926 in
3345 3890 3437 3927 no-

1868 3964 2109 4019 vissimis
2140 3962 2497 4032 temporibus,
2529 3962 2826 4018 secundum
2868 3961 3193 4032 prazlinitum
3228 3974 3438 4032 tempus

1869 4073 1899 4111 a
1923 4055 2104 4120 Patre,
2137 4055 2319 4109 unitus
2346 4047 2447 4111 s'uo
2468 4054 2745 4123 plasmati,
2775 4054 3051 4123 passibilis
3073 4056 3234 4109 hoino
3261 4056 3437 4110 factus

1868 4148 2033 4202 fuerit
2068 4164 2082 4200 :
2134 4165 2153 4199 ι
2182 4147 2318 4201 adeo
2348 4156 2405 4200 ut
2438 4165 2457 4199 ι
2488 4145 2709 4200 exclusa
2744 4146 2815 4201 sit
2858 4146 3041 4201 omnis
3076 4148 3438 4203 contradictio

1866 4239 2161 4294 dicentium
2215 4255 2228 4290 :
2264 4238 2321 4293 Si
2349 4253 2479 4307 ergo
2509 4249 2635 4293 tunc
2676 4248 2837 4293 natus
2883 4248 2990 4303 est,
3023 4254 3129 4293 non
3158 4248 3277 4293 erat
3306 4255 3438 4309 ergo

1866 4339 1995 4385 ante
2043 4329 2333 4397 Christus;
2388 4345 2494 4384 non
2548 4348 2567 4382 ι
2613 4330 2757 4384 enim
2809 4348 2827 4383 ι
2880 4340 3007 4385 tunc
3053 4332 3218 4401 cnspit
3264 4330 3438 4387 Filius

1868 4422 1963 4479 Dei
1995 4422 2267 4478 exsistens
2293 4437 2505 4491 semper
2527 4423 2669 4491 apud
2708 4421 2964 4487 Patrem;
2996 4424 3088 4478 sed
3111 4424 3327 4492 quando
3355 4423 3436 4478 in-

1864 4522 2128 4569 carnatus
2159 4523 2264 4578 est,
2294 4521 2348 4568 et
2379 4514 2538 4567 homo
2566 4512 2763 4577 factus,
2794 4513 3008 4583 longam
3038 4515 3314 4568 hominum
3341 4531 3437 4569 ex-

1865 4605 2190 4675 positionem
2243 4604 2298 4658 in
2345 4618 2403 4657 se
2434 4604 2551 4673 ipso
2603 4603 3005 4671 recapitulavit,
3032 4604 3085 4657 in
3117 4604 3437 4673 compendio

1865 4697 2022 4752 nobis
2054 4696 2284 4751 salutem
2343 4705 2630 4765 praestans,
2662 4704 2720 4748 ut
2751 4695 2894 4764 quod
2926 4695 3334 4764 perdideramus
3378 4696 3434 4749 in

1863 4791 2058 4856 Adam,
2089 4790 2141 4844 id
2167 4799 2252 4844 est
2274 4787 2569 4843 secundum
2608 4789 2900 4859 imaginem
2940 4796 2995 4843 et
3026 4786 3433 4843 similitudinem

1860 4898 1982 4938 esse
2010 4882 2126 4942 Dei,
2151 4882 2255 4936 hoc
2284 4882 2335 4936 in
2360 4880 2581 4936 Christo
2603 4879 2727 4936 Iesu
2758 4880 3148 4948 reciperemus.
3181 4898 3199 4933 ι
3232 4878 3432 4934 Verum

1864 4977 2031 5030 Deum
2062 4993 2080 5024 ι
2118 4974 2165 5006 ⁸⁵
2189 4973 2464 5029 Christum
2489 4973 2684 5027 Filium
2708 4971 2799 5026 Dei
2829 4971 2961 5036 vivi,
2998 4990 3016 5023 ι
3039 4973 3287 5027 eumdem
3314 4988 3435 5028 esse

182 5059 321 5113 hunc
371 5075 504 5114 vero
539 5064 592 5115 in
625 5078 773 5130 eum,
825 5075 935 5120 tum
968 5082 1091 5122 cum
1140 5070 1415 5139 baptismo
1465 5073 1751 5144 tingendus
1790 5041 1836 5099 θ
1869 5090 1888 5123 ι
1925 5082 1980 5126 et
2011 5072 2176 5124 lilium
2208 5068 2469 5124 hominis.
2501 5067 2767 5133 Quoniam
2804 5066 2949 5121 enim
2983 5080 3142 5120 nemo
3178 5065 3235 5120 in
3263 5076 3431 5121 totum

182 5161 349 5213 esset,
405 5153 718 5218 devolasse,
769 5173 894 5212 mox
950 5159 1341 5227 revolaturum,
1375 5178 1497 5218 cum
1529 5167 1742 5223 crucifi-

184 5244 387 5309 gendns
413 5255 584 5307 esset,
617 5246 1090 5316 blasphemahant.
1150 5250 1281 5307 Haec
1321 5268 1570 5310 errorum
1606 5273 1760 5312 mon-

186 5344 291 5386 stra
331 5336 524 5389 citatis
567 5337 839 5406 capitibus
884 5349 942 5393 ut
996 5341 1248 5415 proﬂiget
1298 5344 1559 5413 lrenaaus,
1608 5358 1759 5405 totus

1864 5179 1931 5219 ex
1962 5162 2090 5216 ﬁliis
2125 5161 2277 5227 Adae,
2311 5159 2455 5215 Deus
2477 5159 2783 5229 appellatur
2826 5158 3124 5213 secundum
3160 5173 3308 5222 eum,
3337 5169 3432 5213 aut

1857 5253 2123 5308 Dominus
2170 5250 2504 5312 nominatur,
2558 5265 2624 5303 ex
2674 5248 2975 5318 Scripturis
3032 5250 3431 5303 demonstravi-

1858 5360 1999 5399 mus.
2026 5343 2291 5410 Quoniam
2326 5351 2505 5395 autem
2555 5341 2671 5409 ipse
2727 5342 2944 5411 praprie
2983 5352 3185 5411 praeter
3210 5356 3425 5402 omnes,

188 5432 285 5487 est,
317 5434 373 5477 ut
406 5428 602 5495 probet
649 5445 817 5483 unmn
848 5441 903 5486 et
938 5436 1185 5488 eumdem
1218 5452 1339 5491 esse
1373 5436 1560 5493 Iesum
1598 5441 1760 5495 Chri-
1856 5438 1950 5506 qui
2006 5434 2229 5490 fuerunt
2260 5442 2388 5488 tunc
2421 5433 2697 5499 homines,
2747 5432 2911 5497 Deus,
2961 5443 3015 5487 et
3064 5431 3343 5498 Dominus,
3377 5442 3431 5486 ct

185 5523 345 5576 stum,
378 5516 618 5569 Verbum
652 5517 956 5582 Dei,Deum
982 5537 1143 5592 super
1171 5524 1379 5590 omnia,
1415 5525 1758 5595 Unigenitum

189 5603 271 5657 Μ
298 5604 532 5672 Filium,
564 5623 751 5663 verum
787 5609 949 5666 Deum
981 5628 1045 5667 ac
1074 5629 1259 5668 verum
1309 5616 1623 5672 hominem:
1673 5633 1765 5671 ve-

251 5788 289 5818 ιε
326 5792 459 5859 Cap.
497 5791 585 5855 ιιι,
629 5790 681 5845 5.
762 5792 805 5821 σε
835 5793 958 5862 Cap.
992 5794 1079 5859 57,
1118 5795 1200 5849 ιδ.

1288 5795 1333 5826 ⁵³
1364 5795 1495 5865 Cap.
1536 5797 1615 5862 l8,
1652 5815 1703 5852 ιι.
1744 5800 1789 5852 1.

1860 5527 1974 5581 Rex
2000 5534 2258 5589 aeternus,
2288 5533 2343 5578 et
2371 5524 2701 5595 unigenitus,
2731 5533 2785 5579 et
2814 5525 3049 5579 Verbum
3081 5524 3425 5579 incarnatum

1867 5619 2195 5691 praedicatur
2224 5624 2278 5671 et
2308 5631 2338 5669 a
2394 5618 2695 5688 prophetis,
2726 5627 2781 5673 et
2817 5616 3097 5687 apostolis,
3136 5627 3190 5673 et
3215 5618 3282 5671 ah
3310 5617 3426 5686 ipso

1867 5800 1910 5832 “
1942 5800 2071 5869 Cap.
2106 5801 2187 5863 l9,
2230 5820 2282 5856 ιι.
2319 5802 2369 5857 2.
