3924 6354
559 402 665 457 515

1388 397 1983 455 DISSERTATIONES
2021 395 2322 452 PRIEVIZE
2357 394 2422 448 ΙΝ
2460 394 2715 449 IRENEI
2757 393 3021 450 LIBROS.
3680 403 3764 456 3l6

555 521 784 591 Spiritu,
824 522 981 577 adest
1008 522 1202 577 videre
1232 522 1511 588 omnibus,
1537 524 1628 592 qui
1662 526 1744 576 vel
1773 520 2049 576 modicum
2076 521 2143 573 de
2170 522 2216 577 A
2242 532 2340 587 per
2393 517 2573 586 angeli
2634 498 2953 570 sermonem
3002 510 3223 568 seducta
3280 520 3395 576 est,
3442 521 3500 566 ut
3542 512 3765 583 elingeret

555 613 792 669 veritate
816 614 1123 684 attigerint.
1156 613 1283 669 Haec
1325 624 1506 668 autem
1556 630 1662 669 non
1709 612 2137 667 testiﬁcarentur

555 702 857 772 Scriptura:
878 706 943 759 de
973 720 1060 770 eo,
1101 705 1170 769 si,
1208 705 1465 760 similiter
1489 714 1545 757 ut
1569 720 1782 769 omnes,
1818 704 1980 759 homo
2014 712 2135 755 tan-

556 804 667 848 tum
708 795 923 852 fuisset.
953 796 1062 851 Sed
1114 797 1373 867 quoniam
1426 798 1748 867 praeclaram
1788 805 1989 865 praeter
2015 810 2132 849 om-

553 904 651 944 nes
684 890 878 944 habuit
914 892 966 946 in
998 906 1058 945 se
1091 905 1233 956 eam,
1278 908 1397 962 quae
1428 902 1510 948 est
1539 892 1607 946 ab
1635 891 1910 946 altissimo
1951 889 2131 955 Patre,

555 981 887 1046 genituram,
920 984 1181 1052 praeclara
1212 994 1394 1038 autem
1427 984 1650 1040 functus
1694 993 1779 1039 est
1807 993 1861 1038 et
1890 1000 1978 1048 ea,
2010 998 2132 1053 qua

552 1084 637 1130 est
687 1090 755 1130 ex
810 1077 1055 1146 Virgine,
1112 1079 1493 1147 generatione,
1546 1091 1779 1150 utraque
1830 1080 2130 1151 Scriptura:

552 1166 750 1220 divinae
780 1167 848 1222 de
875 1182 941 1222 eo
972 1170 1374 1235 testiﬁcantur;
1414 1180 1469 1225 et
1499 1173 1754 1240 quoniam
1787 1173 1946 1228 homo
1976 1175 2129 1230 inde-

551 1271 738 1322 corus,
777 1266 829 1314 et
874 1259 1170 1328 passibilis,
1198 1270 1253 1315 et
1284 1277 1450 1333 super
1478 1262 1681 1331 pullum
1713 1265 1879 1318 asina:
1910 1266 2124 1331 sedens,

552 1358 709 1404 aceto
738 1357 792 1405 et
822 1350 949 1407 felle
978 1362 1227 1421 potatur,
1252 1361 1307 1407 et
1346 1355 1708 1422 spernebatur
1732 1356 1785 1410 in
1816 1357 2037 1427 papulo,
2071 1368 2127 1411 et

548 1454 721 1507 usque
750 1442 818 1495 ad
854 1452 1085 1498 mortem
1131 1444 1412 1500 descendit
1444 1464 1457 1498 :
1490 1458 1544 1501 et
1574 1450 1832 1516 quoniam
1864 1449 2126 1505 Dominus

547 1539 789 1597 sanctus,
817 1540 873 1586 et
907 1533 1177 1589 mirabilis
1201 1534 1571 1601 consiliarius,
1588 1550 1644 1592 et
1671 1542 1900 1594 decorus
1916 1539 2122 1608 specie,

546 1626 602 1671 et
630 1620 774 1674 Deus
825 1621 1009 1685 fortis,
1043 1638 1206 1692 super
1256 1624 1431 1679 nubes
1465 1626 1688 1682 veniens
1735 1630 2119 1684 universorum

541 1711 731 1777 jutlex,
765 1714 946 1767 omnia
977 1715 1042 1769 de
1069 1730 1135 1770 eo
1166 1714 1468 1786 Scriptura:
1493 1721 1969 1788 prophetabant...
2018 1723 2121 1778 Hic

544 1805 712 1876 igitur
732 1804 902 1859 Filius
930 1807 1020 1861 Dei
1056 1807 1315 1865 Dominus
1340 1821 1541 1879 noster,
1568 1814 1843 1869 exsistens
1870 1813 2105 1871 Verbum

543 1894 743 1961 Patris,
777 1908 832 1951 et
863 1898 1003 1952 lilius
1035 1899 1269 1955 hominis
1300 1917 1313 1954 :
1344 1904 1602 1971 quoniam
1634 1922 1700 1958 ex
1739 1906 1936 1977 Maria,
1987 1924 2108 1977 quae

541 2004 609 2041 ex
663 1990 972 2046 hominibus
1005 1993 1242 2049 habebat
1296 2012 1485 2065 genus,
1547 2013 1666 2068 quae
1720 2006 1775 2053 et
1826 2002 1941 2071 ipsa
1998 2014 2117 2058 erat

541 2081 725 2148 homo,
762 2084 950 2138 habuit
1002 2088 1303 2143 secundum
1356 2091 1631 2145 hominem
1676 2093 2115 2162 generationem,

540 2172 721 2229 factus
748 2185 830 2229 est
867 2175 1009 2232 ﬁlius
1047 2180 1303 2235 hominis.
1347 2202 1366 2235 ›
1396 2183 1554 2238 Clara
1591 2186 1880 2252 sunthaac,
1924 2187 2113 2243 nullis-

538 2281 647 2334 que
671 2267 825 2321 vanis
855 2269 1239 2325 haereticorum
1268 2274 1514 2345 sulfugiis
1544 2277 1834 2331 eludenda.
1860 2279 2112 2334 Christus

535 2368 594 2411 et
615 2373 779 2413 verus
806 2360 900 2415 Dei
935 2361 1126 2428 Filius,
1167 2374 1222 2418 et
1254 2380 1415 2421 verus
1466 2368 1704 2423 hominis
1735 2370 1875 2424 ﬁlius
1904 2388 1916 2424 :
1949 2385 2111 2425 verus

538 2448 706 2519 Deus,
746 2462 970 2523 pr0pter
997 2463 1257 2510 retentam
1297 2474 1315 2506 ‹
1352 2460 1418 2513 ab
1454 2458 1721 2516 altissimo
1745 2460 1911 2517 Patre
1951 2463 2106 2532 geni-

538 2549 757 2607 turam;
819 2561 838 2594 ι
876 2557 1036 2598 verus
1085 2546 1267 2611 homo,
1317 2558 1539 2617 prepter
1586 2552 1961 2621 temporalem,
2013 2554 2107 2607 sed

540 2650 559 2682 ι
594 2634 911 2702 praeclaram
944 2652 1009 2692 ex
1037 2635 1261 2708 Virgine
1289 2641 1594 2709 genituram
1618 2658 1633 2707 ;
1654 2644 2109 2714 rinqu0proinde

534 2724 728 2795 duplex
762 2738 959 2782 natura
991 2728 1178 2799 fuerit,
1208 2732 1406 2801 duplici
1446 2736 1701 2803 genitura:
1750 2739 2107 2807 respondens,

534 2817 695 2873 unica
725 2832 857 2872 vero
886 2835 1117 2888 persona
1153 2832 1442 2893 utramque
1478 2836 1730 2880 naturam
1759 2830 1838 2882 sic
1864 2828 2105 2885 alliciens

532 2918 588 2962 et
612 2911 899 2979 copulans,
930 2921 990 2967 ut
1029 2931 1166 2970 unus
1196 2924 1248 2970 et
1273 2916 1418 2971 idem
1455 2917 1526 2972 sit
1556 2918 1727 2975 Filius
1761 2919 1853 2974 Dei
1877 2930 1932 2975 et
1963 2922 2106 2977 ﬁlius

530 2999 794 3067 hominis,
825 3019 991 3058 unmn
1027 3006 1263 3061 Verbum
1292 3008 1656 3063 incarnatum.
1713 3010 1851 3066 Hinc
1878 3023 2105 3068 natura-

530 3108 651 3147 rum
684 3094 944 3149 unionem
976 3097 1114 3152 adeo
1156 3108 1313 3166 urget
1341 3112 1531 3155 contra
1562 3101 1872 3168 haereticos,
1906 3114 1964 3159 ut
2014 3106 2102 3159 in-

531 3186 743 3241 terdttm
780 3200 989 3244 asserat
1021 3191 1088 3257 5’,
1123 3211 1142 3243 ‹
1194 3192 1457 3261 Verbum,
1485 3197 1578 3265 qui
1620 3212 1835 3267 semper
1864 3200 2103 3253 humano
2133 3227 2175 3284 ο

530 3280 715 3345 generi
776 3283 954 3346 adest,
1011 3284 1222 3338 unitum
1266 3285 1442 3342 fuisse
1498 3298 1553 3341 et
1602 3303 1955 3359 consparsum
2003 3308 2104 3347 suo

527 3371 805 3440 plasmati.
838 3384 891 3427 et
923 3390 1146 3429 carnem
1185 3375 1427 3441 factum;
1466 3379 1745 3432 hominem
1788 3395 1921 3435 vero
1955 3397 2105 3436 com-

527 3464 748 3518 mistum
801 3464 979 3521 Verbo
1028 3466 1145 3522 Dei.
1210 3487 1229 3521 ι
1273 3468 1403 3536 Quae
1468 3479 1646 3525 tamen
1702 3472 1998 3541 catholice,
2051 3483 2106 3529 et

528 3558 679 3611 salva
733 3572 949 3627 semper
999 3568 1319 3615 naturarum
1369 3562 1745 3631 distinctione,
1795 3564 1943 3621 dicta
1981 3582 2106 3623 esse

527 3648 767 3717 propriis
790 3648 925 3705 locis
951 3650 1314 3705 ostendimus.

604 3742 695 3796 65.
724 3743 791 3798 Et
819 3745 946 3800 hinc
978 3744 1143 3800 etiam
1171 3745 1356 3800 Mariae
1400 3744 1724 3815 dignitatem
1757 3748 2105 3803 commendat

527 3835 765 3889 irettzeus
796 3836 863 3897 ⁸⁸,
897 3836 1041 3905 quod
1079 3835 1237 3905 virgo
1268 3851 1622 3906 permanens,
1652 3853 1843 3891 verum
1884 3838 2104 3893 Emma-

524 3922 673 3988 nuel,
705 3924 796 3992 qui
822 3924 1121 3979 substantia
1150 3926 1291 3980 Deus
1320 3930 1735 3997 est,peperorit,
1755 3938 1808 3983 et
1832 3939 1889 3983 ut
1916 3944 2103 3983 verum

525 4015 826 4081 hominem,
856 4019 936 4071 sic
962 4027 1017 4071 et
1040 4034 1227 4073 verum
1278 4020 1447 4075 Deum
1498 4022 1785 4091 genuerit;
1822 4036 2102 4093 vanosque

526 4107 949 4174 'l‘heodotionis,
975 4110 1208 4180 Aquilae,
1242 4112 1583 4183 aliorumque
1622 4114 1912 4185 impiorum
1941 4130 2104 4169 cona-

527 4208 617 4254 tus
651 4199 902 4270 dissipat,
932 4203 1025 4272 qui
1071 4206 1255 4272 pravis
1309 4205 1717 4275 Scripturarum
1769 4206 2103 4277 interpreta-

528 4294 769 4348 tionibus
803 4293 988 4350 Marize
1028 4299 1399 4367 virginitatem
1445 4301 1859 4371 oppugnabant.
1903 4299 2043 4355 Hinc
2073 4317 2102 4354 a

524 4386 804 4458 prtecipuo
830 4387 925 4443 illo
969 4389 1155 4444 Maria:
1184 4391 1381 4445 decore
1413 4399 1467 4446 et
1508 4390 1638 4446 illud
1666 4394 1919 4459 accersit,
1955 4392 2101 4462 quod

524 4478 699 4533 Mater
726 4480 819 4535 Dci
855 4481 1027 4545 facta,
1062 4493 1264 4537 nostra:
1310 4482 1501 4539 salutis
1537 4484 1711 4553 prima
1748 4497 1880 4563 post.
1903 4483 2100 4537 Filium

2242 608 2435 673 Deum,
2468 607 2840 678 prazvaricata
2876 604 3102 660 verbum
3140 605 3301 674 ejus:
3334 604 3405 659 ita
3444 604 3551 659 haec
3586 605 3763 676 (Maria)

2235 714 2337 770 per
2379 698 2685 769 angelicum
2711 712 3021 752 sermonem
3062 696 3429 767 evangelizata
3459 707 3556 762 est,
3586 706 3639 751 ιιι
3658 714 3763 767 por-

2238 799 2379 844 taret
2430 792 2624 854 Deum,
2659 789 2922 843 obediens
2969 789 3085 856 ejus
3121 790 3307 844 verbo.
3355 789 3491 845 Etsi
3516 804 3575 844 ea
3611 790 3764 845 inobe-

2234 884 2410 939 dierat
2460 884 2606 948 Deo;
2636 883 2734 937 sed
2776 884 2891 937 haec
2940 897 3110 938 suasa
3150 892 3232 938 est
3271 883 3488 938 obedire
3536 885 3675 949 Deo,
3702 888 3762 939 uti

2232 974 2463 1046 virginis
2494 976 2620 1030 Evae
2648 976 2801 1045 virgo
2828 975 2992 1029 Maria
3022 976 3175 1031 ﬁeret
3196 976 3478 1029 advocata.
3510 976 3570 1030 Et
3600 992 3763 1046 quem-

2232 1069 2524 1124 admodum
2582 1068 2870 1123 astrictum
2918 1067 3079 1123 morti
3137 1081 3311 1138 genus
3358 1067 3635 1123 humanum
3687 1083 3765 1137 per

2231 1161 2521 1227 virginem,
2587 1160 2832 1215 salvatur
2897 1176 2997 1229 per
3060 1160 3326 1229 virginem
3374 1176 3389 1212 :
3441 1175 3586 1230 aequa
3638 1161 3765 1217 lance

2235 1250 2550 1323 [CXXXVI]
2603 1254 2908 1321 disposita,
2960 1252 3246 1322 virginalis
3299 1252 3647 1307 inobedientia
3685 1267 3763 1320 per

2229 1345 2552 1414 virginalem
2600 1344 2990 1400 obedientiam.
3049 1346 3244 1399 Adhuc
3285 1346 3431 1400 enim
3486 1345 3762 1414 protoplasti

2227 1445 2510 1505 peccatum
2559 1451 2659 1506 per
2708 1435 3107 1505 correptionem
3168 1436 3513 1507 primogeniti
3545 1438 3761 1491 emenda-

2228 1525 2434 1579 tionem
2490 1526 2789 1596 accipiens,
2822 1538 2876 1580 et
2930 1526 3202 1597 serpentis
3253 1528 3539 1595 prudentia
3579 1528 3758 1581 devicta

2226 1617 2280 1672 in
2322 1617 2590 1674 columba:
2639 1618 3013 1689 simplicitate,
3044 1620 3282 1676 vinculis
3334 1631 3516 1675 autem
3544 1621 3641 1675 illis
3691 1636 3759 1675 re—

2224 1709 2441 1777 solutis,
2509 1726 2609 1780 per
2656 1726 2779 1782 qua:
2831 1711 3037 1782 alligati
3102 1727 3323 1768 eramus
3378 1713 3556 1767 morti.
3606 1712 3757 1779 iQua:

2222 1803 2528 1872 posteriora
2553 1805 2741 1867 verba,
2774 1821 2794 1855 ‹
2827 1814 2882 1858 et
2912 1805 3372 1873 quemadmodum
3404 1805 3673 1859 astrictum
3692 1814 3758 1858 est

2222 1894 2404 1960 morti,
2428 1915 2448 1946 ι
2483 1905 2611 1961 ete.,
2639 1895 2929 1964 descripsit
2963 1895 3304 1966 Augustinus
3337 1896 3433 1952 lib.
3464 1912 3481 1951 ι
3522 1904 3649 1949 cont.
3683 1895 3758 1949 Ju-

2219 1985 2353 2038 lian.
2387 2000 2507 2055 cap.
2546 1984 2602 2038 5.

2288 2075 2377 2132 66.
2414 2075 2541 2131 llaec
2588 2077 2729 2133 male
2766 2077 2970 2133 habent
3010 2077 3411 2149 hagiomachos
3441 2092 3640 2132 omnes.
3685 2075 3756 2129 ln-

2219 2171 2501 2225 commode
2532 2168 2679 2224 dicta
2720 2180 2913 2238 putant
2943 2169 3447 2240 Magdeburgenses
3473 2171 3541 2223 5".
3569 2170 3654 2224 His
3680 2186 3753 2239 pc-

2219 2261 2479 2316 tulantior
2517 2260 2814 2326 Gallasius,
2873 2261 2928 2315 in
2971 2263 3086 2316 suis
3131 2263 3198 2316 ad
3234 2271 3567 2330 postremum
3598 2260 3755 2314 lrenaﬁ

2214 2351 2394 2407 locum
2424 2351 2895 2415 adnotationibus,
2926 2352 2981 2406 in
3005 2350 3270 2406 lrenazum
3299 2353 3481 2421 ipsum
3532 2360 3585 2405 et
3620 2359 3755 2405 caete-

2217 2459 2307 2498 ros
2347 2442 2560 2509 Patres,
2607 2452 2884 2511 totamque
2939 2442 3239 2498 Ecclesiam
3274 2444 3595 2498 catholicam
3629 2442 3752 2495 furit.

2215 2536 2548 2591 Moderatior
2575 2535 2649 2590 cl.
2674 2533 2907 2589 Grabius
2933 2534 3120 2588 lt'enazi
3149 2536 3364 2603 quidem
3399 2550 3633 2604 personae
3653 2550 3754 2604 par-

2212 2630 2309 2694 cit,
2341 2628 2523 2682 verbis
2556 2629 2818 2681 duntaxat
2846 2627 2954 2681 vim
2983 2627 3187 2681 inferre
3237 2628 3449 2682 nititur.
3519 2643 3537 2675 (
3595 2624 3749 2683 Licet.

2213 2720 2419 2791 inquit,
2454 2719 2719 2773 advocata
2820 2720 2909 2774 hic
3002 2730 3313 2788 patronam,
3352 2736 3370 2770 t
3413 2733 3535 2787 qua),
3577 2732 3665 2787 pro
3695 2716 3754 2768 ai-

2214 2820 2330 2867 tera
2385 2814 2709 2877 intercedat,
2763 2812 3123 2881 signiﬁcaret,
3174 2810 3312 2864 nihil
3373 2819 3556 2864 tamen
3604 2810 3662 2863 de
3708 2806 3757 2859 Β.

2213 2904 2380 2959 Maria
2449 2905 2559 2973 jam
2626 2904 2880 2960 deluncta
2947 2918 3065 2957 eam
3140 2904 3395 2971 accipere
3467 2910 3688 2971 cogeret.
3738 2920 3753 2951 ι

2210 2996 2451 3063 Quidni?
2481 2998 2537 3052 Si
2572 2996 2739 3051 Maria
2792 2996 2845 3050 in
2876 2996 3040 3050 terris
3085 2995 3310 3065 degens,
3343 3008 3449 3064 pro
3489 3009 3551 3049 ea
3598 2993 3756 3062 quain

2210 3090 2507 3144 humanum
2564 3104 2737 3159 genus
2782 3087 3049 3173 charitate
3103 3087 3396 3157 ﬂagrabat,
3450 3083 3757 3141 mediatricis

2210 3194 2275 3234 ac
2322 3189 2567 3249 patrona:
2605 3193 2831 3232 munere
2858 3178 3043 3232 functa
3078 3187 3181 3246 est,
3221 3193 3285 3230 ac
3318 3193 3425 3247 pro
3473 3176 3757 3231 hominibus

2211 3272 2556 3334 intercessu;
2608 3285 2673 3323 an
2720 3280 3016 3335 mortuam,
3057 3270 3153 3324 sed
3190 3272 3300 3324 Deo
3332 3268 3629 3332 viventem,
3656 3280 3757 3319 cum

2211 3363 2325 3418 Deo
2373 3371 2715 3433 regnantem,
2772 3363 2887 3417 Deo
2944 3363 3046 3430 ipsi
3103 3362 3393 3416 charitatis
3438 3362 3572 3416 inniti
3621 3359 3761 3413 altius

2211 3456 2359 3509 velut
2411 3456 2748 3519 immersam,
2807 3455 3073 3519 charitas,
3132 3469 3278 3522 quae,
3310 3454 3572 3522 Apostolo
3625 3460 3760 3513 teste,

2210 3561 2486 3615 nunquam
2524 3547 2752 3610 excidit,
2780 3546 2861 3601 sic
2914 3545 3141 3611 defecit,
3189 3555 3247 3599 ιιι
3291 3560 3509 3612 eorum,
3559 3558 3759 3612 quorum

2210 3647 2369 3692 antea
2404 3639 2798 3704 miserebatur,
2826 3653 3053 3707 prorsus
3084 3636 3281 3703 oblita,
3320 3637 3500 3692 nullas
3531 3652 3626 3707 pro
3650 3634 3759 3705 ipsis

2208 3745 2401 3800 preces
2448 3730 2679 3786 fundere
2711 3731 3010 3801 dignetur?
3049 3730 3211 3785 Certe
3258 3746 3421 3786 secus
3460 3732 3613 3801 longe
3655 3744 3761 3783 seu-

2209 3826 2346 3880 sissc
2377 3834 2591 3878 veteres
2608 3840 2799 3880 omnes
2820 3824 3034 3889 Patres,
3065 3834 3118 3880 et
3150 3825 3457 3892 Ecclesias,
3486 3827 3692 3894 probat,
3715 3831 3759 3874 ut

2209 3916 2313 3972 alia
2340 3926 2572 3980 taceam,
2598 3915 2964 3985 Liturgiarum
2991 3918 3238 3970 omnium
3272 3918 3759 3985 antiquissimarum

2208 4008 2548 4071 Graecarum,
2574 4006 3024 4077 Latinarumque,
3049 4023 3185 4077 quas
3220 4009 3334 4078 ipse
3364 4010 3599 4065 Grabius
3629 4021 3762 4061 vene-

2209 4100 2420 4153 ratione
2450 4100 2640 4168 dignas
2671 4098 2977 4162 existimat,
3025 4113 3361 4166 consensus;
3398 4101 3454 4153 iu
3486 4101 3677 4170 quibus
3710 4098 3759 4150 Β.

2209 4190 2392 4245 Maria:
2413 4192 2674 4245 auxilium
2706 4190 2975 4259 exposcit,
3010 4189 3236 4259 ejusque
3273 4192 3488 4247 meritis
3515 4206 3577 4247 ac
3609 4188 3761 4261 preci-

2209 4284 2308 4338 bus
2337 4282 2551 4337 veniam
2577 4293 2952 4351 peccatorum,
2988 4293 3047 4339 et
3078 4284 3341 4339 beneﬁcia
3366 4294 3570 4340 caetera
3613 4284 3760 4351 impe-

2210 4386 2357 4430 trare
2381 4375 2562 4430 studet
2590 4374 2857 4430 Ecclesia.
2886 4373 3068 4440 Quare
3104 4375 3333 4445 hujusce
3358 4375 3670 4430 ratiuncula:
3687 4387 3762 4424 va-

2207 4469 2437 4523 nitatem
2464 4467 2708 4522 sentiens
2732 4470 2818 4522 vir
2854 4466 3071 4523 clariss.
3102 4469 3251 4522 addit
3285 4485 3298 4522 :
3339 4486 3357 4519 ι
3382 4470 3497 4526 Etsi
3525 4467 3759 4524 conceda-

521 4574 814 4628 mediatrix
846 4574 1085 4628 evaserit
1115 4592 1127 4629 :
1162 4590 1225 4627 ac
1257 4589 1353 4642 per
1382 4576 1498 4644 ejus
1536 4575 1697 4629 ﬁdem
1741 4587 1796 4631 et
1838 4558 2100 4631 obedien-
2131 4569 2176 4625 D
2210 4570 2320 4625 ῑυτι
2357 4560 2505 4615 illam
2536 4575 2683 4615 nunc
2728 4574 2828 4629 1)το
2866 4560 3115 4617 ﬁdelibus
3144 4560 3281 4615 νίνίε
3322 4561 3579 4616 universe
3604 4556 3763 4613 ε⁰η⁵ί’

523 4667 677 4733 tiam,
719 4667 951 4721 salutem
1002 4682 1066 4720 ac
1116 4667 1545 4735 redemptionem
1589 4669 1820 4739 adeptos
1844 4683 1944 4723 nos
1976 4683 2097 4723 esse

523 4768 757 4827 asserit;
816 4774 938 4827 qua;
985 4760 1325 4814 mediatricis
1416 4759 1919 4829 conciliatrieisque
1970 4774 2095 4814 cum

524 4849 635 4906 Deo
684 4860 870 4919 partes
926 4862 1075 4906 sunt.
1133 4871 1151 4903 ι
1211 4853 1255 4884 ⁵⁷
1304 4852 1773 4919 Quemadmodum
1804 4851 1892 4904 illa
1939 4849 2097 4920 (Eva)

521 4944 698 4998 virum
744 4943 962 5013 quidem
1016 4944 1223 4998 habens
1256 4944 1453 5009 Adam,
1487 4943 1643 5014 virgo
1690 4953 1870 4997 tamen
1922 4943 2099 4996 adhuc

519 5035 915 5090 exsistens.....
946 5034 1272 5090 inobediens
1320 5033 1488 5100 facta,
1525 5043 1579 5088 et
1605 5033 1734 5097 sibi,
1761 5042 1814 5087 et
1843 5033 2099 5087 universo

516 5129 702 5198 generi
736 5129 974 5182 humano
1004 5144 1168 5183 causa
1214 5127 1362 5184 facta
1387 5140 1471 5182 est
1500 5127 1698 5182 mortis
1731 5144 1745 5180 :
1779 5127 1859 5181 sic
1890 5136 1944 5180 et
1974 5125 2091 5180 bla-

516 5221 599 5275 ria
649 5221 1093 5290 praedestinatum
1150 5222 1360 5276 habens
1389 5222 1592 5287 virum,
1619 5230 1677 5276 et
1714 5229 1891 5273 tamen
1918 5220 2094 5289 virgo,

511 5313 802 5377 obediens,
830 5322 885 5367 et
913 5312 1039 5379 sibi,
1070 5322 1125 5368 et
1160 5317 1412 5369 universo
1438 5313 1629 5385 generi
1662 5314 1903 5367 humano
1930 5326 2093 5365 causa

511 5405 656 5461 facta
679 5414 764 5460 est
789 5406 1002 5461 salutis.
1036 5424 1054 5456 ι
1078 5406 1142 5460 Ει
1171 5415 1358 5473 postea
1390 5424 1404 5461 :
1444 5428 1462 5460 ‹
1500 5407 1654 5473 Quod
1675 5405 1918 5476 alligavit
1945 5404 2100 5473 virgo

513 5498 623 5551 Eva
652 5512 748 5567 per
776 5497 1245 5563 incredulitatem,
1278 5501 1379 5555 hoc
1408 5502 1572 5555 solvit
1616 5499 1769 5570 virgo
1798 5499 1968 5553 Maria
2001 5512 2099 5566 per

513 5590 699 5646 ﬁdem.
743 5606 762 5642 ι
800 5589 866 5644 Ει
896 5590 1060 5659 lib.v,
1082 5593 1255 5649 c.19:
1282 5591 1787 5658 «Quemadmodum
1818 5589 1906 5645 illa
1938 5586 2096 5657 (Eva)

586 5753 630 5782 "
656 5750 787 5821 Cap.
826 5755 912 5819 ll},
948 5776 998 5812 tt.
1032 5757 1093 5811 ﬁ:
1130 5773 1245 5825 cap.
1294 5758 1376 5820 li),
1417 5773 1469 5810 tt.
1521 5756 1574 5812 ‘2.

519 5841 644 5893 cap.
689 5825 742 5876 4.

1654 5757 1697 5786 ss
1738 5754 1865 5823 Cap,
1902 5754 1993 5817 21,
2044 5768 2095 5804 ιι.
2136 5752 2186 5815 ι,
2232 5757 2282 5803 ct
2337 5745 2460 5799 alibi
2521 5745 2739 5812 paSsim.

2213 4653 2418 4709 deratis
2445 4652 2812 4719 intercedere,
2848 4651 2902 4707 id
2952 4654 3096 4720 quod
3153 4652 3551 4707 moderatiores
3589 4649 3761 4705 Prote-

2211 4746 2478 4800 stantium
2526 4746 2778 4800 doctores
2818 4745 3019 4799 merito
3056 4746 3377 4810 admittunt,
3406 4758 3478 4798 ne
3509 4743 3631 4798 inde
3656 4740 3761 4809 qui-

2202 4839 2327 4894 dem
2368 4839 2488 4909 ejus
2517 4840 2794 4894 invocatio
2817 4855 2846 4893 a
2882 4839 3110 4910 singulis
3143 4838 3287 4893 facta
3322 4840 3546 4909 probari
3568 4847 3758 4906 posset;

2203 4933 2349 5003 quod
2406 4933 2697 4997 incertum,
2732 4945 2799 4985 ne
2847 4931 3288 5000 dicam,,t‘alsnm
3326 4933 3419 4999 sit,
3456 4934 3661 4994 audiat,
3689 4927 3760 4979 vel

2201 5024 2449 5093 possitne
2476 5024 2673 5079 audire
2702 5023 2862 5078 simul
2914 5030 2994 5078 tot
3045 5022 3193 5077 mille
3221 5024 3504 5078 hominum
3538 5020 3760 5093 compel-

2200 5115 2454 5170 lationes.
2499 5134 2517 5167 ι
2548 5113 2654 5169 Sed
2700 5114 2745 5168 si
2788 5113 3189 5169 moderatiores
3218 5114 3649 5171 Protestantium
3680 5113 3762 5165 do-

2198 5216 2402 5271 ctores,
2464 5217 2600 5261 teste
2643 5205 2871 5272 Grabio,
2920 5208 3118 5263 merito
3146 5209 3468 5271 admittunt,
3524 5206 3759 5268 Mariam,

2198 5311 2541 5369 cmternsque
2590 5308 2810 5355 sanctos
2864 5315 3010 5354 nunc
3042 5316 3141 5369 pro
3187 5300 3440 5356 ﬁdelibus
3471 5302 3613 5355 vivis
3647 5298 3751 5353 uni-

2196 5406 2357 5447 verse
2383 5390 2745 5446 consideratis
2788 5391 3164 5455 intercedere;
3219 5391 3515 5445 admittant
3548 5387 3759 5459 proinde

2196 5498 2421 5539 necesse
2472 5493 2575 5548 est,
2601 5483 2751 5539 nulla
2780 5482 2872 5537 uni
2904 5482 2996 5538 Dei
3044 5492 3101 5538 et
3154 5482 3435 5537 hominum
3479 5477 3757 5534 mediatori

2197 5577 2335 5633 facta
2388 5577 2610 5646 injuria,
2648 5577 2785 5633 alios
2826 5584 3026 5646 praeter
3069 5574 3350 5631 Christum
3391 5570 3759 5634 secundarios,

2820 5744 2863 5773 ⁵⁷
2904 5749 3033 5812 Cap.
3068 5743 3157 5807 ‘22,
3196 5760 3248 5795 ιι.
3304 5742 3349 5796 ft.
3436 5740 3480 5771 “‘
3510 5739 3665 5794 Cent.
3702 5752 3755 5798 tt,
