3924 6354
200 401 310 456 317

1127 391 1585 450 DISSERTATIO
1619 392 1707 457 lll,
1745 391 1834 446 DE
1866 390 2121 448 IRENIEI
2162 389 2527 449 DOCTRINA.

3349 390 3454 445 518

200 520 414 588 ipsique
454 516 735 587 subjectos
786 516 1116 572 mediatores
1151 531 1275 570 esse
1318 531 1497 585 posse,
1535 531 1765 585 quorum
1798 520 1848 576 Α
1881 516 2229 586 sbyterorum
2258 522 2531 586 arguunt;
2586 527 2691 567 non
2744 511 3201 581 contemplantes,
3251 518 3455 578 quanto

198 612 424 679 proinde
469 612 536 665 de
583 610 765 665 salute
804 619 992 665 nostra
1040 608 1403 663 sollicitorutn
1450 610 1765 679 praesidium

199 709 485 774 implorare
517 705 707 766 liceat.
738 714 802 759 ut
827 719 928 773 per
960 719 1054 760 eos
1078 704 1144 759 ad
1177 703 1535 774 principalem
1564 704 1766 758 Media-

198 809 366 852 torem
398 806 586 865 pateat
612 811 897 852 accessus.

260 890 347 943 67.
386 888 523 950 Sed,
572 889 651 942 ait
708 887 972 953 Grabius,
1018 888 1173 943 beata
1203 889 1371 959 Virgo
1421 889 1613 944 audire.
1657 904 1766 944 non

193 992 364 1051 potest
414 983 583 1038 simul
642 991 722 1038 tot
764 983 911 1037 mille
956 983 1239 1038 hominum
1296 983 1768 1054 compellationes.

192 1075 450 1146 Sagacem
482 1077 690 1140 virum,
724 1076 883 1144 cujus
911 1091 973 1130 ea
1005 1077 1078 1130 sit
1107 1077 1306 1131 mentis
1330 1077 1501 1141 acies,
1545 1086 1602 1131 ut
1644 1078 1769 1132 bea-

192 1178 361 1221 torum
396 1168 630 1222 intimos
675 1167 846 1222 animi
896 1181 1092 1221 sensus
1134 1166 1399 1223 altissime
1440 1171 1767 1238 pervadens,

189 1268 362 1314 certos
393 1259 611 1313 limites
637 1273 827 1313 eorum
883 1256 1142 1311 audiendi
1194 1272 1257 1311 ac
1294 1262 1660 1328 cognoscendi
1692 1262 1769 1315 fa-

189 1350 365 1404 cultati
399 1350 685 1419 praeﬁnire
733 1348 941 1403 valeat!
972 1348 1149 1402 Tanta
1205 1366 1314 1406 non
1365 1350 1469 1404 fuit
1510 1350 1768 1410 Ecclesiae

188 1460 279 1512 per
309 1453 488 1500 totum
535 1445 751 1509 orbem,
782 1459 990 1515 perque
1028 1447 1213 1502 omnia
1259 1456 1507 1516 tempora
1553 1447 1768 1505 diffusa:

187 1538 477 1608 sagacitas,
515 1553 639 1606 quae
666 1548 887 1595 sanctos
912 1550 969 1594 et
992 1554 1089 1594 ora
1102 1554 1158 1594 re
1184 1555 1284 1610 pro
1311 1540 1490 1609 nobis,
1521 1550 1577 1597 et
1612 1557 1642 1596 a
1670 1558 1768 1596 nu-

185 1631 264 1685 bis
311 1630 563 1686 invocari
631 1646 794 1701 posse
822 1632 1027 1698 duxit;
1090 1642 1211 1687 rata
1268 1633 1524 1689 videlicet
1574 1648 1767 1704 preces

184 1732 402 1779 nostras
456 1724 527 1779 ab
584 1724 651 1778 iis
685 1725 859 1780 audiri
911 1734 967 1780 et
1020 1724 1254 1793 percipi.
1288 1726 1528 1782 Tantum
1558 1727 1763 1798 ingenii

182 1816 436 1871 acumine
461 1832 569 1871 non
602 1818 894 1874 valuerunt
918 1830 1138 1875 veteres
1160 1818 1371 1884 Patres,
1403 1819 1497 1889 qui
1528 1819 1760 1890 plurima

182 1923 296 1977 qua
331 1908 426 1964 hic
452 1921 745 1980 geruntur,
775 1912 954 1967 beatis
978 1911 1267 1983 explorata
1313 1926 1436 1967 esse
1476 1911 1760 1968 conliden-

182 2012 261 2057 ter
296 2016 686 2061 asseruerunt.
718 2005 883 2061 Certe
912 2020 1109 2063 recens
1135 2021 1239 2061 non
1282 2016 1366 2063 est
1407 2006 1622 2077 Grabii,
1654 2007 1763 2061 imo

178 2095 391 2151 Calvini
420 2105 479 2153 et
511 2095 660 2153 Petri
689 2097 920 2153 Molinaei
951 2097 1205 2168 objectio.
1247 2099 1398 2154 Hanc
1426 2100 1628 2154 dudum
1654 2099 1761 2155 sibi

178 2190 491 2258 proposuit,
541 2189 812 2262 solvitque
868 2190 1203 2247 Severianus
1250 2190 1629 2257 Gabalitanus,
1693 2193 1750 2248 in

175 2296 349 2335 serm.
384 2280 417 2335 6
450 2280 530 2334 De
557 2283 741 2335 mundi
784 2283 1017 2351 opiﬁcio,
1052 2291 1182 2336 tom.
1212 2281 1281 2336 Vl
1322 2281 1559 2354 Operum
1587 2284 1765 2356 Chry-

176 2383 345 2439 sost.,
373 2390 426 2444 p.
453 2375 585 2430 659.
624 2372 830 2444 Nempe
858 2393 980 2431 cum
1013 2378 1260 2443 dixisset,
1289 2379 1578 2435 verissime
1614 2379 1665 2434 id
1694 2381 1762 2435 de

172 2483 231 2523 se
262 2466 579 2523 afﬁrmasse
609 2469 666 2523 S.
697 2467 944 2532 Mariam,
994 2467 1218 2523 Beatam
1258 2487 1338 2523 me
1373 2472 1547 2525 dicent
1580 2488 1761 2528 omnes

174 2558 574 2625 generationes,
602 2560 834 2615 subinde
860 2560 964 2614 hoc
990 2563 1213 2631 opponit
1244 2562 1346 2617 sibi
1406 2578 1420 2615 :
1473 2581 1489 2615 t
1528 2563 1594 2617 Et
1624 2564 1758 2633 quid

171 2653 329 2705 illam
361 2650 516 2719 juvat
549 2653 717 2719 istud,
766 2653 1000 2723 inquies,
1035 2669 1155 2708 cum
1192 2670 1298 2711 non
1338 2657 1565 2711 audiat?
1608 2678 1624 2708 ι
1659 2658 1759 2713 Cui

168 2742 249 2797 sic
284 2745 583 2813 respondet
625 2760 639 2796 :
676 2762 695 2795 ι
726 2743 837 2798 lmo
864 2760 989 2799 vero
1020 2746 1253 2802 maxime
1285 2748 1456 2812 audit,
1511 2765 1577 2804 eo
1615 2751 1760 2820 quod

173 2836 385 2891 inloco
426 2843 511 2890 est
540 2835 828 2909 splendido
880 2835 1050 2892 Mater
1073 2838 1290 2904 salutis,
1344 2838 1464 2895 fons
1486 2843 1760 2898 sensibilis

168 2932 336 2988 lucis.
386 2951 404 2984 ι
455 2931 692 2987 Basilius
746 2932 842 2986 lib.
887 2933 963 2989 De
1016 2953 1135 2991 vera
1198 2938 1434 3008 uirginit.
1490 2940 1756 3007 virginem

168 3029 284 3081 Deo
313 3034 697 3082 consecratam
740 3025 1022 3094 admouet,
1056 3039 1114 3084 ut
1145 3045 1253 3087 non
1284 3040 1496 3088 tantum
1534 3036 1760 3104 angelos

166 3131 453 3186 vereatur,
489 3120 587 3176 sed
638 3118 805 3175 etiam
859 3120 1136 3179 hominum
1191 3133 1529 3188 sanctorum.
1559 3143 1625 3183 ac
1656 3127 1760 3183 Pa-

168 3228 317 3269 trum
345 3214 594 3284 spiritus.
628 3234 647 3267 t
678 3217 745 3271 Et
771 3217 900 3287 quid
943 3217 1152 3282 singula
1182 3232 1575 3277 commemoro.

166 3314 289 3378 quit
306 3349 326 3373 ,
474 3308 791 3379 angelorum
864 3310 1291 3366 innumerabiles
1349 3312 1754 3378 multitudines,

166 3417 409 3472 eumque
436 3403 503 3457 iis
538 3410 755 3458 sanctos
800 3403 1021 3459 Patrum
1070 3405 1339 3475 spiritus?
1372 3404 1565 3461 Nullus
1612 3408 1755 3460 enim

165 3514 364 3552 eorum
409 3506 516 3558 est.
573 3499 667 3561 qui
692 3514 798 3553 non
846 3499 1045 3569 ubique
1100 3501 1440 3571 prospiciat:
1478 3516 1600 3555 cum
1642 3501 1758 3570 ipse

166 3591 395 3660 quidem
425 3592 677 3660 corporis
700 3590 881 3648 oculis
909 3608 1013 3647 non
1043 3602 1393 3663 conspectus,
1424 3594 1751 3663 incorporeo

169 3694 358 3736 tamen
406 3681 526 3735 visu
582 3681 648 3734 ad
708 3683 958 3737 notitiam
1013 3694 1209 3740 cuncta
1269 3686 1687 3754 complectatur.
1731 3707 1750 3739 ι

166 3774 511 3842 Augustinus
534 3787 702 3828 serm.
733 3774 861 3839 ⁸516,
886 3775 960 3829 al.
991 3775 1081 3841 94,
1123 3775 1200 3831 De
1241 3778 1489 3843 diversis,
1530 3780 1757 3851 loquens

166 3867 233 3918 de
258 3863 434 3917 Paulo
469 3873 521 3917 et
548 3862 829 3932 Stephano
857 3880 872 3919 :
906 3884 925 3916 ι
954 3867 1150 3934 Ambo,
1245 3870 1345 3935 ait,
1432 3871 1505 3926 ibi
1534 3886 1629 3928 vos
1670 3873 1753 3929 vi-

166 3960 338 4021 detis,
393 3957 557 4011 ambo
609 3957 773 4011 modo
830 3972 1141 4015 sermonem
1221 3974 1468 4019 nostrum
1526 3966 1752 4030 auditis,

169 4053 335 4109 ambo
382 4067 488 4120 pro
529 4053 689 4107 nobis
715 4063 892 4111 orate.
926 4074 943 4106 ο
973 4055 1351 4111 Theodoretus
1398 4056 1492 4112 lib.
1524 4073 1645 4123 vut,
1677 4059 1754 4116 De

166 4147 421 4198 curandis
451 4145 761 4201 Grcrcorum
811 4148 1202 4216 a/fectiorzibus,
1244 4150 1333 4203 ubi
1376 4152 1442 4205 de
1492 4153 1752 4223 martyri-

166 4237 264 4287 bus
286 4237 427 4306 agit,
455 4252 647 4291 eorum
684 4238 891 4295 refellit
919 4255 1187 4301 errorem,
1210 4242 1301 4311 qui
1338 4253 1606 4314 martyres
1633 4260 1752 4300 cre-

162 4328 387 4391 debant,
422 4348 442 4380 ι
497 4329 705 4383 nullum
749 4345 971 4386 sensum
1021 4347 1211 4387 eorum
1264 4333 1492 4399 habere,
1524 4351 1643 4403 quae
1694 4337 1747 4393 in

167 4422 328 4475 terris
380 4431 687 4490 geruntur;
725 4441 744 4475 ι
773 4423 920 4491 quod
950 4438 1017 4478 ex
1060 4440 1126 4479 eo
1166 4424 1385 4490 refutat,
1424 4446 1442 4478 ι
1481 4429 1623 4495 quod
1664 4430 1747 4484 di-

166 4516 283 4568 vina
307 4515 547 4581 quadam
582 4524 638 4567 et
663 4515 978 4569 beatissima
1015 4516 1067 4571 in
1094 4526 1241 4572 sorte
1272 4520 1556 4574 constituti
1575 4522 1738 4575 sint.»

168 4604 425 4675 Denique,
472 4614 532 4660 ut
562 4604 803 4660 citandis
839 4604 1093 4661 Patribus
1120 4608 1281 4663 linem
1318 4610 1542 4677 faciam,
1592 4628 1745 4669 eum-

165 4699 280 4752 dem
304 4714 553 4753 errorem
594 4696 850 4753 refellens
872 4699 1168 4769 Gregorius
1199 4700 1379 4772 Magn.
1403 4703 1497 4758 lib.
1521 4721 1594 4759 xu
1626 4706 1740 4759 Mo-

166 4792 257 4843 ται.
287 4806 411 4858 cap.
448 4790 539 4854 l9,
580 4791 771 4845 eodem
806 4802 1128 4860 argumento
1172 4793 1388 4861 probat,
1418 4796 1629 4850 animas
1659 4799 1739 4850 di—

166 4885 294 4936 vina
319 4883 457 4936 lucis
482 4897 550 4936 ac
584 4882 864 4937 felicitatis
898 4895 1196 4953 compotes,
1246 4901 1426 4942 rerum
1476 4888 1741 4943 humana-

167 4991 296 5037 rum,
359 4991 501 5044 quas
551 4975 694 5030 scire
724 4976 959 5045 ipsarum
1008 4978 1257 5045 interest,
1316 4980 1603 5036 scientiam
1638 4999 1740 5038 non

167 5068 372 5137 ingere;
414 5086 434 5119 ι
472 5067 603 5137 quia
635 5085 758 5137 qua:
787 5070 937 5123 inttts
965 5072 1358 5139 omnipotentis
1386 5073 1476 5127 Dei
1513 5074 1742 5128 clarita-

166 5172 262 5213 tem
294 5161 504 5222 vident,
542 5160 693 5219 nullo
736 5162 894 5214 modo
925 5162 1260 5217 credendum
1306 5172 1413 5227 est,
1444 5164 1569 5232 quia
1604 5164 1738 5222 foris

162 5250 223 5301 sit
249 5249 458 5317 aliquid
488 5250 633 5318 quod
690 5250 958 5317 ignorent.
1017 5271 1037 5304 ι
1088 5251 1180 5307 Sic
1229 5253 1553 5308 sentiebant
1590 5255 1718 5311 boni

165 5338 228 5390 illi
276 5340 485 5404 idiotas,
515 5340 835 5399 Christiana
896 5341 1253 5411 simplicitate
1312 5352 1370 5398 et
1419 5344 1737 5402 humilitate

165 5431 336 5493 mdes,
365 5431 449 5487 sic
475 5432 801 5497 credebant,
837 5432 920 5487 sic
964 5433 1088 5489 aliis
1110 5437 1446 5504 persuadere
1476 5438 1734 5494 niteban-

166 5534 258 5579 tur.
306 5524 364 5579 Si
409 5540 545 5581 vero
588 5525 920 5596 imperitiam
974 5543 1165 5585 eorum
1220 5542 1413 5601 arguat
1470 5533 1732 5600 Grabius,

163 5617 464 5673 meminerit
488 5618 561 5681 ab
591 5614 799 5673 Irenaeo
821 5619 866 5650 ”
897 5620 1103 5675 dictum
1144 5640 1157 5677 :
1202 5641 1222 5677 ‹
1257 5624 1362 5691 Qui
1412 5625 1733 5696 relinquunt

163 5711 483 5775 praeconium
517 5711 799 5777 Ecclesice,
852 5713 1183 5783 imperitiam
1238 5726 1553 5775 sanctorum
1607 5735 1730 5789 prc-

221 5866 261 5898 ⁸⁴⁹
299 5864 467 5928 lrem.
499 5866 595 5927 lib.
629 5884 680 5933 v,
710 5884 762 5922 c.
805 5868 893 5931 20,
938 5884 992 5922 η.

1874 606 2047 677 pluris
2068 608 2139 662 sit
2161 607 2326 663 idiota
2356 607 2645 677 religiosus
2671 620 2701 660 a
2730 604 3045 675 blaspheme
3064 614 3119 660 et
3140 603 3454 673 impudente

1875 702 2150 774 sophista.
2184 700 2343 756 Tales
2390 710 2521 755 sunt
2553 709 2733 755 autem
2768 714 2959 753 omnes
2981 696 3242 762 haeretici,
3275 708 3331 752 et
3359 713 3449 765 qut

1872 809 1933 849 se
1961 793 2086 864 plus
2114 791 2319 861 aliquid
2352 798 2551 859 praeter
2577 790 2864 844 veritatem
2896 788 3145 844 invenire
3185 797 3423 856 putant..

1869 900 2085 955 semper
2098 892 2428 954 quaerentes,
2454 892 2509 937 et
2534 896 2810 952 nunquam
2844 897 3028 936 verum
3049 880 3409 937 invenientes.
3427 899 3445 930 ι

1879 980 2074 1034 Tutius
2102 978 2271 1048 igitur
2299 992 2424 1031 cum
2476 974 2748 1045 religiosis
2781 976 2891 1030 illis
2922 975 3104 1030 idiotis
3136 974 3448 1044 imperitum

1872 1086 2019 1137 esse,
2050 1087 2155 1127 nec
2189 1070 2464 1126 curiosius
2493 1070 2798 1137 inquirere,
2835 1068 3291 1137 quemadmodum
3336 1067 3448 1130 liat,

1871 1166 1949 1220 uti
1983 1179 2178 1235 preces
2215 1173 2433 1219 nostras
2469 1164 2701 1218 audiant
2730 1162 2946 1229 sancti;
2992 1176 3154 1231 quam
3188 1176 3311 1214 cum
3354 1176 3451 1215 va-

1868 1255 1955 1311 nis
1984 1254 2249 1325 sophistis
2273 1268 2489 1323 semper
2510 1253 2905 1323 quaerentibus,
2952 1263 3006 1306 et
3048 1268 3327 1321 nunquam
3358 1268 3451 1305 ve-

1868 1363 1991 1402 rum
2044 1346 2451 1402 invenientibus
2494 1360 2708 1416 sapere.
2766 1344 3013 1400 Sulliciat
3066 1359 3181 1399 rem
3236 1353 3448 1397 certam

1867 1455 2012 1505 esse,
2040 1451 2097 1494 et
2131 1441 2182 1494 in
2210 1439 2453 1494 Ecclesia
2486 1453 2704 1509 semper
2743 1437 3096 1497 constitisse;
3140 1437 3447 1505 erplicaudi

1870 1539 2063 1594 modus
2095 1538 2201 1593 Deo
2234 1536 2693 1591 committendus:
2749 1548 3059 1603 quanquam
3110 1542 3287 1586 tamen
3319 1548 3451 1586 con-

1868 1630 1971 1687 suli
2004 1645 2067 1685 ea
2108 1632 2174 1685 de
2228 1644 2289 1684 re
2344 1628 2518 1699 possit
2549 1628 2886 1697 Augustinus
2933 1626 3028 1680 lib.
3064 1624 3140 1679 De
3184 1643 3311 1679 cura
3353 1641 3448 1694 pro

1866 1724 2090 1778 mortuis
2118 1722 2367 1792 gerenda,
2402 1736 2523 1790 cap.
2556 1718 2624 1773 15
2653 1728 2707 1774 et
2738 1718 2825 1785 16,
2855 1716 3013 1787 cujus
3041 1717 3360 1770 modestiam
3394 1717 3445 1769 in

1868 1817 2149 1872 solvendis
2176 1814 2445 1883 ejusmodi
2475 1813 2874 1883 quaestionibus
2905 1809 3147 1865 laudabit
3179 1819 3233 1863 et
3264 1808 3445 1862 imita-

1866 1911 2015 1967 bitur
2044 1914 2250 1981 probus
2278 1918 2331 1964 et
2358 1910 2603 1979 prudens
2626 1907 2880 1977 quisque.

1937 2008 2030 2063 68.
2065 2007 2240 2074 Quam
2269 2022 2460 2077 parum
2496 2014 2612 2062 tuta
2642 2004 2753 2059 sint
2778 2018 2864 2069 ea,
2896 2017 3020 2072 quae
3050 2017 3174 2056 mox
3215 2002 3443 2071 praeclu—

1866 2106 2042 2162 simus
2068 2103 2293 2175 eﬂugia,
2312 2104 2483 2175 probe
2504 2103 2745 2159 sentiens
2773 2102 2842 2158 cl.
2869 2098 3134 2165 Grabius,
3162 2101 3309 2154 aliud
3345 2100 3446 2154 sibi

1868 2214 2066 2269 parare
2092 2198 2325 2262 studuit,
2376 2198 2593 2253 caeteris
2626 2205 2808 2251 tamen
2845 2211 2946 2250 nec
2985 2194 3199 2258 melius,
3234 2209 3331 2248 nec
3358 2204 3447 2246 tu-

1868 2291 2000 2345 tius.
2050 2290 2341 2353 Advocata,
2375 2288 2471 2353 ait,
2520 2302 2583 2343 ex
2636 2287 2828 2342 Grteco
2861 2285 3234 2358 παράκλητος,
3265 2300 3450 2337 como-

1866 2384 2041 2449 landt‘,
2091 2398 2200 2437 non
2256 2382 2618 2437 intercedendi
2668 2380 3122 2449 signiﬁcationem
3177 2381 3277 2431 hoc
3328 2376 3447 2429 loco

1867 2474 2155 2531 manifeste
2184 2476 2392 2540 habet;
2438 2474 2583 2544 quod
2611 2489 2679 2528 ex
2713 2471 3068 2542 quibusdam,
3107 2486 3212 2523 non
3257 2468 3443 2521 lrenaei

1864 2569 2055 2638 ipsius,
2091 2568 2183 2623 sed
2214 2567 2540 2622 Tertulliani
2575 2565 2898 2621 testimoniis
2938 2563 3172 2633 probare
3224 2562 3443 2614 nititur.

1866 2662 2023 2717 Unde
2069 2659 2369 2725 concludit,
2423 2659 2760 2722 advocatam,
2795 2656 2847 2710 id
2894 2666 2978 2709 est
3023 2653 3443 2708 consolatricem

1865 2754 1990 2809 Eva:
2042 2762 2096 2807 et
2148 2752 2310 2806 totius
2346 2750 2568 2806 humani
2615 2749 2831 2820 generis
2876 2746 2945 2801 ab
3003 2746 3205 2800 Irenaeo
3246 2745 3349 2799 dici
3382 2744 3442 2797 Β.

1862 2843 2165 2916 Virginem,
2228 2843 2355 2913 quia
2431 2843 2544 2897 hmo
2616 2844 2729 2896 Deo
2789 2839 3075 2903 obediens,
3142 2838 3441 2892 secundum

1862 2933 2065 2999 Adam,
2096 2933 2444 2988 Salvatorem
2499 2932 2702 2987 mundo
2726 2931 2973 3000 peperit;
3025 2929 3165 2983 sicut
3202 2928 3291 2981 illa
3322 2928 3442 2980 dia-

1863 3024 1991 3081 bolo
2028 3040 2188 3079 aures
2219 3025 2491 3093 praebens,
2524 3024 2757 3093 primqu
2792 3022 3059 3076 Adamum
3092 3020 3334 3081 seduxit,
3366 3019 3443 3070 in-

1863 3120 2039 3187 deque
2072 3118 2309 3187 posteris
2338 3117 2489 3171 exitii
2528 3130 2698 3169 causa
2730 3114 2848 3169 fuit.
2902 3114 3009 3167 Sed
3046 3114 3176 3180 quid
3238 3121 3344 3165 tant
3382 3112 3442 3163 li-

1676 3221 1759 3275 in-
1787 3214 1828 3271 C
1861 3212 2057 3267 denter
2106 3212 2365 3281 supponit
2425 3210 2679 3271 Grabius,
2748 3209 3008 3263 Irenaeum
3047 3205 3237 3262 Graece
3268 3207 3440 3273 scrip-

1862 3306 2023 3369 sisse,
2052 3304 2443 3376 παράκλητοςῖ
2478 3303 2859 3375 Παράκλητος,
2890 3301 3086 3370 inquit,
3106 3298 3438 3358 consolandi,

1863 3416 1970 3454 non
2018 3400 2377 3453 intercedendi
2436 3398 2890 3469 significationem
2949 3397 3052 3449 hoc
3106 3395 3225 3447 loco
3257 3392 3433 3445 mani-

1860 3496 2001 3549 feste
2030 3494 2213 3548 habet.
2244 3493 2485 3559 Diceres,
2526 3492 2802 3546 hominem
2844 3490 3030 3545 Graaca
3083 3486 3273 3540 lrcnmi
3330 3501 3433 3552 pne

1860 3587 2034 3642 oculis
2066 3585 2349 3641 habuisse.
2400 3584 2539 3652 Quid
2580 3585 2625 3638 si
2656 3584 3005 3647 contendam,
3044 3578 3191 3633 aliud
3221 3574 3439 3646 quidvis

1858 3681 2151 3750 scripsisse
2183 3678 2470 3743 Irenaeum,
2500 3679 2645 3747 quod
2693 3674 3125 3745 deprecatricem,
3157 3667 3436 3723 ntediatrio

1860 3790 1969 3828 cem
1996 3790 2058 3828 ac
2092 3782 2405 3843 sequestrem
2455 3770 2759 3840 signiticet?
2808 3766 2927 3833 Quo
2957 3772 3280 3834 argumento
3309 3776 3432 3814 con—

1852 3867 2125 3937 jecturam
2154 3866 2298 3919 hanc
2325 3860 2677 3936 [CXXXVII]
2710 3860 3019 3914 confutabit
3046 3854 3320 3911 Grabius?
3363 3855 3434 3905 At

1856 3958 2145 4028 scripserit
2195 3956 2452 4020 lreuteus,
2499 3954 2871 4025 παράκλητος,
2910 3952 3051 4007 haud
3096 3946 3431 4020 repugnabo.

1856 4050 1963 4106 Sed
1992 4065 2096 4105 cur
2136 4049 2281 4104 vocis
2308 4046 2470 4115 hujus
2498 4046 2958 4115 significationem
2999 4060 3028 4098 a
3074 4041 3431 4103 Tertulliano,

1852 4155 1907 4200 et
1933 4160 2040 4199 non
2069 4144 2250 4213 potius
2274 4141 2343 4196 ab
2373 4140 2579 4197 Irenaeo
2603 4142 2720 4212 ipso
2750 4141 2928 4211 petit?
2975 4141 3031 4195 Si
3078 4139 3298 4210 quidem
3347 4158 3431 4195 sc-

1853 4236 1959 4292 mel
1986 4238 2253 4290 duntaxat
2282 4249 2345 4290 ea
2374 4249 2506 4288 voce
2552 4250 2685 4289 usus
2720 4248 2865 4290 esset
2910 4243 3118 4305 martyr
3144 4234 3431 4288 sanctissi-

1851 4346 1995 4396 mus,
2033 4328 2161 4383 ferri
2191 4338 2466 4399 utcunque
2514 4338 2717 4398 posset.
2746 4329 2817 4383 At
2857 4344 2981 4383 cum
3030 4328 3278 4382 eamdem
3307 4325 3429 4380 aliis

1851 4426 1902 4480 in
1931 4425 2066 4480 locis
2118 4423 2490 4494 usurpaverit,
2525 4438 2627 4477 cur
2676 4436 2740 4477 ea
2788 4437 2898 4477 non
2940 4419 3262 4476 conferebat
3310 4419 3428 4486 ejus

1852 4521 2051 4582 editor,
2085 4527 2140 4572 ut
2170 4518 2462 4585 genuinum
2501 4517 2652 4569 vocis
2679 4529 2904 4570 sensum
2952 4514 3020 4566 ab
3074 4511 3277 4564 lrenmo
3311 4511 3427 4579 ipso

1857 4618 2087 4679 peteret,
2141 4607 2514 4675 Irenaeumquc
2563 4621 2627 4659 ex
2670 4604 2874 4659 Irenaeo
2905 4601 3250 4670 explicaret?
3303 4599 3422 4654 Lib.

1855 4717 1941 4766 ιιι,
1975 4716 2025 4756 c.
2063 4701 2151 4763 18.
2177 4716 2231 4757 u.
2262 4701 2317 4764 7,
2345 4698 2537 4755 scribit
2567 4695 2852 4751 Gnosticos
2875 4694 3251 4748 existimantes
3271 4690 3427 4745 Chri-

1842 4807 1990 4851 stum
2041 4797 2226 4864 specie
2265 4804 2425 4849 tenus
2457 4791 2732 4849 hominem
2766 4790 3069 4851 exstitisse,
3102 4786 3279 4842 adhuc
3305 4801 3425 4841 esse

1845 4895 1947 4943 sub
1981 4889 2149 4943 veteri
2186 4888 2555 4948 damnatione,
2607 4904 2627 4936 ‹
2666 4882 3081 4939 advocationem
3114 4880 3422 4950 praebentes

1845 4990 2092 5049 peccato,
2129 4999 2147 5032 ι
2183 4981 2234 5034 id
2264 4989 2347 5034 est
2381 4996 2400 5030 ε
2446 4978 2694 5040 tutelam,
2730 4974 3115 5045 patrocinium,
3149 4972 3417 5028 defensio-

1840 5090 1991 5129 nem.
2033 5094 2052 5127 ι
2090 5074 2292 5129 Eodem
2333 5087 2498 5128 sensu
2535 5072 2611 5123 ait
2639 5069 2732 5123 lib.
2765 5082 2838 5132 tv,
2886 5082 2936 5121 c.
2982 5066 3071 5129 54,
3098 5082 3151 5119 n.
3182 5069 3256 5119 4:
3294 5080 3313 5115 t
3363 5063 3419 5117 Si

1840 5168 2041 5237 aliquis
2069 5167 2275 5222 Judaeis
2295 5162 2705 5219 advocationem
2737 5172 3034 5229 praestans,
3087 5159 3419 5213 erectionem

1839 5256 2049 5318 templi.
2076 5271 2198 5324 qua:
2229 5264 2591 5325 posteaquam
2618 5250 2670 5303 in
2700 5249 3031 5320 Babylonem
3063 5248 3419 5316 transmigra-

1845 5350 2048 5413 verint,
2083 5349 2226 5401 facta
2272 5355 2358 5401 est
2406 5345 2506 5399 sub
2539 5342 2858 5409 Zorobabel,
2914 5352 2968 5396 ct
3023 5340 3414 5395 discessionem

1838 5440 2053 5510 populi,
2079 5454 2202 5506 quae
2236 5436 2378 5491 facta
2406 5444 2491 5490 est
2514 5442 2634 5505 post
2659 5433 3004 5503 septuaginta
3041 5446 3232 5495 annos,
3267 5430 3414 5483 dicat

1834 5533 1945 5587 hoc
1997 5546 2121 5587 esse
2167 5545 2366 5585 novum
2412 5527 2841 5590 Testamentum,
2894 5534 3207 5595 cognoscat,
3242 5542 3260 5574 ι
3300 5533 3410 5576 etc.

1833 5625 1926 5683 Sic
1954 5635 2010 5679 et
2046 5626 2143 5680 lib.
2181 5642 2265 5689 ιιι,
2302 5640 2351 5679 c.
2390 5624 2482 5688 25,
2515 5641 2568 5678 n.
2593 5627 2668 5679 8:
2707 5642 2726 5675 ι
2752 5624 2855 5690 Qui
2892 5620 3273 5676 contradicunt
3320 5633 3407 5671 sa-

1830 5718 1924 5775 luti
1952 5718 2153 5774 Adm...
2190 5719 2483 5776 advocatos
2519 5732 2576 5773 sc
2615 5715 2882 5789 serpentis
2920 5721 2975 5768 et
3008 5710 3198 5766 mortis
3224 5719 3403 5764 ostcu-
