3924 6354
548 376 653 430 3l9

550 583 693 651 quod
726 583 868 637 idem
892 591 1001 647 est,
1036 582 1266 649 alicuius
1282 586 1594 638 advocatum
1637 601 1769 649 esse,
1808 584 2008 640 Irenaeo
2034 594 2119 641 est

549 677 779 746 alicujus
812 694 918 733 non
976 688 1183 733 tantum
1215 680 1612 734 consolatorem
1658 694 1801 744 esse,
1830 689 1887 734 ιιι
1924 696 2113 751 perpe-

554 786 669 823 ram
719 770 1119 839 interpretatur
1169 771 1423 836 Grabius,
1464 772 1557 826 sed
1589 771 1708 841 ejus
1753 773 2115 840 patrocinium

546 875 614 914 ac
651 862 1018 917 defensionem
1042 862 1341 932 suscipere,
1370 864 1515 919 hunc
1553 865 1604 919 in
1634 864 1941 919 clientelam
1973 865 2118 921 acci-

551 969 700 1024 pere,
741 957 866 1011 huic
920 956 1176 1024 prazsidio
1235 971 1359 1011 esse
1415 966 1579 1025 atque
1638 956 1923 1023 opitulari.
1986 958 2116 1023 Quae

549 1047 776 1114 proinde
819 1046 879 1100 Β.
926 1046 1095 1117 Virgo
1128 1048 1250 1101 Eva:
1298 1062 1363 1101 ac
1414 1048 1579 1102 totius
1629 1048 1850 1102 humani
1899 1050 2117 1119 generis

549 1140 813 1195 advocata
862 1141 1001 1210 apud
1028 1140 1193 1195 Deum
1236 1141 1306 1195 ab
1352 1142 1544 1195 eodem
1571 1141 1801 1207 dicitur;
1835 1157 1941 1197 non
1976 1143 2116 1199 alias

547 1250 614 1288 eo
644 1246 870 1287 munere
899 1230 1167 1302 fungitur,
1199 1248 1364 1302 quam
1393 1232 1558 1287 Deum
1594 1231 1697 1288 ﬁde
1717 1242 1773 1288 et
1803 1234 2114 1289 obedientia

548 1321 843 1391 placando,
898 1321 1195 1375 humanum
1240 1337 1413 1390 genus
1456 1323 1508 1375 in
1563 1323 1790 1392 gratiam
1839 1339 1962 1378 cum
2006 1324 2115 1379 Deo

550 1412 879 1478 reducendo,
913 1412 1057 1468 hunc
1088 1413 1341 1483 precibus
1375 1414 1745 1479 sollicitando,
1771 1430 1867 1484 pro
1893 1430 2115 1485 suscep-

547 1502 620 1557 tis
644 1502 698 1556 in
728 1501 951 1556 tutelam
988 1504 1281 1557 clientibus
1305 1504 1722 1571 interpellando.
1751 1506 2113 1574 deprecando,

546 1607 736 1660 preces
773 1592 1072 1660 fundendo,
1102 1605 1157 1648 ut
1185 1596 1276 1649 Dei
1324 1606 1570 1651 accersat
1615 1612 1793 1665 opem,
1845 1613 1909 1652 ac
1940 1599 2112 1653 bene-

549 1686 824 1741 ﬁcentiam
854 1686 1057 1742 eliciat.
1084 1687 1179 1742 Hae
1204 1688 1367 1754 illius,
1401 1689 1491 1759 qui
1516 1690 1657 1758 apud
1683 1690 1849 1744 Deum
1873 1707 1971 1760 pro
1995 1692 2115 1748 aliis

549 1782 874 1832 advocatum
907 1780 1037 1849 agit,
1075 1793 1284 1848 partes,
1306 1781 1408 1835 hoc
1432 1797 1661 1847 munus;
1693 1784 1835 1852 quod
1868 1783 2115 1852 pluribus

1390 371 1977 431 DISSERTATIONES
2013 372 2312 428 PRIEVUE
2348 373 2413 427 lN
2446 373 2700 430 IRENEI
2738 374 3000 432 LIBROS.

549 492 707 547 dunt.
743 491 955 562 tlgitur
1003 494 1401 547 advocationem
1457 495 1617 549 alicui
1670 507 1945 563 praestare,
2003 509 2121 557 seu,
2152 494 2198 551 Α

3646 382 3728 435 320

2298 493 2387 548 70.
2453 494 2559 549 Sed
2621 496 2665 549 si
2719 494 2988 549 hactenus
3039 494 3346 562 probandus
3400 495 3465 550 sit
3503 496 3730 564 lrenmus,

2224 587 2371 641 haud
2416 596 2565 640 certe
2597 586 2941 641 excusandus
2977 586 3187 639 videtur
3220 588 3273 639 in
3316 600 3378 641 eo
3415 588 3547 655 quod
3574 592 3733 643 scribit

2223 673 2296 728 lib
2327 688 2385 738 tt,
2420 689 2472 732 c.
2500 672 2592 739 22,
2621 673 2905 728 Christum
2928 673 3037 744 jam
3067 674 3357 737 seniorem.
3392 675 3441 729 id
3470 685 3546 729 est
3571 687 3621 730 ut
3644 679 3732 746 ipse

2220 764 2480 832 explicat,
2511 765 2946 833 quadragenario
2980 766 3262 833 majorem,
3295 767 3400 819 imo
3426 782 3579 835 prope
3604 768 3731 835 quin-

2222 854 2610 925 quagenarium
2640 870 2855 924 passum
2887 872 2953 911 ac
2990 866 3268 911 mortuum
3294 856 3477 911 fuisse.
3522 857 3661 926 quue
3679 877 3733 918 eo

2220 946 2396 1016 magis
2424 946 2661 1013 mireris,
2697 948 2841 1017 quod
2876 963 2907 1003 e
2945 948 3225 1004 veteribus
3257 949 3499 1019 plerique
3525 948 3739 1004 Salvam.

2221 1052 2334 1092 rem
2371 1038 2528 1106 longe
2556 1037 2854 1106 juniorem,
2887 1056 3050 1110 quam
3094 1056 3281 1096 revera
3312 1040 3494 1105 fuerit,
3521 1049 3571 1095 et
3608 1043 3735 1096 exhi-

2220 1129 2344 1183 beat
2374 1129 2742 1200 Evaugelium,
2776 1132 3057 1187 exstitisse
3082 1132 3273 1196 velint,
3306 1148 3431 1187 cum
3455 1148 3627 1202 passus
3651 1142 3733 1188 est.

2222 1220 2443 1275 Plurimi
2486 1222 2631 1276 enim
2670 1223 2736 1276 ad
2762 1222 3090 1292 baptismum
3120 1225 3335 1278 venisse
3361 1232 3597 1279 statuunt
3623 1241 3738 1281 anno

2218 1311 2398 1365 relatis
2449 1312 2670 1366 circiter
2726 1311 2827 1377 29,
2888 1323 3001 1366 tum
3052 1327 3197 1368 anno
3251 1315 3495 1383 sequenti
3544 1325 3736 1369 mortem

2217 1403 2421 1459 obiisse
2453 1424 2463 1458 :
2500 1404 2635 1459 adeo
2680 1413 2737 1456 ut
2772 1406 2913 1459 inter
2944 1406 3272 1475 baptismum
3324 1420 3379 1461 et
3429 1416 3641 1461 mortem
3669 1410 3737 1461 vix

2218 1493 2340 1562 plus
2387 1508 2548 1563 quam
2594 1494 2720 1547 anni
2751 1495 2910 1549 unius
2951 1496 3187 1565 spatium
3231 1497 3612 1566 interponant:
3641 1514 3739 1551 cum

2221 1592 2401 1638 tamen
2426 1599 2491 1637 ex
2518 1582 2808 1653 Evangelio
2833 1586 2934 1640 tria
2961 1585 3147 1639 saltem
3178 1601 3208 1640 a
3238 1586 3502 1656 baptismo
3520 1586 3741 1640 Pascbata

2219 1677 2525 1731 celebrasse
2572 1676 2879 1742 Christum,
2934 1692 3109 1747 eaque
3161 1678 3399 1746 gessisse
3447 1688 3739 1746 compertum

2219 1770 2308 1833 sit,
2342 1783 2461 1838 qua:
2505 1769 2664 1823 trium
2698 1768 2887 1824 saltem
2939 1784 3208 1824 annorum
3259 1769 3600 1823 intervallum
3644 1785 3742 1838 pro-

558 1870 877 1923 conﬁrmari
908 1880 1111 1938 posset,
1143 1872 1189 1926 si
1239 1888 1461 1928 necesse
1496 1874 1803 1939 videretur;
1843 1876 1936 1930 sed
1971 1876 2115 1930 diem
2148 1860 2189 1915 Β
2220 1862 2369 1917 ὒειιι.
2417 1860 2523 1917 8ϋά
2575 1860 2772 1916 mullos
2802 1862 2901 1916 hac
2952 1862 3006 1916 in
3044 1863 3333 1916 occasione
3371 1862 3566 1921 minus,
3610 1876 3740 1925 quam

551 1956 829 2012 suﬁiciunt
857 1962 923 2012 ad
957 1957 1246 2015 Grabianze
1277 1961 1648 2017 adnotationis
1679 1965 1976 2020 vanitatem
2016 1966 2115 2020 de-

549 2052 986 2109 tuoustrandam.

619 2144 709 2200 69.
766 2147 1070 2216 Antequam
1125 2156 1304 2202 tamen
1355 2163 1383 2201 a
1439 2148 1499 2203 Β.
1550 2148 1770 2220 Virgine
1815 2150 2112 2217 discedam,

547 2247 725 2303 opera!
752 2236 985 2305 pretium
1022 2246 1106 2295 est
1139 2247 1192 2292 et
1221 2239 1308 2291 hic
1349 2238 1588 2308 iniquam
1623 2239 1808 2295 Grabii
1850 2242 2114 2295 crimina-

552 2324 750 2379 tionem
777 2326 1077 2393 confutetn,
1097 2344 1201 2398 qua
1227 2340 1282 2384 et
1313 2328 1493 2384 Maria:
1520 2332 1817 2398 sanctitati,
1846 2343 1899 2388 et
1925 2332 2111 2388 lreuzei

546 2413 808 2470 doctrina:
859 2418 1033 2473 labem
1087 2421 1414 2492 adspergere
1456 2424 1699 2478 molitur.
1740 2424 1845 2480 Iste
1887 2425 1981 2481 lib.
2024 2444 2112 2493 ιιι,

547 2520 596 2559 c.
632 2506 719 2573 16,
774 2521 826 2561 n.
874 2509 905 2561 7
939 2511 1253 2576 ostendens,
1305 2513 1580 2568 Christum
1627 2519 1806 2571 omnia
1842 2532 1941 2573 suo
1979 2529 2116 2573 tent-

549 2612 704 2664 pore,
736 2608 794 2651 ut
822 2613 851 2652 a
881 2597 1043 2653 Patre
1069 2600 1335 2670 przeﬁnita
1364 2612 1541 2667 erant,
1568 2606 1864 2674 peregisse,
1896 2605 2113 2661 subdit:

559 2706 576 2737 ι
607 2688 831 2757 Propter
863 2686 966 2741 boc
997 2696 1320 2756 properante
1353 2689 1518 2743 Maria
1553 2690 1620 2744 ad
1654 2693 1971 2748 admirabile
2005 2694 2118 2748 viui

556 2780 769 2848 signum
817 2780 892 2850 (in
944 2780 1142 2848 nuptiis
1181 2779 1331 2835 Cana
1374 2780 1635 2854 Galilwtt')
1669 2793 1721 2838 et
1757 2794 1882 2839 ante
1921 2795 2133 2856 tempus

2216 1970 2318 2025 par
2349 1966 2517 2019 esset,
2555 1964 2795 2010 attentos
2827 1954 3133 2022 Evangeliis
3166 1954 3411 2007 fecerant
3456 1968 3515 2005 ea
3558 1951 3685 2005 Isaia:
3708 1951 3743 1980 “

2219 2047 2382 2100 verba
2416 2063 2429 2101 :
2464 2045 2675 2100 Annum
2719 2056 2993 2115 acceptum
3043 2044 3270 2098 Domino
3310 2044 3592 2113 prtedicare
3631 2044 3742 2095 misit

2215 2153 2316 2204 me,
2348 2146 2477 2198 etc.,
2508 2137 2573 2191 de
2620 2137 2840 2191 Christo
2889 2144 3035 2190 recte
3083 2135 3300 2204 quidem
3344 2134 3642 2198 intellecta,
3672 2135 3743 2187 sed

2216 2227 2394 2281 minus
2428 2226 2661 2282 feliciter
2688 2227 2982 2296 explicata,
3010 2228 3167 2295 quasi
3199 2225 3320 2279 inde
3346 2232 3739 2294 consequeretur

2217 2317 2334 2373 fore
2384 2329 2442 2372 ut
2488 2318 2743 2373 Christus
2794 2334 2904 2373 uno
2937 2318 3201 2372 duntaxat
3250 2330 3395 2369 anno
3439 2315 3737 2385 praedicaret.

2217 2407 2369 2463 Unus
2394 2406 2812 2480 Chrysostomus
2838 2407 3025 2463 ltomil.
3053 2408 3144 2471 54,
3169 2406 3220 2459 in
3244 2421 3363 2474 cap.
3393 2421 3447 2460 ιι
3468 2404 3744 2465 SJoannis,

2215 2499 2440 2567 propius
2487 2501 2553 2551 ad
2589 2498 2773 2552 lrenaei
2821 2498 3145 2553 sententiam
3190 2497 3491 2551 accessisse
3540 2494 3739 2548 videtur.

2216 2591 2420 2661 Nempe
2449 2592 2501 2645 in
2546 2592 2613 2646 iis
2641 2590 2951 2645 Judteorum
2983 2590 3048 2643 ad
3101 2587 3380 2643 Christum
3420 2587 3610 2651 verbis,
3650 2600 3746 2653 quze

2218 2685 2385 2739 etiam
2437 2685 2504 2738 ad
2540 2684 2969 2738 confirmandam
3019 2683 3330 2751 opinionem
3365 2696 3519 2735 suam
3566 2679 3747 2731 trahere

2218 2772 2411 2825 nititur
2454 2771 2690 2826 lreua‘us
2731 2790 2745 2825 :
2799 2788 2818 2822 ι
2873 2771 3276 2841 Quinquaginta
3329 2784 3501 2823 annos
3545 2769 3746 2821 nondum

2215 2863 2586 2933 habes,tetc.,
2608 2862 3003 2931 «quadraginta
3046 2880 3064 2913 ι
3098 2876 3197 2929 pro
3230 2877 3247 2909 ι
3288 2858 3696 2928 quinquaginta,
3729 2872 3743 2904 ι

2217 2952 2502 3022 legendum
2523 2967 2644 3007 esse
2673 2960 2889 3023 putans,
2912 2952 3209 3018 concludit,
3246 2970 3265 3003 ι
3304 2965 3471 3020 prope
3498 2947 3748 3017 jamChri-

2218 3054 2362 3099 stum
2411 3045 2771 3114 quadraginta
2805 3058 3075 3098 annorum
3115 3043 3301 3098 fuisse.
3340 3061 3359 3091 ι

554 2874 768 2927 volente
824 2872 1150 2943 participare
1207 2876 1516 2947 compendii
1576 2879 1766 2947 poculo
1791 2878 1822 2950 ,|
1870 2879 2133 2936 Dominus

552 2964 819 3031 repellens
844 2964 963 3034 ejus
997 2964 1431 3036 intempestivam
1475 2967 1903 3036 festinationem,
1945 2972 2081 3027 dixit
2116 2990 2129 3026 :

552 3051 696 3117 Quid
733 3054 861 3106 mihi
905 3064 953 3107 et
1004 3055 1099 3109 tibi
1141 3067 1238 3124 est,
1277 3059 1509 3115 mulier?
1550 3060 1782 3114 nondum
1823 3062 1955 3116 venit
2001 3064 2132 3117 Itora

551 3160 702 3207 mea;
732 3155 1057 3215 exspectans
1080 3164 1200 3203 eam
1228 3150 1441 3217 horam,
1472 3168 1593 3222 qua:
1616 3168 1646 3206 a
1669 3151 1828 3209 Patre
1849 3164 1967 3209 erat
1993 3170 2131 3225 prae-

550 3236 789 3305 Coguita.
818 3256 837 3289 ι
869 3235 1006 3293 [line
1028 3240 1342 3296 avidissime
1364 3252 1574 3311 captata
1594 3245 1883 3300 occasione
1910 3246 2130 3301 conclu-

2290 3156 2378 3210 71.
2422 3155 2574 3222 Quod
2611 3169 2738 3208 vero
2764 3162 2981 3208 veteres
3014 3168 3119 3208 non
3166 3168 3366 3224 paucos
3407 3152 3460 3206 in
3510 3161 3751 3205 transver-

2219 3262 2337 3301 sum
2369 3247 2479 3316 egit
2511 3259 2792 3315 perperam
2818 3245 3146 3314 explicatum
3178 3244 3333 3299 Isaia:
3381 3241 3748 3303 testimonium,

554 3323 635 3375 dit
687 3322 961 3389 Grabius,
1030 3324 1498 3393 imperfectionem
1560 3328 1807 3383 butt-aure.
1868 3341 2113 3398 naturae,

552 3423 900 3482 peccatorum
926 3417 1215 3471 venialium
1246 3429 1493 3481 matrem,
1528 3418 1582 3472 in
1614 3419 1672 3472 Β.
1703 3420 1921 3490 Virgine
1949 3422 2116 3477 Maria

550 3509 840 3574 agnovisse
873 3510 1151 3565 Irenaeum.
1199 3512 1385 3583 Iniqua
1428 3528 1494 3567 ex
1530 3515 1679 3569 omni
1731 3528 1884 3583 parte
1922 3518 2116 3572 obser-

550 3602 722 3654 vatio.
779 3601 1039 3671 Quisquis
1091 3620 1277 3673 aequus
1335 3621 1517 3661 rerum
1570 3607 1873 3663 aestimator
1923 3619 2024 3673 est,
2063 3611 2117 3665 id

550 3708 717 3744 unum
765 3708 831 3747 ex
882 3693 1067 3748 Irentei
1101 3697 1279 3750 verbis
1302 3699 1683 3767 exsculpserit,
1717 3697 1779 3753 Β.
1827 3700 2110 3770 Virginem

552 3782 702 3836 hora:
750 3799 779 3835 a
831 3782 992 3839 Patre
1033 3787 1377 3855 praecognita:
1424 3799 1477 3842 et
1532 3791 1960 3859 prtedestinatrc,
2011 3808 2114 3863 qua

552 3874 807 3928 Christus
832 3875 1091 3931 miracula
1116 3878 1291 3947 palam
1320 3888 1374 3933 et
1397 3880 1610 3947 publice
1634 3891 1952 3949 patraturus
1974 3892 2114 3949 erat,

554 3963 825 4032 ignaram,
875 3984 1040 4022 unum
1084 3984 1114 4022 a
1167 3970 1309 4025 Filio
1338 3979 1459 4025 ante
1487 3983 1692 4040 tempus
1728 3972 1976 4030 obtinere
2024 3992 2118 4031 v0-

554 4055 743 4110 luisse.
797 4057 1264 4127 Sciebatquidem
1316 4059 1511 4115 Filium
1559 4064 1775 4117 tandem
1826 4066 2119 4136 aliquando

554 4145 731 4214 palam
765 4148 1140 4216 prodeuntem,
1170 4149 1291 4203 vita:
1323 4152 1632 4219 sanctitate,
1664 4155 1910 4211 doctrina
1932 4166 1988 4211 et
2018 4158 2114 4212 mi-

553 4236 758 4292 raculis
793 4237 980 4292 orbem
1014 4239 1410 4295 illustraturum
1442 4262 1456 4298 :
1485 4243 1599 4311 jam
1631 4244 1846 4313 publico
1887 4263 2118 4304 munere

554 4326 737 4396 fungi,
796 4329 1195 4402 discipulosque
1252 4332 1514 4403 colligere
1565 4335 1800 4404 coepisse
1867 4336 2113 4403 viderat;

553 4434 723 4488 quare
748 4430 802 4475 et
823 4421 1161 4491 publicorum
1191 4423 1574 4479 miraculorum
1606 4436 1817 4496 tempus
1848 4437 1902 4480 et
1926 4428 2116 4482 horam

2217 3334 2359 3388 idem
2401 3344 2457 3388 et
2495 3333 2766 3389 Guosticis
2813 3333 3058 3398 errandi,
3101 3348 3197 3388 seu
3247 3333 3434 3402 potius
3478 3345 3750 3402 prazconce-

2218 3438 2367 3498 ptum
2426 3441 2668 3481 errorem
2732 3424 3093 3481 conﬁrmandi
3148 3440 3337 3479 ansam
3398 3426 3639 3495 praebuit.
3694 3419 3752 3474 Ut

2217 3520 2361 3572 enim
2412 3517 2649 3572 Eonum
2698 3532 2923 3573 suorum
2966 3527 3278 3572 commenta
3340 3530 3558 3586 quoquo
3613 3512 3750 3567 modo

2218 3608 2494 3674 fulcirent,
2525 3608 2798 3677 ﬁngebant
2822 3609 2890 3675 “,
2914 3627 2932 3661 t
2960 3609 3029 3664 ob
3058 3609 3160 3663 hoc
3186 3607 3527 3663 Salvatoretn
3560 3606 3747 3675 triginta

2220 3718 2484 3756 annorum
2527 3702 2883 3757 exsistentem
2930 3700 3146 3755 venisse
3196 3700 3263 3754 ad
3310 3700 3663 3768 baptismum,
3704 3704 3749 3747 ut

2218 3794 2528 3850 ostenderet
2564 3795 2760 3848 tacitos
2791 3791 2996 3847 IEones
3023 3806 3213 3846 eorum
3263 3791 3604 3861 triginta.....
3636 3788 3754 3842 Duo-

2220 3888 2430 3942 decimo
2476 3896 2656 3941 autem
2711 3900 2898 3940 mense
2944 3885 3200 3939 dicebant
3246 3900 3370 3939 eum
3431 3898 3672 3953 passum,
3706 3888 3750 3931 ut

2218 3978 2382 4034 fuerit
2413 3994 2557 4033 anno
2586 3992 2693 4032 uno
2726 3986 2847 4048 post
2882 3976 3207 4045 baptismum
3246 3976 3551 4046 praedicans
3579 3992 3592 4029 :
3625 3982 3675 4027 et
3698 3985 3751 4024 ex

2218 4070 2487 4141 Pmplteta
2537 4070 2824 4124 tentabant
2861 4070 2964 4123 hoc
3013 4068 3188 4137 ipsum
3239 4054 3602 4131 conﬁrmare;
3644 4060 3756 4118 scri-

2216 4176 2368 4237 ptunt
2398 4173 2482 4218 est
2506 4163 2647 4217 enim
2671 4163 2716 4193 ⁶¹
2744 4179 2758 4215 :
2793 4159 2992 4215 Vocare
3023 4174 3220 4211 annum
3251 4158 3465 4213 Domini
3483 4167 3754 4226 acceptum,

2216 4267 2264 4313 et
2296 4258 2434 4310 diem
2464 4253 2849 4308 retributionis.
2892 4271 2910 4304 ι
2948 4251 3103 4306 llunc
3139 4266 3383 4305 errorem
3408 4253 3754 4307 confutaturus

2218 4357 2410 4402 auctor
2454 4356 2637 4400 noster
2685 4351 2831 4399 recte
2862 4343 3080 4411 quidem
3113 4346 3328 4413 probat,
3361 4358 3487 4397 eunt
3532 4358 3629 4395 non
3658 4355 3757 4394 esse

2218 4440 2506 4494 verborum
2552 4436 2703 4492 Isaiae
2759 4451 3007 4491 sensum.
3059 4434 3193 4489 Tum
3244 4438 3464 4502 Statuit,
3512 4436 3755 4492 Christum

553 4516 839 4571 advenisse
868 4514 1088 4585 putans,
1119 4519 1183 4573 de
1232 4520 1342 4572 viui
1378 4520 1601 4587 penuria
1635 4530 1842 4583 monet,
1884 4531 1941 4573 ut
1967 4522 2117 4577 labo-
2147 4542 2193 4596 ι)
2223 4552 2241 4585 ι
2290 4534 2509 4601 triginta
2545 4545 2816 4584 annorum
2844 4528 3199 4583 exsistentem
3229 4528 3449 4583 venisse
3484 4530 3549 4582 ad
3582 4524 3757 4593 baptis-

554 4609 802 4664 rautibus
840 4609 1099 4664 divinitus
1127 4612 1397 4665 consulat.
1446 4611 1512 4664 Et
1544 4612 1648 4666 hoc
1684 4623 1769 4667 est
1811 4616 1953 4683 quod
2000 4614 2107 4669 Ire-

554 4718 703 4756 naeus
731 4703 1139 4771 intempestivam
1183 4703 1565 4771 festinationem
1588 4718 1746 4760 vocat
1772 4722 1785 4771 ;
1817 4723 1920 4761 non
1972 4708 2117 4778 quod

556 4793 740 4847 Mariae
774 4795 988 4849 animus
1034 4810 1290 4864 praeceps,
1330 4804 1424 4850 aut
1472 4797 1616 4852 iuaui
1650 4798 1822 4868 gloria
1863 4800 2117 4854 stimula-

556 4895 643 4937 tus
670 4884 832 4938 fuerit
860 4904 875 4939 :
910 4888 1003 4941 sed
1036 4888 1179 4956 quod
1214 4888 1386 4956 ipsam
1419 4890 1604 4944 horam
1639 4906 1668 4944 a
1694 4891 1854 4944 Patre
1883 4892 2122 4959 praelini-

557 4986 663 5029 tam
692 4979 960 5045 nesciens,
996 4980 1285 5035 advenisse
1326 4992 1507 5035 tamen
1540 4982 1877 5046 existimans,
1914 4998 2119 5052 paupe-

555 5083 677 5123 rum
734 5080 972 5138 cgestate
1026 5083 1333 5139 commota,
1382 5075 1702 5128 miraculum
1774 5091 1840 5131 eo
1895 5077 2015 5131 loco
2067 5086 2123 5131 et

557 5171 801 5230 tempore
839 5164 956 5217 ﬁeri
1001 5166 1253 5235 cupierit,
1295 5168 1493 5237 quibus
1542 5168 1757 5238 publica
1785 5179 1842 5223 et
1866 5169 2122 5226 omnibus

557 5256 846 5308 manifesta
875 5259 1285 5326 omnipotentia:
1312 5276 1423 5314 suae
1459 5262 1614 5331 signa
1644 5262 1805 5316 edere
1848 5262 2121 5317 Christum

553 5345 773 5399 sinebat
807 5344 983 5401 Patris
1013 5347 1283 5404 voluntas.
1321 5349 1497 5415 Quare
1525 5351 1843 5406 miraculum
1877 5351 2122 5407 absolute

554 5452 663 5489 uou
706 5437 972 5492 detrectat
999 5439 1272 5503 Christus,
1304 5444 1399 5496 sed
1432 5444 1596 5497 veluti
1634 5443 1772 5498 clam
1818 5454 1874 5497 et
1904 5443 2121 5498 occulte

557 5536 761 5594 patrat.
780 5529 1093 5585 Divinorum
1124 5532 1289 5600 igitur
1305 5536 1650 5589 decretorum
1676 5538 1867 5605 ignara
1888 5536 1933 5590 si
1958 5534 2123 5588 fuerit

561 5618 754 5688 Maria,
791 5637 897 5678 non
922 5635 1076 5680 certe
1114 5628 1278 5682 ullius
1305 5629 1730 5698 impcrfcctionis
1755 5630 1977 5686 moralis
2006 5644 2125 5685 rea.

643 5810 685 5840 "°
725 5813 855 5882 Cap.
904 5814 990 5881 61,
1021 5813 1077 5870 2.
1157 5816 1197 5845 ⁶¹
1228 5814 1393 5880 Ireu.,
1428 5815 1462 5870 l.
1493 5830 1554 5879 tt,
1587 5829 1637 5870 (ιο
1663 5814 1755 5881 39-.
1787 5831 1841 5870 ιιι
1881 5816 1934 5871 lo

2008 5814 2051 5846 ⁶¹
2083 5817 2208 5872 Luc
2240 5830 2309 5881 tv,
2348 5814 2428 5870 19.

2220 4640 2369 4679 mum
2398 4624 2477 4690 ως
2515 4642 2533 4675 ι
2567 4637 2632 4677 ac
2661 4623 2876 4676 demum
2900 4626 3038 4675 ter't
3077 4619 3370 4673 secundum
3419 4628 3624 4687 tempus
3648 4615 3758 4669 Pas-

2220 4715 2337 4769 cha:
2371 4715 2653 4769 Dominum
2682 4721 2803 4781 post
2828 4711 3094 4781 baptisma
3127 4708 3437 4764 ascendisse
3485 4710 3535 4763 itt
3585 4707 3754 4762 Hieru-

2214 4807 2403 4872 salem,
2427 4814 2482 4860 et
2509 4806 2619 4859 illic
2650 4805 2791 4859 diem
2827 4802 3021 4857 festum
3056 4801 3275 4857 Pascha:
3307 4802 3611 4858 celebrasse
3641 4801 3697 4851 “.
3738 4816 3752 4846 ι

2200 4886 2449 4960 Quilibet
2483 4908 2546 4947 ex
2581 4893 2650 4948 iis
2676 4893 2988 4957 conﬁceret,
3015 4890 3293 4946 Christum
3320 4888 3466 4944 anno
3494 4886 3659 4943 aetatis
3677 4881 3753 4941 33.

2200 4996 2296 5041 aut
2331 4986 2401 5041 54
2425 5001 2648 5056 passum
2688 5000 2829 5041 esse.
2867 4983 3013 5040 Nihil
3044 4994 3225 5039 tamen
3260 4983 3443 5038 minus
3475 4981 3631 5036 infert
3660 4977 3755 5030 Ire-

2202 5094 2386 5146 naeus;
2413 5078 2505 5133 sed
2526 5077 2773 5148 pluribus
2791 5078 3149 5147 argumentis,
3173 5091 3295 5145 qua:
3315 5075 3458 5144 apud
3474 5075 3644 5144 ipsum
3666 5068 3752 5135 legi

2202 5180 2452 5243 possunt,
2470 5170 2634 5240 proba
2644 5186 2700 5225 re
2716 5169 2907 5223 nititur
2921 5168 3378 5238 Salvatoremjam
3399 5168 3450 5220 in
3466 5165 3668 5220 senium
3681 5160 3757 5212 de.

2202 5263 2496 5320 elinantem
2530 5272 2807 5317 mortuum
2830 5261 3023 5325 fuisse,
3054 5270 3107 5316 et
3134 5260 3270 5315 ultra
3298 5255 3753 5330 quadragesimum

2203 5369 2407 5407 annum
2438 5368 2501 5408 ac
2524 5354 2978 5425 quinquagesimo
3003 5354 3313 5423 proximum
3345 5349 3613 5406 docuisse.
3640 5343 3755 5409 Quae

2206 5447 2426 5517 quidem
2455 5458 2775 5518 argumenta
2803 5449 3017 5503 inﬁrma
3047 5463 3188 5514 esse,
3206 5447 3403 5517 legenti
3426 5444 3605 5500 statim
3624 5448 3757 5509 pate-

2210 5541 2303 5596 bit.
2323 5537 2432 5597 Nec
2446 5539 2579 5596 illud
2598 5542 2809 5597 creteris
2828 5541 3083 5607 validius,
3103 5541 3244 5613 quod
3266 5542 3334 5596 ab
3352 5540 3663 5596 auctoritate
3678 5549 3753 5587 se-

2213 5635 2449 5701 niorum,
2474 5636 2569 5705 qui
2615 5635 2891 5705 apostolos
2926 5634 3194 5701 viderant,
3227 5635 3437 5706 repetit.
3466 5630 3599 5686 Nam
3630 5642 3756 5697 prae-

2509 5814 2551 5846 ⁶³
2578 5813 2640 5869 N.
2678 5814 2727 5868 ρι.
2810 5812 2853 5845 ⁵⁵
2887 5812 2951 5868 N.
2981 5814 3030 5868 5.
