3924 6354
233 290 329 341 δὲι
1137 294 1592 349 DlSSERTATlO
1618 293 1705 357 111,
1744 294 1784 347 D

1873 292 2125 348 ΙΒΕΝᾸΞΙ
2163 290 2533 349 DOCTRINA.

3347 292 3451 348 522

234 432 467 489 terqnam
498 418 639 487 quod
667 418 732 471 dc
781 419 999 472 nomine
1041 429 1092 473 et
1137 421 1464 473 auctoritate
1500 420 1772 472 seniorum
1806 425 1849 475 A
1879 421 2020 487 gisse
2050 418 2241 486 probat
2291 433 2357 471 ex
2408 417 2739 487 Evangellis,
2776 433 2882 471 non
2926 418 2994 472 ab
3028 418 3147 488 ipso
3179 418 3450 486 baptismo

227 509 425 561 illorum
454 524 555 561 non
580 519 821 571 constat,
845 518 900 562 et
928 510 996 561 ab
1021 525 1127 563 uno
1156 511 1294 564 forte
1319 510 1506 575 Papia,
1535 510 1771 571 homine,

226 609 279 652 ut
310 600 379 651 ait
405 598 692 665 Eusebius,
726 601 1005 675 portendis
1038 600 1261 669 ingenii,
1298 599 1650 673 [CXXXVIII]
1678 618 1775 655 nec

220 704 418 756 eornnt,
453 707 570 761 quae
603 693 673 747 ab
707 693 966 763 apostolis
1002 695 1272 757 audierat,
1302 711 1522 748 sensum
1557 710 1776 762 semper

218 783 464 845 assecuti,
510 783 668 853 cujus
718 796 896 839 tamen
944 784 1069 839 iidei
1116 785 1237 854 plus
1289 802 1446 855 aequo
1497 786 1775 841 tribuebat

218 872 456 939 lreneus,
514 876 568 928 id
624 879 875 945 accipere
926 879 1121 947 potuit,
1172 879 1313 947 quod
1366 888 1588 945 narrat;
1646 878 1773 932 illttd

219 975 408 1019 tantum
441 982 471 1019 a
520 970 834 1024 senioribus
862 970 990 1034 illis,
1030 972 1341 1039 quicunque
1376 972 1594 1024 tandem
1641 973 1773 1037 sint,

216 1059 469 1122 audierat,
499 1075 609 1115 non
639 1061 914 1115 Christum
958 1076 1098 1115 anno
1132 1064 1311 1117 aetatis
1355 1063 1467 1115 fere
1500 1064 1771 1132 quinqua-

215 1151 408 1219 gesimo
436 1168 662 1220 passum
686 1168 827 1217 esse,
859 1156 953 1209 sed
985 1154 1343 1208 declinantem
1369 1154 1481 1222 jam
1512 1154 1562 1206 in
1591 1154 1775 1207 senio-

214 1255 311 1293 rem
336 1251 559 1296 aztatem
593 1251 866 1296 mortuum
900 1258 1056 1299 esse:
1088 1259 1250 1311 quant
1291 1242 1515 1295 senilem
1558 1250 1771 1293 aetatem

211 1347 265 1385 ex
305 1333 558 1396 arbitrio,
606 1344 662 1388 et
704 1335 1096 1405 disputationis
1148 1342 1281 1387 testu
1334 1334 1496 1403 paulo
1541 1332 1771 1401 longius,

209 1438 354 1493 quam
386 1440 487 1494 par
522 1424 736 1486 fuisset.
773 1428 843 1479 ab
890 1426 1267 1480 haereticorum
1296 1425 1563 1479 sententia
1593 1425 1771 1478 disce-

210 1517 352 1579 dens,
391 1521 745 1585 postmodum
780 1521 1167 1590 interpretatus
1194 1532 1299 1577 est.

271 1608 353 1661 72.
396 1609 454 1663 Id
490 1626 628 1681 ergo
659 1614 1031 1678 verissimum,
1064 1615 1208 1684 quod
1238 1615 1495 1669 observat
1522 1613 1773 1683 Augusti-

208 1716 299 1754 nus
334 1700 429 1757 lib.
492 1717 531 1756 tt
585 1704 663 1758 De
697 1707 837 1760 doct.
872 1707 1069 1762 Christ.
1107 1724 1229 1777 cap.
1271 1708 1361 1775 28,
1397 1708 1537 1763 forte
1561 1710 1614 1761 in
1664 1708 1771 1762 Ire-

1878 518 2129 563 nnmerat
2179 509 2435 574 lrenteus,
2486 510 2579 563 sed
2632 509 2701 563 ab
2752 526 2815 564 eo
2862 511 3128 564 duntaxat
3178 519 3447 577 tempore,

1877 617 1983 670 quo
2015 602 2259 672 magistri
2310 617 2533 655 munere
2567 601 2710 671 fungi
2751 602 2936 671 etepit.
2986 602 3126 667 Quid
3169 616 3301 655 vero
3335 600 3449 655 Ire-

1878 709 2050 746 naeum
2088 693 2140 746 in
2185 703 2294 746 tam
2341 693 2639 757 insolitam,
2666 702 2870 747 etcum
2921 692 3240 760 Evangeliis
3277 707 3307 745 e
3335 694 3448 746 dia-

1877 796 2052 839 metro
2080 794 2406 855 pugnantem
2444 785 2753 855 opinionem
2802 786 3111 851 adduxerit,
3150 794 3208 838 ut
3243 782 3446 840 Christi

1875 876 2279 944 praedicationis
2332 886 2545 947 tempus
2592 892 2619 930 a
2660 878 2935 945 baptismo
2979 885 3133 931 tanto
3176 892 3449 930 annormn

1875 968 2050 1036 spatio
2077 966 2378 1034 dirimeret,
2421 985 2527 1023 non
2562 970 2745 1033 video,
2776 984 2879 1022 nec
2910 969 3210 1038 quidquam
3254 983 3451 1022 occur-

1876 1058 1968 1124 rit,
2020 1074 2129 1127 quo
2192 1060 2461 1114 sententia
2519 1071 2628 1113 tam
2684 1060 2874 1129 procul
2933 1062 3197 1115 aberrans
3245 1076 3275 1113 a
3320 1076 3451 1113 vero

1873 1151 2107 1206 emolliri
2140 1152 2329 1219 possit.
2369 1151 2576 1205 Nodum
2619 1154 2763 1205 hunc
2796 1153 3066 1219 scindere,
3099 1168 3206 1206 non
3238 1151 3451 1205 solvere

1874 1245 2104 1298 tentavit
2140 1244 2491 1300 doctissinms
2540 1246 2809 1301 Antonius
2860 1246 3083 1315 Pagius,
3114 1254 3154 1299 t.
3186 1243 3207 1297 Ι
3240 1245 3451 1299 Criticw

1874 1335 2577 1405 Historico-Chronologica:
2606 1338 2657 1391 itt
2697 1339 2935 1391 Annales
2976 1338 3219 1402 Baronii,
3270 1352 3321 1405 p.
3353 1338 3445 1398 24,

1874 1430 2008 1485 edit.
2062 1432 2327 1499 Antuerp.
2393 1430 2563 1493 i705,
2620 1432 2714 1486 sed
2782 1431 3095 1485 infeliciter.
3158 1431 3449 1485 Existimat

1873 1521 2040 1585 enim,
2092 1535 2155 1575 ea
2208 1522 2394 1575 omnia
2436 1536 2559 1591 quae
2606 1524 2746 1591 apud
2799 1523 3060 1578 lrenteum
3117 1523 3184 1577 de
3243 1522 3447 1575 seniori

1873 1610 2080 1667 Christi
2128 1622 2288 1667 a-tate
2340 1613 2620 1683 leguntur,
2656 1623 2904 1683 corrupta
2950 1629 3071 1670 esse
3117 1626 3166 1668 et
3200 1615 3443 1667 imititia.

1874 1705 1983 1758 Sed
2017 1706 2070 1757 id
2115 1706 2238 1760 aliis
2281 1709 2642 1777 argumentis,
2678 1723 2841 1777 quam
2891 1708 3056 1762 meris
3093 1707 3445 1774 coniecturis,

207 1809 368 1847 narum
417 1805 669 1850 nostrum
714 1800 943 1869 digitum
981 1801 1294 1864 intendens,
1336 1818 1355 1852 ι
1401 1800 1765 1870 ignorantiam
1805 1792 1849 1851 Β
1876 1796 2049 1864 iisque
2093 1798 2383 1852 admodum
2435 1798 2669 1853 inlirmis
2707 1798 3045 1867 probandum
3090 1810 3257 1853 esset.
3311 1797 3444 1849 Nam

206 1886 519 1942 consulatus
547 1903 657 1958 quo
692 1902 853 1946 natus
895 1902 975 1947 est
1025 1892 1307 1960 Dominus,
1347 1901 1405 1948 et
1434 1908 1543 1962 quo
1574 1909 1771 1963 passus

201 1988 297 2041 est,
344 1982 643 2037 nonnullos
686 1986 939 2054 coegisse
974 2000 1185 2049 errare,
1219 1994 1277 2038 ut
1328 1994 1586 2055 putarent
1632 2001 1769 2055 qua-

203 2074 441 2141 draginta
493 2090 591 2129 sex
636 2093 904 2130 annorum
954 2087 1111 2132 aetate
1158 2094 1377 2148 passum
1422 2094 1543 2134 esse
1591 2080 1773 2134 Domi-

207 2183 346 2220 num.
393 2185 412 2218 ι
453 2167 642 2221 Mirari
695 2179 874 2223 tamen
902 2170 1064 2230 subit,
1096 2172 1184 2238 qui
1228 2171 1483 2238 Irenazus,
1517 2174 1602 2227 cui
1643 2189 1773 2230 con-

210 2262 338 2314 stitit
372 2261 656 2315 Christum
702 2278 845 2317 anno
880 2265 1057 2318 tetatis
1105 2264 1175 2319 50
1215 2264 1543 2334 baptismum
1586 2280 1773 2321 susce-

211 2354 360 2421 pisse,
385 2365 438 2408 et
463 2370 526 2407 ex
554 2354 860 2425 Evangeliis
887 2367 1223 2425 compertum
1252 2356 1351 2411 fuit
1376 2358 1479 2411 tria
1506 2358 1772 2413 duntaxat

212 2458 239 2494 a
264 2444 532 2511 baptismo
560 2442 822 2498 Pascbata
862 2444 1137 2499 celebrata
1166 2446 1233 2498 ab
1275 2446 1463 2499 eodem
1494 2444 1684 2509 fuisse,
1716 2447 1769 2499 id

211 2535 301 2587 sibi
331 2536 380 2588 in
412 2536 658 2588 animum
697 2536 954 2590 inducere
1002 2539 1197 2605 potuit,
1225 2551 1347 2591 eum
1399 2545 1509 2590 tttm
1549 2553 1768 2607 passum

212 2627 389 2690 fuisse,
425 2642 551 2681 cum
593 2628 707 2695 jam
741 2642 945 2681 annum
972 2628 1444 2698 quadragesimum
1494 2630 1768 2683 excessis-

211 2730 323 2783 set,
372 2728 429 2772 et
481 2720 989 2787 quinquagesimum
1039 2734 1208 2788 prope
1259 2720 1573 2790 attingeret.
1633 2720 1768 2773 lllud

210 2813 345 2863 enim
376 2812 418 2863 si
451 2826 669 2875 verum,
706 2825 928 2865 necesse
956 2822 1041 2865 est
1066 2812 1462 2866 existimaverit
1492 2811 1768 2866 Christum

208 2917 305 2955 non
346 2912 429 2955 ter
476 2914 709 2969 tantum,
761 2904 854 2957 sed
891 2904 1009 2972 plus
1045 2918 1206 2971 quam
1263 2905 1553 2958 duodecies
1596 2920 1624 2957 a
1674 2904 1770 2958 ba-

208 2996 398 3063 ptismo
422 2995 631 3048 Pascha
664 2997 961 3065 peregisse.
992 2997 1047 3050 ld
1077 3012 1241 3049 unum
1269 2997 1580 3065 responderi
1610 3012 1770 3067 posse

210 3088 432 3151 videtur,
478 3087 740 3140 lrenamm
773 3088 1093 3153 credidisse,
1124 3087 1403 3141 Christum
1434 3102 1539 3141 non
1585 3089 1767 3142 statim

205 3197 228 3229 a
259 3180 528 3248 baptismo
568 3181 800 3234 docendi
838 3196 1039 3235 munus
1068 3181 1399 3250 suscepisse,
1433 3182 1530 3235 sed
1580 3182 1766 3234 tandin

204 3273 554 3333 delitescere,
619 3273 1001 3341 privatamque
1053 3274 1221 3326 vitam
1271 3274 1472 3342 degere
1520 3285 1770 3341 perseve-

205 3379 367 3428 rasse,
410 3367 587 3418 donec
632 3365 877 3432 magistri
908 3375 1122 3419 aatatcm
1157 3367 1452 3433 perfectam
1484 3374 1768 3419 assecutus

202 3470 370 3525 esset;
415 3471 528 3515 tum
563 3477 695 3516 vero
723 3462 900 3531 palam
928 3462 1145 3532 prodire
1172 3477 1236 3516 ac
1267 3462 1583 3530 magistrum
1610 3476 1771 3532 agere

202 3555 447 3621 «spisse,
490 3568 614 3607 cum
658 3569 861 3607 annum
907 3556 1082 3609 aetatis
1130 3556 1602 3622 quadragesimum
1659 3566 1769 3607 ter-

208 3647 328 3698 tium
365 3654 461 3698 aut
489 3656 743 3715 quartum
775 3646 1067 3716 attigisset.
1105 3647 1151 3701 Is
1179 3661 1299 3701 esse
1328 3648 1544 3701 videtur
1575 3652 1767 3701 verbo-

207 3754 314 3791 rum
350 3740 583 3793 istorum
630 3754 823 3793 sensus
853 3756 868 3792 :
904 3758 921 3790 ι
963 3738 1206 3810 Triginta
1239 3741 1456 3810 quidem
1500 3756 1765 3795 annorum

202 3835 489 3897 exsistens,
527 3849 656 3887 eum
696 3833 907 3887 veniret
935 3836 1000 3887 ad
1046 3834 1392 3902 baptismum,
1423 3834 1615 3889 deinde
1649 3851 1767 3889 ma-

202 3927 344 3995 gistri
373 3924 595 3981 :etatetit
628 3926 928 3995 perfectam
976 3927 1183 3980 habens
1208 3927 1357 3981 venit
1401 3925 1763 3993 Hierusalem,

204 4022 267 4072 ita
314 4030 371 4073 ut
420 4022 493 4073 ab
540 4021 799 4074 omnibus
840 4019 986 4087 jnste
1031 4019 1247 4073 audiret
1298 4019 1579 4089 magister.
1630 4036 1648 4070 ι
1690 4018 1767 4073 lbi

202 4116 387 4182 quippe
411 4114 559 4167 inter
584 4113 837 4182 baptismi
868 4123 919 4167 et
944 4112 1169 4167 dot-cudi
1200 4124 1411 4181 tempus
1434 4114 1767 4182 distinguere

204 4210 442 4269 videtur,
488 4207 832 4275 alterumque
878 4207 945 4260 ab
991 4205 1168 4259 altero
1207 4220 1311 4258 non
1345 4219 1639 4272 paucorum
1669 4219 1766 4256 an-

204 4320 385 4357 norum
436 4305 619 4373 spatio
674 4304 958 4357 dirimere.
1014 4302 1172 4357 Venit
1229 4304 1447 4372 quidem
1495 4299 1651 4355 Jesus
1698 4302 1764 4354 ad

203 4398 521 4467 baptismum
601 4396 821 4463 triginta
882 4411 1146 4449 annorum
1196 4396 1496 4460 exsistens,
1550 4394 1601 4448 id
1657 4402 1762 4458 est,

1873 1898 2239 1960 prteterquam
2269 1891 2415 1960 quod
2452 1900 2561 1945 tota
2586 1892 2763 1946 oratio
2790 1892 2926 1946 adeo
2963 1892 3067 1946 sibi
3096 1892 3354 1953 cohaeret,
3390 1902 3445 1943 nt

1874 1981 2018 2033 nulla
2058 1998 2183 2049 pars
2226 1984 2383 2037 avelli
2418 1984 2606 2050 possit,
2646 1985 2775 2053 quin
2828 1993 2940 2038 tota
2981 1984 3347 2047 dissolvatur;
3393 1994 3448 2037 et

1874 2075 2068 2144 stylus,
2100 2076 2191 2143 qui
2244 2084 2391 2130 certe
2432 2078 2617 2131 Irenrei
2650 2087 2756 2142 est,
2808 2087 2863 2131 et
2894 2077 3058 2130 verba
3107 2092 3226 2145 quae
3262 2091 3328 2129 ex
3382 2093 3449 2130 eo

1874 2167 2045 2220 refert
2090 2168 2352 2223 Eusebius
2380 2168 2475 2225 lib.
2520 2184 2580 2223 ιιι
2619 2169 2760 2223 Hist.
2792 2185 2917 2235 cap.
2944 2169 3016 2222 23
3046 2169 3131 2239 (ea
3165 2168 3443 2231 nimirum,

1873 2259 2070 2327 quibus
2096 2264 2425 2315 sententiam
2461 2276 2613 2315 suam
2655 2275 2686 2315 a
2718 2260 2947 2317 Joannis
2976 2260 3262 2330 discipulis
3297 2276 3446 2314 accts

1874 2352 2019 2422 pisse
2048 2367 2107 2409 se
2142 2354 2429 2425 proﬁtetur
2460 2356 2718 2427 lrenzeus)
2747 2370 2965 2411 omnem
3001 2356 3444 2425 interpolationis

1872 2446 2239 2515 suspicionem
2265 2448 2533 2502 eximunt.

1943 2536 2035 2591 75.
2074 2537 2312 2593 Laudem
2363 2554 2493 2594 vero
2548 2547 2792 2593 meretur
2833 2540 2977 2609 quod
3021 2540 3215 2595 scribit
3256 2549 3446 2594 auctor

1875 2636 2087 2691 noster,
2118 2627 2213 2681 lib.
2250 2644 2302 2692 v,
2352 2644 2403 2684 c.
2433 2630 2523 2692 51,
2563 2646 2618 2685 n.
2656 2632 2710 2694 1.
2747 2628 3026 2685 Christum
3058 2639 3175 2700 post
3213 2645 3443 2685 mortem

1872 2733 2029 2772 suam
2077 2721 2247 2775 tribus
2285 2721 2479 2776 diebus
2524 2732 2907 2777 conversatum
2956 2737 3078 2777 esse
3110 2740 3129 2773 ι
3169 2724 3259 2777 ubi
3290 2735 3446 2777 erant

1873 2815 2102 2877 mortui,
2135 2814 2620 2883 quemadmodum,
2676 2815 2875 2884 inquit,
2936 2814 3208 2883 Propheta
3267 2816 3345 2868 ait
3380 2818 3448 2869 de

1873 2922 1937 2959 eo
1974 2925 1985 2959 ε
2019 2905 2490 2960 Commemoratus
2525 2917 2612 2960 est
2647 2907 2908 2960 Dominus
2954 2917 3267 2961 sanctorum
3306 2924 3443 2960 mor~

1875 3008 2091 3052 tuorum
2137 3014 2385 3065 suorum,
2426 3014 2611 3052 eorum
2660 3000 2752 3067 qui
2804 3009 2934 3053 ante
2988 2999 3336 3053 dormierunt
3386 3000 3438 3051 in

1876 3102 2018 3147 terra
2067 3092 2419 3160 sepelitionis,
2457 3101 2512 3145 et
2541 3092 2822 3146 descendit
2872 3092 2937 3146 ad
2988 3106 3104 3155 eos,
3155 3092 3444 3145 extrahere

1870 3200 1967 3239 eos
2001 3197 2055 3239 et
2095 3184 2311 3238 salvare
2350 3199 2465 3241 eos.
2503 3204 2522 3236 ι
2560 3182 2671 3239 Nec
2721 3185 2902 3238 minus
2929 3184 3073 3238 clare
3100 3183 3137 3236 l.
3167 3199 3239 3248 tv,
3272 3199 3321 3237 c.
3352 3183 3442 3247 27,

1873 3292 1931 3331 n.
1975 3279 2048 3331 2:
2111 3298 2129 3327 ε
2191 3276 2479 3330 Dominutn
2526 3278 2577 3329 in
2624 3292 2723 3340 ea,
2772 3291 2895 3345 quae
2940 3284 3066 3329 sunt
3115 3275 3217 3330 sub
3261 3285 3440 3339 terra,

1870 3370 2241 3430 descendisse,
2277 3368 2742 3438 evangelizantem
2769 3378 2827 3421 et
2876 3367 2983 3421 illis
3066 3386 3086 3419 ι
3122 3370 3442 3438 (veteribus,

1870 3464 1962 3530 qui
1997 3461 2108 3528 jam
2151 3476 2181 3515 e
2218 3462 2355 3515 vivis
2406 3462 2779 3530 excesserant)
2839 3477 2858 3511 ι
2908 3462 3198 3515 adventum
3249 3478 3441 3527 suum;

1874 3554 2197 3608 remissione
2236 3564 2581 3623 peccatorum
2624 3553 2922 3607 exsistente
2962 3553 3043 3606 bis
3088 3553 3179 3621 qui
3214 3554 3448 3607 credunt

1871 3647 1925 3700 in
1961 3660 2111 3710 eum,
2136 3646 2187 3700 id
2220 3656 2305 3700 est
2333 3646 2423 3715 qui
2450 3645 2740 3699 adventum
2770 3645 2885 3712 ejus
2914 3646 3443 3713 prainuntiaverunt,

1868 3748 1925 3792 et
1966 3738 2418 3809 dispositionibus
2467 3735 2587 3804 ejus
2634 3738 2978 3801 servierunt,
3031 3737 3165 3805 justi
3210 3747 3268 3793 et
3314 3754 3441 3806 pro-

1870 3831 2073 3898 phetae,
2128 3838 2184 3884 et
2228 3830 2594 3899 patriarchae:
2632 3830 2834 3896 quibus
2887 3828 3145 3883 similiter
3180 3840 3238 3883 ut
3286 3830 3444 3884 nobis

1870 3921 2079 3976 remisit
2103 3931 2344 3992 peccata,
2371 3938 2491 3992 qua:
2522 3914 2625 3976 non
2656 3931 2876 3990 oportet
2907 3938 3004 3975 nos
3033 3923 3304 3991 imputare
3332 3924 3441 3986 his,

1870 4015 1914 4069 si
1949 4016 2240 4083 quominus
2277 4014 2677 4069 contemnimus
2708 4017 2936 4083 gratiam
2971 4014 3092 4069 Dei.
3143 4034 3164 4067 ι
3198 4015 3442 4086 Denique

1868 4105 2109 4171 ejusdem
2165 4104 2284 4157 libri
2332 4119 2384 4157 c.
2430 4103 2523 4167 22,
2578 4119 2635 4157 ιι.
2681 4104 2750 4157 l:
2803 4122 2821 4155 ι
2872 4105 3181 4173 passionem
3236 4105 3439 4159 Christi

1867 4197 2398 4267 eXpt-rgefactionetu
2440 4210 2566 4250 esse
2599 4196 2990 4249 dormientium
3024 4197 3439 4265 discipulorum,

1869 4298 2090 4358 propter
2137 4303 2273 4357 quos
2320 4298 2373 4342 et
2424 4288 2707 4342 descendit
2748 4288 2802 4342 in
2848 4287 3103 4343 inferiora
3152 4299 3333 4353 terrae,
3384 4290 3437 4343 id

1868 4381 2013 4449 quod
2060 4392 2179 4435 erat
2223 4384 2562 4450 inoperatum
2594 4380 2922 4435 conditionis
2953 4380 3192 4433 visurum
3240 4379 3436 4442 oculis,

203 4488 375 4546 ltenci
408 4505 599 4553 sensu,
633 4491 810 4543 adhuc
837 4487 1083 4555 juvenis;
1115 4502 1239 4541 nam
1280 4504 1299 4537 ι
1336 4486 1554 4555 triginta
1590 4500 1761 4539 anno-

1873 4475 1936 4529 de
1971 4476 2170 4544 quibus
2206 4485 2259 4528 et
2287 4475 2501 4530 dicebat
2534 4474 2817 4543 discipulis
2846 4491 2860 4527 :
2895 4472 3050 4527 Multi
3086 4475 3357 4542 prophetae
3382 4484 3439 4527 et

204 4599 307 4635 rum
354 4593 514 4647 aetas,
556 4601 575 4632 ι
618 4591 679 4635 ιιι
716 4581 832 4649 ipse
864 4580 958 4642 ait,
996 4597 1013 4628 ι
1053 4579 1229 4649 prima
1276 4578 1473 4632 indolis
1504 4586 1588 4631 est
1611 4577 1767 4646 juve-

204 4676 274 4729 nis
316 4694 331 4730 :
383 4694 402 4726 ι
464 4678 619 4744 prius
676 4683 857 4727 autem
913 4687 1017 4725 non
1071 4671 1219 4725 venit
1268 4668 1647 4734 Hierusalem,
1693 4668 1763 4722 ibi

204 4766 394 4822 Pascha
422 4767 686 4835 primum,
716 4778 822 4818 neu
850 4778 912 4816 ex
941 4778 1048 4831 quo
1070 4762 1394 4829 baptismum
1427 4767 1765 4827 susceperat,

204 4858 283 4910 sed
322 4872 387 4910 ex
423 4871 536 4925 quo
576 4854 754 4923 palam
807 4854 1002 4906 docere
1045 4861 1324 4920 coeperat,
1364 4848 1761 4909 celebraturus,

202 4962 350 5017 quam
398 4946 649 5016 magiStri
696 4953 915 4998 tetatem
963 4943 1262 5011 perfectam
1309 4941 1565 5003 haberet,
1601 4947 1657 4991 et
1707 4937 1760 4990 in

203 5042 394 5095 senium
424 5041 538 5110 jam
574 5036 897 5101 declinaret,
935 5036 985 5088 id
1024 5045 1130 5097 est,
1174 5043 1233 5087 ut
1266 5042 1451 5101 postea
1498 5029 1760 5100 explicat,

205 5150 387 5186 annum
462 5131 642 5185 aetatis
704 5129 1181 5199 quadragesimum
1245 5125 1556 5191 excederet.
1630 5119 1760 5173 Tria

203 5227 437 5296 proinde,
471 5240 592 5295 qua
616 5222 897 5280 Christum
928 5222 1265 5290 baptizatum
1298 5216 1566 5270 Pascbata
1602 5226 1759 5281 pere-

1866 4566 1998 4634 justi
2030 4567 2322 4636 cupierunt
2350 4564 2537 4620 videre
2558 4574 2613 4619 et
2643 4566 2851 4628 audire,
2883 4580 3003 4633 qua:
3027 4579 3125 4618 vos
3158 4564 3354 4619 videtis
3384 4574 3438 4617 ct

1868 4659 2088 4713 auditis.
2144 4677 2163 4710 ι
2219 4655 2323 4713 Ubi
2348 4658 2555 4713 diserte
2595 4658 2753 4712 docet
2798 4656 3075 4711 Christum
3116 4656 3182 4708 ad
3227 4655 3435 4708 inferna

1869 4750 2240 4817 descendisse,
2275 4762 2332 4805 ut
2378 4758 2692 4805 sanctorum
2718 4762 2783 4801 ac
2830 4746 3099 4815 iustorum
3145 4746 3438 4799 animabus

1870 4842 2151 4911 agentibus
2202 4844 2253 4896 in
2292 4842 2672 4897 subterraneis
2715 4841 2872 4906 locis,
2905 4838 3079 4893 donec
3114 4856 3211 4908 per
3246 4841 3435 4893 Salva-

1870 4935 2003 4989 toris
2048 4943 2278 4988 mortem
2330 4944 2669 4989 reseraretur
2698 4932 2919 4998 ctelum,
2954 4934 3307 4987 annuntiaret
3336 4934 3435 4986 ad-

1870 5035 2092 5081 ventum
2114 5042 2297 5094 suunt,
2323 5036 2378 5082 et
2401 5026 2637 5082 solutum
2671 5041 2700 5077 a
2737 5040 2796 5080 se
2828 5026 3214 5095 redemptionis
3240 5034 3438 5078 nostra:

1869 5118 2127 5183 pretium,
2175 5132 2382 5187 easque
2429 5117 2579 5173 illinc
2609 5118 2948 5181 extraheret,-
2993 5132 3057 5171 ac
3100 5117 3435 5185 sempiterna

1868 5208 2131 5264 felicitate
2158 5209 2388 5265 donaret

1332 5348 2003 5514 ARTICULUS
2076 5416 2298 5507 VII.

1014 5564 1105 5625 De
1149 5558 1548 5623 Pcenitentite
1591 5566 1654 5618 et
1697 5552 2115 5618 Eucharistiaa
2156 5556 2569 5613 sacramentis

274 5769 363 5826 74.
404 5766 864 5836 Antiquissimum
894 5776 1013 5816 esse
1044 5761 1096 5815 in
1129 5758 1372 5815 Ecclesia
1406 5756 1768 5814 confessionis

1879 5756 2025 5812 illius
2056 5770 2229 5819 usum,
2261 5768 2363 5823 qua
2395 5750 2514 5822 quis
2543 5746 2723 5803 omnia
2753 5752 2809 5799 et
2840 5737 3047 5811 singula
3082 5745 3205 5808 post
3238 5734 3437 5805 baptis-
