3924 6354
550 296 657 351 325

1366 289 1958 347 DlSSERTATlONES
1991 289 2298 347 PREVl/E
2334 289 2402 345 ΙΝ
2442 289 2700 346 ΙῐὶΕΝιλΕΙ
2735 289 3007 347 LIBROS.

3682 306 3768 361 39.4

552 430 701 470 mum
734 413 975 469 admissa
998 422 1223 483 peccata
1246 413 1465 469 lethalia
1495 416 1749 471 distincte
1774 422 1829 468 et
1855 413 2133 483 sigillatim
2167 416 2213 473 Α
2241 413 2367 468 dum
2397 429 2599 484 corpus
2635 417 3033 471 exterminatas
3059 430 3119 471 se
3148 417 3218 471 ab
3243 432 3328 485 eo,
3360 418 3503 475 velut
3531 426 3767 493 cupidine,

547 525 733 565 coram
766 509 869 574 eis,
900 509 990 577 qui
1034 508 1295 563 Ecclesia:
1343 518 1609 577 praesunt,
1639 508 1917 572 enuntiat,
1966 508 2131 562 fateri

546 610 818 670 c0guntur
868 599 969 668 ipsi
1007 598 1405 664 Protestantes,
1454 598 1659 655 fatetur
1704 609 1758 654 et
1792 598 1865 654 cl.
1896 598 2132 654 Grabius

547 696 601 751 in
638 698 753 751 suis
784 698 839 750 in
876 710 998 765 cap.
1027 696 1114 761 l5,
1164 695 1234 749 al.
1269 696 1324 761 9,
1360 696 1454 749 lib.
1492 710 1532 760 ι,
1560 695 1751 751 lrenaei
1785 697 2131 753 observatio-

548 793 729 847 nibus.
766 791 833 845 Et
863 792 910 845 si
943 794 1065 859 quis
1088 802 1337 863 negaret,
1369 803 1615 845 errorem
1649 788 1797 844 illico
1822 790 2132 846 revinceret

549 887 809 955 lrenreus,
842 889 1065 956 suisque
1112 886 1296 941 verbis
1341 886 1766 949 demonstraret,
1815 895 1870 940 et
1912 884 2129 941 confes—

546 980 757 1033 sionem
804 976 1284 1042 sacramentalem,
1326 985 1381 1031 et
1430 976 1737 1045 piaculares
1780 990 1994 1045 pmnas,
2032 992 2129 1047 pro

546 1070 867 1124 delictorum
906 1069 1172 1139 gravitate
1226 1068 1460 1138 majores
1510 1076 1606 1122 aut
1657 1068 1917 1135 minores,
1951 1069 2129 1139 publi-

546 1178 639 1216 cas
661 1171 750 1214 aut
778 1160 1038 1230 privatas,
1071 1178 1099 1215 a
1128 1160 1571 1230 delinquentibus
1594 1161 1879 1230 repetitas,
1918 1162 2028 1231 jam
2059 1160 2128 1217 ab

548 1252 665 1321 ipso
694 1267 809 1305 aevo
857 1252 1180 1320 apostolico,
1222 1267 1287 1306 ex
1318 1250 1524 1305 Christi
1558 1252 1788 1322 proinde
1814 1252 1931 1323 lege
1961 1262 2128 1322 atque

547 1346 821 1413 instituto,
855 1356 1112 1414 tanquam
1156 1345 1469 1399 necessaria
1508 1345 1576 1399 ad
1624 1344 1853 1400 eluenda
1898 1355 2125 1416 peccata

546 1440 785 1494 remedia
815 1437 1012 1492 usitari
1044 1437 1297 1506 coepisse.
1336 1437 1456 1492 Lib.
1499 1453 1539 1501 ι,
1583 1453 1633 1495 c.
1676 1437 1727 1501 6,
1762 1455 1818 1493 n.
1853 1439 1888 1494 5
1932 1440 2119 1508 refert,

544 1532 809 1601 quosdam
843 1548 874 1586 e
903 1530 1309 1585 Valentinianis
1345 1550 1365 1581 σ
1400 1530 1541 1585 clam
1565 1546 1659 1587 eas
1690 1531 1968 1599 mulieres,
1998 1548 2121 1603 quae

542 1622 760 1677 discunt
821 1624 892 1679 ab
954 1623 1032 1677 eis
1093 1623 1403 1678 doctrinam
1468 1626 1649 1690 hanc,
1709 1638 2120 1693 corrumpere:

543 1716 1028 1785 quemadmodum,
1059 1717 1156 1785 ait,
1187 1720 1369 1773 multae
1395 1735 1539 1791 saepe
1570 1719 1638 1774 ab
1667 1719 1749 1774 eis
1776 1734 1969 1787 suasae,
2001 1729 2125 1789 post

541 1822 819 1862 conversae
853 1810 1112 1865 mulieres
1146 1812 1213 1866 ad
1260 1811 1567 1868 Ecclesiam
1601 1813 1718 1878 Dei,
1748 1827 1874 1868 cum
1907 1813 2121 1885 reliquo

541 1915 733 1954 errore
763 1910 818 1954 et
860 1901 963 1956 hoc
992 1902 1259 1957 confessa:
1287 1912 1434 1957 sunt.
1485 1921 1505 1955 ›
1551 1903 1718 1970 Ecce,
1747 1905 2003 1961 mulieres
2051 1906 2120 1961 ab

541 1989 836 2058 barreticis,
868 2006 973 2045 non
1015 1992 1215 2061 palam,
1249 1993 1345 2048 sed
1382 1992 1542 2059 clam,
1573 1994 1843 2064 nullisque
1873 1994 2118 2052 mortali-

542 2081 666 2146 bus,
704 2082 806 2136 nisi
849 2083 955 2138 reis
980 2083 1133 2148 solis,
1166 2084 1395 2139 testibus
1424 2096 1479 2141 et
1520 2086 1779 2151 consciis,
1809 2098 2119 2158 corruptas,

540 2188 769 2241 quarum
808 2174 1036 2244 proinde
1080 2176 1312 2241 crimen,
1363 2175 1409 2229 si
1448 2177 1593 2246 quod
1632 2176 1801 2242 aliud,
1843 2178 2119 2232 occultum

540 2279 700 2322 erat:
733 2269 836 2323 hoc
868 2280 1047 2324 tamen
1076 2270 1140 2325 ad
1169 2270 1468 2326 Ecclesiam
1500 2286 1795 2338 conversae,
1826 2288 1949 2328 cum
1995 2274 2121 2328 reli-

537 2377 649 2433 quo
676 2376 862 2419 errore
886 2364 1237 2418 confitentur.
1286 2363 1397 2419 Cur
1438 2363 1554 2418 ita?
1581 2364 1698 2419 Nisi
1739 2365 1865 2434 quia
1903 2379 1969 2419 ex
2019 2364 2120 2420 Ec-

537 2457 719 2512 clesia.-
750 2457 854 2511 ﬁde
902 2468 1066 2522 atque
1105 2458 1356 2513 doctrina
1408 2458 1804 2528 intelligebant,
1851 2459 2116 2530 ejusmodi

538 2548 939 2603 confessionem
984 2548 1088 2603 sibi
1139 2549 1509 2604 necessariam
1561 2564 1682 2605 esse
1712 2552 1778 2605 ad
1828 2552 2115 2607 eluendam

535 2648 889 2711 peccatorum
929 2641 1242 2696 maculam?
1270 2640 1325 2695 ld
1368 2644 1588 2712 quidem
1616 2658 1681 2698 ex
1716 2644 1905 2699 [rentei
1934 2645 2117 2700 verbis

536 2730 719 2799 colligi
752 2746 912 2800 posse
947 2742 1109 2794 negat
1140 2731 1400 2796 Grabius,
1433 2734 1529 2789 sed
1560 2749 1845 2803 perperam
1871 2746 1925 2791 et
1945 2738 2119 2806 gratis

538 2824 764 2879 omnino
795 2835 977 2894 negat.
1022 2824 1160 2890 Quid
1186 2828 1332 2880 enim
1364 2827 1511 2881 aliud
1539 2828 1819 2893 mulieres,
1847 2845 1984 2899 quas
2004 2846 2116 2900 prze

536 2919 753 2974 ctrteris
796 2918 960 2973 allicit
1013 2921 1381 2986 verecundia,
1434 2922 1501 2974 ad
1555 2923 1850 2994 retegenda
1905 2924 2114 2978 occulta

534 3010 766 3063 crimina
819 3008 1135 3082 [CXXXIX]
1196 3018 1346 3066 tanto
1391 3026 1513 3066 cum
1565 3011 1725 3068 fama
1777 3024 1832 3069 et
1886 3016 2113 3071 honoris

2237 517 2295 561 et
2321 505 2690 562 inflammatas
2723 509 2881 564 valde
2916 508 3066 562 illum
3110 522 3169 564 se
3200 509 3480 580 dilexisse;
3509 523 3564 567 ut
3590 524 3641 568 et
3667 516 3766 571 dia-

2235 615 2405 657 conus
2422 599 2644 678 quidam
2669 615 2880 667 eorum,
2906 601 2999 671 qui
3028 612 3156 656 sunt
3182 602 3235 656 in
3264 603 3389 658 Asia
3417 606 3603 671 nostri,
3627 611 3765 663 susci-

2233 690 2391 760 piens
2420 703 2543 744 eum
2577 692 2630 745 in
2667 691 2885 746 domum
2919 708 3100 759 suam,
3132 693 3383 751 inciderit
3411 696 3464 751 in
3499 697 3764 767 huiusmodi

2232 783 2627 839 calamitatem.
2660 782 2796 838 Nam
2844 800 2966 840 cum
3012 802 3150 841 uxor
3202 789 3319 859 ejus
3366 801 3507 846 esset
3530 796 3767 862 speciosa,

2232 885 2289 930 et
2316 878 2595 932 sententia
2624 886 2679 930 et
2707 892 2942 947 corpore
2971 891 3227 951 corrupta
3260 894 3401 939 esset
3438 899 3466 938 a
3496 900 3641 955 mago
3665 886 3766 953 isto,

2232 980 2289 1024 et
2326 979 2512 1025 secuta
2558 985 2682 1024 eum
2724 980 2871 1026 esset
2921 974 3093 1029 multo
3146 984 3409 1045 tempore,
3458 986 3575 1048 post
3608 979 3768 1036 deinde

2230 1078 2354 1118 cum
2387 1080 2585 1135 magno
2616 1065 2804 1120 labore
2833 1065 3039 1121 fratres
3065 1082 3185 1122 eam
3209 1070 3615 1140 convertissem,
3638 1088 3768 1129 omne

2235 1167 2449 1228 tempus
2478 1159 2531 1214 in
2563 1159 2971 1231 exbomologesi
3016 1166 3434 1224 consummavit.
3464 1164 3701 1233 plangens
3727 1178 3768 1221 et

2228 1246 2540 1306 lamentans
2571 1252 2642 1307 ob
2673 1252 2835 1319 hanc,
2866 1268 3027 1323 quam
3071 1268 3233 1323 passa
3265 1264 3348 1310 est
3377 1256 3447 1312 ab
3490 1256 3587 1312 hoc
3618 1274 3767 1331 mago,

2228 1342 2617 1411 corruptelam.
2646 1361 2664 1394 ι
2711 1343 2968 1399 Mulieres
3012 1344 3115 1399 illa
3157 1360 3267 1400 non
3318 1356 3523 1401 tantum
3564 1348 3767 1405 abditum

2227 1435 2436 1489 crimen
2484 1436 2837 1503 confitentur,
2882 1436 2978 1491 sed
3022 1433 3081 1490 e't
3122 1438 3526 1494 occultissimas
3561 1437 3765 1509 ejusdem

2227 1527 2476 1582 criminis
2538 1528 2990 1583 circumstantias
3043 1530 3328 1598 aperiunt,
3396 1529 3600 1587 scilicet
3652 1535 3767 1600 quod

2226 1618 2469 1674 Marcum
2515 1621 2899 1689 deperiissent,
2937 1620 3180 1691 illudque
3223 1623 3539 1693 paenitentia
3586 1624 3764 1695 publica

2225 1710 2325 1767 sibi
2372 1725 2402 1764 a
2440 1710 2821 1766 sacerdotibus
2856 1712 3109 1782 imposita
3155 1713 3339 1769 eluere
3380 1724 3642 1786 satagunt.
3676 1716 3766 1772 Hoc

2225 1802 2402 1873 ipsum
2427 1803 2787 1858 confirmatur
2815 1819 2885 1859 ex
2916 1804 3003 1872 iis,
3038 1819 3158 1873 quae
3184 1806 3337 1861 addit
3384 1804 3609 1863 lrenzeus
3644 1826 3691 1863 n.
3724 1810 3763 1875 7,

2222 1895 2392 1950 Marci
2436 1895 2731 1965 discipulos
2768 1913 2786 1947 ι
2815 1896 3016 1952 multas
3040 1918 3059 1950 ι
3101 1898 3155 1952 in
3196 1898 3419 1967 regione
3459 1899 3765 1970 Lugdunensi

2227 2008 2247 2043 ι
2272 1980 2558 2045 seduxisse
2589 1987 2872 2055 mulieres,
2904 2005 3025 2059 qua:
3052 1993 3421 2046 cauterizatas
3444 1994 3765 2049 conscientias

2221 2085 2504 2147 habentes,
2539 2084 2788 2153 quaedam
2820 2082 3043 2151 quidem
3079 2083 3134 2138 in
3168 2085 3464 2139 manifesto
3530 2088 3763 2143 exomolo-

2220 2176 2372 2247 gesin
2402 2175 2641 2242 faciunt,
2671 2177 2915 2245 quaedam
2952 2191 3084 2230 vero
3122 2185 3447 2231 reverentes
3475 2176 3577 2232 hoc
3600 2178 3765 2246 ipsum,

2221 2270 2275 2324 in
2335 2268 2553 2324 silentio
2610 2256 2813 2325 sensim
2868 2268 3193 2337 semetipsas
3244 2268 3551 2336 retrahunt,
3602 2269 3764 2336 despe-

2221 2372 2410 2418 rantes
2440 2377 2471 2417 a
2501 2364 2611 2417 vita
2642 2362 2765 2428 Dei;
2794 2363 3042 2432 qumdam
3073 2362 3291 2432 quidem
3324 2363 3381 2417 in
3414 2371 3580 2416 totum
3610 2363 3767 2417 abceso

2220 2464 2442 2521 serunt;
2472 2454 2717 2522 quaedam
2749 2465 2934 2508 autem
2963 2453 3109 2506 inter
3136 2462 3433 2523 utrumque
3457 2452 3704 2519 dubitant,
3725 2462 3768 2507 et

2220 2549 2365 2617 quod
2410 2557 2496 2602 est
2541 2546 2818 2617 proverbii
2852 2560 3027 2616 passa:
3056 2555 3207 2612 sunt,
3234 2562 3415 2615 neque
3440 2548 3601 2612 intus,
3624 2560 3768 2615 neque

2221 2640 2353 2697 foris
2389 2640 2744 2706 exsistentes,
2790 2640 2937 2694 hunc
2978 2636 3217 2693 fructum
3271 2640 3539 2696 habentes
3577 2639 3767 2694 seminis

2218 2732 2457 2787 filiorum
2496 2730 2810 2801 agnitionis.
2836 2748 2855 2783 ι
2887 2729 2965 2784 Ex
3000 2730 3104 2786 hoc
3142 2730 3263 2786 loco
3294 2732 3660 2802 paenitentiam
3684 2748 3766 2801 pu-

2218 2826 2415 2882 blicam
2453 2824 2508 2879 in
2548 2825 2725 2894 prisca
2771 2821 3017 2879 Ecclesia
3061 2824 3318 2879 usitatam
3363 2826 3558 2891 fuisse,
3607 2827 3769 2879 merito

2217 2918 2481 2987 colligunt
2501 2916 2809 2973 doctissimi
2835 2932 2900 2973 ac
2928 2918 3084 2973 bonae
3110 2918 3391 2973 memoria:
3416 2918 3518 2972 viri
3545 2916 3713 2972 Billius
3729 2928 3770 2970 et

2217 3011 2643 3067 Feuardentius.
2678 3010 2792 3081 Ego
2822 3025 2978 3079 vero,
3009 3010 3086 3065 ait
3116 3009 3188 3065 cl.
3225 3008 3488 3077 Grabius,
3520 3019 3573 3064 et
3596 3008 3769 3064 confes-

537 3100 843 3169 dispendio,
877 3100 1219 3170 impulisset?
1242 3103 1323 3155 An
1349 3102 1463 3157 sola
1494 3104 1856 3160 confessionis
1873 3105 2111 3163 utilitas?
2136 3114 2184 3174 ο
2215 3106 2420 3161 sionem
2456 3104 2730 3175 publicam
2764 3105 3093 3175 quandoque
3123 3102 3325 3157 factam
3353 3104 3558 3159 exinde
3579 3104 3771 3157 demon-

534 3196 605 3245 At
656 3202 808 3248 certe
865 3192 1035 3248 levius
1091 3194 1506 3249 incitamentum
1558 3204 1675 3261 est,
1726 3211 1889 3265 quam
1942 3207 2003 3252 ut
2048 3213 2115 3253 eo

538 3282 714 3350 rumpi
743 3282 954 3361 possint
990 3283 1088 3350 illi,
1137 3298 1275 3352 quos
1318 3288 1546 3353 opponit
1595 3286 1791 3341 insitus
1838 3303 1868 3341 a
1919 3297 2115 3343 natura

536 3374 734 3442 pudor,
783 3376 1003 3441 obices;
1038 3378 1082 3431 si
1137 3378 1377 3432 maxime
1429 3378 1611 3448 aliqua
1666 3380 1772 3435 alia
1825 3381 2116 3451 minusque

538 3465 767 3519 molesta
809 3466 1021 3521 ratione
1057 3466 1164 3520 elui
1202 3468 1435 3522 crimina
1471 3478 1588 3526 tuto
1630 3472 1864 3540 possint.
1896 3472 2114 3530 Testem

535 3558 714 3627 ipsum
756 3557 969 3628 appello
1014 3558 1301 3625 Grabium,
1345 3562 1411 3616 iis
1460 3561 1513 3616 in
1556 3564 1871 3633 regionibus
1909 3566 2114 3635 degen-

537 3659 669 3716 tem,
703 3650 755 3704 in
797 3652 999 3719 quibus
1028 3665 1259 3707 excusso
1306 3656 1485 3723 gravi,
1529 3664 1587 3710 ut
1632 3665 1850 3723 vocant,
1896 3659 2115 3714 confes-

534 3743 705 3799 sionis
742 3744 897 3815 jugo,
932 3744 1079 3799 illius
1123 3746 1387 3802 duntaxat
1432 3750 1641 3804 utilitas
1673 3752 2111 3819 commendatur,

532 3838 834 3891 necessitas
870 3852 998 3892 vero
1045 3850 1273 3910 negatur
1322 3860 1337 3895 :
1366 3857 1434 3896 an
1470 3858 1705 3913 unquam
1740 3845 1971 3912 audivit,
2008 3845 2112 3900 ali-

532 3944 671 3998 quas
716 3944 830 3983 sure
890 3942 1055 3987 sectae
1106 3935 1370 3991 mulieres
1431 3936 1741 3990 clanculum
1792 3948 2109 4009 corruptas,

533 4023 732 4077 adiisse
768 4024 1070 4090 ministros,
1096 4036 1154 4081 ut
1179 4041 1365 4082 coram
1399 4028 1479 4083 eis
1508 4029 1783 4084 occultum
1814 4029 1946 4086 illud
1988 4045 2111 4086 sce-

531 4112 619 4167 lus
645 4116 886 4184 nullique
909 4127 1113 4184 notum,
1142 4127 1453 4189 retegerent
1480 4135 1544 4177 ac
1574 4121 2014 4178 confiterentur?
2036 4121 2112 4179 Ne

532 4227 698 4263 Itlttlm
728 4211 971 4278 quidem,
1000 4214 1043 4267 si
1074 4216 1220 4283 quod
1269 4230 1354 4269 res
1385 4226 1467 4271 est
1496 4217 1727 4272 candide
1757 4216 1920 4271 fateri
1954 4218 2108 4285 velit,

530 4302 841 4372 exetnplum
898 4306 1146 4373 proferre
1189 4308 1411 4375 poterit.
1492 4308 1808 4365 Breviorem
1865 4309 2005 4363 forte
2055 4320 2111 4364 et

529 4397 924 4464 expeditiorem
958 4398 1098 4453 viam
1122 4398 1263 4455 hanc
1295 4401 1477 4456 dicant
1503 4403 1734 4458 ministri
1766 4404 1831 4458 ad
1862 4405 2110 4459 obtinen-

529 4486 655 4537 dam
684 4501 955 4541 noxarum
985 4490 1238 4556 veniam;
1291 4507 1359 4547 ex
1411 4508 1522 4562 quo
1548 4496 1716 4549 semel
1766 4495 1926 4551 aliam
1977 4511 2106 4565 ape-

532 4578 699 4643 riunt,
733 4594 836 4646 qua
866 4582 989 4648 quis
1016 4584 1175 4637 fama:
1206 4585 1366 4638 simul
1405 4597 1460 4640 et
1493 4587 1654 4640 saluti
1698 4597 1811 4642 tuto
1833 4589 2104 4657 consulat,

530 4670 665 4736 hac,
714 4686 771 4727 ut
822 4686 953 4729 sunt
1010 4678 1299 4743 homines,
1346 4679 1601 4736 incedent
1648 4684 1891 4752 quique,
1936 4685 2104 4753 priori

529 4763 683 4819 nulli.

602 4856 689 4910 75.
726 4858 879 4924 Quod
916 4871 1095 4917 autem
1140 4863 1366 4919 forsitan
1400 4879 1467 4919 ne
1502 4866 1669 4921 semel
1716 4866 1932 4935 quidem
1964 4868 2105 4936 apud

529 4950 900 5008 Protestautes
931 4957 1131 5012 factum
1162 4969 1267 5027 est,
1312 4960 1500 5015 Irenzei
1533 4961 1869 5030 temporibus
1904 4963 2104 5030 passim

528 5044 581 5098 in
644 5044 887 5100 Ecclesia
934 5048 1119 5104 fiebat.
1170 5048 1434 5105 Invictum
1490 5060 1640 5105 certe
1694 5061 2101 5117 argumentum,

526 5136 692 5191 aliam
742 5139 913 5193 fuisse
970 5156 1211 5207 causam,
1262 5159 1385 5213 quae
1437 5143 1685 5198 homines
1741 5145 1806 5197 ad
1861 5144 2105 5198 occulto-

528 5245 645 5283 rum
687 5231 983 5285 criminum
1012 5234 1413 5288 confessionem
1448 5236 1775 5305 impelleret,
1807 5251 1973 5305 qnam
2015 5252 2105 5292 so-

524 5320 629 5376 lam
677 5323 822 5377 illius
869 5322 1183 5377 utilitatem.
1226 5324 1422 5381 Narrat
1464 5329 1730 5396 siquidem
1774 5330 1965 5384 eodem
2004 5330 2098 5389 lib.

520 5429 573 5468 c.
605 5413 694 5479 l5,
720 5430 776 5468 n.
799 5414 853 5478 5,
882 5426 1109 5468 sanctus
1142 5416 1355 5483 doctor,
1379 5416 1616 5471 Marcum
1642 5418 2097 5489 praestigiatorem

521 5507 764 5574 philtris,
824 5509 1052 5577 aliisque
1100 5511 1449 5566 vetcratoriis
1494 5513 1725 5579 artibus,
1776 5514 2101 5569 mulieribus

522 5601 749 5656 insidias
777 5602 1068 5667 struxisse,
1101 5602 1453 5673 pluriumque
1480 5607 1694 5662 demum
1733 5626 1751 5659 ι
1778 5609 2098 5675 corporibus

520 5694 903 5747 contumeliam
953 5695 1248 5764 irrogasse.
1312 5695 1401 5749 liae
1450 5712 1578 5751 vero
1620 5698 1918 5768 saepissime
1962 5716 2095 5755 con-

520 5797 692 5841 versa:
732 5788 797 5841 ad
836 5787 1136 5846 Ecclesium
1169 5790 1284 5857 Dei,
1321 5792 1585 5849 confessa:
1613 5803 1761 5859 Sunt,
1808 5804 1861 5848 et
1896 5805 2094 5849 secun-

2217 3200 2380 3255 strari
2417 3208 2572 3269 puto.
2622 3198 2959 3254 Putaverant
3001 3206 3057 3251 et
3102 3196 3216 3261 alii,
3260 3204 3315 3253 et
3355 3205 3509 3252 recte
3547 3195 3766 3267 quidem;

2218 3293 2336 3349 lucc
2363 3293 2511 3348 enim
2545 3292 2611 3347 ad
2647 3292 2795 3347 illam
2837 3289 3208 3354 referebatur,
3250 3297 3311 3344 ut
3344 3299 3549 3344 norunt
3583 3301 3767 3351 omnes;

2218 3384 2316 3441 sed
2343 3385 2563 3454 utrique
2592 3383 2820 3452 praeibat
2850 3381 3124 3438 confessio
3156 3382 3393 3448 privata,
3430 3396 3533 3451 qua
3564 3380 3676 3451 quis
3693 3393 3763 3432 co-

2217 3492 2332 3532 ram
2369 3476 2614 3548 legitimo
2661 3485 2884 3544 pastore
2930 3474 3020 3529 vel
3073 3474 3359 3529 sacerdote
3413 3475 3540 3530 huic
3588 3471 3768 3529 muneri

2216 3568 2497 3639 prtefecto,
2533 3576 2887 3638 peccatorum
2928 3575 3041 3620 tum
3072 3564 3438 3630 occultorum,
3475 3578 3583 3620 tum
3613 3563 3768 3634 publi-

2216 3676 2425 3727 corum,
2491 3659 2539 3715 si
2608 3674 2731 3729 quae
2794 3667 2981 3723 erant,
3039 3656 3461 3714 enumeratione
3518 3657 3670 3721 facta,
3719 3668 3768 3708 ea

2215 3752 2559 3824 postmodum
2602 3752 2819 3821 publice
2854 3753 3247 3815 confitebatur,
3287 3766 3411 3820 qua:
3446 3750 3618 3820 palam
3646 3746 3770 3801 evul-

2215 3842 2329 3915 gari
2372 3856 2535 3911 posse
2577 3856 2639 3897 ac
2680 3840 2902 3908 debere,
2936 3841 3083 3897 nullo
3111 3856 3237 3896 cum
3268 3838 3583 3894 confitentis
3608 3834 3769 3893 discrio

2216 3935 2386 4003 mine,
2420 3935 2766 4005 servatisque
2791 3934 3094 4004 prudentiae
3136 3948 3201 3989 ac
3246 3932 3544 3987 charitatis
3570 3929 3765 3999 legibus,

2214 4036 2508 4081 censuerat
2553 4027 2834 4083 sacerdos.
2883 4025 3128 4096 Utraque
3174 4040 3304 4081 vero
3349 4023 3644 4089 confessio,
3690 4033 3767 4075 seu

2212 4122 2449 4191 privata,
2474 4134 2568 4175 seu
2597 4120 2833 4190 publica,
2866 4118 3286 4175 sacramentalis
3320 4128 3445 4173 erat
3474 4136 3488 4172 :
3514 4126 3768 4183 utramque

2214 4212 2803 4283 excipiebatimposita
2840 4212 3285 4282 delinquentibus
3316 4212 3583 4266 canonica
3622 4206 3769 4278 paeni-

2216 4306 2405 4369 tentia,
2437 4305 2576 4359 hanc
2600 4305 2873 4360 absolutio
2898 4322 2925 4358 a
2958 4307 3219 4375 peccatis,
3246 4315 3300 4360 et
3323 4305 3571 4373 corporis
3589 4297 3767 4357 Christi

2214 4398 2548 4469 suscipiendi
2590 4398 2845 4453 facultas.
2883 4398 3012 4453 Habe
3054 4399 3255 4453 leviter
3293 4400 3627 4469 perstringo,
3662 4392 3765 4462 quia

2218 4490 2345 4545 trita
2376 4500 2433 4546 et
2462 4491 2718 4547 omnibus
2756 4502 3059 4561 perspecta.
3092 4490 3199 4546 Sed
3243 4492 3378 4546 adeo
3415 4492 3641 4546 liberum
3678 4499 3765 4539 non

2214 4591 2337 4638 erat
2352 4583 2739 4653 peccatoribus
2761 4597 2855 4638 seu
2876 4583 3156 4652 privatim,
3171 4597 3265 4637 seu
3289 4582 3507 4653 publice
3523 4576 3765 4637 confiteri,

2218 4684 2300 4743 ut,
2334 4676 2541 4733 Irenaeo
2585 4686 2741 4743 teste,
2783 4692 2815 4733 e
2863 4677 3186 4733 rnulierihus
3227 4678 3335 4732 illis
3377 4696 3397 4729 ε
3423 4675 3766 4731 cauterizatas

2210 4769 2549 4823 habentibus
2605 4767 3013 4824 conscientias:
3068 4770 3345 4841 quaedam,
3394 4784 3522 4825 cum
3566 4766 3769 4838 puderet

2214 4863 2393 4918 latens
2428 4862 2582 4916 ulcus
2614 4872 2881 4931 retegere,
2942 4872 3282 4932 terreretque
3325 4862 3659 4928 paenitentia:
3686 4870 3766 4911 seu

2208 4971 2269 5011 es
2280 4955 2697 5025 homologeseos
2720 4957 3046 5022 remedium,
3067 4956 3306 5009 animum
3339 4957 3540 5009 misere
3565 4953 3768 5021 despon-

2207 5047 2407 5103 dentes
2468 5047 2538 5100 ab
2587 5045 2832 5101 Ecclesia
2871 5047 3188 5113 deficerent,
3222 5047 3305 5100 vel
3347 5046 3491 5100 inter
3535 5059 3679 5115 spem
3722 5050 3770 5094 ct

2208 5151 2416 5194 metum
2447 5140 2629 5193 animo
2658 5140 2987 5207 pendentes,
3032 5155 3206 5209 neque
3235 5140 3401 5202 intus,
3434 5153 3611 5208 neque
3652 5134 3767 5189 foris

2204 5236 2563 5289 exsisterent.
2580 5233 2745 5289 Certe
2762 5234 2807 5287 si
2824 5250 2932 5302 quo
2950 5235 3056 5289 alio
3080 5235 3179 5289 sibi
3203 5234 3331 5303 ipsae
3349 5232 3607 5302 opitulari
3626 5242 3768 5300 posse

2206 5326 2451 5381 remedio
2473 5328 2979 5383 existimassentea:
3001 5326 3287 5392 mulieres;
3318 5328 3361 5380 si
3396 5328 3487 5379 uni
3515 5326 3623 5379 Deo
3639 5322 3767 5375 facta

2203 5420 2502 5485 confessio,
2552 5423 2875 5490 privataque
2916 5428 3113 5489 sponte
3162 5430 3412 5488 suscepta
3463 5416 3764 5488 ptenitentia

2203 5511 2503 5567 sceleribus
2530 5513 2815 5582 expiandis
2842 5513 2976 5566 satis
3004 5512 3219 5578 fuisset,
3247 5514 3377 5581 quid
3404 5504 3768 5579 ambigebant?

2202 5605 2331 5673 quid
2361 5606 2430 5660 ab
2462 5606 2702 5659 Ecclesia
2736 5605 3082 5669 deficiebant,
3114 5604 3198 5658 vel
3227 5606 3408 5658 animo
3440 5604 3615 5656 dubia:
3641 5602 3768 5653 inter

2201 5697 2559 5752 defectionem
2612 5707 2667 5750 et
2710 5696 3220 5751 reconciliationem
3276 5695 3591 5751 haerebant?
3638 5693 3763 5757 Quin

2200 5792 2382 5861 potius
2434 5801 2542 5845 tam
2595 5790 2742 5845 facili
2776 5788 3019 5846 remedio
3064 5790 3168 5845 sibi
3220 5791 3348 5859 ipsa:
3389 5779 3766 5845 consulebant?
