3924 6354
167 345 257 400 335

1055 341 1514 400 DISSERTATIO
1550 340 1636 406 ΙΙΙ,
1674 341 1762 396 DE
1797 342 2057 397 lR‘EN/El
2098 342 2463 400 DOCTRINA.

3282 342 3386 397 5‘26

168 464 349 518 Nodum
377 461 521 514 hunc
566 459 768 525 solvat,
807 460 854 513 si
893 460 1082 529 possit,
1127 461 1385 524 Grabius,
1420 462 1712 530 videatque
1741 466 1783 519 A
1816 477 1967 515 nova:
2012 461 2143 531 legi,
2186 477 2441 532 veraeque
2474 461 2773 527 sanctitati,
2820 477 2982 531 quam
3029 476 3124 530 per
3168 475 3228 516 se
3272 464 3386 531 ipsa

165 572 274 612 num
307 554 439 622 apud
470 569 603 609 suos
633 554 901 624 ejusmodi
930 554 1119 623 pudor,
1151 564 1244 608 aut
1280 555 1551 618 anxietas,
1585 570 1710 622 pec-

165 656 378 703 catorum
406 656 622 702 mentes
653 663 885 717 usquam
918 647 1157 702 torserit.
1187 648 1270 701 Ne
1299 646 1563 715 ejusmodi
1593 661 1711 699 am-

164 739 360 807 bagibus
418 754 658 808 unquam
730 740 1178 809 implicarentur,
1250 718 1494 793 abscissa.
1561 737 1712 805 peni-

165 841 328 897 tusque
356 839 567 884 resecta
602 838 683 884 tot
721 829 1094 885 molestiarum
1135 843 1322 897 causa,
1354 828 1583 883 sollicite
1616 842 1711 881 ca-

162 931 346 974 verunt.
398 922 505 977 Sed
550 932 660 978 tam
709 925 1025 994 expeditum
1079 923 1274 979 salutis
1321 923 1427 977 iter
1478 922 1710 976 necdum

162 1013 315 1067 hereri
344 1024 507 1070 aetate
540 1024 725 1071 notum
759 1026 900 1072 erat.

216 1107 291 1161 76.
349 1107 432 1162 De
484 1109 845 1164 Eucharistia:
900 1119 1250 1165 sacramento
1298 1107 1430 1177 quid
1478 1107 1714 1162 senserit

159 1199 387 1268 Irenaaus,
438 1202 692 1270 pluribus
721 1204 772 1256 in
815 1202 949 1257 locis
984 1218 1112 1257 mox
1156 1200 1529 1257 memorandis
1574 1199 1714 1254 dilu-

159 1295 254 1348 cide
296 1298 498 1363 aperit.
549 1296 627 1349 Ac
670 1296 848 1365 primo
892 1296 1112 1365 quidem
1166 1295 1295 1349 illud
1333 1291 1710 1354 recolendum,

159 1387 273 1455 quod
320 1390 371 1440 in
431 1389 655 1442 dissert.
713 1389 738 1441 l
794 1388 862 1445 de
917 1385 1084 1442 Marci
1133 1386 1421 1458 praestigiis
1492 1395 1714 1454 agentes

158 1481 489 1543 ostendimus,
521 1488 627 1534 tam
658 1480 768 1536 alte
796 1496 983 1535 eorum
1012 1478 1256 1534 omnium
1280 1478 1370 1549 qui
1399 1476 1715 1533 Christiano

159 1571 348 1625 nomine
381 1582 665 1639 utcunque
699 1571 1084 1642 gloriarentur,
1130 1570 1441 1641 pectoribus
1489 1569 1714 1624 inﬁxum

157 1661 319 1725 fuisse,
349 1663 759 1717 Eucharistiam
798 1677 988 1717 verum
1021 1675 1141 1715 esse
1172 1676 1371 1730 corpus
1406 1670 1461 1714 et
1498 1657 1718 1728 sangui-

158 1770 258 1807 nem
287 1754 520 1819 Christi,
550 1764 605 1808 et
637 1770 834 1824 panem
863 1769 926 1809 ac
956 1754 1140 1809 vinum
1184 1768 1279 1822 per
1317 1750 1715 1805 invocationem

159 1846 369 1915 Spiritus
416 1847 622 1911 sancti,
665 1859 724 1902 et
767 1862 921 1904 sacra
966 1847 1134 1901 verba
1180 1860 1305 1898 vere
1339 1842 1612 1905 converti,
1654 1857 1720 1896 eo

157 1942 513 1995 conversionis
538 1940 917 2010 genere,quod
947 1938 1471 1993 transsubstantiatio
1498 1936 1720 1998 dicitur,

156 2035 200 2088 in
225 2036 391 2104 ipsum
418 2032 627 2087 Christi
664 2047 861 2103 corpus
897 2041 952 2086 et
985 2031 1328 2101 sanguinem,
1368 2038 1427 2082 ut
1468 2028 1724 2097 proﬂigao

157 2128 330 2182 tissimi
368 2126 620 2179 omnium
656 2127 1041 2180 hcereticorum
1080 2122 1333 2178 Marcosii
1375 2122 1517 2176 hanc
1549 2119 1723 2175 oculis

155 2224 270 2290 ipsis
327 2220 598 2274 exhibere
655 2218 950 2289 praestigiis
1006 2218 1123 2273 suis
1172 2227 1527 2289 conarentur.
1583 2214 1720 2269 Cum

154 2316 282 2369 enim
308 2313 480 2383 probe
511 2312 768 2366 conscius
794 2318 936 2364 esset
962 2308 1199 2374 Marcus,
1230 2306 1430 2362 nullam
1460 2306 1564 2362 sibi
1590 2304 1722 2359 ofl‘e-

156 2408 294 2461 rendi
374 2404 643 2460 sacrificii
730 2402 1089 2457 Eucharistici
1176 2409 1500 2471 potestatem
1581 2412 1721 2462 esse,

153 2501 386 2567 hancque
418 2496 489 2549 ad
526 2510 624 2549 eos
669 2493 929 2547 duntaxat
957 2494 1254 2563 pertinere,
1283 2493 1375 2561 qui
1420 2506 1516 2561 per
1548 2490 1725 2558 legiti-

154 2608 285 2646 mam
316 2607 579 2644 manuum
609 2591 1013 2659 impositionem
1045 2585 1351 2641 consecrati
1389 2590 1512 2638 sunt
1541 2597 1728 2637 sacer-

154 2688 320 2747 dotes;
354 2694 413 2737 ut
447 2691 634 2736 tamen
669 2697 731 2736 ea
777 2697 837 2735 se
866 2681 1128 2734 divinitus
1168 2678 1235 2732 ab
1266 2673 1599 2738 Achamoth,
1639 2688 1728 2728 se-

151 2779 345 2831 minum
375 2774 667 2831 electionis
692 2784 889 2835 matre,
919 2773 1179 2826 donatum
1203 2786 1325 2825 esse
1361 2772 1472 2824 suis
1499 2784 1729 2838 persua-

151 2872 311 2933 deret,
366 2870 420 2923 id
469 2866 686 2920 eﬂicere
741 2881 801 2919 se
848 2866 1075 2936 magicis
1119 2865 1352 2927 artibus,
1408 2877 1473 2917 ac
1522 2859 1725 2915 visibili

150 2964 349 3017 ratione
383 2971 498 3015 tam
547 2960 714 3029 impie
752 2975 915 3031 quam
953 2958 1181 3013 ridicule
1226 2956 1539 3020 simulabat,
1583 2955 1727 3024 quod

152 3071 207 3110 re
230 3066 283 3109 et
307 3070 462 3119 vere,
506 3052 774 3107 invisibili
816 3062 998 3106 tamen
1050 3050 1211 3105 modo
1241 3047 1577 3119 peragebant
1610 3047 1726 3101 veri

1750 1819 1792 1873 B

1812 564 2074 624 prmstare
2106 570 2213 608 non
2246 563 2492 623 poterat;
2545 563 2655 607 tum
2687 556 2905 608 demum
2943 570 3066 623 cap.
3110 554 3177 607 l7
3202 564 3258 607 et
3299 554 3387 617 18.

1810 646 2072 710 ostendit,
2098 646 2265 699 Deum
2287 656 2476 700 vetera
2503 646 2774 700 sacriﬁcia
2799 646 2981 701 offerri
3009 646 3117 701 sibi
3141 662 3169 698 a
3194 644 3392 699 Judaais

1813 723 2161 809 praecepisse,
2190 755 2295 795 non
2324 742 2466 807 quod
2499 739 2565 793 iis
2594 739 2883 807 indigeret,
2907 738 3001 791 sed
3028 738 3172 807 quod
3203 750 3391 791 eorum

1815 832 2126 886 inﬁrmitati
2172 832 2285 887 haec
2329 832 2657 900 indulgenda
2704 845 2825 884 esse
2866 832 3189 896 censuisset,
3237 845 3301 882 ne
3343 830 3394 882 in

1815 924 2181 979 idololatriam
2227 925 2602 988 declinarent;
2642 939 2744 976 non
2775 923 2920 991 quod
2967 937 3064 991 per
3100 936 3161 974 ea
3209 937 3393 975 veram

1808 1017 2083 1085 justitiam
2115 1016 2473 1072 offerentibus
2521 1016 2813 1087 impertiri,
2861 1016 2956 1068 sed
2997 1012 3141 1082 quod
3188 1011 3394 1064 Novum

1816 1112 2252 1183 Testamentum,
2284 1123 2582 1177 verumque
2607 1122 2670 1161 ac
2697 1121 2891 1175 purum
2925 1104 3169 1173 ejusdem
3201 1102 3395 1156 Testa-

1816 1202 1985 1257 menti
2028 1200 2361 1257 sacriﬁcium
2405 1207 2460 1254 et
2507 1198 2835 1253 oblationem
2882 1194 3176 1263 signiﬁcari
3215 1192 3392 1249 vellet.

1818 1295 1910 1352 Sic
1960 1294 2127 1365 igitur
2172 1293 2484 1364 abroganda
2534 1292 2701 1345 fuisse
2754 1302 2944 1344 vetera
2998 1287 3292 1350 sacriﬁcia,
3341 1296 3399 1338 ut

1817 1402 1993 1460 genus
2018 1388 2290 1457 integrum
2317 1394 2653 1445 servaretur,
2681 1382 2889 1452 species
2913 1380 3179 1434 duntaxat
3205 1379 3399 1432 immu-

1821 1489 2055 1536 taretur.
2080 1477 2188 1533 Sua
2214 1476 2485 1546 siquidem
2516 1475 2731 1543 utrique
2754 1472 3106 1527 Testamento
3125 1471 3393 1525 sacriﬁcia

1819 1588 1940 1627 esse
1976 1572 2303 1634 debuerunt,
2339 1568 2433 1623 sed
2468 1567 2573 1621 alia
2604 1567 2811 1620 umbra:
2837 1575 2893 1619 et
2921 1565 3125 1633 ﬁgurae,
3150 1563 3252 1616 alia
3282 1562 3394 1630 ipsa

1820 1666 2055 1730 veritas;
2083 1662 2187 1717 alia
2215 1675 2526 1725 servorum,
2552 1658 2653 1713 alia
2686 1658 2981 1712 liberorum
3012 1659 3261 1724 propria;
3289 1655 3397 1708 alia

1822 1771 2027 1822 crassa,
2072 1763 2127 1809 et
2176 1769 2308 1807 vera
2363 1752 2659 1808 sanctitate
2706 1764 2897 1812 vacua,
2948 1747 3052 1802 alia
3100 1750 3296 1800 munda
3345 1754 3402 1800 et

1822 1870 1979 1923 pura,
2032 1851 2234 1922 quibus
2279 1850 2332 1903 in
2392 1848 2590 1917 spiritu
2633 1855 2689 1900 et
2734 1844 2965 1899 veritate
3011 1843 3206 1897 colitur
3235 1842 3397 1904 Deus,

1821 1958 2121 2013 veramque
2147 1941 2419 2012 justitiam
2450 1940 2807 2007 consequitur
2836 1939 3018 1991 humo.
3051 1935 3184 1989 Cum
3220 1933 3402 2004 itaque

1818 2038 1930 2108 jam
1962 2039 2103 2092 Deus
2125 2051 2221 2105 per
2246 2033 2525 2088 Malachiae
2554 2032 2922 2102 prophetiam,
2951 2034 3077 2097 cap.
3116 2049 3162 2093 ι,
3198 2026 3284 2091 10,
3312 2026 3401 2093 fl,

1827 2128 2326 2183 unanifestissime
2371 2124 2760 2195 signiﬁcasset,
2805 2122 3061 2192 quoniam
3107 2120 3255 2185 prior
3282 2118 3404 2188 qui—

1824 2225 1949 2278 dem
1978 2221 2206 2291 populus
2239 2220 2484 2275 cessabit
2506 2218 2703 2273 offerre
2735 2217 2865 2281 Deo,
2901 2215 3049 2268 omni
3078 2223 3255 2266 autem
3288 2212 3405 2266 loro

1823 2314 2161 2371 sacriﬁcium
2187 2311 2452 2367 offeretur
2481 2311 2551 2374 ei,
2583 2319 2635 2362 et
2664 2310 2763 2361 hoc
2796 2306 3049 2375 purum“
3071 2322 3085 2370 ;
3111 2324 3129 2356 ι
3175 2303 3403 2373 itnplens

1826 2408 1964 2463 hanc
1994 2406 2335 2476 prophetiam
2366 2404 2637 2464 Christus,
2666 2400 2798 2454 Novi
2830 2400 3170 2453 Testamenti
3206 2414 3403 2452 novant

1825 2500 2009 2555 docuit
2064 2498 2421 2561 oblationem,
2484 2510 2645 2563 quam
2708 2492 2956 2547 Ecclesia
3013 2493 3081 2545 ab
3142 2491 3404 2560 apostolis

1826 2593 2121 2662 accipiens,
2150 2591 2202 2644 in
2233 2589 2489 2643 universo
2516 2586 2718 2640 mundo
2741 2584 2900 2639 oﬁ'ert
2928 2584 3059 2638 Deo.
3086 2602 3104 2635 ι
3136 2583 3403 2637 Nimirum

1832 2688 1992 2743 «suis
2047 2685 2333 2754 discipulis
2393 2685 2531 2737 dans
2591 2681 2900 2744 consilium,
2959 2680 3229 2750 primitias
3297 2680 3408 2734 Deo

1827 2780 2024 2837 offerre
2058 2796 2125 2835 ex
2170 2780 2287 2833 suis
2326 2776 2620 2841 creaturis,
2657 2793 2762 2829 non
2802 2776 2952 2845 quasi
2995 2774 3277 2844 indigenti,
3309 2774 3402 2826 sed

1828 2884 1889 2928 ut
1919 2874 2019 2943 ipsi
2049 2887 2148 2926 nec
2183 2869 2526 2931 infructuosi,
2556 2884 2655 2923 nec
2684 2868 2879 2937 ingrati
2909 2868 3039 2933 sint,
3066 2881 3187 2919 eum
3216 2864 3307 2935 qui
3336 2880 3404 2918 ex

1828 2976 2083 3021 creatura
2119 2964 2276 3032 panis
2304 2971 2408 3028 est,
2440 2962 2673 3030 accepit,
2699 2969 2753 3013 et
2782 2959 2984 3029 gratias
3014 2958 3143 3031 egit,
3170 2958 3360 3013 dicens
3388 2975 3404 3011 :

1833 3057 1949 3111 Hoc
1982 3064 2057 3110 est
2087 3072 2276 3123 corpus
2307 3070 2503 3107 meum.
2542 3053 2604 3106 Et
2638 3054 2867 3107 calicem
2900 3052 3170 3115 similiter,
3204 3051 3294 3119 qtti
3326 3060 3409 3103 est

149 3148 338 3202 Christi
386 3147 733 3202 sacerdotes.
787 3144 920 3197 Nam
974 3144 1164 3212 pocula
1218 3142 1341 3196 albo
1391 3141 1517 3195 vino
1564 3138 1724 3195 mista

1830 3168 1894 3207 ει
1930 3167 1993 3205 ea
2018 3160 2298 3212 creatura,
2332 3163 2454 3217 qua:
2492 3154 2576 3199 est
2606 3144 2904 3199 secundum
2942 3158 3059 3207 "05,
3090 3157 3244 3195 suum
3277 3156 3409 3194 Silli-

150 3238 273 3291 fusis
305 3236 567 3306 precibus
600 3248 930 3290 consecrare
960 3248 1020 3289 se
1052 3234 1285 3304 ﬁngens,
1316 3233 1370 3286 in
1403 3246 1725 3301 purpureum

152 3340 196 3383 et
223 3330 579 3382 rubicundum
608 3330 834 3380 colorem
865 3327 943 3381 sic
976 3324 1400 3387 transmutabat,
1429 3333 1487 3376 ut
1508 3323 1729 3392 sangui-

155 3436 263 3475 nem
294 3420 475 3474 oculis
504 3418 814 3483 exhiberet,
850 3432 1009 3487 quem
1041 3431 1312 3487 suprema:
1346 3417 1567 3470 virtutis
1598 3431 1726 3470 san-

152 3514 357 3580 guinem
420 3527 546 3567 esse
594 3511 873 3580 jactabat;
928 3525 1207 3589 quemque
1256 3510 1378 3565 ideo
1433 3510 1728 3578 degustare

152 3615 378 3681 astantes
410 3620 443 3658 a
480 3612 793 3660 veteratore
826 3603 999 3657 delusi
1038 3602 1366 3671 gestiebant.
1405 3600 1618 3655 Marcus
1658 3601 1728 3655 ab

152 3697 439 3765 apostolica
475 3693 884 3749 Eucharistiam
924 3694 1247 3749 conﬁciendi
1290 3693 1525 3748 formula
1572 3692 1729 3763 longe

151 3791 361 3856 abierit,
394 3798 454 3843 et
497 3788 722 3858 prOpria
769 3787 1060 3857 protulerit
1094 3787 1309 3850 deliria,
1359 3794 1416 3839 ut
1448 3785 1561 3840 vult
1592 3784 1730 3839 Gra-

152 3877 280 3941 bius,
338 3877 477 3946 quid
528 3877 656 3930 inde
711 3876 892 3945 colligi
952 3878 1124 3945 possit
1174 3876 1565 3946 praesentiens,
1621 3892 1727 3929 non

152 3973 351 4034 abnuo;
432 3972 488 4024 id
561 3980 747 4023 tamen
821 3969 1184 4022 certissimum
1264 3983 1385 4024 esse
1446 3967 1728 4031 fatebitur,

151 4064 389 4132 quisquis
421 4061 684 4130 sepositis
722 4059 987 4127 tantisper
1020 4055 1352 4127 prarjudiciis
1390 4057 1575 4112 omnia
1619 4056 1730 4110 cir-

152 4154 535 4225 cumspexerit,
579 4151 789 4207 nullum
828 4154 1104 4207 hominem
1154 4154 1204 4207 id
1249 4153 1353 4207 Sibi
1386 4153 1438 4206 in
1490 4152 1729 4205 animum

154 4248 400 4302 inducere
449 4261 696 4315 unquam
746 4246 1008 4316 potuisse,
1043 4255 1100 4299 ut
1153 4257 1258 4300 tam
1303 4246 1557 4301 insolenti
1601 4261 1731 4315 por-

157 4352 294 4394 tento
325 4341 448 4393 aliis
484 4338 668 4392 fucum
695 4335 923 4402 faceret,
958 4338 1061 4392 nisi
1096 4354 1161 4391 ex
1192 4350 1565 4409 prmconcepta
1595 4354 1733 4407 pra:-

154 4436 329 4485 sentia:
382 4432 553 4484 realis
605 4438 662 4484 et
708 4429 1318 4484 trausubstanliationis
1358 4430 1629 4493 doctrina,
1674 4437 1732 4482 ut

154 4527 259 4580 luco
292 4528 467 4580 citato
512 4523 886 4594 probavimus.

213 4621 299 4673 Π.
335 4617 451 4675 Nec
480 4617 882 4672 Marcosiorum
914 4617 1201 4679 duntaxat,
1236 4615 1328 4669 sed
1360 4621 1414 4669 et
1437 4612 1722 4668 Gnostico-

156 4727 259 4765 rum
311 4712 569 4768 omnium
624 4725 747 4765 eam
805 4708 975 4762 fuisse
1026 4706 1377 4773 sententiam,
1433 4720 1731 4775 omnesque

155 4819 266 4857 cum
296 4802 605 4859 Catholicis
647 4804 748 4856 hac
781 4802 834 4857 in
876 4810 1029 4869 parte
1071 4800 1437 4863 consensisse,
1476 4799 1740 4853 Euchari-

157 4899 302 4950 sliam
341 4912 533 4951 verum
570 4910 694 4950 esse
722 4911 925 4964 corpus
952 4904 1007 4949 et
1031 4895 1348 4963 sanguinem
1375 4892 1598 4959 Christi,
1632 4890 1740 4944 nisi

157 4985 326 5059 [CXL]
357 4989 507 5058 quod
536 5002 602 5041 ea
630 5002 750 5057 qua:
778 4986 1024 5041 bzerctici
1051 5000 1148 5040 ore
1173 4985 1512 5049 astruebant,
1540 4984 1737 5037 exitio-

157 5084 222 5134 sis
263 5083 413 5145 aliis,
465 5096 592 5150 quae
635 5079 969 5141 statuebant,
1023 5076 1305 5146 principiis
1366 5076 1739 5143 imprudentes

156 5182 483 5237 everterent,
524 5173 815 5243 perspicue
864 5187 930 5225 ex
963 5171 1167 5224 Irenazo
1211 5170 1403 5237 liquet.
1449 5166 1547 5222 llic
1592 5168 1735 5222 enim

155 5280 263 5317 curn
296 5266 394 5320 lib.
429 5280 508 5331 tv,
536 5280 588 5318 c.
617 5265 649 5319 9
678 5276 730 5317 et
759 5278 937 5333 seqq.,
968 5264 1235 5318 latissime
1267 5262 1549 5332 probasset
1574 5278 1739 5316 unum

155 5366 201 5409 et
246 5362 510 5413 eumdem
576 5358 746 5411 Deum
804 5358 1092 5427 utriusque
1148 5356 1320 5427 legis,
1381 5356 1634 5411 Mosaicae
1690 5363 1745 5410 et

164 5454 511 5522 evangelicae,
570 5462 861 5506 auctorem
911 5450 1100 5516 fuisse,
1161 5466 1263 5505 nec
1322 5461 1559 5505 veterem
1622 5451 1745 5504 ideo

157 5546 471 5615 abrogatam
518 5546 714 5610 fuisse,
763 5548 907 5613 quod
958 5545 1098 5599 mala
1135 5557 1301 5611 esset,
1349 5544 1442 5599 sed
1493 5546 1635 5612 quod
1675 5544 1744 5598 ad

157 5652 357 5707 ,empus
408 5641 685 5692 duntaxat
726 5640 863 5692 'data
912 5638 1127 5705 fuisset,
1182 5648 1241 5693 ut
1284 5638 1427 5691 viam
1474 5646 1747 5692 sterneret

218 5824 256 5853 ⁸⁵
286 5825 453 5888 lreu.,
492 5823 588 5876 lib.
624 5836 699 5887 IV,
734 5834 783 5874 c.
827 5819 919 5886 Π,
956 5836 1008 5873 n.

1829 3247 2045 3317 guinem
2081 3243 2363 3298 confessus
2392 3249 2498 3294 est.
2523 3258 2539 3291 ι
2582 3240 2645 3293 Et
2676 3239 2791 3292 haec
2824 3254 2841 3287 ι
2871 3237 3125 3292 Ecclesia:
3159 3234 3363 3290 oblatio
3384 3254 3405 3286 ι

1828 3347 1915 3392 est
1970 3350 2179 3405 «quam
2236 3333 2500 3388 Dominus
2553 3331 2741 3386 docuit
2793 3327 2977 3383 oflerri
3040 3330 3093 3383 in
3156 3328 3413 3382 universe

1830 3428 2163 3494 mundo“;i
2211 3434 2315 3481 hoc
2363 3441 2557 3495 purum
2603 3424 2998 3485 sacriﬁcium,»
3054 3422 3194 3492 quod
3246 3435 3411 3476 «cum

1830 3518 2177 3589 simplicitate
2210 3516 2453 3571 Ecclesia
2481 3516 2661 3571 offert.
2699 3515 2929 3584 Oportet
2957 3514 3103 3569 enim
3135 3527 3232 3567 nos
3261 3510 3413 3567 obla-

1832 3612 2039 3666 tionem
2080 3610 2192 3664 Deo
2233 3607 2439 3674 facere,
2479 3618 2533 3663 et
2573 3608 2627 3662 in
2671 3608 2925 3662 omnibus
2959 3617 3145 3677 gratos
3178 3605 3411 3660 inveniri

1831 3703 2152 3758 fabricatori
2204 3701 2337 3764 Deo,
2392 3701 2447 3755 in
2490 3700 2758 3754 sententia
2817 3713 2973 3768 pura,
3029 3707 3084 3752 et
3141 3699 3246 3753 ﬁde
3293 3700 3413 3751 sine

1832 3795 2133 3867 hypocrisi,
2169 3794 2220 3847 in
2259 3808 2355 3862 spe
2385 3792 2569 3857 ﬁrma,
2602 3792 2653 3845 in
2687 3790 2979 3845 dilectione
3010 3790 3263 3856 ferventi,
3300 3805 3413 3858 pr.-

1831 3889 2013 3943 mitias
2059 3901 2273 3950 earum,
2317 3900 2438 3954 quae
2483 3894 2607 3938 sunt
2659 3882 2799 3952 ejus,
2848 3894 3226 3937 creaturarum
3275 3882 3412 3937 offe-

1832 3990 2037 4033 rentes.
2066 3996 2084 4028 i
2126 3976 2304 4047 Ipsum
2347 3991 2479 4045 ergo
2522 3975 2664 4044 quod
2710 3975 2885 4043 pridie
2930 3990 3091 4043 quam
3133 3984 3415 4042 pateretur

1830 4068 2082 4123 Christus
2128 4067 2239 4120 Deo
2284 4065 2431 4121 Patri
2473 4063 2801 4119 sacriﬁcium
2849 4063 3072 4127 obtulit,
3115 4078 3307 4133 panem
3358 4074 3413 4120 ct

1834 4163 2019 4214 vinum
2050 4156 2452 4221 consecrando,
2486 4158 2718 4209 alterum
2749 4171 2905 4209 suum
2937 4171 3057 4210 esse
3094 4157 3411 4223 sanguinem

1832 4249 2173 4314 confitendo;
2206 4247 2337 4301 illud
2374 4247 2512 4301 idem
2546 4245 2790 4300 Ecclesia
2823 4248 2874 4299 in
2906 4248 3162 4301 universo
3189 4249 3410 4309 mundo,

1830 4342 2038 4399 Christi
2114 4340 2361 4411 magistri
2421 4340 2506 4394 sui
2572 4341 2846 4409 exemplo,
2918 4340 3233 4395 faliricatori
3305 4338 3412 4392 Dio

1832 4434 2013 4491 offert.
2040 4436 2153 4490 Hoc.
2175 4435 2295 4505 ejus
2311 4434 2671 4498 sacriﬁcium,
2698 4434 2811 4489 haec
2834 4433 3060 4496 oblatio,
3082 4429 3412 4487 sacriﬁcium

1761 4524 1806 4579 D
1836 4542 2053 4597 purum,
2084 4526 2289 4581 oblatio
2324 4527 2522 4580 munda
2552 4534 2606 4579 et
2640 4526 2865 4581 illibata.
2902 4524 2991 4580 Sic
3032 4522 3219 4577 Irenzei
3255 4530 3414 4573 astate

1837 4621 2108 4675 sentiebat
2136 4619 2400 4685 Ecclesia,
2428 4620 2507 4674 sic
2533 4620 2752 4689 agebat,
2778 4619 2858 4672 sic
2885 4616 3140 4671 credebat
3171 4632 3184 4667 :
3219 4626 3411 4682 panem

1834 4722 1894 4768 et.
1938 4714 2149 4777 vinum,
2199 4712 2363 4767 veluti
2409 4712 2683 4782 primitias
2718 4725 2933 4775 earum,
2978 4722 3102 4777 quae
3143 4717 3267 4760 sunt
3295 4704 3414 4770 Dei,

1834 4810 2214 4858 creaturarum
2273 4802 2557 4865 offerebat,
2609 4801 2964 4856 benedicehat
3018 4808 3072 4851 et
3119 4811 3413 4851 consecun-

1835 4894 1962 4959 hat;
1992 4896 2407 4950 consecratione
2434 4910 2564 4948 vero
2594 4893 2761 4958 facta,
2788 4893 2902 4962 jam
2932 4907 3036 4944 non
3070 4905 3410 4945 communem

1833 5003 1957 5044 esse
2009 5003 2203 5058 panem
2257 4998 2311 5044 et
2357 5004 2648 5043 commune
2698 4988 2880 5040 vinum
2927 4986 3302 5051 existimabat,
3359 4996 3414 5037 ut

1835 5099 1960 5139 mox
1998 5083 2293 5153 explicabit
2336 5081 2595 5147 Irenteus,
2625 5084 2719 5137 sed
2753 5083 2925 5150 ipsum
2968 5080 3168 5135 Christi
3214 5094 3412 5147 corpus

1835 5184 1889 5232 et
1917 5178 2237 5247 sanguinem
2275 5191 2396 5231 esse
2427 5176 2815 5231 conﬁtebatur.
2852 5174 2999 5239 llmc,
3030 5174 3275 5243 inquam,
3306 5172 3413 5226 Ee-

1838 5268 2018 5323 clesiee
2047 5269 2334 5323 catholica:
2360 5269 2587 5325 secundi
2630 5269 2811 5323 saeculi
2852 5277 2963 5322 toto
3001 5269 3134 5323 orbe
3173 5267 3327 5320 ﬁdes.

1911 5361 1999 5415 78.
2041 5362 2169 5428 Qua:
2203 5376 2333 5416 vero
2374 5362 2612 5417 hostium
2652 5360 2773 5427 ejus
2819 5370 2947 5414 tunc
2990 5358 3250 5426 temporis
3287 5373 3415 5410 sen-

1839 5455 2043 5508 tentia?
2066 5457 2147 5509 An
2182 5455 2299 5522 ejus
2328 5455 2394 5510 de
2423 5455 2694 5509 sacriﬁcio
2724 5454 3081 5509 Eucharistiae
3124 5452 3281 5504 ﬁdem
3310 5451 3384 5503 im

1840 5549 2173 5618 pugnabant,
2202 5546 2287 5603 vel
2313 5562 2378 5603 co
2403 5549 2675 5603 contineri
2702 5558 2756 5603 et
2784 5546 2971 5601 oﬂ'erri
2997 5562 3184 5600 verum
3209 5543 3413 5600 Christi

1844 5654 2042 5711 corpus
2072 5652 2125 5697 et
2156 5642 2478 5713 sanguinem
2522 5641 2827 5714 negabant?
2850 5639 3019 5695 Judaei
3058 5638 3307 5708 quidem.
3343 5650 3416 5690 ait

1174 5821 1219 5851 ⁶⁴
1252 5820 1379 5889 Cap.
1414 5820 1497 5886 18,
1549 5839 1599 5875 tt.
1643 5820 1663 5872 l
1712 5830 1765 5875 ct
1798 5820 1850 5877 ὁ.
