3924 6354
546 344 649 399 ’527

1392 346 1984 407 Dl-SSERTATIONES
2016 345 2321 402 PRASVIAQ
2361 345 2425 400 IN
2464 346 2722 402 [RENAZI
2760 346 3022 404 LIBROS.

3694 353 3787 411 3'28

549 448 866 536 lrenaeus",
915 472 1278 529 Eucharistize
1321 474 1651 529 sacriﬁcium
1700 480 1988 541 spernunt,
2038 484 2137 522 nec
2164 475 2211 529 Α
2242 478 2351 521 ιιιιη
2385 468 2485 525 lib.
2515 486 2566 533 v,
2602 470 2697 525 cit.
2742 470 2999 538 Irenaeus,
3041 482 3095 526 et
3126 487 3249 527 cum
3281 472 3635 528 Eucharistia:
3674 472 3786 534 ﬁde,

541 581 731 634 puram
764 567 1096 623 oblationem
1130 566 1369 623 offerunt
1396 588 1409 622 :
1443 585 1463 618 ί
1492 566 1683 620 Manus
1709 565 1854 617 enim
1885 578 2075 619 eorum
2106 582 2125 615 ι

543 659 714 712 divini
773 659 934 714 Verbi
1005 675 1175 715 carne
1242 661 1439 723 induti,
1504 659 1645 726 quod
1715 656 2129 723 cruciﬁxerunt,

547 768 567 799 ι
592 750 862 820 sanguine
892 750 1069 820 plenae
1094 761 1242 807 sunt.
1272 770 1290 803 ι
1322 752 1454 805 Cum
1482 765 1615 817 ergo
1647 768 1665 801 σ
1690 764 1795 803 non
1824 749 2133 819 receperint

547 841 786 896 Verbum
817 861 836 895 ι
888 843 1258 907 incarnatum,
1306 842 1490 912 «quod
1529 840 1761 897 oﬁ‘ertur
1800 841 1949 896 Deo»
1984 841 2132 898 Patri

542 935 596 987 in
638 935 914 990 sacriﬁcio
960 936 1344 1001 Eucharistite;
1390 928 1524 1003 quid
1567 951 1629 990 ca
1676 935 1957 1004 repudiata
2007 949 2131 989 vera

541 1042 694 1082 nova:
736 1028 870 1099 legis
922 1028 1100 1083 hostia
1148 1028 1364 1082 miseris
1411 1028 1526 1094 jam
1590 1043 1878 1096 superesse
1934 1036 2127 1097 potest,

540 1128 742 1188 praeter
776 1136 972 1175 vanam
1003 1128 1060 1174 et
1093 1120 1358 1190 impuram
1388 1120 1647 1175 sacrilieii
1679 1120 1966 1174 umbram?
2008 1120 2129 1175 Hae-

541 1213 696 1267 retici
750 1227 882 1267 vero
924 1212 1232 1267 offerebant
1283 1213 1502 1282 quidem
1545 1212 1985 1276 Eucharistiam;
2036 1212 2131 1268 sed

539 1305 668 1374 quia
717 1320 820 1359 non
874 1305 971 1358 «in
1009 1306 1284 1359 sententia
1334 1322 1489 1376 pura,
1531 1316 1589 1360 et
1642 1306 1749 1361 ﬁde
1790 1306 1909 1361 sine
1958 1306 2131 1377 hypo-

538 1397 690 1459 crisi,
715 1416 731 1448 ι
766 1412 959 1452 eorum
988 1397 1195 1452 oblatio
1218 1412 1354 1467 pura
1386 1415 1509 1453 esse
1540 1415 1648 1453 non
1682 1408 1933 1469 poterat:
1972 1417 1991 1452 ‹
2021 1400 2133 1456 Nec

536 1491 681 1544 enim
717 1509 735 1542 i
800 1491 903 1560 ipsi
973 1503 1347 1561 «receperunt
1402 1492 1637 1549 Verbum
1700 1495 1843 1563 quod
1902 1492 2132 1549 offertur

540 1584 671 1637 Deo.
704 1603 721 1634 ι
763 1583 830 1637 Et
866 1586 1118 1655 quamvis
1144 1585 1550 1640 Eucharistiam
1589 1605 1606 1639 ‹
1636 1602 1837 1655 corpus
1872 1603 1994 1643 esse
2028 1586 2133 1643 Do-

535 1677 672 1732 mini
720 1678 829 1743 sui,
879 1690 933 1732 et
977 1678 1202 1733 calicem
1247 1680 1527 1746 sanguinis
1558 1678 1698 1747 ejus,
1730 1699 1748 1731 ι
1800 1695 1894 1734 ore
1936 1680 2131 1750 przedi-

535 1779 753 1835 carent,
800 1771 853 1823 id
901 1779 1081 1824 tamen
1120 1772 1202 1825 eis
1242 1778 1494 1826 constare
1529 1788 1634 1826 non
1684 1780 1957 1841 poterat.t
1984 1771 2134 1839 Quo-

536 1864 719 1929 modo,
748 1881 766 1913 i
801 1864 877 1915 ait
909 1863 1167 1925 lrenmus,
1206 1882 1225 1914 ί
1253 1864 1530 1918 constabit
1554 1864 1654 1927 eis,
1685 1881 1810 1920 eum
1843 1880 2040 1936 panem
2078 1866 2132 1920 in

538 1974 646 2028 quo
674 1961 864 2031 gratia:
892 1971 1025 2012 aetae
1047 1971 1197 2023 sunt,
1226 1977 1425 2031 corpus
1448 1975 1570 2017 esse
1600 1962 1811 2016 Domini
1837 1962 1941 2028 sui,
1967 1972 2020 2017 et
2042 1979 2131 2017 ca-

541 2049 700 2106 licem
732 2053 1023 2121 sanguinis
1064 2053 1290 2123 ejus?...
1340 2052 1482 2123 Ergo
1524 2062 1620 2107 aut
1651 2055 1979 2109 sententiam
2016 2071 2132 2109 mu-

543 2152 683 2207 tent,
762 2154 856 2197 aut
929 2144 1240 2198 abstineant
1308 2143 1592 2199 offerendo
1669 2160 1789 2214 quae
1873 2148 2132 2215 przedicta

539 2246 688 2289 sunt.
717 2252 735 2286 ι
776 2232 1091 2289 Offerebam
1130 2234 1295 2304 igitur
1322 2233 1566 2289 haeretici
1602 2250 1796 2304 panem
1834 2245 1889 2290 et
1925 2237 2130 2303 vinum,

542 2334 835 2395 utrumque
864 2324 1286 2389 consecrabant,
1317 2333 1371 2378 et
1401 2340 1600 2394 corpus
1628 2339 1751 2379 esse
1780 2325 1993 2380 Domini
2024 2328 2131 2393 sui,

539 2422 595 2468 et
626 2415 852 2470 calicem
900 2415 1186 2485 sanguinis
1228 2415 1349 2484 ejus
1392 2414 1733 2470 fatebantur.
1780 2413 1889 2470 Nec
1932 2416 1984 2470 in
2031 2416 2132 2471 hoc

539 2506 680 2561 male
724 2507 1056 2561 sentiebant.
1108 2504 1215 2560 Sed
1250 2505 1303 2559 in
1347 2506 1453 2560 hoc
1499 2506 1764 2558 duntaxat
1807 2507 2131 2575 peccahant,

539 2597 685 2666 quod
726 2611 915 2651 secum
958 2597 1057 2666 ipsi
1092 2608 1422 2665 pugnantes,
1460 2595 1511 2648 id
1557 2597 1623 2649 de
1658 2594 1841 2649 Verbo
1881 2594 1975 2649 Dei
2009 2611 2135 2651 sen-

544 2689 735 2753 tirent,
770 2691 915 2759 quod
950 2688 1316 2743 Eucharistia:
1348 2687 1510 2740 ﬁdem
1551 2686 1796 2742 funditus
1828 2688 2130 2743 evertebat.

540 2780 619 2835 Et
666 2798 776 2851 quo
819 2781 1003 2845 ﬁebat,
1059 2791 1116 2836 ut
1157 2785 1414 2865 quamvis
1466 2800 1635 2839 «eum
1681 2800 1875 2854 panem
1927 2785 1979 2837 in
2025 2801 2135 2853 quo

542 2874 732 2944 gratiae
760 2882 897 2928 actae
940 2885 1088 2938 sunt,
1122 2890 1323 2944 corpus
1363 2890 1484 2930 esse
1519 2876 1735 2930 Domini
1776 2876 1858 2930 sui
1893 2894 1911 2928 ι
1950 2873 2130 2943 palam

540 2975 874 3032 asserere..t,
906 2967 959 3021 id
1002 2976 1185 3021 tamen
1224 2969 1303 3024 eis
1349 2989 1366 3022 ι
1392 2981 1688 3025 constare»
1738 2969 1885 3023 nulla
1923 2969 2133 3024 ratione

539 3071 775 3130 pmerat.

2234 579 2400 632 quam
2433 564 2852 632 proﬁtebantur,
2882 582 3130 637 pugnare
3158 568 3424 623 ostendit.

2303 655 2395 711 80.
2424 658 2503 711 Ac
2530 658 2712 727 primo
2749 658 2966 726 quidem
2999 658 3049 712 id
3082 658 3333 728 principii
3363 658 3483 715 loco
3513 659 3711 722 statuit,
3740 659 3789 712 in

2239 767 2259 801 ‹
2281 748 2395 804 sola
2426 747 2671 804 Ecclesia
2701 768 2721 801 ι
2759 749 3033 805 catholica
3065 751 3491 806 eucharisticam
3539 769 3557 802 ι
3583 750 3793 805 oblatio-

2235 857 2357 896 nem
2387 857 2577 910 puram
2605 841 2790 897 offerri
2818 842 3175 909 fabricatori;
3202 864 3220 896 ι
3257 845 3381 914 quia
3412 844 3525 899 sola
3565 863 3583 896 ι
3610 845 3658 897 in
3684 860 3792 897 sen-

2236 936 2401 990 tentia
2430 950 2587 1004 pura,
2614 945 2668 990 et
2696 938 2799 992 ﬁde
2825 938 2945 992 sine
2975 937 3245 1008 hypocrisi
3281 939 3439 993 offert
3464 939 3514 994 ei
3540 954 3660 993 cum
3685 955 3793 1009 gra-

2236 1030 2435 1081 tiarum
2469 1030 2687 1084 actione
2712 1045 2778 1085 ex
2807 1040 3063 1086 creatura
3092 1031 3239 1099 ejus;
3268 1051 3285 1082 ι
3315 1032 3367 1086 id
3392 1041 3471 1086 est
3504 1032 3617 1087 sola
3644 1032 3791 1087 Deum

2232 1118 2451 1174 Patrem
2494 1121 2683 1176 mundi
2732 1121 2891 1192 hujus
2935 1122 3186 1192 opiﬁcem
3228 1136 3348 1178 esse
3391 1124 3643 1189 credens,
3692 1141 3795 1179 mu-

2232 1225 2360 1264 nera
2379 1226 2501 1280 qua:
2519 1226 2642 1265 vere
2656 1219 2783 1265 sunt
2799 1210 2918 1280 ejus
2933 1220 2985 1264 et
3004 1211 3070 1264 ad
3085 1226 3209 1265 eum
3223 1212 3347 1280 jure
3364 1213 3658 1266 creationis
3681 1227 3792 1280 per-

2233 1301 2425 1365 tinent,
2444 1316 2638 1373 panem
2654 1301 2902 1357 videlicet
2918 1304 3193 1366 etvinum,
3211 1316 3275 1356 ex
3293 1303 3458 1356 rebus
3488 1304 3685 1356 creatis
3711 1303 3789 1356 de-

2229 1404 2468 1463 sumpta,
2492 1394 2539 1449 ei
2555 1409 2679 1449 cum
2704 1394 3001 1463 gratiarum
3023 1394 3255 1459 actione,
3277 1403 3329 1447 et
3362 1403 3705 1463 acceptorum
3730 1395 3790 1447 ah

2228 1503 2294 1543 eo
2317 1487 2704 1542 beneﬁciorum
2728 1501 2939 1542 memor
2960 1486 3115 1541 offert
3140 1496 3195 1540 et
3222 1497 3525 1542 consecrat.
3541 1485 3690 1540 'Tum
3723 1488 3795 1539 in-

2229 1579 2354 1648 fert,
2380 1580 2585 1635 nullam
2610 1596 2638 1634 a
2658 1578 2859 1635 Judmis
2877 1594 3069 1650 puram
3091 1580 3421 1635 oblationem
3441 1578 3620 1634 offerri
3642 1596 3656 1646 ;
3689 1589 3792 1632 tum

2229 1673 2377 1743 quod
2402 1691 2420 1724 ι
2444 1687 2637 1727 manus
2648 1686 2841 1726 eorum
2860 1671 3124 1742 sanguine
3136 1671 3308 1741 plena:
3321 1670 3461 1738 sint;
3484 1689 3502 1722 ι
3526 1678 3639 1725 tum
3657 1671 3792 1740 quod

2234 1786 2255 1819 r
2276 1782 2384 1821 non
2412 1766 2717 1836 receperint
2742 1764 2979 1820 Verbum
3002 1784 3021 1818 ι
3050 1767 3415 1831 incarnatum,
3444 1782 3464 1815 ε
3483 1763 3628 1834 (ιιιόά
3651 1764 3797 1817 oﬁer-

2163 1832 2205 1888 Β
2231 1865 2319 1912 tur
2337 1856 2448 1912 Deo
2471 1876 2489 1909 ι
2513 1832 2565 1911 in
2582 1856 3025 1911 Christianorum
3044 1855 3351 1919 sacriﬁciis,
3368 1832 3624 1924 quodque
3638 1854 3796 1907 abro-

2232 1951 2372 2022 gatis
2390 1949 2597 2025 [CXLI]
2617 1951 2814 2007 veteris
2833 1951 2967 2023 legis
2991 1949 3296 2015 sacriﬁciis,
3315 1950 3428 2005 sola
3442 1949 3555 2019 jam
3573 1960 3625 2002 et
3643 1948 3794 2002 unica

2226 2060 2382 2099 novae
2395 2044 2528 2114 legis
2548 2044 2726 2099 hostia
2745 2052 2847 2098 est.
2867 2041 3053 2106 Addit,
3077 2060 3096 2091 ι
3121 2055 3297 2110 neque
3308 2055 3498 2095 omnes
3521 2038 3797 2093 haeretico-

2223 2151 2347 2189 rum
2374 2150 2679 2207 synagogas
2705 2155 2723 2187 ι
2755 2149 2949 2205 puram
2968 2132 3296 2188 oblationem
3312 2131 3524 2186 offerre.
3540 2130 3798 2196 Quamvis

2223 2228 2369 2283 enim
2393 2227 2792 2282 Eucharistiam
2811 2242 2874 2281 ex
2894 2242 3033 2297 pane
3049 2236 3103 2281 et
3120 2226 3247 2280 vino
3262 2225 3573 2289 conﬁciant,
3588 2223 3799 2293 impura

2225 2332 2405 2375 tamen
2440 2334 2630 2375 eorum
2673 2320 2879 2374 oblatio
2916 2327 3019 2385 est,
3059 2318 3342 2388 Deumque
3370 2317 3570 2387 probro
3603 2317 3795 2387 magis,

2225 2430 2391 2486 quam
2416 2414 2625 2468 honore
2649 2412 2831 2467 aﬁicit.
2859 2412 3015 2479 Quod
3034 2410 3234 2480 duplici
3252 2410 3797 2481 probatargumento,

2225 2526 2326 2579 pro
2343 2509 2548 2580 duplici
2564 2508 2945 2563 haereticorum
2969 2522 3175 2570 errore,
3199 2520 3362 2576 quem
3380 2504 3646 2560 confutat.
3677 2502 3799 2558 Pri-

2226 2620 2377 2659 mum
2402 2619 2469 2657 ex
2498 2617 2565 2658 eo
2590 2601 2918 2665 desumitur,
2949 2600 3095 2670 quod
3125 2598 3363 2654 haeretici
3391 2598 3558 2652 Deum
3579 2596 3799 2651 Patrem

2224 2699 2415 2754 mundi
2436 2696 2601 2767 hujus
2622 2697 2871 2765 opilicem
2889 2709 3012 2750 esse
3033 2703 3311 2765 negantes,
3341 2713 3358 2742 ε
3377 2708 3439 2746 ea
3457 2707 3580 2762 qua:
3601 2707 3801 2746 secun-

2223 2794 2353 2849 dum
2389 2808 2488 2847 nos
2517 2802 2694 2847 creata
2726 2798 2876 2854 sunt,
2912 2788 3203 2844 offerentes
3226 2789 3298 2851 ei,
3327 2807 3345 2839 ι
3382 2788 3463 2842 vel
3500 2806 3519 2839 ι
3541 2788 3800 2856 cupidum

2224 2886 2384 2942 alieni
2402 2882 2698 2939 ostendunt
2712 2898 2858 2947 eum,
2876 2890 2929 2936 et
2950 2882 3127 2935 aliena
3144 2883 3653 2949 concupiscentem;
3678 2898 3696 2929 ι
3720 2881 3804 2932 vel

2230 2998 2247 3029 ι
2271 2968 2611 3048 ignorantiae,
2636 2974 2909 3043 passionis
2927 2981 2982 3028 et
2998 2970 3320 3027 defectionis
3336 2970 3548 3024 fructus
3564 2969 3804 3023 offeren-

2224 3080 2326 3133 tes,
2351 3077 2577 3140 peccant
2598 3068 2651 3120 in
2687 3081 2835 3130 eum,
2866 3083 2883 3115 ι
2910 3080 2972 3118 ac
2994 3064 3223 3134 proinde
3239 3062 3628 3117 contumeliam
3650 3062 3699 3115 ei
3721 3062 3806 3114 in-

613 3151 703 3207 79.
763 3153 816 3206 ld
880 3162 938 3208 ut
994 3155 1210 3211 facilius
1271 3157 1545 3227 percipiat
1600 3158 1796 3223 lector,
1864 3158 2133 3221 advertat,
2160 3171 2205 3231 ο
2227 3163 2429 3218 ferunt.
2458 3160 2723 3229 Quisquis
2756 3159 2901 3212 enim
2930 3157 3104 3225 ﬁngit,
3134 3156 3302 3209 Deum
3330 3154 3567 3217 Patrem,
3594 3169 3659 3207 ea
3684 3169 3810 3223 qua:

538 3259 747 3311 quarm,
784 3245 1139 3304 Marcionitas
1175 3260 1228 3303 et
1268 3248 1683 3304 Valentinianus
1713 3251 1821 3314 hic,
1852 3260 1907 3305 et
1944 3262 2133 3318 postea

540 3335 715 3391 fusius
759 3338 856 3394 lib.
905 3355 957 3405 v,
996 3357 1117 3411 cap.
1157 3342 1245 3406 ll,
1283 3343 1619 3409 argumentis
1666 3343 1735 3397 ab
1778 3343 2135 3398 Eucharistize

542 3430 808 3498 mysterio
849 3431 1036 3500 petitis
1073 3434 1140 3486 ab
1190 3432 1392 3487 Irenaeo
1428 3434 1722 3489 confutari.
1767 3433 1942 3489 Porro
1986 3442 2136 3487 utro-

543 3535 775 3589 rumque
803 3523 850 3574 is
885 3537 1044 3577 error
1067 3534 1211 3590 erat,
1247 3536 1307 3580 ut
1332 3527 1697 3597 explicuimus
1726 3529 1950 3581 dissert.
1988 3528 2039 3591 l,
2069 3529 2135 3582 de

541 3626 735 3665 eorum
766 3612 957 3668 haeresi
986 3627 1238 3685 agentes,
1273 3620 1535 3672 mundum
1568 3619 1712 3673 hunc
1743 3620 2132 3689 aspectabilem

544 3720 575 3757 a
611 3720 872 3774 supremo
914 3709 1025 3762 Deo
1069 3718 1118 3763 et
1169 3709 1332 3765 Patre
1377 3713 1652 3766 conditum
1685 3727 1791 3765 non
1838 3726 1991 3777 esse;
2039 3713 2133 3767 sed

540 3796 626 3850 vel
663 3799 729 3851 ab
775 3798 949 3853 altera
1000 3802 1237 3870 quadam
1287 3814 1585 3873 potestate,
1632 3813 1692 3857 ut
1724 3804 2134 3873 blasphemabat

544 3888 823 3956 Marcion;
880 3891 968 3946 vel
1032 3892 1169 3948 labis
1232 3904 1289 3947 et
1351 3896 1675 3965 ignorantia:
1732 3898 1877 3965 passi
1939 3894 2133 3952 AEonis

543 3983 781 4037 fructum
822 3998 965 4048 esse,
1000 3997 1058 4039 ut
1083 3986 1404 4042 delirabant
1436 3987 1820 4045 Valentiniani.
1860 3990 1998 4044 llinc
2030 3992 2131 4044 du-

544 4075 667 4143 plex
724 4076 866 4131 alter
915 4080 1179 4133 manabat
1227 4096 1405 4147 error,
1461 4082 1517 4134 1ο
1569 4098 1817 4145 carnem,
1872 4083 1955 4135 vel
2004 4081 2131 4137 mali

546 4170 801 4239 principii
835 4185 994 4239 opus,
1026 4172 1111 4224 vel
1138 4171 1461 4241 ignorantia}
1488 4176 1751 4240 fructum,
1782 4175 2024 4229 interitui
2054 4175 2133 4229 sic

543 4264 839 4318 obnoxiam
871 4279 1016 4331 esse,
1055 4273 1114 4318 ut
1141 4267 1311 4319 semel
1342 4266 1605 4321 dissoluta
1633 4283 1908 4337 nunquam
1950 4285 2134 4323 resur-

543 4364 670 4422 gat;
699 4360 759 4405 ’2ο
790 4356 1066 4411 Christum
1098 4356 1283 4411 Jesum
1318 4374 1503 4412 veram
1527 4374 1748 4414 carnem
1777 4376 1806 4413 a
1834 4360 1996 4414 Maria
2026 4375 2129 4414 non

544 4447 856 4516 accepisse;
914 4464 975 4502 ea
1033 4451 1178 4504 enim
1233 4452 1499 4504 duntaxat
1551 4451 1654 4505 sibi
1705 4452 1957 4522 sumpsit,
2012 4468 2131 4521 qua:

543 4550 864 4594 δεννειιυνυδ
911 4551 1031 4594 erat

543 4645 653 4684 non
702 4640 944 4699 poterat.
994 4631 1065 4687 Ut
1109 4648 1240 4702 ergo
1287 4635 1572 4689 materiale
1618 4637 1887 4704 quoddam
1932 4652 2129 4705 corpus

545 4728 864 4794 gestaverit,
912 4742 1021 4781 non
1067 4728 1365 4781 humanum
1412 4739 1563 4782 certe
1596 4744 1659 4784 ac
1702 4745 1984 4795 carneum,
2034 4730 2130 4785 sed

549 4816 626 4871 ita
661 4818 729 4871 ab
759 4818 911 4872 omni
947 4819 1209 4873 crassiori
1241 4820 1469 4873 materia
1497 4820 1815 4875 defzecatnm
1843 4832 1895 4875 et
1916 4836 2135 4890 purum,

550 4924 615 4962 ac
651 4918 760 4962 tam
805 4910 994 4964 solerti
1034 4921 1156 4963 arte
1188 4913 1598 4978 concinnatum,
1634 4922 1691 4966 ut
1726 4913 1862 4967 nihil
1890 4929 2012 4967 cum
2045 4914 2135 4970 illa

547 5018 840 5058 commune
878 5006 1132 5070 haberet,
1168 5007 1262 5059 sed
1313 5005 1562 5074 spiritale
1593 5007 1996 5075 quodammodo
2027 5022 2136 5076 pra:

2227 3255 2344 3323 ipse
2369 3266 2477 3306 non
2515 3250 2780 3313 condidit,
2808 3264 2908 3303 nec
2939 3249 3004 3302 ad
3036 3263 3160 3303 eum
3189 3246 3620 3314 crcationisjure
3643 3247 3811 3313 ρει*ιί-

2237 3355 2388 3411 nent,
2406 3344 2592 3400 offerri
2616 3344 2717 3398 sibi
2734 3343 2892 3409 velle,
2918 3343 2964 3397 is
2984 3341 3200 3396 Patrem
3225 3341 3387 3394 alicui
3405 3340 3663 3409 cupidum
3687 3358 3813 3394 esse.

2233 3434 2476 3488 ostendit
2509 3451 2522 3486 :
2551 3442 2605 3488 et
2635 3433 2883 3503 quisquis
2918 3431 3029 3485 Deo
3057 3430 3207 3485 Patri
3240 3429 3376 3483 labis
3405 3439 3457 3483 et
3488 3429 3819 3498 ignorantia:

2235 3529 2450 3582 fructus
2476 3526 2673 3582 offerre
2698 3529 2897 3591 audet,
2949 3525 2997 3578 is
3032 3522 3251 3594 pollutis
3297 3533 3353 3577 et
3399 3522 3630 3590 impuris
3664 3522 3818 3574 hisee

2236 3620 2558 3675 muneribus
2599 3637 2618 3669 ι
2668 3617 3056 3673 contumeliam
3108 3615 3240 3670 facit
3285 3616 3335 3669 ei
3390 3614 3600 3683 magis,
3648 3629 3820 3682 quam

2236 3713 2444 3781 gratias
2481 3712 2616 3782 agit.
2657 3731 2677 3763 ι
2707 3711 2951 3765 Alterum
2978 3722 3363 3780 argumentum
3404 3724 3471 3761 ex
3510 3722 3578 3761 eo
3608 3709 3821 3775 repeti-

2235 3812 2347 3868 tur,
2384 3804 2526 3871 quod
2561 3802 2836 3857 hrereticis
2874 3802 3203 3871 negantibus
3226 3800 3516 3855 Dominum
3561 3807 3822 3851 nostrum

2234 3895 2418 3950 Jesum
2465 3895 2747 3949 Christum
2792 3909 2915 3949 esse
2954 3894 3123 3963 ipsius
3156 3911 3175 3943 ι
3234 3893 3419 3946 mundi
3458 3890 3823 3945 fabricatoris

2238 3989 2408 4042 ﬁlium
2435 4030 2451 4054 ,
2478 3988 2530 4042 id
2557 3996 2641 4042 est
2670 3987 2908 4043 Verbum
2941 3985 3059 4054 ejus
3093 4005 3111 4037 ›
3148 3985 3485 4055 unigenitum
3508 4022 3523 4047 ,
3554 3993 3823 4036 constare

2235 4072 2341 4134 non
2366 4090 2605 4150 poterat,
2634 4098 2653 4131 ι
2694 4095 2818 4134 eum
2850 4094 3043 4150 panem
3068 4078 3121 4131 in
3152 4093 3259 4145 quo
3292 4080 3479 4145 gratia:
3501 4085 3640 4129 actae
3666 4085 3824 4139 sunt,

2234 4191 2431 4245 corpus
2463 4188 2585 4230 esse
2633 4174 2844 4230 Domini
2893 4173 3014 4235 sui,
3051 4183 3105 4225 et
3145 4171 3369 4226 calicem
3418 4184 3539 4223 esse
3584 4168 3825 4223 calicem

2234 4270 2521 4340 sanguinis
2552 4268 2692 4338 ejus.
2735 4288 2753 4320 ι
2790 4268 2891 4336 Qui
2934 4268 3077 4322 enim
3123 4265 3362 4322 haeretici
3410 4262 3687 4333 negabant
3719 4263 3826 4314 Do-

2234 4361 2440 4414 minum
2478 4370 2726 4413 nostrum
2760 4374 2882 4413 esse
2920 4357 3105 4412 mundi
3140 4356 3486 4409 fabricator-is
3520 4355 3698 4407 ﬁlium
3721 4395 3737 4415 ,
3770 4368 3828 4408 et

2235 4453 2473 4507 Verbum
2513 4451 2693 4505 Patris
2726 4452 3096 4521 unigenitum,
3144 4451 3181 4503 ii
3219 4459 3621 4518 consequenter
3653 4463 3832 4517 nega-

1076 4559 1092 4596 :
1141 4543 1293 4596 carni
1349 4554 1531 4596 autem
1577 4542 1806 4598 salutem
1848 4545 2128 4614 impertire
2158 4514 2206 4573 Β
2233 4545 2364 4599 bant
2394 4543 2629 4597 Verbum
2657 4545 2994 4597 incarnatum
3014 4559 3075 4596 ac
3095 4558 3280 4596 verum
3304 4542 3578 4596 hominem
3608 4539 3832 4593 factum

2238 4636 2408 4691 fuisse
2429 4676 2445 4701 ,
2476 4646 2529 4691 et
2574 4635 2863 4690 Dominum
2895 4642 3136 4689 nostrum
3170 4650 3352 4689 veram
3382 4648 3607 4688 carnem
3646 4643 3705 4688 et
3732 4649 3833 4686 ve-

2240 4746 2360 4786 rum
2386 4745 2594 4799 corpus
2621 4728 3004 4796 assumpsisse.
3034 4728 3104 4780 At
3148 4728 3196 4780 ei
3237 4726 3327 4794 qui
3364 4734 3527 4794 negat
3578 4723 3833 4777 Verbum

2238 4823 2606 4892 assumpsisse
2640 4837 2827 4875 verum
2872 4834 3107 4887 corpus,
3142 4818 3252 4887 jam
3292 4826 3549 4872 constare
3583 4831 3696 4869 non
3727 4831 3833 4883 po-

2238 4925 2347 4972 test
2376 4914 2784 4970 Eucharistiam
2815 4927 2937 4966 esse
2969 4925 3166 4979 corpus
3202 4908 3411 4962 Domini
3444 4906 3645 4960 nostri.
3682 4904 3834 4971 Quia

2236 5009 2327 5078 qui
2359 5017 2522 5077 negat
2552 5007 2841 5060 Dominum
2876 5013 3128 5058 nostrum
3164 5003 3422 5057 habuisse
3455 5015 3655 5053 verum
3701 5016 3834 5054 cor-

549 5111 611 5148 ea
643 5102 805 5148 esset.
840 5096 905 5150 Et
936 5096 1063 5151 hinc
1091 5099 1259 5151 etiam
1292 5096 1447 5152 ﬁnxit
1478 5098 1643 5151 altera
1675 5114 1861 5152 eorum
1894 5099 2139 5169 blasphe—
2234 5112 2336 5166 pus
2370 5098 2694 5159 humanum,
2726 5104 2912 5150 nostro
2943 5091 3431 5156 consubstantiale,
3458 5101 3514 5144 et
3542 5106 3610 5145 ex
3645 5101 3839 5145 mate-

549 5186 681 5251 tnia,
728 5187 968 5241 Verbum
1021 5189 1266 5243 divinum
1318 5204 1419 5244 nec
1466 5191 1651 5244 mundi
1694 5191 1906 5260 opiﬁcis
1959 5192 2129 5245 ﬁlium

550 5282 743 5346 fuisse,
770 5297 868 5335 nec
892 5297 1020 5336 vere
1044 5283 1318 5338 hominem
1343 5285 1547 5339 factum
1577 5284 1766 5349 fuisse,
1792 5286 1884 5339 sed
1911 5285 2132 5339 Christo

547 5370 675 5429 Jesu
709 5375 777 5429 ad
809 5385 1025 5445 tempus
1060 5378 1328 5431 duntaxat
1368 5380 1579 5433 unitum
1610 5379 1800 5446 fuisse,
1836 5380 1993 5448 idque
2017 5380 2131 5433 elfi-

551 5467 757 5519 cientia
824 5477 1003 5533 tenus,
1057 5477 1114 5522 et
1162 5484 1227 5522 eo
1269 5470 1530 5524 unitionis
1585 5486 1809 5541 genere,
1867 5470 2008 5539 quod
2064 5471 2130 5523 ab

554 5560 899 5629 hypostatico
952 5572 1008 5614 et
1072 5563 1414 5618 substanivo
1468 5564 1655 5633 procul
1708 5566 1946 5620 abesset.
2002 5562 2130 5618 llaec

551 5665 676 5708 sunt
716 5668 1040 5710 vesanorum
1093 5655 1372 5711 hominum
1426 5658 1643 5726 deliria,
1690 5674 1809 5729 quae
1864 5668 1972 5712 tum
2021 5658 2128 5723 hic,

624 5827 667 5859 ⁸⁷
710 5825 773 5881 Ν.
805 5827 859 5884 4.

2237 5190 2318 5243 ria
2359 5203 2391 5243 a
2427 5189 2610 5244 mundi
2640 5188 2833 5259 opiﬁce
2863 5186 3080 5241 condita
3133 5182 3461 5247 conﬂatum;
3499 5182 3547 5237 is
3582 5185 3840 5254 proinde

2229 5294 2389 5352 neget
2414 5297 2638 5339 necesse
2663 5290 2768 5348 est,
2794 5282 3083 5336 Dominum
3110 5291 3359 5333 nostrum
3382 5276 3432 5329 in
3464 5276 3841 5330 Eueharistia

2228 5393 2417 5431 verum
2452 5377 2658 5431 habere
2678 5387 2727 5430 et
2758 5377 3033 5431 conﬁcere
3066 5374 3167 5429 sibi
3197 5388 3417 5442 corpus.
3448 5372 3498 5426 ls
3529 5372 3844 5443 siquidem

2230 5484 2424 5538 panem
2451 5480 2507 5523 et
2543 5471 2751 5533 vinum,
2783 5483 2871 5523 res
2899 5484 2929 5521 a
2962 5467 3148 5521 mundi
3191 5466 3388 5535 opiﬁce
3418 5464 3687 5519 conditas
3715 5502 3731 5523 ,
3776 5464 3843 5515 in

2228 5579 2412 5616 veram
2441 5578 2506 5617 ac
2536 5563 2812 5632 propriam
2859 5560 3105 5629 corporis
3148 5559 3231 5612 sui
3269 5558 3649 5613 substantiam
3696 5571 3845 5609 con-

2229 5666 2443 5712 vertere
2472 5672 2576 5711 non
2604 5666 2821 5726 potest,
2868 5655 2961 5723 qui
3014 5652 3215 5708 nullum
3251 5666 3317 5706 ex
3351 5651 3634 5706 materiali
3679 5653 3839 5706 sub-
