3924 6354
182 397 279 449 529
1082 383 1541 441 IIISSEKTATIO
1584 384 1671 446 Ill,
1708 383 1791 436 Dii
1832 381 2090 435 IRL’NASI
2135 379 2506 435 DUCTRINA.
3318 380 3422 435 350

178 515 380 571 stantia.
413 529 440 566 a
472 514 659 568 mundi
693 514 1034 569 fabricatore
1060 523 1243 568 creata
1268 552 1283 575 ,
1329 526 1531 581 corpus
1578 525 1731 563 assn-
1769 510 1813 563 A
1842 521 1905 560 ex
1942 506 2188 562 inferiori
2220 506 2452 561 materia
2479 502 2770 560 conﬁatum
2800 517 2999 573 corpus
3026 505 3420 573 assumpsisse;

181 624 313 661 mere
344 606 439 659 sibi
470 604 683 673 potuit,
723 621 793 659 ue
828 606 1109 661 materiam
1148 604 1233 658 vel
1260 614 1456 657 natura
1492 617 1590 657 sua
1624 617 1733 655 mae
1838 600 1897 653 2·
1924 599 2203 654 Christum
2236 607 2417 653 tamen
2446 610 2646 667 panem
2670 603 2727 652 et
2749 597 2954 657 vinum.
2984 610 3186 666 corpus
3208 605 3264 651 et
3291 612 3422 652 san-

180 698 308 760 lam,
358 697 437 749 vel
473 711 503 749 a
558 696 703 751 malo
742 697 941 767 Opiﬁce
982 706 1223 752 creatam
1267 696 1371 751 sibi
1409 695 1733 751 asciscerel.
1839 692 2057 760 guinem
2086 707 2242 746 suum
2268 706 2389 747 esse
2412 691 2647 753 dixisse;
2684 690 2877 744 iisdem
2902 688 3045 744 illico
3075 688 3239 744 veluti
3266 687 3424 759 quid-

180 810 195 839 ‹
220 789 482 854 Quomodo
513 808 533 840 ο
561 789 729 851 enim,
751 789 826 841 ait
854 788 1083 843 inferius
1105 797 1300 842 auctor
1324 796 1534 851 noster,
1569 802 1620 841 c.
1642 786 1734 851 33,
1839 786 1962 841 dam
1986 800 2055 840 ex
2079 785 2342 840 ambobus
2367 782 2682 839 necessario
2703 796 3044 852 consequens
3064 780 3420 843 constitisset,

177 896 223 933 n.
252 879 299 944 2,
329 898 346 929 r
372 879 525 946 jnste
558 880 822 934 Dominus
844 920 859 944 ,
909 880 952 935 si
995 880 1220 935 alterius
1256 878 1439 934 Patris
1482 878 1734 942 exsistit,

176 971 319 1041 hujus
350 975 714 1040 conditionis,
739 991 859 1045 quae
882 984 967 1029 est
987 976 1284 1029 secundum
1318 989 1440 1037 nos,
1461 972 1736 1041 accipiens

174 1080 367 1133 panem,
394 1081 559 1119 suum
590 1082 788 1134 corpus
818 1081 940 1120 esse
972 1066 1352 1129 conﬁtebatur,
1386 1076 1439 1119 et
1464 1074 1740 1134 tempera-

174 1164 389 1207 mentum
436 1154 632 1211 calicis
685 1172 844 1210 suum
896 1157 1223 1225 sanguinem
1271 1156 1656 1211 conﬁrmavit?
1714 1174 1732 1207 ι

173 1245 231 1301 lis
250 1248 432 1316 igitur,
459 1248 555 1317 qui
580 1258 781 1318 negant
807 1249 1094 1303 Dominum
1127 1260 1375 1303 nostrum
1405 1264 1527 1304 esse
1550 1248 1735 1303 mundi

177 1339 505 1393 {abricatoris
532 1338 753 1402 Filium,
789 1349 845 1393 et
882 1340 1114 1393 Verbum
1143 1338 1325 1393 Patris
1362 1339 1737 1409 unigenitum,

175 1443 410 1485 constare
445 1448 554 1486 non
579 1442 793 1502 potest,
845 1432 1245 1486 Encharistiam
1290 1448 1416 1487 esse
1448 1447 1651 1502 corpus
1685 1441 1740 1484 et

174 1526 475 1593 sanguinem
506 1524 723 1579 Domini
758 1526 952 1580 nostri.
1001 1525 1168 1595 Ecqui
1217 1527 1268 1579 id
1316 1528 1396 1581 eis
1425 1536 1737 1590 constaret,

175 1619 250 1684 qui
270 1616 503 1672 Domino
538 1627 728 1671 nostro
755 1632 942 1673 verum
968 1634 1170 1688 corpus
1193 1630 1247 1673 et
1277 1619 1600 1690 sanguinem
1626 1620 1744 1672 ndi-

176 1711 338 1764 munt?

230 1799 311 1854 SI.
350 1802 447 1856 Sic
480 1803 747 1856 adversus
778 1800 1087 1864 haereticos,
1117 1799 1290 1854 velint
1330 1800 1511 1854 nolint
1551 1814 1742 1854 recen-

176 1893 320 1946 tiores
352 1894 642 1957 haeretici,
694 1906 1108 1965 argumentatur
1140 1891 1411 1956 Irena‘us,
1462 1891 1546 1947 vel
1592 1903 1743 1947 certe

175 1986 287 2038 nihil
322 2000 557 2053 prorsus
581 1984 767 2039 eﬂicit.
800 1987 983 2057 Itaque
1016 1993 1130 2039 tum
1161 1983 1431 2040 haereticis
1460 1984 1747 2055 impugna-

177 2078 255 2137 tis,
289 2086 396 2130 tum
428 2076 638 2131 Irenaao
666 2076 1024 2147 impugnanti,
1068 2077 1325 2145 utrinque
1356 2081 1566 2129 certum
1596 2082 1743 2139 erat,

178 2166 224 2219 in
254 2166 598 2221 Eucharistia
623 2167 894 2222 contineri
931 2180 1119 2221 verum
1148 2182 1211 2220 ac
1241 2163 1599 2220 substantiale
1625 2180 1746 2221 cor-

176 2268 263 2320 pus
286 2265 337 2306 et
361 2254 697 2322 sanguinem
717 2254 929 2309 Domini
956 2255 1152 2319 nostri,
1179 2261 1234 2307 et
1259 2267 1453 2321 panem
1478 2268 1540 2307 ac
1559 2253 1744 2306 vinum

178 2344 223 2396 in
248 2358 305 2395 ea
340 2358 468 2396 vere
514 2344 764 2398 converti
813 2354 867 2399 et
914 2345 1292 2399 transmutari.
1337 2342 1451 2399 Nisi
1497 2344 1641 2399 enim
1693 2344 1747 2399 id

178 2447 366 2489 certum
401 2445 456 2488 et
490 2436 839 2506 exploratum
866 2436 1087 2505 utrique
1116 2436 1255 2505 parti
1298 2434 1513 2499 fuisset,
1543 2435 1746 2489 frustra

178 2536 226 2581 et
274 2528 503 2582 ridicule
553 2537 934 2597 argumentum
990 2529 1058 2581 ab
1101 2526 1447 2582 Eucharistia
1500 2526 1749 2594 petiisset

180 2618 422 2684 Irenreus,
447 2634 626 2689 eoque
654 2618 1073 2691 argumentandi
1100 2633 1303 2688 genere
1328 2618 1587 2673 insulsius
1612 2617 1749 2673 nihil

179 2710 380 2767 fuisset.
428 2711 567 2765 Nam
607 2713 653 2766 si
701 2721 813 2766 tum
850 2709 1091 2772 Irenaeus
1116 2752 1130 2775 ,
1169 2719 1280 2765 tum
1315 2709 1651 2764 Marcionita:
1692 2718 1750 2765 et

180 2801 542 2857 Valentiniani
580 2803 716 2856 nihil
745 2802 891 2856 aliud
932 2802 986 2856 in
1024 2801 1369 2856 Eucharistia
1403 2802 1748 2871 agnoverint,

180 2906 361 2964 praeter
384 2911 600 2951 meram
627 2897 871 2965 corporis
888 2905 941 2949 et
962 2895 1242 2965 sanguinis
1267 2894 1468 2950 Christi
1496 2894 1749 2963 ﬁguram,

179 2999 256 3041 aut
287 2986 563 3043 eﬁicacem
591 2988 761 3051 illam,
795 3003 957 3057 quam
987 2988 1281 3042 commenti
1314 2998 1442 3040 sunt
1478 2986 1749 3041 recentio-

178 3095 256 3135 res
277 3081 537 3141 ministri,
569 3081 828 3134 virtutem
857 3094 887 3134 e
912 3094 1142 3149 corpore
1172 3090 1228 3133 et
1259 3080 1522 3149 sanguine
1543 3078 1752 3136 Christi

1842 892 2038 949 panem
2072 887 2127 934 et
2154 877 2344 932 vinum
2386 891 2495 931 non
2524 875 2627 930 alia
2664 877 2878 931 ratione
2913 875 3117 930 Christi
3142 889 3341 944 corpus
3367 882 3423 928 et

1841 971 2163 1043 sanguinem
2192 984 2314 1026 esse
2347 984 2540 1039 posse,
2579 984 2741 1039 quam
2772 969 2900 1038 quia
2933 967 3139 1023 Christi
3179 968 3425 1036 corporis

1841 1074 1897 1117 et
1925 1062 2208 1131 sanguinis
2232 1070 2327 1116 aut
2358 1061 2526 1131 ﬁgura
2549 1069 2695 1126 sunt,
2718 1072 2811 1116 aut
2833 1061 3092 1116 virtutem
3118 1061 3423 1115 continent.

1836 1154 2179 1223 *Frustraque
2212 1155 2263 1210 id
2288 1164 2544 1226 negasset
2567 1153 2841 1215 Irenrcus;
2892 1167 3019 1207 nam
3046 1151 3231 1207 statim
3266 1165 3428 1220 repo-

1842 1246 2082 1301 suissent
2110 1246 2434 1312 adversarii,
2461 1245 2597 1300 nihil
2630 1259 2935 1315 repugnare
2956 1285 2971 1309 ,
3005 1258 3129 1299 eum
3173 1243 3267 1314 qui
3308 1242 3429 1298 nqu

1840 1339 1951 1395 lum
1979 1340 2082 1395 sibi
2104 1355 2171 1395 ex
2196 1338 2357 1393 rebus
2383 1337 2735 1395 inferioribus
2759 1338 2961 1393 creatis
2985 1352 3185 1407 corpus
3210 1336 3426 1400 ascivit,

1844 1431 1898 1486 in
1924 1432 2115 1487 iisdem
2148 1429 2497 1501 spiritalioris
2525 1429 2691 1496 illius,
2722 1430 2865 1499 quod
2892 1429 3149 1500 gestavit,
3183 1429 3430 1500 corporis

1844 1523 2071 1593 ﬁguram
2121 1530 2178 1577 et
2224 1523 2484 1577 virtutem
2536 1531 2955 1589 repraesentare.
3016 1520 3168 1577 Unde
3218 1528 3429 1574 tantum

1845 1616 1996 1670 abest
2022 1619 2082 1665 ut
2099 1611 2205 1669 hoc
2219 1617 2541 1685 argumento
2559 1610 2627 1664 ah
2640 1608 2984 1667 Eucharistia
3001 1612 3171 1681 petitu
3199 1613 3433 1670 catholi-

1845 1721 1967 1761 cam
1992 1720 2212 1761 causam
2248 1704 2498 1773 juvasset
2529 1705 2591 1759 S.
2629 1706 2853 1771 doctor,
2894 1706 3025 1775 quin
3064 1705 3245 1776 potius
3277 1721 3430 1761 arma

1846 1798 2118 1853 haereticis
2147 1798 2531 1864 ministrasset,
2571 1800 2769 1867 quibus
2796 1798 3093 1853 catholicos
3124 1798 3273 1867 ipsos
3301 1812 3432 1854 con-

1846 1886 2139 1943 fodissent.
2181 1886 2575 1958 Argumentum
2621 1889 2768 1943 enim
2816 1889 3017 1944 invicte
3053 1896 3435 1959 retorquentes

1846 1980 2152 2035 dixissent:
2189 1979 2247 2035 Si
2293 1981 2438 2050 quod
2467 1995 2665 2050 corpus
2706 1981 3005 2036 humanum
3048 1989 3106 2037 et
3150 1980 3436 2035 materiale

1845 2083 1912 2124 ex
1950 2070 2116 2124 rebus
2150 2070 2502 2126 inferioribus
2526 2071 2731 2126 creatis
2762 2084 3044 2126 assumere
3074 2069 3178 2126 sibi
3218 2080 3433 2140 potuis-

1851 2170 1938 2216 set
1960 2161 2054 2216 Dei
2080 2160 2272 2225 Filius,
2303 2176 2367 2217 ex
2394 2162 2463 2217 iis
2505 2163 2743 2219 maxime
2782 2162 2885 2218 sibi
2917 2162 3279 2226 confecisset,
3314 2176 3435 2230 qure

1848 2253 1964 2322 ipse
1997 2267 2198 2322 corpus
2244 2262 2298 2307 et
2329 2255 2649 2330 sanguinem
2688 2269 2848 2309 suum
2884 2268 3009 2309 esse
3054 2253 3193 2308 dixit
3223 2271 3238 2307 :
3282 2254 3435 2322 atqui

1850 2352 2057 2408 tamen,
2092 2345 2223 2413 ipsis
2250 2344 2551 2401 fatentibus
2582 2346 2893 2410 catholicis,
2928 2360 2990 2401 ea
3016 2346 3135 2414 ipsa
3158 2359 3278 2414 qua:
3298 2359 3438 2399 cou-

1849 2435 2115 2489 secraudo
2141 2450 2340 2504 corpus
2365 2444 2421 2490 et
2454 2436 2774 2505 sanguinem
2798 2450 2956 2489 suum
2988 2450 3111 2490 esse
3140 2436 3297 2498 dixit,
3337 2449 3437 2503 pa-

1850 2524 1936 2579 nis
1975 2524 2233 2581 videlicet
2277 2536 2336 2581 et
2376 2526 2596 2593 vinum,
2646 2542 2754 2583 non
2806 2526 2944 2582 ﬁunt
2974 2542 3162 2583 verum
3194 2528 3437 2599 ejusdem

1850 2633 2051 2689 corpus
2098 2634 2373 2689 verusque
2414 2621 2674 2690 sanguis,
2728 2621 2822 2676 sed
2854 2635 3066 2676 meram
3105 2622 3354 2693 corporis
3381 2630 3440 2676 et

1851 2712 2134 2780 sanguinis
2186 2710 2417 2782 ﬁguram
2459 2721 2517 2768 et
2561 2712 2821 2768 virtutem
2870 2714 3133 2769 exhibent
3164 2723 3221 2769 et
3260 2714 3440 2770 conti-

1853 2813 1985 2859 nent
2014 2819 2029 2857 :
2058 2816 2191 2874 ergo
2221 2801 2475 2860 Christus
2505 2818 2694 2859 verum
2733 2820 2937 2874 corpus
2978 2806 3277 2861 humanum
3326 2822 3437 2861 non

1853 2898 2188 2966 assumpsit,
2220 2898 2317 2953 sed
2349 2911 2558 2952 meram
2587 2898 2838 2969 corporis
2873 2898 3095 2954 humani
3125 2898 3354 2970 ﬁguram
3382 2908 3440 2954 et

1854 2988 2147 3057 virtutem,
2181 3005 2291 3060 qua
2331 2991 2387 3046 in
2424 2992 2708 3047 hominum
2742 3006 2938 3048 sensus
2994 3003 3225 3065 ageret,
3276 2993 3439 3061 idque

1852 3082 2115 3150 efﬁceret,
2148 3084 2290 3153 quod
2317 3099 2511 3140 verum
2537 3099 2735 3154 corpus
2772 3084 3071 3140 humanum
3100 3085 3314 3140 eﬁicere
3345 3098 3442 3154 po—

180 3184 516 3235 manantem;
563 3171 643 3224 sic
675 3170 941 3240 procedat
974 3184 1201 3226 necesse
1236 3181 1320 3226 est
1354 3172 1539 3226 Irenaei
1584 3186 1824 3255 argu-c
1855 3176 2069 3231 tuisset.
2102 3175 2430 3233 Econtrario
2455 3192 2589 3232 vero
2619 3177 2664 3233 si
2708 3192 3115 3248 supponamus,
3159 3177 3304 3247 quod
3344 3194 3443 3232 ve-

182 3275 441 3318 mentum:
468 3262 808 3332 Negantihus
845 3262 1123 3318 haereticis
1163 3262 1453 3317 Dominum
1500 3273 1747 3319 nostrum

177 3372 282 3412 esse
307 3356 495 3410 mundi
536 3355 890 3411 fabricatoris
916 3354 1144 3423 Filium,
1172 3356 1224 3410 id
1248 3364 1331 3411 est
1365 3354 1599 3410 Verbum
1630 3356 1753 3428 ejus

179 3452 534 3519 unigenitum,
566 3458 827 3505 constare
854 3466 959 3503 non
993 3459 1171 3519 petest
1197 3449 1597 3506 Eucharistiam
1625 3466 1751 3507 esse

179 3542 413 3612 ﬁguram,
445 3552 544 3595 aut
579 3541 846 3597 virtutem
890 3543 1136 3612 corporis
1179 3542 1298 3611 ejus
1336 3553 1391 3597 et
1440 3543 1746 3613 sanguinis.

180 3636 227 3689 Si
252 3638 396 3690 enim
433 3635 528 3690 Dei
565 3634 738 3690 Filius
771 3650 957 3690 veram
997 3650 1263 3699 carnem,
1307 3650 1608 3706 verumque
1652 3636 1752 3690 hu-

181 3747 379 3783 manum
421 3745 625 3799 corpus
648 3744 715 3783 ex
749 3729 978 3783 materia
1005 3744 1034 3782 a
1076 3729 1259 3784 mundi
1308 3727 1501 3798 opiﬁce
1530 3729 1751 3784 condita

178 3824 453 3877 conﬂatum
486 3839 599 3877 non
628 3822 894 3892 suscepit,
923 3836 1026 3875 nec
1053 3820 1294 3894 hylicum
1317 3821 1613 3891 quidquam
1646 3820 1749 3875 sibi

180 3916 393 3981 ascivit,
448 3916 551 3970 sed
600 3935 619 3967 ε
684 3931 711 3968 a
770 3915 1126 3983 dispositione
1167 3914 1528 3987 circumdedit
1581 3932 1601 3966 ι
1645 3913 1750 3967 sibi

185 4026 199 4057 ι
237 4024 431 4077 corpus
469 4027 488 4059 ι
526 4008 808 4077 quoddam
849 4023 867 4056 ι
899 4014 1152 4076 paratum
1179 4005 1533 4059 inenarrabili
1563 4017 1696 4069 arte,
1726 4024 1744 4057 ι

181 4114 230 4154 ιιι
255 4102 583 4157 asserebant
613 4099 990 4156 Valentiniani
1018 4099 1099 4163 ⁶⁸;
1140 4098 1343 4152 nullam
1370 4099 1457 4151 sui
1501 4097 1751 4165 corporis

178 4196 391 4260 ﬁguram
426 4206 527 4247 aut
562 4192 827 4246 virtutem
863 4191 917 4245 in
960 4190 1304 4245 Eucharistia
1351 4189 1615 4244 exhibere
1652 4204 1752 4259 po-

178 4294 288 4339 test.
318 4285 611 4340 Haereticis
639 4285 809 4354 igitur
834 4284 1054 4338 Christo
1082 4281 1364 4337 materiale
1400 4296 1601 4351 corpus
1633 4282 1752 4336 adi-

179 4380 443 4433 mentibus
489 4387 753 4431 consmre
794 4392 899 4431 non
941 4386 1150 4443 potest,
1194 4374 1593 4429 Eucharistiam
1626 4389 1751 4430 esse

178 4472 394 4543 ﬁguram
426 4482 526 4527 aut
560 4472 821 4525 virtutem
867 4471 1117 4540 corporis
1146 4469 1283 4540 ejus.
1331 4469 1420 4523 Sic
1463 4483 1749 4540 argumen-

180 4576 332 4618 latum
377 4564 559 4619 fuisse
592 4562 859 4617 lrenzeum
908 4563 1114 4631 ﬁngant
1152 4576 1380 4617 necesse
1427 4572 1513 4617 est
1557 4561 1751 4618 Prote-

179 4667 392 4713 stantes.
471 4656 637 4726 Atqui
693 4656 961 4724 eiusmodi
1020 4666 1403 4725 argumentum
1467 4655 1751 4710 delirantis

182 4753 408 4807 hominis
433 4767 585 4817 esse,
619 4764 720 4804 nec
752 4749 984 4819 proinde
1013 4749 1238 4814 Irenaeo,
1269 4751 1390 4805 sine
1429 4751 1581 4821 gravi
1616 4750 1750 4817 inju-

180 4846 266 4906 ria,
304 4845 474 4898 tribui
504 4857 691 4913 posse,
737 4842 956 4896 sobrius
995 4842 1229 4912 quisque
1273 4840 1552 4897 fatebitur.
1584 4843 1747 4910 Quasi

182 4952 314 5002 vero,
346 4936 498 5007 quod
534 4934 793 4989 Christus
832 4934 1071 5004 hylicum
1123 4934 1257 4989 nihil
1303 4936 1641 5005 susceperit,
1692 4949 1749 4991 et

183 5030 447 5084 materiale
477 5042 677 5097 corpus
701 5042 805 5081 non
837 5028 1209 5097 assumpserit,
1243 5028 1365 5081 inde
1387 5039 1751 5097 consequatur

183 5122 365 5176 nullam
390 5120 755 5192 spiritalioris
796 5120 941 5176 illius
966 5124 1232 5190 corporis,
1269 5139 1288 5172 ι
1323 5122 1497 5189 parati
1533 5124 1749 5177 inenar-

182 5212 319 5266 rabili
352 5223 497 5275 arte,
531 5229 550 5264 ι
599 5211 742 5281 quod
767 5212 868 5266 sibi
900 5212 1749 5283 circumdedit,ﬁguramautvir-

182 5316 333 5360 tatem
360 5308 414 5360 in
458 5306 823 5361 Eucharistize
852 5306 1111 5377 mysterio
1138 5306 1397 5364 exhibere
1418 5310 1613 5379 posse?
1636 5310 1749 5365 lmo

181 5402 343 5462 potius
371 5399 652 5454 hxreticis
681 5398 808 5453 hinc
849 5401 1087 5454 maxime
1128 5400 1496 5466 constitisset,
1526 5400 1743 5456 Eucha-

182 5492 374 5545 nstiam
406 5507 531 5547 esse
564 5490 791 5561 ﬁguram
823 5501 914 5545 aut
952 5494 1211 5549 virtutem
1239 5493 1485 5563 corporis
1530 5495 1743 5549 Domini

181 5586 269 5638 sui.
295 5585 369 5640 Ex
402 5600 513 5656 quo
542 5585 692 5640 enim
724 5584 884 5639 ambo
911 5584 1025 5640 hmc
1053 5587 1322 5642 htereticis
1350 5587 1745 5655 constitissent,

183 5688 228 5731 ut
258 5692 513 5736 constare
548 5680 653 5734 sibi
686 5680 1113 5736 contendebant:
1137 5683 1187 5736 ι·
1215 5681 1509 5741 Christum.
1540 5682 1742 5738 nullum

242 5833 283 5866 "
307 5834 476 5900 Item,
504 5834 603 5889 lib.
630 5849 670 5892 I.
708 5849 756 5885 e.
791 5834 844 5897 ϐ,
875 5850 928 5887 n.
973 5832 1012 5887 I.

484 5932 763 5993 Ρηιιοι.
810 5930 926 5993 Gtt.
984 5930 1113 5994 VII.

1855 3271 2132 3326 rissimum
2165 3278 2285 3337 est,
2319 3279 2374 3325 et
2403 3268 2609 3327 Irenaeo
2640 3278 2695 3324 et
2722 3271 3055 3326 adversariis
3079 3271 3197 3342 ejus
3225 3282 3440 3329 certum

1852 3372 1908 3417 et
1934 3362 2299 3417 indubitatum
2335 3362 2503 3418 fuisse
2524 3404 2537 3427 ,
2565 3378 2761 3431 panem
2787 3372 2840 3417 et
2872 3363 3056 3419 vinum
3088 3364 3141 3418 in
3173 3364 3441 3421 Euchari-

1853 3456 1958 3511 stia
1993 3457 2238 3509 converti
2262 3455 2318 3509 in
2345 3470 2534 3509 verum
2561 3456 2774 3510 Domini
2810 3455 2980 3510 nostri
3006 3471 3206 3526 corpus
3236 3468 3290 3511 et
3314 3472 3443 3512 san-

1852 3545 2109 3615 guinem;
2148 3555 2470 3614 argumento
2502 3546 2570 3599 ab
2597 3545 2942 3600 Eucharistia
2970 3548 3145 3617 petito
3190 3546 3325 3601 nihil
3370 3550 3440 3603 ad

1852 3638 2238 3708 opprimendos
2302 3638 2593 3694 haereticos
2637 3638 2870 3694 validius
2921 3641 3050 3698 erit.
3099 3639 3202 3708 Qui
3248 3641 3393 3695 enim
3422 3681 3438 3706 ,

1855 3731 2058 3785 dixerit
2086 3729 2354 3798 Irenazus,
2392 3747 2586 3802 panem
2631 3741 2687 3787 et
2724 3734 2907 3786 vinum
2935 3769 2954 3799 ,
2993 3746 3086 3788 res
3122 3733 3439 3787 materiales

1854 3835 2104 3891 creatas,
2157 3826 2210 3879 in
2265 3840 2451 3879 veram
2506 3825 2713 3895 proprii
2762 3826 3009 3894 corporis
3056 3834 3111 3881 et
3155 3818 3451 3896 sanguinis

1852 3917 2217 3971 subStantiam
2248 3917 2553 3983 c0nvertit,
2577 3928 2632 3972 et
2657 3932 2844 3973 verum
2888 3933 3087 3989 corpus
3118 3928 3175 3974 et
3210 3921 3439 3991 sangui-

1854 4022 1977 4063 nem
2007 4023 2165 4062 suum
2208 4022 2328 4063 esse
2358 4008 2537 4077 palam
2575 4009 2843 4073 asseruit;
2870 4009 2934 4075 is,
2971 4009 3016 4066 si
3048 4024 3215 4066 verax
3246 4022 3351 4079 est,
3386 4022 3445 4067 et

1854 4116 1981 4155 vera
2024 4100 2287 4171 loquitur,
2315 4116 2505 4157 verum
2526 4116 2728 4171 corpus
2751 4104 3067 4170 humanum,
3095 4116 3161 4157 ex
3194 4102 3442 4158 inferiori

1855 4194 2084 4268 [CXLII]
2124 4196 2353 4251 materia
2375 4238 2391 4263 ,
2425 4196 2653 4265 perinde
2690 4205 2857 4264 atque
2892 4205 3139 4251 nostrum
3162 4236 3176 4260 ,
3211 4211 3439 4266 compo-

1854 4288 2019 4342 situm
2066 4288 2318 4344 habuerit
2375 4301 2603 4343 necesse
2643 4298 2756 4353 est;
2796 4305 2815 4338 ε
2856 4287 3079 4357 sanguis
3104 4287 3285 4348 enim,
3324 4304 3344 4339 ι
3379 4296 3441 4340 ut

1855 4393 2004 4437 recte
2045 4381 2281 4435 advertit
2328 4379 2424 4435 lib.
2458 4395 2510 4447 v,
2542 4394 2593 4434 c.
2637 4378 2725 4444 II,
2760 4380 2895 4444 n.2,
2936 4398 2956 4433 r
2994 4396 3101 4433 non
3142 4392 3226 4434 est
3276 4380 3377 4434 nisi
3406 4394 3441 4436 ι

1853 4474 2011 4529 venis
2041 4482 2093 4527 et
2120 4472 2403 4538 carnibus,
2435 4479 2494 4526 et
2528 4488 2556 4525 a
2592 4471 2801 4539 reliqua
2821 4513 2836 4535 ,
2866 4486 2988 4540 quas
3025 4478 3109 4524 est
3139 4471 3441 4525 secundum

1858 4567 2160 4630 hominem,
2191 4565 2517 4621 substantia.
2567 4584 2586 4617 ι
2614 4565 2811 4635 Atqui,
2843 4575 2902 4617 ut
2949 4564 3167 4633 ipsimet
3200 4564 3442 4618 latentur

1858 4658 2182 4723 adversarii,
2217 4657 2480 4712 Dominus
2510 4667 2717 4721 noster,
2762 4657 2877 4726 ipsa
2900 4657 3130 4719 veritas,
3157 4669 3354 4725 panem
3385 4662 3443 4711 et

1856 4753 2074 4816 vinum,
2131 4764 2223 4805 res
2271 4749 2584 4806 materiales
2623 4758 2875 4816 creatas,
2913 4748 2967 4803 in
3010 4761 3197 4801 veram
3232 4746 3437 4816 proprii

1859 4845 2109 4916 corporis
2152 4854 2208 4899 et
2250 4843 2536 4914 sanguinis
2584 4842 2948 4898 substantiam
3011 4840 3320 4906 convertit,
3374 4856 3438 4894 ac

1856 4938 2193 4995 convertisse
2228 4950 2288 4991 se
2317 4936 2491 4992 dixit:
2520 4949 2653 5005 ergo
2681 4946 2869 4987 verum
2905 4946 3106 5002 corpus
3140 4932 3436 4987 humanum

1859 5055 1926 5094 ex
1964 5036 2217 5093 inferiori
2254 5035 2485 5091 materia
2514 5032 2878 5102 compositum
2905 5071 2921 5096 ,
2973 5038 3269 5099 nostroque
3301 5044 3434 5085 con-

1856 5122 2217 5188 substantiale
2233 5128 2426 5183 habuit
2454 5144 2470 5182 :
2493 5141 2625 5197 ergo
2651 5123 2833 5178 mundi
2857 5122 3311 5179 creatorisFilius
3330 5131 3434 5188 est,

1855 5229 1911 5274 et
1931 5217 2170 5273 Verbum
2202 5216 2341 5285 ejus.

1926 5312 2018 5369 82.
2051 5311 2170 5365 Erit
2196 5311 2335 5364 forte
2359 5323 2389 5363 e
2405 5306 2746 5364 Calvinianis
2766 5305 3066 5376 quispiam,
3090 5306 3181 5376 qui
3212 5320 3436 5375 respon-

1854 5404 2001 5467 deat,
2033 5404 2235 5457 Irenaao
2263 5400 2399 5455 satis
2423 5399 2591 5454 fuisSe
2617 5399 2852 5466 probare
2882 5399 3289 5454 Eucharistiam
3313 5413 3436 5454 esse

1852 5496 2100 5566 corporis
2138 5504 2194 5550 et
2227 5494 2509 5565 sanguinis
2542 5492 2745 5548 Christi
2775 5492 3028 5563 ﬁguram,
3056 5502 3117 5546 ut
3141 5491 3268 5547 inde
3296 5505 3432 5547 con-

1852 5588 2042 5643 ﬁceret
2077 5587 2371 5643 Dominum
2398 5594 2650 5642 nostrum
2680 5601 2869 5640 verum
2903 5599 3103 5655 corpus
3134 5592 3188 5639 et
3210 5582 3432 5651 sangui-

1853 5698 1979 5737 nem
2023 5680 2425 5753 assumpsisse:
2450 5696 2599 5750 nam,
2636 5689 2693 5734 ut
2731 5681 2806 5734 ait
2832 5678 3228 5743 Tertullianus,
3256 5678 3349 5733 lib.
3376 5686 3431 5728 tv

2989 5929 3060 5989 11
