3924 6354
536 328 636 384 351

1358 322 1956 381 DlSSERTATlONES
1993 321 2299 378 PREVUE
2340 322 2406 378 1N
2441 322 2701 383 ιῐιΕΝΑῑι
2738 324 3006 382 LIBROS.

3668 331 3761 386 332

535 455 675 500 cont.
718 445 989 500 Harcion.
1021 461 1073 500 c.
1100 444 1155 509 4,
1190 463 1209 497 ι
1252 461 1422 501 vacua
1471 460 1594 512 res,
1627 448 1771 516 quod
1810 456 1893 501 est
1939 447 2114 515 phan-
2141 450 2188 504 A
2214 448 2448 516 percipit
2488 449 2690 517 vitam,
2732 464 2854 520 quae
2891 464 3130 520 corpore
3168 461 3224 506 et
3262 452 3531 523 sanguine
3577 452 3766 507 Domini

536 550 734 603 tasma,
770 541 1000 610 ﬁguram
1032 556 1233 611 capere
1272 558 1379 597 non
1419 554 1623 611 posset.
1684 562 1703 596 ι
1740 544 1847 599 Sed
1882 545 2112 599 vanissi-

536 649 682 688 mam
717 634 1136 703 responsionem
1182 634 1294 703 jam
1342 639 1754 709 occupavimus.
1807 638 1915 693 Nec
1964 642 2109 695 enim

534 728 740 782 Irenaeo
763 728 1103 797 probandum
1134 730 1398 785 duntaxat
1429 737 1581 795 erat,
1608 731 1886 786 Christum
1919 747 2109 786 verum

533 818 795 874 habuisse
824 834 1061 888 corpus;
1093 820 1144 873 id
1176 820 1376 889 quippe
1409 835 1515 875 non
1563 821 1807 877 absolute
1842 824 2113 893 negabant

534 913 593 977 ii,
625 927 764 980 quos
792 912 882 967 hic
904 912 1118 978 refellit,
1154 913 1435 977 haeretici;
1472 916 1567 969 sed
1599 916 1650 968 id
1675 917 1983 984 praesertim
2015 918 2111 972 de-

532 1005 950 1059 monstrandum
980 1016 1095 1061 erat
1117 1044 1132 1066 .
1164 1006 1454 1060 Dominum
1486 1018 1734 1063 nostrum
1774 1024 1974 1080 corpus
2004 1011 2107 1066 sibi

532 1112 600 1152 ex
628 1098 879 1153 inferiori
926 1098 1156 1152 materia
1200 1114 1231 1153 a
1276 1102 1462 1155 mundi
1507 1101 1844 1158 fabricatore
1891 1104 2107 1159 comlita

532 1192 851 1262 sumpsisse,
903 1200 1100 1246 nostro
1151 1192 1644 1249 consubstantiale.
1683 1196 1845 1264 Atqui
1875 1197 1925 1249 id
1958 1208 2108 1253 certe

531 1283 639 1338 hoc
684 1292 1012 1353 argumento
1066 1300 1173 1339 non
1218 1285 1676 1342 demonstrasset.
1720 1289 1916 1342 Statim
1962 1292 2105 1345 enim

530 1375 853 1444 regessisset
896 1372 1355 1443 Valentinianus,
1402 1378 1524 1433 ideo
1572 1378 1848 1433 Christum
1890 1395 2106 1435 assum-

528 1467 700 1535 psisse
727 1482 923 1535 panem
951 1477 1006 1522 et
1035 1469 1247 1536 vinum,
1274 1480 1332 1523 ut
1359 1470 1427 1524 iis
1447 1473 1695 1542 corporis
1722 1485 1777 1529 et
1800 1477 2103 1545 sanguinis,

527 1572 649 1626 qua:
673 1558 986 1613 mortalium
1015 1560 1269 1615 sensibus
1298 1561 1610 1631 objecerat,
1640 1563 1864 1635 ﬁguram
1903 1569 2107 1622 consti-

527 1662 736 1715 tueret;
765 1668 831 1705 ac
861 1652 1094 1721 proinde
1131 1652 1293 1707 sicuti
1327 1669 1393 1710 eo
1434 1670 1669 1725 corpore
1699 1659 1872 1727 quod,
1907 1660 1959 1714 in
2000 1671 2106 1716 ter-

526 1742 605 1795 ris
631 1758 834 1811 agens,
869 1742 1149 1797 hominum
1179 1758 1375 1799 sensus
1407 1745 1703 1815 aliecerat,
1746 1766 1951 1805 meram
1984 1767 2105 1807 cor-

525 1834 675 1904 poris
692 1835 914 1889 humani
946 1836 1209 1905 Speciem,
1241 1851 1350 1891 non
1369 1854 1556 1893 verum
1581 1855 1780 1910 corpus
1809 1843 2106 1898 humanum

525 1926 844 1996 obiecerat;
873 1928 956 1982 sic
987 1941 1127 1997 pane
1154 1938 1211 1983 et
1239 1930 1367 1984 vino
1407 1945 1515 1986 non
1551 1947 1737 1988 verum
1762 1949 1985 2006 corpus,
2010 1938 2107 1992 sed

525 2020 773 2089 corporis
800 2020 1107 2075 materialis
1130 2023 1460 2090 phantasma
1486 2024 1801 2096 signiﬁcare
1832 2028 2066 2084 voluisse
2090 2045 2105 2083 :

524 2113 636 2169 imo
667 2129 732 2170 eo
764 2114 1149 2170 demonstrare
1192 2115 1468 2185 voluisse,
1521 2119 1727 2173 nullam
1774 2121 1875 2177 sibi
1921 2137 2103 2177 veram

525 2207 773 2277 corporis
800 2207 1025 2263 humani
1060 2209 1348 2265 materiam
1375 2220 1432 2266 et
1452 2212 1836 2289 substantiam,
1863 2216 1957 2271 sed
1984 2232 2108 2287 spe-

525 2299 664 2355 ciem
696 2300 970 2355 duntaxat
1012 2301 1215 2365 inesse.
1241 2301 1397 2369 Quod
1427 2314 1610 2360 autem
1650 2307 1951 2364 addidisset
1990 2307 2104 2363 ire-

528 2407 701 2457 naeus,
731 2394 880 2449 omni
914 2393 1100 2465 ﬁgurae
1145 2396 1435 2451 veritatem
1486 2397 1722 2466 aliquam
1773 2404 2105 2471 respondere

527 2485 747 2551 debere,
779 2485 924 2542 illico
955 2486 1296 2543 dissolvisset
1322 2489 1763 2560 Valentinianus,
1797 2508 2102 2564 reponens,

526 2574 749 2645 utrique
778 2574 998 2645 ﬁgurae,
1052 2577 1290 2631 naturali
1330 2578 1543 2633 scilicet
1573 2588 1630 2633 et
1677 2579 2102 2647 Eucharistim,

528 2666 862 2735 respondere
889 2680 1079 2721 verum
1126 2666 1258 2722 illud
1290 2682 1491 2738 corpus
1524 2677 1773 2739 paratum
1816 2672 2105 2726 inenarra-

526 2759 620 2813 bili
655 2768 797 2824 arte,
824 2760 967 2829 quod
992 2775 1023 2814 a
1046 2760 1404 2829 dispositione
1428 2762 1531 2817 sibi
1556 2763 1916 2819 circumdedit
1945 2765 2106 2821 Citri-

524 2859 681 2915 stus,
728 2852 825 2907 sed
882 2852 1026 2921 quod
1081 2867 1151 2908 ex
1212 2853 1459 2911 inferiori
1509 2858 1742 2912 materia
1780 2869 2101 2916 concretum

524 2959 630 2997 non
676 2945 769 3000 sit.
802 2944 1003 3014 Sicque
1046 2946 1157 3002 cito
1206 2949 1410 3003 ruisset
1449 2958 1558 3005 tota
1590 2950 1779 3006 lrentei
1816 2967 2104 3023 argumen-

509 3038 682 3094 tetio.

2216 540 2402 596 alitur.
2441 540 2576 597 Nam
2604 543 2784 599 addita
2821 543 2991 599 altera
3032 545 3616 618 propositionezAtqui
3654 564 3767 603 caro

2215 643 2405 689 nostra
2435 650 2667 706 corpore
2690 644 2747 692 et
2779 637 3041 706 sanguine
3070 639 3277 693 Domini
3304 638 3493 703 alitur,
3525 639 3633 694 ﬁuit
3660 642 3769 697 hinc

2213 743 2277 783 ex
2304 743 2363 783 se
2392 729 2666 786 conclusio
2703 749 2715 785 :
2751 744 2880 799 ergo
2917 745 3045 784 caro
3084 739 3270 786 nostra
3300 732 3355 785 in
3387 732 3768 802 corruptionem

2215 820 2479 875 devenire
2509 837 2615 875 non
2644 832 2847 892 potest.
2881 821 3099 877 Priores
3126 823 3523 893 propositiones
3558 827 3770 892 probare

2211 927 2673 983 supervacaneum
2706 914 2893 970 fuisset
2917 933 2930 981 ;
2958 924 3141 986 patent
3161 917 3357 987 quippe
3377 932 3440 971 ex
3475 917 3605 986 ipsis
3632 917 3772 972 Chri-

2211 1005 2278 1059 sti
2304 1005 2487 1061 verbis
2510 1004 2671 1062 Joan.
2699 1021 2771 1072 vt,
2802 1008 2892 1073 5t,
2925 1009 3026 1063 5‘5:
3056 1008 3176 1062 Nisi
3206 1010 3647 1063 manducaueritis
3662 1026 3773 1063 car-

2212 1114 2327 1151 nem
2358 1095 2490 1153 Filii
2529 1099 2779 1167 hominis,
2813 1112 2861 1155 et
2893 1101 3124 1156 biberitis
3154 1102 3268 1170 ejus
3292 1104 3634 1172 sanguinem,
3675 1120 3773 1156 non

2210 1188 2465 1243 habebitis
2496 1190 2660 1243 vitam
2693 1192 2746 1245 in
2773 1190 2942 1249 vobis.
2984 1191 3088 1257 Qui
3126 1195 3416 1247 manduca!
3448 1210 3614 1247 meam
3660 1211 3773 1247 mr-

2212 1296 2328 1334 nem
2354 1292 2401 1334 et
2423 1281 2552 1335 bibit
2574 1298 2744 1336 meum
2772 1285 3105 1354 sanguinem,
3129 1284 3284 1339 habet
3314 1287 3473 1340 vitam
3509 1294 3771 1347 aeternam,

2209 1379 2256 1422 et
2290 1386 2382 1440 ego
2415 1372 2741 1426 resuscitabo
2768 1389 2884 1426 eum
2909 1374 2963 1425 in
2988 1374 3268 1428 novissimo
3294 1376 3403 1429 die.
3438 1376 3773 1443 Assumptio-

2212 1474 2333 1515 nem
2368 1476 2512 1531 vero,
2540 1463 2787 1533 quamvis
2814 1474 2869 1519 et
2890 1465 3000 1534 ipsa
3026 1466 3160 1520 satis
3180 1474 3364 1536 aperte
3388 1467 3543 1521 exiis
3570 1465 3772 1521 Domini

2207 1554 2429 1609 verbis:
2466 1555 2603 1610 Caro
2652 1572 2767 1610 mea
2808 1573 2922 1611 vere
2965 1568 3040 1612 est
3086 1558 3265 1624 cibus,
3297 1570 3344 1614 et
3390 1562 3603 1630 sanguis
3634 1577 3775 1614 naeus

2208 1662 2324 1700 vere
2345 1659 2420 1700 est
2442 1657 2597 1717 potus
2618 1690 2632 1717 ,
2660 1650 3166 1716 demonstraretur,
3205 1652 3474 1721 expleat,
3507 1654 3696 1721 probat
3725 1664 3779 1706 et

2210 1738 2499 1792 conﬁrmat
2528 1742 2780 1794 tremens.
2817 1740 2894 1797 Ac
2924 1742 3102 1811 primo
3129 1744 3344 1813 quidem
3366 1744 3642 1808 obseurat,
3673 1744 3778 1798 ba:-

2214 1830 2504 1885 reticorum
2542 1833 2866 1887 sententiam
2909 1847 3033 1889 cum
3069 1836 3185 1905 ipsa
3235 1835 3487 1890 sacriﬁcii
3530 1836 3780 1890 euchari-

2207 1923 2330 1978 stici
2363 1923 2491 1990 ﬁde,
2517 1940 2678 1995 quam
2712 1935 2891 1982 tamen
2915 1929 3158 1984 eamdem
3188 1946 3309 1986 cum
3342 1931 3623 1987 catholicis
3650 1946 3778 1999 pro-

2209 2016 2527 2085 ﬁtebantur,
2559 2021 2639 2075 sic
2663 2037 2986 2092 repugnare,
3015 2034 3073 2078 ut
3102 2025 3170 2079 ab
3200 2024 3474 2080 oﬂ‘erendo
3508 2024 3780 2080 sacriﬁcio

2207 2112 2588 2168 abstinendum
2614 2115 2700 2171 eis
2733 2125 2905 2183 esset,
2929 2126 3025 2171 aut
3059 2120 3313 2173 mutanda
3344 2119 3608 2176 sententia
3634 2137 3650 2173 :
3681 2135 3780 2174 ca-

2210 2200 2532 2257 tholicorum
2566 2218 2693 2259 vero
2722 2206 3049 2261 sententiam
3098 2221 3221 2262 cum
3258 2204 3599 2261 Eucharistia
3642 2207 3782 2260 mire

2206 2296 2343 2350 adeo
2370 2298 2707 2363 consentire,
2743 2305 2803 2352 ut
2825 2298 2956 2354 hinc
2977 2313 3181 2354 novum
3212 2300 3261 2354 ei
3289 2301 3453 2355 robur
3475 2299 3777 2355 accederet.

2206 2388 2499 2445 Olferimus
2522 2392 2688 2459 enim,
2722 2392 2918 2461 inquit,
2949 2389 3058 2448 Deo
3082 2408 3204 2463 quae
3230 2403 3358 2449 sunt
3392 2392 3529 2463 ejus.
3560 2394 3783 2461 propria

2206 2480 2380 2551 ipsius
2413 2484 2574 2547 bona,
2602 2484 2669 2538 ab
2698 2499 2763 2539 eo
2788 2485 3003 2539 condita
3034 2494 3090 2539 et
3119 2493 3324 2547 creata,
3352 2499 3548 2555 panem
3581 2484 3783 2539 videli-

2208 2582 2294 2626 cet
2327 2582 2383 2626 ct
2416 2573 2632 2638 vinum,
2678 2590 2803 2644 qua:
2844 2578 3259 2633 consecratione
3299 2592 3363 2631 ac
3404 2576 3785 2631 benedictione

2209 2665 2582 2721 ministrorum
2608 2666 2864 2725 Ecclesia:
2890 2668 3026 2724 ﬁunt
3049 2669 3249 2725 Christi
3280 2669 3511 2737 Domini,
3539 2668 3661 2723 Filii
3686 2668 3786 2723 Dei

2208 2758 2472 2827 unigeniti
2506 2774 2570 2815 ac
2598 2758 2761 2817 Verbi
2796 2776 2996 2831 corpus
3029 2772 3084 2818 et
3105 2762 3342 2832 sanguis,
3370 2760 3625 2833 ἐμμελῶς
3665 2779 3785 2814 κοι-

2205 2850 2400 2905 νωνίαν
2432 2852 2526 2905 καὶ
2555 2852 2747 2907 ἕνωσιν
2776 2852 3241 2923 ἀπαγγέλλοντες,
3272 2854 3536 2908 concinne
3581 2854 3787 2923 pradi-

2208 2951 2399 2996 cantes
2426 2944 2860 2999 communionem
2882 2954 2940 2999 et
2963 2944 3215 2998 unionem
3242 2962 3257 3011 ;
3298 2959 3529 3013 quarum
3556 2960 3746 3000 rerum
3768 2986 3785 3008 ,

2206 3034 2310 3088 nisi
2351 3048 2540 3090 earum
2560 3077 2576 3102 ,
2604 3037 2671 3091 de
2698 3037 2899 3106 quibus
2930 3036 3093 3106 paulo
3134 3045 3258 3093 ante
3284 3052 3591 3093 sermonem
3617 3038 3786 3103 fecit,

591 3127 683 3184 83.
724 3129 868 3185 Idem
916 3139 1297 3200 argumentum
1349 3134 1420 3187 ab
1467 3131 1812 3190 Ettcharistia
1868 3135 2100 3204 petitu...
2135 3147 2174 3201 ρ
2209 3124 2371 3182 Verbi
2399 3130 2605 3185 scilicet
2644 3129 2817 3185 divini
2856 3146 2981 3185 cum
3024 3131 3261 3185 humano
3300 3129 3506 3185 Christi
3550 3145 3791 3200 corpore

507 3220 818 3275 conﬁrmat
849 3232 904 3277 et
946 3222 1219 3277 instaurat
1251 3223 1509 3289 Irenzcus,
1547 3236 1607 3279 ut
1638 3226 1869 3282 alterunt
1894 3229 2104 3284 haereti-

518 3326 743 3376 corum,
774 3314 960 3368 carnis
988 3316 1448 3370 resurrectionem
1480 3319 1825 3387 negantium,
1861 3334 2100 3376 errorem

520 3403 780 3476 conﬁgat.
833 3404 1010 3461 Verba
1054 3406 1249 3464 Latine
1298 3408 1542 3465 recitabo
1572 3449 1588 3476 ,
1631 3411 1699 3466 iis
1732 3412 1997 3469 duntaxat
2035 3430 2103 3471 ex

522 3500 719 3557 Graeco
775 3500 1027 3566 additis,
1091 3515 1212 3570 quae
1277 3503 1331 3556 in
1394 3503 1849 3573 interpretatione
1903 3506 2102 3562 Latina

523 3595 728 3650 omissa
766 3603 895 3650 sunt
942 3596 1009 3650 '9.
1042 3613 1060 3647 ι
1103 3596 1385 3664 Quomodo
1439 3608 1622 3652 autem
1675 3615 1865 3657 rursus
1918 3603 2102 3659 dicunt

520 3702 740 3744 carnem
775 3689 831 3743 in
850 3690 1267 3759 corruptionem
1294 3691 1574 3759 devenire,
1598 3702 1650 3749 et
1678 3709 1784 3748 non
1817 3698 2101 3766 percipere

521 3779 712 3846 vitam,
749 3794 872 3850 quae
921 3797 1158 3852 corpore
1212 3783 1428 3839 Domini
1481 3796 1536 3839 et
1591 3787 1856 3857 sanguine
1896 3788 2100 3843 alitur?

518 3869 663 3939 Ergo
692 3880 787 3925 aut
813 3874 1147 3929 sententiam
1177 3882 1429 3942 mutent,
1476 3886 1572 3932 aut
1614 3878 1933 3934 abstineant
1966 3880 2098 3935 olle-

521 3961 692 4018 rendo
723 3978 845 4034 quae
872 3966 1135 4035 praedicta
1173 3978 1322 4024 sunt.
1355 3968 1556 4025 Nostra
1590 3979 1768 4026 autem
1792 3986 2099 4028 consonans

517 4062 602 4109 est
649 4057 917 4113 sententia
966 4058 1365 4127 Eucharistiaz,
1421 4071 1477 4117 et
1520 4062 1863 4119 Eucharistia
1912 4080 2099 4120 rursus

518 4147 812 4203 conﬁrmat
863 4153 1191 4207 sententiam
1234 4166 1500 4211 nostram.
1546 4156 1837 4215 Oﬂ'erimus
1876 4161 2018 4215 enim
2049 4161 2097 4215 ei

517 4252 639 4308 quae
680 4249 810 4294 sunt
854 4241 1005 4312 ejus,
1051 4252 1416 4312 congruenter
1453 4247 2001 4302 communicationem
2044 4255 2101 4301 et

518 4330 778 4386 unitatem
814 4333 1022 4403 (Graece
1057 4336 1339 4391 κοινωνίαν
1373 4337 1469 4391 καὶ
1506 4337 1722 4402 ἕνωσιν,
1757 4339 2099 4395 communio-

515 4437 638 4476 nem
670 4432 726 4480 et
756 4425 1032 4498 unionem)
1063 4428 1421 4497 prtedicantes
1505 4430 1701 4500 (suppl.
1736 4431 1895 4486 Verbi
1928 4433 2095 4487 divini

2204 3229 2259 3276 et
2291 3223 2589 3291 sanguine,
2628 3232 2737 3278 tum
2772 3226 3031 3286 naturali,
3060 3234 3174 3279 tum
3225 3225 3653 3280 sacramentali?
3688 3227 3789 3279 καὶ

2201 3312 2591 3383 ὁμολογοῦντες
2616 3316 2816 3387 σαρκὸς
2832 3318 2925 3370 καὶ
2951 3316 3080 3371 πνεῦ
3089 3330 3256 3389 ματος
3276 3315 3519 3389 ἔγερσιν,
3542 3327 3595 3371 ct
3615 3319 3792 3372 conﬁ-

2206 3412 2384 3459 tentes
2414 3408 2872 3463 resurrectionem
2900 3409 3082 3464 carnis
3124 3418 3177 3463 ct
3214 3410 3454 3479 spiritus.
3501 3409 3641 3464 Tum
3686 3412 3790 3465 de-

2200 3513 2349 3552 mum
2377 3501 2444 3555 ad
2470 3514 2687 3556 causam
2727 3501 2955 3573 propius
2985 3505 3271 3569 accedens,
3299 3505 3449 3559 addit
3476 3522 3489 3557 :
3523 3525 3542 3557 ι
3580 3507 3793 3573 Quem-

2203 3593 2491 3648 admodum
2548 3595 2691 3649 enim
2732 3594 2823 3664 qui
2871 3605 2954 3651 est
2994 3610 3026 3650 a
3067 3605 3212 3650 terra
3254 3600 3443 3665 panis,
3472 3600 3792 3667 percipiens

2203 3681 2603 3739 invocationem
2642 3684 2760 3750 Dei,
2803 3704 2822 3738 ι
2861 3696 2967 3742 etc.
2995 3726 3011 3753 ,
3050 3687 3248 3757 quibus
3275 3690 3566 3745 manifeste
3592 3690 3795 3746 alludit

2202 3776 2328 3846 (nec
2365 3775 2623 3833 dilﬁtetur
2662 3778 2931 3851 Grabius)
2971 3780 3039 3835 ad
3083 3779 3379 3837 solemnem
3410 3782 3556 3837 illam
3586 3784 3795 3838 verbo-

2203 3884 2321 3923 rum
2350 3869 2677 3939 formulam,
2710 3888 2830 3942 quze
2864 3873 2919 3927 in
2963 3873 3205 3944 antiquis
3237 3876 3493 3929 omnibus
3540 3875 3792 3945 liturgiis

2200 3960 2574 4018 Orientalibus
2602 3965 2877 4029 occurrit,
2913 3979 3188 4036 quamque
3217 3964 3392 4021 Graeci
3418 3981 3543 4022 cum
3567 3967 3791 4023 Irenaeo

2200 4056 2321 4109 κατ’
2357 4055 2547 4126 ἐξοχὴν
2581 4066 2779 4111 vocant
2800 4056 3086 4129 ἐπίκλησιν
3105 4097 3119 4122 ,
3156 4059 3558 4113 invocationem.
3588 4059 3671 4114 Ea
3700 4068 3796 4115 est

2202 4161 2308 4215 qua
2337 4147 2481 4204 Deus
2508 4156 2698 4201 oratur
2729 4161 2788 4202 ut
2830 4150 3008 4203 mittat
3048 4147 3313 4218 Spiritum
3368 4162 3617 4207 sanctum
3638 4191 3657 4217 ,
3690 4154 3794 4221 qui

2200 4254 2299 4294 suo
2331 4238 2384 4293 in
2411 4240 2551 4293 dona
2581 4240 2859 4309 proposita
2890 4240 3107 4311 illapsu,
3138 4241 3629 4312 elIicacissimaque
3653 4260 3795 4314 ope-

2203 4330 2409 4385 ratione
2440 4330 2606 4385 faciat
2629 4345 2693 4386 ea
2725 4344 2923 4401 corpus
2968 4340 3024 4386 et
3064 4335 3380 4404 sanguinem
3412 4333 3661 4400 Christi;
3704 4336 3795 4390 si-

2203 4420 2423 4491 mulque
2454 4420 2701 4476 ﬁdelibus
2736 4435 2798 4477 ea
2844 4421 3268 4490 suscipientibus
3307 4424 3379 4477 ita
3411 4438 3507 4493 per
3539 4424 3793 4493 gratiam

514 4528 638 4568 cum
695 4530 923 4587 carpare
972 4528 1029 4573 ει
1084 4521 1351 4590 sanguine
1409 4520 1621 4575 Domini
1656 4539 1671 4586 ς
1746 4533 1857 4578 tum
1913 4525 2050 4580 adde
2075 4564 2091 4589 ,
2127 4500 2171 4554 D
2203 4528 2357 4566 suam
2382 4513 2754 4582 superveniat,
2787 4522 2842 4569 et
2880 4512 3131 4570 illabatur
3156 4528 3350 4568 eorum
3386 4514 3688 4584 cordibus,
3727 4527 3799 4572 ut

512 4605 665 4674 juxta
693 4606 963 4676 Graecum,
988 4611 1081 4665 καὶ
1106 4611 1492 4682 ὁμολογοῦντες
1514 4614 1714 4686 σαρκὸς
1735 4616 1829 4668 καὶ
1848 4616 2091 4689 πνεύμα-

517 4715 610 4762 τος
653 4698 900 4773 ἔγερσιν,
936 4712 993 4757 et
1034 4704 1354 4760 conﬁtentes
1395 4708 1849 4763 resurrectionem
1911 4711 2093 4765 carnis

514 4801 569 4847 et
596 4794 1336 4868 spiritus).Quemadmodum
1363 4799 1504 4853 enim
1531 4803 1621 4870 qui
1655 4811 1739 4857 est
1761 4818 1789 4854 a
1818 4813 1957 4857 terra
1994 4820 2092 4874 pa-

515 4886 625 4951 nis,
650 4887 954 4956 percipiens
982 4889 1381 4946 invocationem
1419 4893 1536 4959 Dei,
1567 4894 1678 4962 jam
1713 4911 1818 4949 non
1851 4911 2095 4951 commu-

510 4976 600 5030 nis
659 4977 813 5044 panis
864 4986 982 5043 est,
1027 4980 1121 5034 sed
1168 4981 1545 5047 Eucharistia,
1576 4998 1641 5038 ex
1682 4986 1889 5041 duabus
1935 4987 2095 5041 rebus

514 5078 791 5131 constans,
826 5079 1039 5125 terrena
1071 5083 1126 5127 et
1166 5074 1378 5129 cmlesti
1411 5093 1424 5129 :
1458 5075 1535 5129 sic
1567 5087 1620 5130 et
1647 5092 1873 5145 corpora
1909 5088 2090 5133 nostra

513 5161 866 5232 percipientia
893 5163 1291 5221 Eucharistiam
1319 5208 1333 5233 ,
1360 5169 1476 5239 jam
1514 5186 1619 5224 non
1663 5181 1789 5224 sunt
1823 5173 2094 5239 corrupti-

511 5257 677 5322 bilia,
713 5271 865 5326 spem
914 5261 1333 5317 resurrectionis
1376 5262 1658 5318 habentia.
1700 5281 1719 5316 ι
1762 5263 1861 5318 Hic
1911 5266 2091 5320 carnis

510 5360 717 5405 nostra:
767 5353 1217 5409 resurrectionem
1249 5371 1316 5408 ex
1346 5355 1545 5426 duplici
1601 5358 1972 5427 prapositione
2004 5360 2091 5411 in-

511 5442 624 5498 .l'ert
672 5442 942 5510 irenazus,
993 5448 1373 5503 nintirusza
1409 5465 1537 5506 caro
1586 5452 1638 5504 in
1685 5458 2089 5519 corruptionem

516 5539 769 5593 devenire
800 5554 905 5594 non
932 5550 1140 5609 potest,
1196 5556 1318 5610 quae
1363 5543 1593 5613 percipit
1627 5542 1827 5609 vitam;
1862 5556 1925 5598 ea
1958 5556 2089 5596 caro

581 5793 829 5863 “_lreu.,
858 5789 952 5849 lib.
983 5808 1055 5853 tv.
1083 5814 1132 5859 ο,
1172 5791 1251 5863 L8,
1281 5810 1337 5849 ιι.
1372 5792 1425 5849 5.

2200 4606 2389 4659 eadem
2426 4605 2681 4675 mysteria
2713 4604 2923 4674 prosint
2951 4605 3055 4661 illis
3075 4604 3140 4659 ad
3172 4606 3544 4661 remissionem
3574 4624 3701 4678 pecr
3722 4624 3797 4663 a-

2204 4707 2409 4764 torum,
2436 4698 2626 4770 gratia:
2654 4706 2999 4765 augmentum
3026 4735 3043 4762 ,
3090 4707 3145 4753 et
3175 4697 3339 4752 vitam
3372 4708 3664 4757 aeternam.
3700 4702 3795 4755 Att

2194 4792 2439 4847 eamdem
2468 4790 2783 4861 ἐπίκλησιν,
2814 4790 3188 4845 invocationem
3211 4829 3228 4853 ,
3262 4807 3377 4860 ipso
3402 4792 3609 4846 fatente
3634 4794 3799 4848 Gra—

2194 4891 2283 4944 bio
2310 4890 2379 4957 '°,
2413 4888 2616 4957 pariter
2659 4887 2988 4957 reSpiciebat
3034 4884 3268 4957 Cyrillus
3319 4886 3799 4958 Hierosolymita-

2195 4996 2321 5047 nus,
2351 4990 2411 5035 ut
2434 4979 2619 5051 plures
2650 4978 2787 5035 alios
2841 4978 3087 5037 omittam
3120 4981 3338 5038 Graecos
3362 4981 3586 5047 Patres,
3636 4983 3795 5035 scri-

2192 5077 2327 5130 bens
2372 5074 2595 5129 Cateclt.
2629 5074 2694 5140 i,
2756 5094 2774 5127 ι
2811 5076 3149 5148 ἐπικλήσεως
3178 5069 3508 5146 γενομένης,
3547 5072 3797 5125 invoca-

2195 5169 2344 5224 tione
2384 5167 2547 5233 facta,
2579 5182 2776 5238 panem
2824 5166 2943 5222 ﬁeri
2983 5181 3183 5235 corpus
3214 5165 3441 5224 Christi.
3489 5184 3510 5221 ι
3548 5163 3615 5218 Et
3670 5164 3800 5219 Ca—

2192 5262 2338 5317 tcch.
2366 5262 2400 5317 5
2433 5279 2447 5316 :
2489 5279 2508 5313 ι
2543 5260 2842 5331 Rogamus,
2875 5259 3085 5330 inquit,
3120 5258 3288 5313 Deum
3320 5256 3751 5312 misericordem
3779 5300 3803 5320 ,

2192 5370 2250 5408 ιιι
2294 5365 2540 5410 sanctum
2588 5352 2850 5418 Spiritum
2906 5350 3087 5405 mittat
3134 5365 3300 5420 super
3352 5350 3636 5419 proposita
3667 5389 3688 5415 ,
3734 5360 3807 5404 et

2189 5448 2355 5504 faciat
2380 5461 2572 5518 panem
2604 5446 2823 5514 quidem
2855 5458 3055 5512 corpus
3080 5438 3327 5504 Christi,
3363 5442 3555 5494 vinum
3584 5449 3801 5515 autem

2190 5542 2508 5609 sanguinem
2539 5538 2773 5596 Christi.
2809 5555 2829 5589 ι
2866 5535 2959 5594 Sic
3004 5545 3189 5593 autem
3240 5532 3308 5588 ad
3355 5547 3474 5587 eam
3513 5529 3807 5587 allusisse

1522 5796 1567 5827 ⁷ο
1595 5792 1717 5850 Not.
1750 5795 1800 5849 in
1834 5793 1928 5850 lib.
1960 5809 2010 5862 ν,
2045 5808 2161 5864 cap.
2195 5792 2251 5846 τὶ.
