3924 6354
174 399 291 453 553

1118 402 1582 461 DISSERTATIO
1622 408 1713 475 Ill,
1754 408 1842 463 DE
1878 408 2135 464 lRENA-Zl
2179 409 2548 467 DOCTRINA.

3354 409 3462 466 534

174 516 475 589 Cyrillum,
506 528 565 572 ut
593 521 873 589 proposita
904 524 1045 577 dona
1082 524 1319 593 Spiritus
1343 529 1524 583 sancti
1560 528 1776 599 illapsu,
1806 532 1854 590 A
1884 544 2062 599 Ipsum
2104 541 2190 584 est
2223 531 2368 601 quod
2419 531 2581 600 paulo
2628 527 2971 584 enucleatius
3013 527 3292 598 explicare
3331 530 3468 591 vult.

172 620 227 663 et
274 606 665 665 eﬂicacissima
697 616 1021 683 operatione
1056 621 1410 672 transmutari
1445 620 1635 685 vellet,
1668 638 1775 676 non

175 701 469 756 moraliter
498 712 733 766 tantum,
767 708 862 761 sed
897 724 1047 772 vere,
1077 710 1302 765 realiter
1337 721 1392 765 et
1434 714 1774 769 substantia—

171 794 303 846 liter
345 794 397 847 in
428 795 609 863 ipsum
640 796 846 853 Christi
877 815 1075 870 corpus
1100 811 1153 854 et
1192 806 1516 872 sanguinem
1538 846 1553 872 ,
1586 818 1776 878 aperle

166 885 483 941 conﬁtetur
510 887 750 944 Grabius
777 935 791 957 ,
847 902 906 945 ut
954 904 1140 962 postea
1172 898 1449 961 dicemus;
1487 901 1774 955 conﬁtebi-

167 989 255 1029 tur
278 988 342 1031 et
370 979 519 1034 alius
545 982 798 1052 quisquis
821 1001 889 1039 ex
926 1002 1083 1058 aequo
1128 1000 1183 1043 et
1223 990 1369 1045 bono
1398 1008 1562 1063 agere
1589 994 1773 1049 volue-

164 1069 255 1121 rit.
325 1070 541 1127 Eodem
602 1076 835 1143 proinde
883 1089 1135 1148 spectare
1200 1083 1388 1138 lrentei
1447 1086 1772 1141 allusionem

165 1160 413 1217 fateatur
444 1179 679 1222 necesse
726 1177 833 1223 est.
876 1170 943 1224 Et
982 1183 1131 1229 certe
1171 1190 1233 1230 ea
1272 1177 1534 1232 invocatio
1608 1180 1772 1234 litur-

162 1255 314 1322 gica,
349 1272 522 1324 quam
558 1267 670 1313 tum
721 1260 958 1318 Irenaaus
985 1304 1002 1332 ,
1048 1275 1160 1321 tum
1198 1268 1436 1339 Cyrillus
1462 1310 1478 1335 ,
1534 1279 1644 1325 tum
1678 1273 1770 1329 alii

164 1345 364 1402 Patres
410 1360 525 1405 tam
569 1370 712 1426 stepe
754 1371 1095 1426 memorant,
1140 1362 1513 1433 cujuscunque
1544 1364 1771 1421 alterius

164 1453 462 1496 sacrorum
512 1444 786 1501 donorum
844 1454 1355 1521 transmutationis,
1399 1474 1559 1527 quam
1609 1461 1770 1516 realis

167 1529 431 1605 [CXLIII]
458 1546 517 1590 et
542 1539 923 1596 substantialis
956 1544 1009 1597 in
1043 1545 1220 1614 ipsum
1246 1546 1454 1601 Christi
1487 1565 1687 1619 corpus
1714 1562 1769 1606 et

164 1628 528 1696 sanguinem,
564 1647 787 1689 sensum
829 1640 1018 1707 procul
1046 1642 1311 1699 excludit.
1345 1644 1588 1715 Rogatur
1616 1649 1769 1717 quip-

162 1733 228 1786 pe
269 1717 524 1789 Spiritus
564 1738 793 1785 sanctus
825 1740 883 1783 ut
924 1735 1250 1799 descendat,
1308 1752 1414 1791 non
1472 1748 1681 1794 tantum
1713 1743 1765 1795 in

164 1810 415 1868 ﬁdelium
440 1818 637 1883 corda,
664 1835 729 1875 ea
761 1825 1237 1893 sanctiﬁcaturus;
1297 1830 1393 1883 sed
1443 1842 1499 1885 et
1546 1832 1598 1885 in
1650 1833 1765 1903 ipsa

1880 635 2004 674 cum
2036 622 2221 674 statim
2252 622 2425 688 addit,
2461 640 2480 673 ι
2521 621 2921 676 Eucharistiam
2958 635 3025 675 ex
3056 622 3269 677 duabus
3303 622 3469 678 rebus

1879 722 2161 776 constare.
2197 723 2418 768 terrena
2458 725 2513 768 et
2557 715 2787 769 ctBlesti.
2828 734 2846 768 ›
2897 714 3193 783 Perspicua
3245 714 3467 783 quidem

1878 805 2066 869 verba,
2100 805 2206 859 nisi
2236 805 2391 861 tricis
2420 806 2538 861 suis
2565 808 2860 878 caliginem
2928 807 2996 861 iis
3036 805 3321 861 effundere
3351 818 3467 861 stu.

1876 896 2127 950 duissent
2152 896 2481 950 Calviniani.

1948 986 2037 1043 84.
2071 986 2226 1042 Hanc
2252 997 2433 1044 tamen
2463 990 2624 1044 facile
2661 989 2922 1045 discutiet
2945 991 3036 1060 qui
3063 1000 3173 1043 tum
3199 991 3266 1044 ad
3296 991 3471 1044 hatre-

1877 1080 2129 1146 ticorum,
2165 1081 2253 1149 qui
2294 1082 2382 1135 hic
2432 1080 2780 1149 refelluntur,
2831 1082 3199 1153 hypothesim,
3242 1089 3354 1136 tum
3400 1082 3467 1135 ad

1876 1172 2044 1227 totius
2078 1176 2576 1241 argumentationis
2600 1176 2789 1230 Irenaei
2815 1178 3013 1229 seriem
3046 1178 3336 1231 attendere
3362 1190 3461 1229 vo-

1874 1262 2059 1321 luerit.
2092 1265 2403 1321 Panloante
2431 1268 2569 1323 dixit
2602 1268 2660 1323 S.
2721 1270 2936 1332 ductor,
2986 1269 3154 1324 alium
3207 1284 3351 1335 esse,
3398 1283 3467 1323 ex

1874 1356 2259 1412 hmreticorum
2307 1362 2602 1425 sententia,
2638 1377 2667 1415 a
2725 1377 2984 1432 supremo
3033 1360 3198 1415 Patre
3232 1361 3468 1415 fabrica-

1881 1456 2053 1501 torem
2106 1450 2291 1506 mundi
2330 1467 2343 1516 ;
2383 1451 2671 1507 Dominum
2716 1468 2848 1508 vero
2890 1462 3139 1508 nostrum
3195 1470 3301 1507 non
3340 1466 3465 1508 esse

1872 1537 2092 1608 Filium,
2121 1558 2219 1598 nec
2255 1545 2488 1598 Verbmn
2527 1546 2645 1616 ejus
2671 1587 2686 1611 ,
2721 1548 2844 1616 quia
2892 1563 3083 1602 verum
3114 1562 3314 1617 corpus
3364 1548 3464 1601 hu-

1871 1647 2092 1687 manum
2126 1652 2193 1689 ex
2226 1645 2445 1690 terrena
2474 1639 2777 1693 substantia
2808 1656 2835 1692 a
2867 1640 3051 1693 mundi
3077 1639 3274 1709 opiﬁce
3302 1654 3463 1694 crea-

1872 1733 1925 1780 ta
1955 1725 2247 1782 conﬂatum
2283 1746 2389 1785 non
2416 1732 2739 1801 assumpsit,
2775 1747 2874 1787 nec
2897 1732 3000 1788 sibi
3023 1733 3197 1788 univit
3221 1730 3461 1788 Verbum

1871 1820 2146 1877 divinum.
2195 1823 2462 1879 Eumdem
2516 1839 2647 1879 vero
2698 1841 2946 1881 errorem
3000 1826 3091 1883 hic
3141 1827 3460 1882 summatim

165 1915 323 1957 sacra
356 1907 531 1970 dona,
567 1910 749 1966 divina
778 1929 875 1968 sua
916 1925 969 1971 et
1024 1916 1405 1974 efﬁcacissima
1451 1926 1769 1991 operatione
1799 1912 1843 1967 Β
1873 1917 2278 1985 perstringam.
2313 1932 2378 1972 ac
2417 1919 2580 1973 Simili
2621 1918 3081 1974 resurrectionem
3116 1920 3303 1976 carnis
3336 1934 3465 1988 Ρτο·

165 1993 215 2046 in
244 2010 309 2047 ea
338 1996 671 2057 immediate
693 2018 935 2073 aeturus,
962 2019 1017 2062 et
1046 2010 1259 2081 insigne
1288 2013 1506 2082 aliquod
1530 2017 1766 2072 miracu-

164 2084 270 2138 lum
296 2089 583 2146 editurus.
620 2094 763 2160 Quid
796 2114 929 2153 vero
952 2098 1096 2153 aliud
1142 2105 1393 2159 miraculi
1443 2108 1662 2175 plenum
1708 2112 1763 2168 in

165 2176 277 2246 ipsa
306 2193 476 2234 sacra
513 2182 655 2238 dona
691 2201 854 2256 agere
884 2201 1061 2256 potest
1103 2191 1341 2262 Spiritus
1379 2209 1627 2265 sanctus,
1658 2204 1762 2258 nisi

164 2281 295 2331 vera
328 2277 811 2332 transmutatione
856 2279 1072 2337 efﬁcere
1121 2298 1182 2338 ea
1229 2286 1437 2356 aliquid
1465 2306 1587 2345 esse
1616 2295 1762 2361 quod

166 2361 319 2429 prius
359 2378 475 2419 non
539 2380 721 2436 erant,
774 2388 974 2443 corpus
1023 2376 1279 2433 videlicet
1338 2389 1393 2436 et
1434 2385 1760 2456 sanguinem

163 2452 399 2522 Christi,
432 2467 495 2512 ut
529 2460 581 2514 in
612 2463 868 2519 omnibus
901 2465 1161 2540 Liturgiis
1191 2471 1409 2542 legitur,
1439 2452 1760 2546 μετᾶϐαλὼν

164 2545 238 2617 τῷ
269 2548 564 2622 Πνεῦμα-ει
602 2554 683 2626 τῷ
717 2556 877 2625 ἁγίῳ,
930 2572 989 2617 ut
1028 2564 1232 2619 habent
1279 2567 1462 2625 Basilii
1502 2582 1557 2626 et
1584 2572 1759 2644 Chry-

166 2644 398 2697 tostomi
434 2644 749 2719 Liturgite?
785 2651 1018 2723 Tropos,
1047 2658 1318 2728 ﬁguraset
1339 2662 1622 2732 virtutem,
1658 2683 1757 2723 ne-

164 2732 275 2787 scio
304 2751 506 2805 quam,
537 2738 629 2793 hic
656 2746 1150 2805 comminiscuntur
1181 2751 1599 2812 Protestantes:
1633 2773 1759 2827 per-

165 2825 416 2893 spicuam
442 2831 744 2888 verborum
782 2843 1112 2896 sententiam
1157 2843 1313 2901 falsis
1346 2848 1759 2919 interpretatio-

166 2922 325 2978 nibus
390 2925 809 2986 circumvenire
868 2951 1144 3006 nunquam
1202 2952 1484 3011 poterunt.
1546 2946 1755 3017 Duplex

163 3014 307 3068 enim
356 3027 559 3087 aperte
606 3019 965 3093 distinguitur
1010 3027 1251 3098 Spiritus
1292 3036 1467 3088 sancti
1506 3014 1753 3107 illapsus.

165 3105 483 3179 duplexque
507 3112 794 3183 utriusque
827 3116 970 3184 linis,
994 3119 1133 3175 alter
1164 3121 1233 3175 ab
1261 3123 1434 3179 altero
1462 3105 1752 3185 diversus:

162 3194 297 3256 alter
323 3200 382 3254 in
411 3202 596 3271 ipsam
640 3206 949 3273 materiam,
992 3210 1044 3264 id
1074 3223 1159 3269 est
1200 3213 1255 3270 in
1299 3232 1457 3275 sacra
1489 3220 1653 3288 dona,
1694 3231 1754 3276 ut

163 3292 286 3345 tiant
323 3292 562 3364 aliquid,
595 3300 743 3366 quod
786 3300 935 3369 prius
964 3321 1070 3359 non
1105 3317 1284 3373 erant,
1338 3311 1599 3368 nimirum
1629 3332 1754 3371 cor-

164 3396 253 3449 pus
283 3396 343 3438 et
369 3391 607 3455 sanguis
630 3390 868 3460 Christi;
915 3396 1054 3452 alter
1099 3400 1151 3454 in
1196 3405 1364 3457 corda
1398 3407 1664 3475 ﬁdelium,
1693 3419 1753 3464 ut

164 3490 346 3532 omnes
372 3481 474 3547 qui
505 3497 917 3543 sacramentum
953 3496 1264 3564 percepturi
1312 3508 1462 3562 sunt,
1511 3499 1749 3557 fructum

166 3573 508 3629 remissionis
580 3589 952 3647 peccatorum,
1023 3589 1323 3658 gratiaeque
1398 3604 1747 3662 augmentum

163 3667 739 3735 consequantur.Cum
776 3672 939 3740 igitur
953 3687 1153 3747 negant
1182 3678 1559 3738 Protestantes
1584 3686 1748 3743 aliam

166 3760 691 3816 transmutatiouem
735 3765 1083 3825 invocatione
1116 3773 1403 3841 postulari,
1432 3792 1595 3846 quam
1625 3796 1746 3836 mo-

164 3850 322 3906 ralem
352 3870 367 3905 :
396 3851 507 3907 hoc
536 3863 644 3919 est,
680 3866 737 3910 ut
769 3856 822 3911 in
866 3859 987 3929 ipsa
1024 3869 1358 3922 sacramenti
1391 3873 1747 3942 perceptione

164 3941 408 3998 ﬁdelibus
446 3959 607 4001 sacra
638 3949 779 4003 dona
806 3967 930 4005 cum
986 3956 1090 4010 fide
1120 3960 1555 4029 percipientibus
1612 3964 1749 4023 fiant

163 4045 354 4103 corpus
398 4044 457 4089 et
503 4038 733 4107 sanguis
790 4038 1038 4109 Christi,
1094 4058 1297 4117 negent
1342 4065 1748 4124 consequenter

160 4122 320 4177 alium
355 4126 526 4198 longe
558 4139 688 4185 ante
718 4135 1161 4191 communionem
1198 4146 1459 4208 postulari
1504 4122 1745 4216 Spiritus

158 4220 323 4272 sancti
348 4219 610 4288 illapsum
641 4222 695 4276 in
733 4222 848 4295 ipsa
876 4241 1037 4284 sacra
1099 4233 1264 4299 dona,
1326 4246 1384 4289 ut
1439 4252 1502 4292 ea
1548 4237 1745 4296 elliciat

159 4322 356 4378 corpus
386 4320 448 4366 et
470 4315 794 4383 sanguinem
817 4318 1020 4375 Christi
1049 4364 1065 4389 ,
1097 4325 1288 4395 sicque
1315 4330 1587 4399 duplicem
1612 4348 1739 4390 eum

158 4400 408 4472 illapsum
442 4406 806 4476 confundant,
835 4416 1137 4483 perspicuis
1154 4419 1332 4475 verbis
1359 4422 1464 4476 vim
1493 4435 1741 4493 apertam

156 4491 484 4561 inferentes.
517 4514 747 4557 necesse
779 4513 884 4559 est.
912 4505 1001 4573 Et,
1026 4522 1234 4576 quaeso,
1269 4513 1318 4567 si
1350 4513 1394 4567 is
1419 4515 1491 4569 sit
1521 4491 1743 4573 invoca-

1874 2006 2034 2072 bans,
2066 2009 2308 2063 ostendit
2341 2017 2620 2063 terrenum
2650 2026 2845 2080 panem
2878 2011 3022 2074 ideo,
3057 2019 3180 2080 post
3239 2012 3461 2065 invoca-

1870 2099 2071 2153 tionem
2105 2100 2220 2165 Dei,
2247 2116 2594 2157 communem
2621 2118 2817 2174 panem
2855 2117 2976 2158 esse
3027 2103 3302 2167 desinere,
3328 2104 3458 2174 quia

1868 2190 1925 2244 fit
1965 2212 1983 2240 σ
2022 2192 2394 2257 Eucharistia,
2416 2209 2482 2249 ex
2518 2197 2729 2251 duabus
2763 2196 2930 2253 rebus
2961 2208 3248 2262 constans,
3280 2206 3457 2251 terre-

1869 2296 1935 2335 na
1965 2292 2018 2335 et
2048 2284 2280 2339 caelesti.
2318 2303 2340 2337 ι
2373 2284 2504 2352 Quae
2531 2297 2716 2342 autem
2748 2304 2837 2342 res
2862 2289 2955 2344 illa
2982 2298 3221 2355 terrena,
3249 2303 3318 2345 ex
3351 2302 3458 2357 qua

1868 2384 2089 2448 constat
2115 2376 2487 2442 Eucharistia,
2525 2380 2629 2434 nisi
2661 2396 2861 2451 corpus
2879 2390 2933 2437 et
2963 2383 3187 2453 sanguis
3213 2382 3453 2445 Domini.

1865 2469 2063 2536 quibus
2092 2469 2165 2524 ali
2192 2486 2416 2527 carnem
2468 2483 2714 2528 nostram
2764 2490 2890 2529 mox
2931 2475 3149 2531 dixerat
3183 2477 3457 2532 lrenaeus?

1866 2562 1937 2614 Ea
1968 2577 2097 2618 vero
2126 2578 2242 2618 rem
2273 2575 2546 2621 terrenam
2567 2574 2740 2628 vocat,
2766 2580 2823 2621 ut
2851 2571 2979 2624 hinc
3006 2570 3297 2626 hmreticos
3322 2586 3455 2625 con-

1864 2651 2029 2716 futet,
2070 2667 2335 2725 negantes
2390 2658 2673 2715 Christum
2734 2661 3031 2731 quidquam
3085 2661 3190 2717 sibi
3246 2662 3450 2717 terreni

1863 2744 2113 2814 corporis
2164 2749 2428 2804 ascivisse
2468 2767 2482 2803 :
2543 2760 2843 2816 terrenam,
2892 2752 3143 2820 inquam,
3207 2753 3335 2823 quia
3381 2770 3450 2808 ex

1864 2846 2084 2891 terreno
2112 2853 2253 2907 pane
2283 2849 2339 2894 et
2364 2841 2515 2908 vino,
2546 2840 2600 2895 in
2632 2841 2839 2897 Christi
2869 2845 3117 2912 corporis
3139 2853 3195 2898 et
3225 2847 3450 2915 sangui-

1863 2933 1947 2987 nis
1969 2933 2334 2990 substantiam
2384 2953 2513 2993 vere
2536 2942 2818 2996 conversis
2870 2951 2925 2995 et
2979 2945 3357 2997 transmutatis
3388 2947 3449 2996 tit

1860 3042 2052 3081 verum
2106 3026 2321 3083 Domini
2367 3043 2590 3099 corpus,
2628 3046 2901 3102 verusque
2934 3034 3181 3104 sanguis.
3226 3035 3305 3089 Ex
3337 3049 3448 3103 quo

1860 3122 2131 3189 sequitur,
2158 3121 2441 3177 Christum
2476 3122 2585 3179 sibi
2620 3139 2820 3192 corpus
2849 3141 2915 3180 ex
2946 3133 3167 3180 terrena
3214 3128 3445 3180 materia

1859 3220 2178 3265 concretum
2210 3220 2264 3266 ει
2294 3211 2501 3268 factum
2526 3254 2541 3277 ,
2575 3230 2874 3285 veramque
2901 3231 3122 3270 carnem
3154 3232 3221 3270 ac
3251 3233 3442 3272 verum

1858 3304 2179 3374 sanguinem
2213 3306 2583 3376 assumpsisse
2616 3324 2630 3372 ;
2668 3311 2813 3377 quod
2852 3308 3243 3363 inticiabantur
3270 3311 3447 3364 haere—

1860 3393 1973 3451 tici.
2002 3394 2133 3461 Quae
2154 3411 2284 3453 vero
2318 3413 2406 3453 res
2449 3398 2538 3453 illa
2569 3400 2833 3465 cmlestis,
2868 3415 2935 3455 ex
2962 3415 3067 3470 qua
3107 3402 3272 3456 etiam
3307 3418 3445 3457 con-

1855 3497 2006 3543 stare
2038 3489 2386 3547 Eucharistia
2414 3493 2635 3560 dicitur,
2678 3494 2783 3547 nisi
2831 3509 2918 3562 ea,
2949 3495 3104 3563 cujus
3127 3496 3289 3567 paulo
3315 3509 3445 3553 ante

1856 3580 1996 3635 facta
2049 3587 2256 3640 mentio
2298 3597 2409 3651 est,
2454 3586 2696 3643 Verbum
2725 3588 2937 3645 scilicet
2972 3591 3241 3659 divinum,
3270 3594 3443 3649 Filius

1856 3672 2035 3730 Patris
2059 3676 2400 3747 unigenitus,
2426 3695 2591 3750 quem
2615 3692 2814 3737 creatze
2837 3681 2965 3738 Jesu
3006 3682 3224 3740 Domini
3265 3690 3443 3746 nostri

1855 3777 2069 3823 natura:
2098 3784 2229 3824 vere
2253 3786 2316 3825 ac
2344 3773 2782 3828 substantialiter
2836 3775 3043 3831 unitum
3076 3777 3247 3834 fuisse
3286 3779 3440 3835 nole-

1854 3858 1985 3913 bant
2014 3860 2300 3916 lneretici?
2327 3863 2682 3935 Recteigitur
2704 3868 2903 3922 asserit
2935 3868 3194 3937 lremeus,
3218 3872 3442 3928 Eucha-

1851 3952 2062 4007 ristiam
2096 3970 2160 4009 ex
2195 3956 2403 4010 duabus
2440 3959 2603 4011 rebus
2627 3968 2918 4025 constare,
2952 3969 3169 4018 terrena
3222 3975 3278 4019 et
3321 3980 3441 4022 coe-

1849 4048 1973 4105 lesti
2007 4065 2022 4113 ;
2054 4049 2139 4103 his
2197 4049 2344 4104 enim
2407 4050 2740 4106 catholicam
2793 4054 3121 4109 Sententiam
3176 4060 3441 4117 adversus

1850 4137 2236 4191 haereticorum
2270 4137 2639 4207 blasphemias
2661 4139 2880 4215 egregie
2896 4143 3108 4208 munit;
3131 4147 3440 4219 probatque

1847 4243 1912 4284 ex
1946 4229 2318 4298 Eucharistia,
2366 4246 2531 4300 quam
2584 4247 2787 4303 corpus
2834 4243 2889 4289 et
2948 4237 3270 4305 sanguinem
3314 4259 3438 4301 esse

1847 4319 2063 4373 Domini
2094 4320 2405 4375 fatebantur
2427 4321 2528 4391 illi,
2555 4324 2838 4382 Christum
2858 4328 3149 4392 Dominum
3172 4348 3435 4395 utverum

1845 4414 2153 4475 hominem,
2188 4416 2267 4469 sic
2296 4424 2351 4471 et
2375 4430 2565 4471 verum
2622 4419 2817 4490 Deum,
2859 4424 3059 4480 Filium
3091 4428 3187 4484 Dei
3213 4442 3268 4486 et
3295 4432 3433 4486 Ver-

1845 4506 1973 4561 bum
2010 4506 2191 4561 Patris
2208 4509 2548 4577 unigenitum
2578 4514 2864 4571 exstitisse
2897 4534 2914 4584 ;
2950 4520 3300 4591 Verbumque
3331 4526 3434 4579 hu-

158 4590 317 4646 tionis
338 4608 575 4659 sensus;
608 4610 707 4650 cur
735 4597 983 4654 Ecclesia
1020 4599 1286 4672 Spiritum
1330 4620 1579 4664 sanctum
1613 4627 1740 4682 pre—
1771 4600 1814 4654 D
1846 4616 2062 4654 "lanam
2087 4600 2296 4655 Chri-‘li
2326 4613 2605 4669 naturam,
2634 4622 2834 4678 corpus
2862 4618 2918 4665 ει
2950 4616 3432 4695 sanguinantem

159 4693 269 4738 cata
331 4686 582 4755 quidem,
643 4697 701 4742 ut
753 4705 852 4745 suo
882 4693 934 4745 in
962 4708 1160 4763 aquam
1205 4696 1606 4772 baptismalem,
1650 4705 1736 4759 vel

158 4775 392 4831 chrisma
425 4778 644 4849 illapsu,
687 4783 946 4838 virtutem
991 4802 1169 4853 suam,
1219 4792 1440 4859 vimque
1488 4796 1733 4850 sanctifi-

158 4869 307 4922 αλιιάί
363 4870 434 4925 iis
486 4872 790 4941 impertiat,
837 4868 1040 4933 Christi
1097 4884 1384 4952 sanguinis
1422 4886 1625 4943 virtute
1669 4904 1733 4943 ea

158 4964 362 5031 repleat
390 4979 455 5018 ac
484 4964 767 5033 lecuudet,
802 4982 936 5035 etc.,
972 4988 1251 5041 nunquam
1290 4985 1469 5033 tamen
1495 4992 1619 5035 eum
1644 4997 1732 5036 ro-

158 5057 318 5120 gavit,
366 5062 429 5110 ut
465 5057 847 5116 eIIicacissima
893 5078 991 5117 sua
1042 5067 1362 5134 operatione
1391 5084 1453 5123 ea
1492 5069 1733 5127 efﬁceret

158 5144 322 5211 ipsum
354 5147 561 5202 Christi
590 5152 933 5221 sanguinem,
980 5164 1074 5209 aut
1130 5158 1395 5227 Spiritum
1437 5166 1733 5219 sanctum?

155 5235 357 5294 Nodum
402 5242 552 5297 hunc
580 5244 815 5306 solvere,
859 5247 1125 5317 quidquid
1164 5252 1567 5309 rhetoricentur
1590 5253 1730 5310 Pro-

154 5337 434 5401 lestantes,
462 5352 745 5405 nunquam
775 5351 1052 5407 poterunt.
1101 5343 1179 5396 Ex
1227 5360 1293 5398 ea
1332 5360 1465 5417 ergo
1504 5348 1728 5403 invoca-

157 5425 291 5482 tione
320 5443 445 5498 quae
475 5430 535 5482 Iit
565 5444 732 5496 super
765 5439 1038 5487 terrenum
1070 5449 1289 5503 panem,
1328 5452 1476 5491 reete
1508 5440 1729 5496 conclu-

153 5517 217 5573 dit
268 5518 510 5575 Irenaaus
554 5535 782 5577 carnem
824 5532 1071 5580 nostram
1125 5542 1355 5598 corpore
1404 5530 1621 5587 Domini
1673 5542 1730 5588 et

153 5614 410 5684 sanguine
433 5614 508 5669 ali
533 5628 549 5667 :
576 5613 706 5685 quia
738 5614 829 5683 qui
865 5623 948 5670 est
989 5632 1020 5671 a
1081 5626 1225 5673 terra
1276 5622 1460 5689 panis,
1509 5637 1577 5678 ex
1618 5640 1728 5696 quo

153 5708 305 5763 semel
336 5709 1017 5779 percepitinvocationem
1046 5709 1164 5778 Dei,
1192 5711 1391 5767 desinit
1414 5729 1534 5769 esse
1567 5720 1726 5785 panis

153 5804 471 5867 communis,
523 5802 620 5856 sed
648 5800 708 5854 fit
740 5801 1110 5867 Eucharistia,
1150 5803 1202 5857 id
1233 5812 1316 5859 est
1357 5805 1527 5874 ipsius
1557 5807 1725 5866 Verbi

156 5890 639 5954 incarnativcrum
702 5910 922 5966 corpus,
980 5913 1250 5970 verusque
1308 5905 1549 5973 sanguis.
1613 5906 1725 5964 lloc

1846 4708 1911 4747 ac
1953 4695 2396 4749 substantialiter
2432 4698 2680 4753 univisse
2724 4701 2850 4756 sibi.
2885 4702 3125 4761 Perinde
3159 4718 3243 4763 est
3284 4727 3349 4766 ac
3380 4713 3430 4769 si

1843 4776 2109 4842 dixisset:
2138 4788 2291 4856 Quod
2315 4804 2534 4859 corpus,
2560 4792 2652 4861 qui
2682 4796 2906 4865 sanguis
2931 4800 3087 4854 carni
3117 4812 3321 4861 nostra
3342 4808 3428 4864 vis

1846 4890 1952 4937 tam
1987 4883 2399 4954 impertiuntur,
2430 4901 2662 4957 eantque
2686 4905 2714 4943 a
2731 4893 3089 4961 corruptione
3108 4896 3424 4961 vindicant.

1842 4982 1903 5027 ut
1929 4974 2039 5028 sint
2067 4985 2350 5032 terrenum
2392 4992 2627 5048 corpus,
2661 4988 3027 5050 terrenusque
3076 4988 3325 5057 sanguis,
3356 5007 3423 5046 ex

1843 5069 2081 5123 terrenis
2138 5070 2303 5125 rebus
2355 5081 2613 5125 concreta
2660 5082 2714 5125 et
2744 5071 2910 5140 facta,
2939 5090 3061 5132 esse
3095 5087 3278 5138 tamen
3312 5100 3422 5140 non

1842 5175 2074 5231 ροδευηι
2137 5178 2349 5218 merum
2408 5174 2689 5220 terrenum
2752 5183 2975 5237 corpus,
3026 5190 3211 5229 merus
3249 5186 3425 5233 terre-

1840 5272 1943 5309 nus
1991 5256 2240 5325 sanguis,
2276 5270 2372 5311 seu
2416 5257 2553 5311 meri
2616 5259 2857 5316 hominis
2907 5278 3113 5335 corpus
3171 5278 3227 5323 et
3287 5287 3420 5327 san-

1837 5348 1989 5416 guis;
2023 5362 2148 5401 nam
2175 5363 2387 5403 merum
2422 5364 2619 5419 corpus
2662 5351 2958 5409 lmmanum
3003 5372 3195 5428 suapte
3222 5373 3420 5419 natura

1839 5439 2094 5507 mortale,
2123 5447 2180 5494 et
2206 5440 2547 5510 corruptioni
2584 5444 2907 5511 obnoxium,
2936 5447 3102 5502 vitam
3132 5451 3257 5506 aliis
3282 5469 3420 5529 prae-

1837 5542 1986 5586 stare
2018 5548 2125 5587 non
2186 5544 2386 5603 potest.
2422 5536 2590 5607 Atqui
2638 5537 2852 5596 Domini
2916 5545 3090 5598 nostri
3137 5561 3337 5617 corpus
3365 5554 3417 5603 et

1836 5628 2059 5697 sanguis
2087 5628 2137 5681 in
2167 5629 2538 5698 Eucharistia,
2566 5646 2637 5687 ex
2698 5635 2933 5691 terrenis
2981 5638 3169 5706 rebus,
3194 5655 3337 5710 pane
3364 5651 3419 5696 et

1834 5724 1987 5790 vino,
2014 5738 2112 5793 per
2158 5738 2345 5779 veram
2389 5730 2706 5783 eorumdem
2756 5733 3173 5788 conversionem
3244 5733 3413 5799 facta,

1835 5817 1988 5871 carni
2017 5827 2217 5872 nostra:
2246 5819 2414 5873 vitam
2466 5821 2877 5892 impertiuntur.
2918 5823 3090 5893 Igitur
3138 5840 3246 5880 non
3288 5839 3417 5882 sunt

1838 5923 1987 5966 mera
2014 5925 2103 5968 res
2140 5920 2386 5980 terrena,
2418 5914 2667 5985 merique
2710 5915 2949 5971 hominis
2981 5932 3182 5987 corpus
3205 5928 3258 5974 et
3285 5933 3412 5974 sau-
