3924 6354
525 392 627 419 2",!

525 411 628 445 suo

1343 391 1840 447 DlSSER'I‘ATlON
1850 390 1935 446 ES
1973 391 2104 446 PRA

2211 391 2276 446 ᾸΞ
2311 389 2376 444 ΙΝ
2411 388 2668 444 ΙΙὶΕΝᾹΞΙ
2710 388 2983 443 LIBROS.
3676 392 3768 443 3:6

522 510 644 581 guis
665 551 678 575 ,
712 510 806 566 sed
842 511 929 566 his
946 512 1097 566 unita
1122 514 1194 567 sit
1213 527 1439 568 necesse
1464 522 1546 568 est
1568 528 1654 568 res
1675 513 1943 578 cmlestis,
1970 531 2114 570 sem-
2143 520 2190 577 Α
2219 515 2480 581 Crabius,
2508 513 2751 582 Spiritus
2804 512 2978 566 sancti
3036 511 3249 581 gratia?
3297 511 3506 584 Ergone
3551 515 3702 570 alitur
3725 530 3769 570 et

520 605 735 675 piterna
764 614 818 660 et
850 604 1202 672 immortalis,
1232 604 1351 677 ipsa
1380 605 1519 669 vita,
1571 622 1676 661 uno
1714 609 1885 661 verbo
1937 605 2111 663 Filius

522 697 620 753 Dei
648 698 970 769 unigenitus
994 708 1051 754 et
1087 697 1325 754 Verbum
1380 698 1585 754 Patris.
1640 699 1818 754 Simili
1887 715 2112 769 prorsus

522 797 848 859 argumento
921 787 1281 842 Nestorianos
1350 802 1456 841 non
1516 787 1688 843 semel
1719 789 2110 856 impugnavere

523 889 637 935 tum
689 879 933 951 Cyrillus
993 877 1429 938 Alexandrinus,
1494 889 1605 931 tum
1655 878 1745 931 alii
1795 877 1990 932 Patres
2016 876 2109 947 qui

519 972 785 1029 adversus
812 986 907 1028 eos
961 971 1346 1039 scripserunt,
1395 971 1880 1040 probaveruntque
1903 969 2107 1024 Christi

519 1081 743 1136 corpus,
780 1080 888 1136 quo
920 1064 1203 1135 pascimur
1225 1064 1277 1118 in
1321 1061 1697 1128 Eucharistia,
1728 1077 1834 1118 non
1865 1063 1985 1132 puri
2012 1063 2111 1118 ho-

519 1158 688 1233 minis
715 1172 918 1227 corpus
942 1172 1000 1213 es
1036 1171 1087 1222 e,
1114 1158 1209 1211 sed
1240 1157 1408 1227 ipsius
1431 1157 1597 1213 Verbi
1631 1156 1931 1223 incarnati;
1964 1156 2110 1226 quod

519 1252 644 1323 puri
672 1251 911 1307 hominis
936 1266 1067 1306 caro
1100 1252 1268 1305 vitam
1302 1252 1586 1323 impertire
1626 1266 1732 1306 non
1757 1250 1951 1320 possit.
1992 1251 2109 1307 lloe

519 1359 650 1399 vero
677 1358 743 1399 eo
767 1342 988 1399 felicius
1019 1344 1285 1398 adversus
1320 1342 1611 1399 Gnosticos
1635 1344 1810 1398 utitur
1840 1343 2106 1409 lrenaeus,

515 1449 627 1505 quo
642 1435 873 1491 simulet
892 1434 1154 1490 unionem
1179 1434 1583 1506 hypostaticam
1607 1432 1772 1489 Verbi
1792 1433 1960 1487 divini
1982 1449 2106 1488 cum

515 1545 645 1586 vera
676 1528 884 1585 ChriSti
932 1528 1177 1583 humana
1232 1535 1453 1591 natura,
1481 1534 1538 1580 et
1569 1524 1752 1581 carnis
1789 1534 1993 1579 nostrae
2024 1538 2110 1578 reo

513 1625 917 1684 surrectionem
948 1622 1177 1678 astruit.
1214 1620 1525 1684 Poscimur,
1571 1621 1769 1688 inquit,
1806 1621 1859 1675 in
1895 1619 2108 1672 Eucha-

518 1719 698 1786 ristia,
722 1731 954 1787 corpore
980 1727 1034 1772 et
1080 1718 1351 1786 sanguine
1404 1714 1650 1780 Domini;
1696 1725 1749 1767 et
1780 1714 1908 1769 hinc
1936 1714 2107 1769 vitam

515 1809 751 1881 percipit
774 1823 905 1864 caro
927 1817 1138 1864 nostra.
1170 1806 1362 1877 Neque
1408 1807 1554 1861 enim
1607 1806 1672 1870 is,
1705 1806 1799 1875 qui
1834 1805 1998 1860 nobis
2050 1806 2101 1859 in

2216 606 2460 661 nutritur
2492 620 2624 661 caro
2671 615 2878 669 nostra,
2911 619 3292 676 augenturque
3321 607 3558 661 membra
3609 618 3770 664 nostra

2216 696 2587 764 relationibus,
2618 708 2715 752 aut
2754 696 2994 770 Spiritus
3025 696 3200 750 sancti
3228 697 3403 766 gratia
3430 696 3453 750 ?
3476 696 3610 764 Quin
3636 700 3769 755 simio

2214 787 2343 842 liter
2367 798 2479 842 tum
2510 788 2774 855 lrenaeus,
2835 799 2949 844 tum
3009 790 3099 843 alii
3136 789 3351 856 Patres,
3382 790 3473 858 qui
3508 793 3679 847 carnis
3700 807 3769 846 re-

2216 881 2619 937 surrectionem
2663 883 2984 951 probantes,
3034 894 3355 953 argumenta
3411 884 3672 953 petierunt
3715 887 3769 940 ab

2213 974 2567 1031 Eucharistia
2601 992 2614 1041 ;
2650 990 2713 1030 ea
2738 977 3000 1032 ducentes
3037 991 3066 1030 a
3092 993 3359 1043 manna,a
3389 988 3534 1047 petra
3566 979 3767 1043 deserti,

2215 1072 2284 1124 ab
2333 1085 2476 1143 agno
2516 1071 2785 1141 paschali,
2812 1080 2943 1139 etc.,
2976 1089 3098 1143 qute
3128 1084 3179 1128 et
3217 1075 3328 1145 ipsa
3365 1075 3567 1131 Christi
3594 1092 3766 1146 corpo-

2216 1161 2297 1217 ris
2329 1163 2516 1234 iigura:
2552 1173 2735 1230 erant,
2792 1163 2921 1219 hinc
2967 1165 3329 1233 confecerint,
3385 1178 3492 1222 tam
3551 1167 3765 1224 efﬁcacia

2215 1254 2386 1310 fuisse
2418 1256 2596 1312 veteri
2653 1258 2853 1328 papulo
2904 1259 3143 1314 remedia
3180 1257 3550 1330 corruptionis
3574 1303 3588 1327 ,
3626 1278 3765 1332 quam

2214 1348 2390 1403 novo?
2421 1346 2607 1404 Nullos
2643 1360 2825 1405 tamen
2880 1352 3124 1421 reperias
3175 1354 3266 1423 qui
3304 1353 3386 1409 sic
3430 1358 3764 1424 argumentati

2214 1437 2439 1494 fuerint.
2472 1438 2615 1507 Quin
2666 1441 2870 1510 potius,
2925 1452 2981 1496 et
3041 1442 3186 1499 forte
3244 1444 3411 1498 etiam
3473 1446 3763 1508 consultius,

2216 1531 2487 1587 dixissent
2544 1549 2768 1589 carnem
2827 1545 3074 1590 nostram
3134 1546 3402 1593 aeternum
3451 1541 3625 1608 perire
3676 1556 3763 1594 non

2212 1635 2400 1691 posse,
2429 1639 2553 1693 qua:
2590 1625 2818 1682 salutari
2857 1626 3201 1697 baptismatis
3260 1630 3481 1683 lavacro
3508 1631 3676 1685 abluta
3721 1643 3763 1686 et

2215 1725 2556 1783 regenerata,
2583 1732 2647 1771 ac
2682 1733 2842 1773 sacro
2890 1721 3191 1775 chrismate
3243 1732 3405 1777 uncta
3456 1732 3508 1776 et
3544 1725 3762 1778 roborata

2213 1807 2420 1862 fuerit?
2455 1808 2578 1863 Haec
2626 1814 2771 1863 enim
2813 1813 2934 1879 (nec
2977 1814 3159 1868 minus
3182 1830 3323 1883 pane
3346 1824 3400 1870 et
3433 1816 3553 1870 vino
3587 1821 3635 1870 in
3676 1817 3764 1870 Eu-

518 1902 867 1957 Eucharistia
907 1901 1231 1973 porrigitur,
1269 1915 1425 1955 sacer
1458 1900 1634 1965 cibus,
1659 1902 1991 1969 spectandus
2023 1907 2107 1955 est
2139 1885 2179 1941 Β
2211 1898 2493 1965 charistia,
2527 1902 2569 1954 si
2603 1916 2729 1954 vera
2765 1904 2836 1956 sit
2868 1902 3314 1960 Calvinianornm
3349 1910 3631 1978 sententia)
3662 1907 3764 1977 Spi-

516 2002 578 2050 ut
609 1995 766 2065 panis
796 1992 1141 2058 communis;
1164 2000 1283 2049 erat
1308 1991 1528 2061 quidem
1547 1998 1676 2045 ante
1700 1988 2103 2045 invocationem

516 2088 656 2155 Dei;
696 2087 789 2143 sed
821 2085 995 2141 semel
1024 2084 1253 2154 prolatis
1282 2096 1445 2154 super
1496 2096 1624 2137 eum
1669 2080 2105 2137 consecrationis

518 2180 725 2245 verbis,
752 2178 954 2233 desinit
986 2192 1109 2232 esse
1139 2175 1299 2247 panis
1330 2172 1665 2237 communis,
1700 2182 1752 2227 et
1791 2171 1849 2225 ﬁt
1889 2170 2104 2224 Eucha-

519 2273 694 2329 ristia.
725 2271 901 2327 Porro
940 2268 1285 2324 Eucharistia
1320 2276 1541 2322 constat
1573 2281 1639 2320 ex
1672 2264 1888 2319 duabus
1920 2263 2103 2328 rebus,

518 2376 737 2422 terrena
769 2373 826 2419 et
858 2362 1096 2425 cmlesti,
1146 2374 1379 2429 corpore
1432 2358 1689 2414 videlicet
1735 2368 1791 2413 et
1836 2356 2103 2424 sanguine

514 2455 757 2521 Domini,
779 2469 810 2509 e
842 2462 1061 2509 terrena
1096 2453 1327 2506 materia
1364 2449 1676 2514 concretis;
1711 2462 1812 2501 nec
1845 2447 1912 2501 iis
1942 2445 2101 2510 solis,

515 2548 611 2602 sed
642 2557 699 2603 et
720 2561 786 2602 ex
817 2546 936 2616 ipso
970 2542 1150 2599 Verbo
1178 2544 1364 2598 divino
1396 2543 1523 2597 huic
1549 2541 1770 2610 corpori
1801 2548 1856 2595 et
1885 2537 2105 2607 sangui-

516 2642 570 2695 ni
605 2638 956 2711 hypostatiee
1002 2637 1179 2692 unito.
1232 2636 1311 2690 Ex
1368 2652 1476 2705 quo
1515 2633 1767 2704 sequitur
1807 2650 1825 2681 ι
1869 2644 2102 2700 corpora

517 2743 707 2788 nostra
740 2731 1099 2804 percipientia
1124 2730 1557 2792 Eucharistiam,
1635 2746 1652 2779 ι
1718 2740 1894 2797 eaque
1946 2733 2103 2796 pasta

514 2837 572 2882 et
604 2828 834 2893 nutrita,
872 2842 980 2880 non
1008 2824 1149 2879 nuda
1186 2822 1321 2878 meri
1373 2820 1613 2876 hominis
1647 2833 1814 2876 carne
1859 2827 2099 2884 terrena,

515 2922 611 2975 sed
651 2919 824 2991 ipsius
881 2914 1044 2973 Verbi
1099 2915 1272 2971 divini
1319 2912 1616 2980 incarnati,
1665 2912 1838 2982 ipsius
1870 2910 2103 2982 proinde

513 3017 665 3081 vitae,
695 3028 926 3085 corpore
950 3020 1006 3071 et
1027 3010 1318 3083 sanguine,
1352 3027 1371 3060 ι
1402 3008 1514 3077 jam
1544 3023 1652 3064 non
1677 3023 1798 3065 esse
1823 3005 2103 3076 corrupti:

515 3108 665 3176 bilia,
705 3120 859 3179 spem
899 3102 1329 3159 resurrectionis
1383 3101 1690 3167 habentia;
1725 3119 1745 3153 ι
1786 3114 1889 3155 nec
1937 3108 2101 3152 aeter-

513 3216 644 3255 Ieut-n
676 3200 860 3271 perire
906 3195 1164 3269 [CXLIV]
1209 3210 1395 3267 posse,
1438 3210 1559 3266 quae
1592 3205 1701 3250 lam
1733 3193 1946 3249 caelesti
1978 3191 2101 3247 cibo

516 3298 859 3347 recreantur.
894 3288 987 3343 Sic
1019 3287 1101 3351 fit,
1130 3287 1208 3341 ait
1237 3285 1496 3351 lrenaeus,
1524 3294 1581 3340 ut
1609 3284 1881 3340 sententia
1915 3292 2101 3338 nostra

515 3385 654 3441 inire
680 3390 944 3437 consonet
974 3378 1357 3444 Eucharistiae,
1392 3390 1445 3433 et
1471 3376 1819 3433 Eucharistia
1857 3375 2101 3431 vicissim

515 3475 804 3534 conﬁrmet
829 3473 1157 3530 sententiam
1188 3480 1459 3528 nostram.
1498 3469 1793 3527 Oli'erimus
1832 3469 2103 3539 siquidem

518 3569 633 3625 Deo
661 3565 832 3633 Patri,
858 3579 967 3620 non
999 3564 1200 3627 aliena,
1232 3578 1339 3617 non
1374 3578 1463 3618 res
1493 3564 1560 3618 ab
1594 3562 1701 3616 alio
1734 3570 1970 3626 creatas,
2009 3562 2102 3616 sed

518 3674 644 3731 quae
675 3666 806 3713 sunt
837 3658 977 3728 ejus,
1001 3671 1231 3726 quaeque
1264 3655 1382 3726 ipse
1425 3655 1690 3719 condidit,
1732 3670 1929 3725 panem
1960 3655 2106 3709 vide-

518 3752 643 3808 licet
672 3763 728 3809 et
756 3753 963 3816 vinum,
994 3765 1114 3819 qua:
1150 3750 1509 3819 pereipientia
1567 3749 1971 3804 invocationem
2004 3746 2103 3802 Dei

518 3848 659 3901 fiunt
689 3860 876 3901 verum
904 3860 969 3899 ac
996 3841 1280 3913 preprium
1306 3842 1480 3913 ipsius
1514 3842 1637 3896 Filii
1679 3841 1776 3896 Dei
1826 3855 2025 3909 corpus
2050 3848 2106 3895 et

516 3941 1178 4009 sanguis;congruenter
1226 3950 1669 3991 communionem
1732 3944 1787 3989 et
1840 3934 2103 3988 unionem

523 4031 685 4090 Verbi
725 4029 895 4086 divini
925 4043 1048 4084 cum
1077 4041 1250 4083 carne
1284 4025 1670 4097 przcdicantes,
1696 4034 1749 4078 et
1775 4023 2104 4080 confitentes

516 4135 721 4183 nostra:
749 4125 934 4179 carnis
970 4121 1452 4178 resurrectionem.

588 4218 678 4275 85.
712 4217 813 4271 Hic
841 4217 1045 4271 [remeo
1076 4216 1209 4268 nihil
1241 4214 1477 4267 alienun)
1513 4211 1846 4281 alﬁngintus,
1870 4210 1965 4265 sed
1992 4208 2105 4264 Ire-

515 4330 697 4370 meum
726 4328 793 4367 ex
818 4310 1048 4373 Irenaeo,
1097 4319 1151 4361 et
1196 4307 1367 4376 ipsius
1413 4305 1602 4359 lrenzei
1656 4305 1862 4369 verbis,
1910 4318 2101 4374 scopo,

513 4407 747 4468 consilio
797 4415 853 4460 et
900 4410 1228 4476 argumento
1279 4397 1646 4468 explieamus.
1703 4397 1934 4452 Frustra
1972 4411 2105 4451 vero

517 4500 608 4556 hic
652 4498 871 4554 solitam
923 4493 1131 4550 Christi
1180 4490 1433 4561 corporis
1494 4488 1720 4559 ﬁgurato
1752 4503 1815 4542 ac
1845 4488 2101 4543 virtutem

2208 1992 2347 2047 ritus
2397 1993 2572 2047 sancti
2632 1996 2806 2064 gratia
2872 2006 2928 2052 et
2978 1997 3201 2062 virtute,
3238 2000 3350 2054 imo
3382 1999 3584 2056 Christi
3619 2003 3763 2071 ipsius

2208 2086 2468 2156 sanguine
2498 2088 2786 2141 fecundata
2812 2100 2867 2144 et
2885 2090 3088 2160 repleta
3105 2107 3224 2147 esse
3246 2108 3391 2162 surpe
3420 2106 3760 2150 asseruerunt.

2207 2177 2399 2234 Nullus
2428 2188 2607 2234 tamen
2635 2182 2894 2243 occurrit,
2921 2185 3013 2252 qui
3042 2185 3307 2254 ejusmodi
3339 2196 3762 2254 argumentocar-

2210 2271 2296 2325 nis
2324 2273 2778 2329 resurrectionem
2841 2278 3165 2331 astrttxerit.
3219 2277 3381 2345 Quod
3441 2279 3649 2349 quidem
3695 2279 3761 2332 vel

2206 2362 2380 2417 solum
2420 2365 2785 2429 demonstrat,
2834 2367 3026 2424 Patres
3070 2370 3217 2425 aliud
3265 2372 3545 2442 quidpiam
3586 2374 3635 2427 in
3681 2373 3760 2426 Eu-

2205 2454 2487 2509 charistim
2520 2456 2785 2527 mysterio
2821 2460 3135 2527 agnovisse,
3174 2472 3380 2531 prmter
3402 2465 3597 2518 nudam
3624 2463 3757 2519 Chri-

2206 2544 2276 2599 sti
2308 2546 2558 2614 corporis
2588 2558 2641 2602 et
2663 2552 2943 2619 sanguinis
2970 2551 3228 2621 figurant,
3264 2568 3359 2608 aut
3385 2556 3650 2610 virtutem.
3672 2554 3758 2610 Sed

2207 2646 2435 2691 caeteras
2478 2640 2788 2708 argumenti
2843 2640 3030 2697 lrentei
3076 2645 3486 2712 propositiones
3518 2647 3759 2715 expenda-

2206 2744 2352 2785 mus.
2388 2727 2579 2798 lgitur,
2608 2732 2652 2785 si
2690 2732 3045 2788 Calvinianos
3076 2736 3393 2800 audiamus,
3429 2751 3495 2791 ex
3542 2752 3603 2792 eo
3649 2752 3757 2791 con-

2206 2820 2443 2875 tenderit
2468 2818 2703 2876 lrenaeus
2732 2838 2957 2878 carnem
2993 2832 3237 2881 nostram
3292 2830 3572 2899 percipere
3599 2829 3757 2892 vitam,

2206 2927 2306 2967 nec
2361 2914 2669 2983 proindetn
2723 2918 3135 2986 corruptionem
3199 2920 3357 2976 abire
3402 2936 3584 2992 posse,
3635 2920 3757 2990 quod

2204 3004 2669 3078 Christicorporis
2702 3019 2757 3065 et
2797 3011 3080 3080 sanguinis
3115 3013 3285 3084 ﬁgura
3324 3024 3419 3068 aut
3448 3017 3639 3070 virtute
3665 3012 3757 3066 ala-

2208 3105 2314 3151 tur.
2348 3097 2505 3155 Hanc
2532 3113 2662 3154 vero
2724 3102 3158 3171 pr0positionem
3214 3119 3282 3156 ex
3334 3118 3402 3158 co
3452 3100 3755 3173 probaverit,

2128 3226 2174 3286 ο
2205 3193 2352 3260 quod
2390 3194 2454 3256 is,
2501 3193 2591 3261 qui
2624 3202 2758 3248 esta
2787 3203 2955 3260 terra,
2994 3195 3152 3265 panis
3207 3197 3525 3268 percipiens
3571 3196 3757 3250 invoca-

2211 3282 2412 3338 tionem
2450 3284 2569 3350 Dei,
2591 3283 2703 3352 jam
2731 3302 2836 3339 non
2871 3289 3181 3348 communis
3210 3288 3373 3358 panis
3401 3290 3491 3345 sit.
3524 3288 3652 3356 Quid
3683 3303 3756 3342 er-

2206 3389 2296 3445 go,
2326 3375 2371 3428 si
2433 3377 2653 3445 quidem
2711 3376 2764 3430 in
2811 3377 3015 3431 Christi
3049 3394 3252 3449 corpus
3287 3395 3401 3434 non
3433 3377 3754 3436 convertitur,

2208 3483 2310 3522 nec
2330 3466 2693 3522 substantiam
2718 3471 2933 3523 mutat?
2958 3470 3307 3527 Eucharistia
3354 3483 3438 3528 est
3489 3489 3551 3528 ex
3580 3471 3756 3526 duabus

2210 3559 2378 3615 rebus
2410 3570 2692 3626 constans,
2723 3569 2934 3615 terrena
2974 3573 3029 3617 et
3061 3564 3295 3620 caelesti.
3333 3565 3391 3620 Si
3420 3580 3545 3620 vero
3571 3576 3754 3634 quaeras

2208 3668 2238 3707 a
2262 3652 2600 3707 Calviniauis
2643 3668 2763 3723 quae
2795 3654 2908 3709 sint
2943 3655 3170 3722 resilla,
3196 3666 3417 3713 terrena
3441 3668 3494 3714 et
3516 3656 3753 3717 ccclesiis;

2208 3744 2557 3798 consentiunt
2593 3746 2812 3815 quidem
2841 3762 3053 3816 omnes,
3085 3757 3315 3806 terrente
3348 3754 3426 3807 rei
3458 3753 3664 3807 nomine
3679 3765 3758 3820 pa-

2208 3850 2329 3890 nem
2358 3837 2582 3908 intelligi
2611 3854 2625 3891 :
2661 3840 2725 3893 de
2760 3853 2820 3896 re
2865 3855 2998 3896 vero
3036 3841 3244 3897 etelesti
3295 3845 3637 3900 dissentiunt.
3667 3843 3753 3898 Alii

2207 3928 2408 4000 quippe
2438 3930 2750 4001 intelligunt
2770 3931 3053 3999 virtutem,
3084 3935 3275 3991 nescio
3304 3953 3493 4007 quam,
3529 3954 3555 3991 a
3590 3949 3756 4006 corpo-

2209 4034 2269 4074 re
2312 4020 2513 4074 Christi
2569 4032 2907 4086 manantem,
2971 4025 3039 4079 ab
3069 4038 3136 4080 eo
3166 4034 3351 4081 tamen
3383 4039 3690 4099 separatam,
3711 4034 3755 4078 et

2209 4110 2334 4177 pani
2365 4110 2625 4167 inditam.
2663 4112 2767 4167 Alii
2806 4114 3058 4169 tictitiam
3088 4115 3361 4185 ejusmodi
3389 4120 3635 4175 virtutem
3663 4134 3755 4170 tne-

2209 4203 2317 4260 rito
2342 4204 2675 4270 deridentes,
2724 4222 2840 4261 rem
2872 4221 2972 4276 per
2995 4224 3193 4279 panem
3227 4212 3593 4283 signiﬁcatam
3625 4209 3756 4266 intel-

2209 4296 2405 4366 ligunt,
2429 4298 2689 4353 nimirum
2715 4302 2918 4358 Christi
2944 4318 3172 4373 corpus,
3196 4307 3401 4361 absens
3435 4308 3631 4377 utique.
3667 4305 3751 4358 Sed

2212 4398 2443 4459 utraque
2470 4390 2762 4461 explicatio
2789 4403 2868 4449 tot
2897 4395 3155 4451 absurdis
3185 4408 3384 4465 scatet,
3418 4410 3473 4454 ut
3501 4400 3679 4454 mirum
3697 4395 3753 4450 sit

2208 4484 2278 4538 ab
2306 4484 2492 4555 aliquo
2524 4487 2756 4555 proponi
2802 4488 3074 4558 potuisse.
3109 4488 3226 4546 Non
3259 4495 3445 4548 omnia
3483 4495 3567 4549 hic
3590 4504 3753 4562 prose-

514 4601 797 4665 opponent
820 4589 1239 4644 Protestautes:
1269 4583 1374 4639 nisi
1398 4584 1552 4654 prius
1578 4579 1842 4636 Irenaeum
1881 4582 2101 4650 penitus
2135 4580 2180 4635 D
2206 4578 2299 4649 qui
2325 4579 2540 4636 animus
2585 4590 2711 4636 est:
2745 4581 2796 4635 id
2825 4584 3045 4638 abunde
3084 4588 3397 4654 prastitere
3431 4586 3750 4643 eruditissimi

520 4684 814 4738 insaniisse
844 4681 1097 4752 probent,
1130 4676 1262 4733 nulli
1302 4674 1489 4731 sobrio
1518 4671 1943 4745 persuadebunt,
1976 4688 2101 4727 eum

514 4792 677 4848 mera
725 4775 976 4845 corporis
1032 4772 1234 4829 Christi
1287 4770 1482 4839 ﬁgura,
1529 4768 1614 4824 vel
1680 4767 1903 4835 virtute,
1955 4765 2103 4822 Gno-

519 4867 781 4923 Sticorum
830 4880 1051 4921 errores
1110 4863 1197 4917 hic
1258 4862 1546 4917 confutare
1602 4870 1691 4913 aut
1736 4860 1983 4929 potuisse
2009 4869 2104 4913 aut

520 4961 780 5017 voluisse.
805 4959 919 5025 Nat,
940 4957 1268 5028 praeclarum
1293 4964 1695 5025 argumentum,
1729 4955 1874 5023 quod
1906 4968 1936 5007 a
1969 4954 2106 5022 figu-

519 5071 581 5112 ra
605 5063 704 5109 aut
729 5053 932 5107 virtute
962 5049 1243 5104 duxisset!
1296 5048 1371 5102 Ea
1400 5062 1555 5109 caro,
1585 5049 1838 5111 dixisset,
1873 5049 2106 5116 percipit

518 5148 714 5214 vitam,
743 5159 846 5200 nec
890 5144 1119 5214 proinde
1182 5144 1233 5196 in
1277 5144 1684 5211 corruptionem
1717 5140 1979 5193 devenire
2008 5156 2103 5209 po-

522 5250 650 5307 test,
679 5253 799 5308 qua
829 5236 1037 5292 Domini
1069 5237 1239 5288 nostri
1262 5236 1516 5303 corporis
1551 5244 1606 5288 et
1641 5234 1926 5303 sanguinis
1967 5233 2105 5303 ﬁgu-

521 5348 584 5387 ra
615 5339 712 5384 aut
741 5328 945 5382 virtute
972 5328 1160 5381 alitur.
1186 5325 1376 5394 Eccui,
1404 5326 1513 5381 nisi
1539 5325 1821 5393 deliranti,
1853 5327 1906 5379 in
1951 5339 2106 5379 men-

523 5434 635 5478 tem
665 5420 856 5475 venire
882 5432 1125 5489 unquam
1148 5417 1343 5488 potuit,
1375 5432 1601 5473 carnem
1650 5425 1896 5472 nostram
1941 5415 2013 5470 ali
2049 5426 2106 5471 et

523 5510 747 5579 nutriri,
805 5509 913 5574 vel,
961 5517 1017 5563 ut
1077 5508 1205 5563 alibi
1255 5508 1501 5579 loquitur
1542 5508 1802 5576 lrenaaus,
1853 5506 2100 5562 membra

522 5612 709 5658 nostra
740 5601 928 5674 augeri
962 5600 1158 5672 ﬁgura,
1194 5599 1579 5665 similitudine,
1602 5599 1843 5670 imagine
1867 5608 1964 5653 aut
1990 5596 2105 5651 vir-

528 5696 677 5753 tute?
724 5692 887 5763 Quid,
934 5707 1139 5764 quaeso,
1189 5692 1388 5749 Christi
1448 5694 1700 5763 corporis
1754 5692 1956 5762 ﬁgura,
1992 5690 2103 5746 nisi

527 5799 671 5839 mera
723 5785 932 5852 relatio,
990 5791 1050 5837 ut
1089 5782 1385 5851 loquuntur
1419 5782 1471 5835 itt
1534 5782 1771 5847 Scholis,
1827 5780 1988 5851 panis
2032 5780 2100 5835 ad

523 5876 725 5932 Christi
757 5890 952 5947 corpus
976 5875 997 5929 ?
1018 5873 1157 5943 Quid
1190 5888 1253 5929 ea
1289 5874 1485 5940 virtus,
1510 5872 1633 5940 nisi,
1665 5884 1723 5927 ut
1747 5870 1986 5942 explicat
2019 5870 2093 5927 cl.

2208 4682 2463 4727 auctores
2495 4672 2623 4725 libri
2660 4672 2738 4726 De
2778 4677 3127 4743 perpetuitate
3153 4676 3281 4744 ﬁdei
3325 4676 3575 4734 Ecclesia:
3600 4675 3752 4730 callio-

2206 4764 2323 4819 lictc
2371 4766 2514 4819 circa
2562 4764 2985 4830 Euchariotiam,
3043 4776 3176 4823 tum.
3225 4767 3314 4836 ΙΙΙ,
3356 4772 3455 4826 lih.
3488 4788 3523 4840 ι,
3566 4789 3609 4824 (τ.
3639 4770 3684 4830 2,
3709 4777 3752 4819 et

2210 4868 2347 4913 tom.
2367 4858 2432 4925 ll,
2462 4859 2560 4914 lib.
2592 4874 2642 4926 v,
2678 4875 2727 4914 c.
2770 4859 2856 4924 10,
2897 4861 2955 4914 Η
3002 4872 3057 4915 et
3093 4876 3246 4933 seqq.
3294 4862 3474 4920 Pauca
3517 4868 3747 4920 duntaxat

2207 4952 2505 5006 observare
2528 4966 2628 5021 pro
2655 4953 2913 5009 instituto
2947 4957 3204 5012 suﬂiciat.
3234 4960 3312 5013 Ac
3341 4966 3404 5013 ut
3431 4976 3460 5013 a
3490 4952 3749 5028 posteriori

2208 5044 2486 5110 exordiar,
2519 5045 2642 5114 pari
2695 5045 2820 5113 jure
2851 5049 2960 5104 dici
3006 5052 3203 5119 poterit
3235 5068 3432 5123 agnum
3470 5047 3748 5120 paschalctn

2209 5136 2421 5190 duabus
2463 5136 2625 5192 rebus
2641 5143 3411 5215 constare,animaliqnodam
3446 5156 3498 5201 et
3524 5140 3749 5201 transitu,

2209 5242 2306 5281 seu
2336 5228 2381 5281 si
2415 5228 2612 5294 mavis,
2649 5228 2855 5285 Christi
2895 5246 3128 5304 corpore
3164 5252 3178 5301 ;
3214 5246 3424 5306 petram
3456 5234 3663 5297 deserti,
3683 5231 3749 5283 la—

2208 5319 2333 5387 pide
2364 5329 2619 5376 constare
2648 5331 2701 5374 et
2724 5320 2974 5392 Christo;
3003 5342 3368 5382 marmoream
3396 5324 3752 5382 Casarisitna-

2208 5408 2388 5477 ginem
2417 5420 2671 5468 constare
2697 5430 2971 5470 marmore
2993 5426 3045 5471 et
3073 5416 3311 5483 Caesare,
3331 5428 3438 5474 etc.
3468 5418 3659 5487 Nempe
3685 5415 3751 5467 in-

2208 5504 2389 5558 sulsus
2448 5505 2519 5559 sit
2558 5507 2808 5576 quisquis
2864 5510 3168 5565 asseruerit
3214 5520 3385 5566 totum
3447 5510 3595 5572 illud,
3625 5503 3750 5577 quod

2207 5602 2598 5655 conuotativum
2651 5612 2873 5668 vocant,
2927 5618 3041 5658 rem
3092 5605 3348 5661 videlicet
3398 5606 3458 5660 in
3500 5618 3556 5659 se
3586 5614 3747 5659 unam,

2207 5705 2329 5760 quae
2377 5701 2558 5747 tamen
2594 5694 2660 5747 ad
2701 5693 2862 5747 aliam
2918 5693 3179 5761 refertur,
3212 5711 3444 5766 eamque
3483 5689 3747 5764 signiﬁcat.

2208 5781 2419 5836 duabus
2450 5794 2707 5838 constare
2738 5787 3006 5853 partibus,
3043 5803 3274 5856 quarum
3318 5802 3422 5840 una
3469 5786 3539 5840 sit
3586 5796 3664 5836 res
3689 5778 3751 5831 si-

2208 5873 2496 5942 gnificans,
2522 5874 2695 5930 altera
2738 5892 2825 5932 res
2871 5878 3202 5946 significata.
3229 5878 3381 5933 bulla
3407 5892 3512 5942 res,
3533 5888 3645 5947 qum
3681 5879 3749 5923 ιυ-
