3924 6354
188 341 317 396 357

1143 339 1611 397 DISSERTATIO
1652 340 1736 404 ΙΙΙ,
1782 340 1869 395 DE
1912 341 2169 396 lllENAil
2206 342 2572 401 DOCTRINA.

3384 354 3488 411 333

193 470 330 513 tum
360 461 687 515 collectivum
717 479 824 516 non
859 462 954 526 sit,
982 463 1125 531 quod
1148 470 1295 517 certe
1316 464 1660 518 Eucharistia
1697 480 1801 517 non
1832 469 1881 527 Α
1910 466 2161 534 quamvis
2182 468 2428 535 corporis
2454 466 2663 522 Christi
2693 468 2944 525 virtutem
2980 486 3079 542 per
3115 476 3491 529 communica-

188 565 311 611 est.
344 555 521 606 altera
560 568 620 607 re
652 562 913 622 tanquam
944 564 1098 622 parte
1145 565 1403 610 constare
1430 554 1657 620 dicitur,
1684 572 1806 625 quae

192 643 435 699 absens.
474 654 529 696 et
562 652 720 697 extra
748 644 918 714 ipsam
941 644 1033 698 sit.

266 736 373 791 86.
403 732 518 790 Nec
558 735 738 789 minus
784 736 1025 791 absurda
1066 735 1235 789 altera
1288 735 1607 806 explicatio,
1637 752 1803 807 quam

190 826 491 882 asciscere
519 827 625 884 sibi
655 828 724 881 cl.
757 826 961 882 Grabio
995 827 1217 897 placuit.
1256 826 1629 898 Praeterquam
1658 831 1804 900 quod

188 919 353 972 enim
382 920 764 973 commentitia
792 920 883 973 illa
924 922 1124 983 virtus,
1156 935 1183 972 a
1208 921 1611 975 recentioribus
1639 937 1804 978 excu-

187 1012 380 1079 gitata
418 1010 715 1079 ministris,
754 1013 852 1067 toti
886 1021 1033 1067 retro
1069 1014 1379 1082 antiquitati
1443 1016 1623 1085 ignota
1661 1030 1804 1067 sern—

189 1118 297 1171 per
329 1101 460 1166 fuit,
505 1118 573 1158 ac
609 1118 678 1158 ne
709 1103 793 1158 vel
832 1104 1171 1159 levissimum
1207 1105 1424 1175 quidem
1469 1104 1635 1159 habet
1673 1105 1800 1159 fun-

188 1195 531 1249 damentum
566 1196 621 1251 in
666 1195 957 1266 Scriptura
999 1209 1054 1253 et
1086 1198 1382 1266 Patribus;
1432 1210 1801 1271 prmterquam

190 1287 353 1356 quod
382 1286 693 1340 absurdum
724 1296 808 1342 est
839 1303 1091 1343 asserere
1114 1304 1343 1360 corpora
1372 1300 1555 1344 nostra
1581 1290 1671 1354 ali,
1704 1306 1802 1343 nu-

190 1379 329 1433 triri
360 1388 418 1434 et
443 1381 636 1450 augeri
682 1380 887 1434 virtute
945 1380 1179 1449 quadam
1228 1397 1256 1434 a
1309 1381 1513 1436 Christi
1566 1396 1801 1451 corpore

189 1480 463 1541 separata
492 1488 508 1537 ;
537 1486 603 1526 ea
626 1482 777 1528 stare
809 1472 953 1526 nulla
998 1473 1210 1527 ratione
1242 1480 1421 1543 potest
1457 1488 1581 1529 cum
1608 1473 1797 1529 [renati

189 1580 372 1635 scopo
406 1574 467 1619 et
498 1575 853 1636 argumento,
902 1565 1163 1635 superius,
1190 1566 1452 1633 expositis
1494 1582 1508 1631 ;
1536 1583 1637 1622 nec
1674 1568 1801 1623 hinc

188 1657 411 1713 inferre
441 1674 686 1729 unquam
716 1660 898 1729 potuit
926 1658 985 1712 S.
1019 1659 1212 1713 doctor
1246 1668 1359 1713 tum
1394 1658 1651 1713 unionem
1694 1659 1798 1730 hy—

192 1751 545 1818 postaticam
589 1748 750 1805 Verbi
776 1751 943 1805 divini
976 1766 1100 1805 cum
1134 1752 1372 1805 humana
1400 1751 1611 1807 Christi
1638 1761 1798 1807 natu-

189 1857 277 1907 ra,
341 1853 459 1896 tum
556 1859 850 1914 corporum
917 1854 1229 1900 nostrorum
1306 1846 1794 1901 resurrectionem.

194 1952 215 1983 σ
260 1932 500 2000 Nostra,
541 1936 747 2006 inquit,
770 1938 1044 1993 sententia
1076 1953 1393 1993 consonans
1421 1948 1503 1991 est
1529 1938 1797 1993 Euchari-

188 2028 336 2092 stize,
379 2038 438 2085 et
476 2030 827 2085 Eucharistia
885 2046 1077 2085 rursus
1135 2033 1423 2086 continuat
1468 2034 1794 2111 settlentjatn

190 2128 471 2175 nostram.
502 2120 802 2176 Oﬂ‘erimus
827 2123 971 2177 enim
1009 2123 1117 2177 Deo
1147 2140 1267 2193 qua:
1298 2134 1422 2178 sunt
1452 2124 1591 2194 ejus,
1644 2143 1660 2175 ι
1711 2139 1795 2180 res

189 2210 462 2267 videlicet
505 2211 578 2266 ab
628 2227 695 2267 eo
753 2214 1022 2279 conditas,
1054 2231 1074 2265 ‹
1130 2228 1501 2285 congruenter
1542 2231 1794 2270 commu-

191 2306 423 2361 nionem
452 2317 513 2361 et
546 2306 805 2361 unionem
834 2310 1230 2378 praedicantes;
1275 2329 1292 2361 ι
1328 2326 1557 2379 quarum
1590 2326 1793 2373 rerum,

189 2412 384 2463 quaso
406 2396 535 2451 ?An
584 2397 838 2466 spiritus,
872 2414 965 2453 seu
996 2398 1192 2453 anima:
1225 2400 1477 2456 humana:
1513 2417 1635 2453 cum
1664 2417 1792 2454 car-

189 2488 304 2541 ne?
337 2487 454 2543 Sed
508 2489 710 2545 barum
742 2505 927 2544 rerum
957 2491 1213 2546 unionem
1261 2501 1315 2545 et
1348 2492 1789 2546 communionem

189 2595 302 2634 non
329 2582 618 2651 negabant
649 2581 917 2637 Gnostici.
950 2585 1032 2638 An
1064 2584 1290 2639 virtutis
1317 2584 1518 2639 Christi
1546 2585 1794 2655 corporis

187 2689 316 2727 cum
350 2673 550 2743 pane?
587 2674 695 2730 Sed
726 2676 857 2745 quid
906 2677 1018 2731 haec
1066 2680 1133 2733 ad
1183 2678 1372 2733 lrenaei
1432 2693 1683 2747 secpum,
1726 2692 1790 2732 ex

185 2766 559 2821 Eucharistiae
594 2769 699 2823 ﬁde
734 2770 1136 2836 conﬁrmantis,
1195 2773 1346 2841 quod
1391 2782 1550 2828 antea
1590 2774 1791 2843 proba-

184 2874 372 2926 verat,
406 2862 698 2917 Christum
731 2877 852 2917 esse
883 2864 1055 2933 ipsius
1088 2866 1271 2918 mundi
1329 2865 1682 2925 labricatoris
1732 2872 1793 2925 ﬁ-

185 2954 346 3017 lium,
406 2954 461 3008 id
515 2963 604 3008 est
660 2954 900 3009 Verbum
945 2955 1106 3023 ejus?
1166 2956 1383 3025 Ergone
1434 2959 1561 3028 quia
1615 2960 1791 3016 virtus

184 3045 393 3098 Christi
435 3044 692 3113 corporis
722 3046 909 3099 unitur
947 3062 1070 3100 cum
1104 3064 1264 3114 pane,
1299 3049 1425 3103 hinc
1457 3050 1656 3105 conﬁci
1689 3068 1788 3122 po-

1910 568 2022 611 tum
2050 558 2151 612 sibi
2185 574 2400 613 sacrum
2428 575 2624 629 panem
2668 561 2959 630 accipiant,
2987 579 3048 617 ea
3091 571 3272 619 tamen
3308 566 3375 621 ab
3401 567 3483 621 in—

1908 650 2010 705 sita
2048 652 2147 707 sibi
2173 654 2485 723 corruptela
2516 656 2682 710 eximi
2716 674 2823 712 non
2852 666 3107 728 possunt,
3153 674 3254 714 nec
3306 661 3487 715 minus

1907 747 2135 814 proinde
2160 749 2528 817 peritura.Sic
2550 753 2707 804 vanis
2742 751 2958 823 elTugiis
2999 755 3116 809 suis
3140 769 3289 809 arma
3325 757 3487 810 mini-

1906 848 2087 892 strant
2141 840 2450 894 Calviniani
2494 842 2769 898 htcreticis
2809 847 3055 899 omnium
3106 846 3488 917 proﬂigatissi-

1906 932 2031 997 mis,
2054 942 2107 985 et
2138 932 2396 987 Ecclesia:
2427 933 2621 989 Patres
2670 935 2984 993 insanorum
3020 938 3299 995 hominum
3334 955 3486 996 more

1904 1040 2029 1078 cum
2061 1026 2125 1078 iis
2157 1026 2480 1080 dimicantes
2502 1042 2697 1097 campo
2728 1028 2992 1085 inierunt.

1975 1118 2065 1173 87.
2110 1117 2281 1183 Quam
2314 1132 2441 1174 vero
2475 1120 2661 1175 cﬂicax
2697 1121 2824 1175 illud
2854 1123 3166 1193 argumenti
3208 1140 3407 1195 genus,
3426 1135 3484 1180 et

1905 1208 2101 1265 merito
2154 1212 2394 1279 quidem,
2444 1214 2782 1268 existimaret
2833 1214 3093 1277 lrenteus,
3147 1216 3490 1271 demonstrat

1904 1301 2051 1369 quod
2081 1316 2146 1356 eo
2192 1304 2389 1372 saepius
2430 1306 2688 1359 adversus
2740 1305 3029 1361 Gnosticos
3074 1318 3282 1375 utatur,
3331 1308 3485 1364 illos-

1903 1406 2009 1462 que
2040 1393 2107 1448 ad
2152 1394 2551 1450 Eucharistiam
2611 1412 2716 1451 non
2767 1398 2935 1453 semel
2981 1410 3263 1468 provocet,
3294 1415 3487 1456 eorum

1903 1500 2121 1543 errores
2154 1489 2257 1543 hoc
2317 1487 2423 1543 telo
2453 1490 2791 1544 conﬁxurus.
2825 1490 3025 1545 Eodem
3068 1491 3165 1545 lib.
3198 1508 3272 1553 tv,
3304 1507 3355 1546 c.
3389 1492 3485 1557 33,

1904 1596 1960 1633 η.
2011 1580 2073 1645 2,
2135 1580 2248 1649 jam
2306 1582 2425 1645 cit.,
2463 1579 2813 1636 MarciOnitas
2864 1581 3136 1647 refellens,
3205 1582 3297 1652 qui
3348 1583 3485 1637 duos

1902 1672 2033 1727 deus
2076 1672 2375 1742 ﬁngebant,
2423 1674 2654 1728 alterum
2706 1674 2946 1740 bonum,
3000 1672 3218 1727 Patrem
3266 1673 3482 1727 Domini

1904 1764 2105 1826 nostri,
2160 1765 2393 1819 alterum
2433 1765 2661 1829 malum,
2719 1765 2901 1819 mundi
2954 1766 3226 1835 opiﬁcem,
3289 1766 3486 1834 probat

1902 1858 2044 1925 quod
2096 1856 2195 1911 nisi
2250 1856 2511 1913 Dominus
2548 1858 2715 1927 ipsius
2747 1859 2930 1912 mundi
2975 1860 3274 1913 conditoris
3313 1859 3485 1916 Filius

1901 1947 1995 2009 sit,
2037 1964 2055 1998 ι
2096 1946 2293 2015 injuste
2325 1946 2486 2014 hujus
2524 1947 2877 2011 conditionis,
2910 1964 3031 2018 qua:
3073 1958 3153 2004 est
3182 1950 3481 2004 secundum

1900 2056 2020 2107 nos,
2052 2042 2327 2111 accipiens
2370 2054 2589 2111 panem,
2624 2057 2779 2096 suum
2840 2058 3036 2113 corpus
3086 2058 3210 2097 esse
3251 2043 3483 2097 conﬁte—

1898 2131 2079 2198 batur,
2115 2141 2171 2186 et
2212 2141 2705 2201 temperamentum
2738 2134 2925 2188 calicis
2969 2150 3126 2188 suum
3163 2136 3483 2203 sanguinem

1899 2224 2265 2279 conﬁrmavit.
2316 2244 2336 2275 ι
2380 2224 2501 2292 Quo
2554 2225 2775 2295 quidem
2840 2236 3159 2294 argumento
3217 2226 3297 2283 vel
3351 2228 3483 2281 nihil

1898 2330 2123 2387 prorsus
2170 2316 2369 2381 eﬂicit,
2417 2316 2501 2371 vel
2562 2317 2693 2372 illud
2748 2319 3059 2373 certissime
3116 2318 3481 2382 demonstrat,

1897 2408 2177 2461 Christum
2220 2409 2293 2462 ita
2336 2423 2532 2476 panem
2584 2424 2739 2463 suum
2780 2425 2903 2465 esse
2955 2426 3178 2480 corpus,
3209 2422 3262 2465 et
3297 2412 3480 2464 vinum

1898 2514 2053 2551 suum
2108 2514 2228 2553 esse
2277 2500 2597 2570 sanguinem
2647 2499 2955 2555 confessum
3011 2516 3133 2555 esse
3181 2512 3235 2554 ct
3280 2506 3481 2553 coiitir-

1898 2604 2095 2655 mas-se,
2144 2600 2202 2644 ut
2250 2605 2317 2644 ex
2384 2592 2558 2645 altero
2601 2592 2705 2647 sibi
2739 2607 2924 2646 verum
2954 2608 3173 2661 corpus,
3216 2610 3279 2647 ex
3313 2595 3482 2647 altero

1898 2694 2085 2734 verum
2134 2681 2478 2752 sanguinem,
2521 2696 2646 2737 vera
2687 2682 2969 2752 utriusque
3019 2684 3381 2738 conversione
3420 2693 3480 2737 et

1897 2775 2353 2829 transmutatione
2408 2773 2639 2840 fecerit;
2718 2784 2773 2828 et
2827 2775 2949 2829 inde
2997 2775 3255 2844 injustnm
3325 2776 3476 2839 fore,

1895 2865 2036 2935 quod
2081 2880 2170 2919 res
2212 2865 2281 2919 ab
2312 2865 2419 2919 alio
2451 2864 2729 2931 conditas,
2768 2873 2823 2919 et
2871 2867 2970 2921 sub
3015 2866 3236 2921 alterius
3271 2866 3482 2921 ditione

1894 2960 2120 3028 positas,
2154 2974 2281 3013 suas
2310 2973 2435 3014 esse
2460 2959 2605 3014 dicat
2630 2969 2685 3015 et
2711 2960 2930 3015 elliciat.
2964 2958 3021 3013 Si
3055 2960 3198 3013 enim
3229 2974 3294 3013 eo
3337 2960 3477 3013 dun-

1895 3055 2045 3101 taxat
2080 3063 2242 3103 sensu
2279 3046 2533 3103 Christus
2570 3064 2765 3117 panem
2796 3064 2993 3117 corpus
3036 3064 3191 3103 suum
3230 3063 3350 3102 csse
3393 3049 3476 3101 di-

186 3147 296 3192 test
331 3136 579 3193 Verbum
610 3153 732 3193 cum
755 3154 1020 3208 corporea
1057 3141 1265 3197 Christi
1300 3152 1492 3199 natura
1522 3146 1782 3201 substan-
1815 3158 1858 3218 ο
1894 3142 2052 3204 xeril.
2096 3141 2242 3210 quod
2270 3141 2317 3195 ei
2343 3142 2592 3210 corporis
2635 3141 2718 3196 SUi
2756 3142 3008 3195 νῖτιυιθῐη
3050 3141 3332 3208 imperii"?
3375 3156 3471 3195 V0-

187 3231 397 3284 tialiter
430 3231 652 3285 unitum
688 3230 903 3287 fuisse?
934 3233 1047 3288 lmo
1088 3236 1270 3303 potius
1322 3239 1670 3295 contrarium
1703 3240 1789 3294 in-

186 3325 377 3379 tulerit
407 3324 734 3387 Gnosticus,
768 3335 822 3380 et
846 3326 1045 3381 dixerit
1080 3345 1093 3379 :
1128 3331 1589 3397 quemadmodum
1622 3332 1784 3389 Chri-

186 3416 251 3468 Sli
294 3431 502 3485 cnrpus
536 3416 590 3469 in
618 3415 963 3470 Eucharistia
995 3432 1115 3472 cum
1160 3434 1297 3488 pane
1324 3422 1512 3476 unitur
1542 3420 1786 3480 efﬁcacia

188 3517 371 3571 tenus,
415 3524 531 3562 non
560 3523 639 3572 re,
666 3508 745 3562 sic
782 3508 1019 3564 Verbum
1074 3512 1315 3566 divinum
1370 3528 1493 3567 cum
1554 3514 1787 3572 Domino

186 3609 379 3654 nostro
414 3599 634 3655 unitum
682 3600 857 3657 fuisse
910 3600 1195 3658 eﬂicientia
1239 3614 1398 3659 tenus
1450 3614 1505 3660 et
1550 3606 1784 3671 virtute,

187 3704 292 3743 non
347 3690 666 3744 substantia
692 3707 707 3755 ;
737 3705 858 3761 quae
889 3691 1004 3763 ipsa
1041 3704 1160 3748 erat
1185 3695 1476 3764 impiorum
1503 3696 1782 3751 hominum

188 3783 492 3848 sententia,
524 3797 690 3851 quam
725 3785 863 3838 bene
918 3800 1041 3839 cum
1080 3786 1447 3842 Eucharistiae
1498 3789 1602 3842 ﬁde
1647 3804 1781 3843 conv

188 3875 396 3928 sentire
428 3876 1108 3931 meritO'contendissent.
1148 3877 1319 3946 Igitur
1354 3879 1457 3932 nisi
1494 3879 1607 3934 haec
1637 3879 1780 3935 fuis-

186 3977 271 4023 set
316 3970 511 4023 Irenati
543 3981 601 4024 et
651 3970 1046 4024 catholicorum
1086 3971 1329 4025 omnium
1363 3971 1517 4038 ﬁdes,
1543 3971 1782 4026 Verbum

191 4062 434 4115 divinum
500 4063 554 4115 in
609 4063 960 4117 Eucharistia
1016 4062 1451 4118 substantialiter
1481 4064 1625 4119 uniri
1657 4080 1780 4119 cum

190 4157 257 4213 lis
278 4174 401 4227 qum
426 4174 461 4213 a
505 4158 621 4213 Deo
650 4158 872 4213 condita
924 4169 1071 4225 sunt,
1108 4172 1252 4227 pane
1302 4158 1512 4213 scilicet
1543 4166 1599 4213 et
1627 4159 1779 4221 vino,

190 4264 293 4304 non
320 4248 551 4320 quidem
580 4249 634 4302 in
670 4249 892 4319 propria
932 4248 1239 4304 substantia
1290 4249 1447 4317 panis
1478 4258 1531 4303 et
1559 4250 1669 4303 vini
1702 4265 1784 4305 re-

188 4340 565 4404 manentihus,
588 4346 683 4395 sed
716 4356 843 4395 vere
875 4341 1251 4396 transmutatis
1277 4343 1330 4395 in
1350 4339 1553 4396 Christi
1583 4357 1785 4412 corpus

188 4443 240 4487 et
262 4433 624 4504 sanguinem,
654 4433 889 4502 pessime
910 4433 1306 4487 catholicorum
1338 4448 1561 4488 causam
1576 4434 1780 4505 egisset

1890 3234 2089 3297 luerit;
2135 3248 2241 3286 non
2276 3234 2450 3303 magis
2477 3247 2670 3303 panem
2708 3235 2775 3287 ab
2805 3233 2910 3287 alio
2944 3240 3186 3287 creatum
3229 3232 3329 3285 sibi
3375 3234 3475 3285 tri-

1888 3327 2026 3391 buit,
2055 3341 2325 3396 suumque
2376 3326 2530 3391 facit,
2576 3341 2737 3395 quam
2784 3326 3037 3397 princeps
3074 3325 3298 3380 alterius
3324 3325 3475 3396 prin-

1888 3419 2024 3490 cipis
2056 3428 2182 3491 typo
2222 3420 2449 3490 signatae
2493 3428 2746 3486 moneta,
2782 3421 2833 3474 in
2869 3421 3097 3489 gratiam
3132 3420 3470 3474 subditorum

1887 3526 1949 3566 ea
1986 3512 2279 3578 utentium,
2306 3513 2547 3582 pretium
2578 3522 2844 3578 statuens,
2886 3513 2996 3566 imo
3032 3512 3205 3580 majus
3231 3525 3351 3565 esse
3380 3512 3469 3578 ju-

1889 3602 2041 3667 bens,
2078 3618 2241 3671 quam
2290 3604 2364 3657 sit
2403 3603 2456 3658 in
2496 3618 2559 3656 ea
2609 3602 2830 3672 regione
2879 3602 2930 3655 in
2968 3617 3073 3670 qua
3124 3616 3248 3656 cusa
3283 3601 3374 3667 sit,
3410 3600 3473 3653 il.

1888 3692 1994 3746 lam
2046 3694 2147 3747 sibi
2202 3694 2441 3748 vindicat
2488 3703 2839 3762 nsurpatque.
2897 3692 3060 3759 Quasi
3117 3706 3269 3750 vero.
3323 3688 3467 3759 quod

1889 3785 2015 3855 quis
2069 3786 2281 3857 signum
2330 3786 2603 3853 quoddam
2651 3799 2750 3854 pro
2790 3783 3017 3838 arbitrio
3056 3782 3325 3843 instituat,
3361 3794 3471 3847 quo

1889 3882 2160 3935 excitatus
2187 3878 2462 3949 quidpiam
2500 3875 2753 3932 conferat
2788 3876 3082 3938 utentibus,
3115 3875 3243 3929 hinc
3276 3872 3466 3928 inferri

1889 3972 2064 4041 possit
2095 3986 2221 4023 eum
2272 3986 2383 4022 rem
2428 3970 2593 4033 illam,
2628 3983 2791 4037 quam
2840 3968 2891 4021 in
2943 3968 3156 4036 signum
3206 3965 3482 4031 instituit,.

1888 4063 1993 4119 sibi
2030 4062 2348 4117 vindicare?
2396 4062 2500 4116 Sed
2553 4061 2681 4115 illud
2739 4070 2997 4127 praeterea
3056 4060 3346 4114 observatur
3380 4058 3467 4113 di-

1889 4156 2207 4225 gnissimum
2253 4162 2359 4220 est,
2406 4154 2691 4218 Irenaeum,
2745 4153 3174 4221 quotiescunque
3207 4150 3467 4204 Euchari-

1888 4249 2005 4302 stia:
2046 4246 2309 4309 meminit,
2364 4260 2468 4300 nou
2508 4245 2829 4314 simpliciter
2865 4243 3132 4297 allirmare
3163 4243 3463 4307 Christum,

1888 4353 2080 4407 panem
2116 4352 2271 4390 suum
2296 4350 2523 4405 corpus,
2562 4336 2747 4387 vinum
2798 4347 2954 4388 suum
2982 4332 3301 4402 sanguinem
3344 4346 3475 4387 csse»

1888 4428 2128 4493 dixisae;
2159 4429 2251 4481 sed
2287 4425 2354 4479 iis
2384 4424 2607 4480 vocibus
2642 4424 2825 4479 studio
2849 4432 2904 4478 et
2934 4437 3148 4493 semper
3170 4422 3268 4489 uti,
3308 4438 3327 4473 ι
3371 4436 3466 4492 pa-

189 4523 448 4581 lrenaus.
483 4522 597 4588 Sic,
627 4524 775 4579 addit
802 4524 884 4578 vir
915 4534 1162 4589 sanctus,
1192 4524 1477 4582 oﬂ‘erimus
1514 4524 1626 4582 Deo
1659 4541 1779 4596 qua:
1810 4533 1855 4590 ι)
1890 4532 2012 4572 nem
2056 4531 2214 4572 suum
2262 4531 2459 4585 ροτρυε
2510 4530 2653 4581 esse.
2686 4515 2869 4569 Vinum
2920 4529 3077 4569 suum
3140 4513 3462 4582 εθηευῖηθω

190 4625 317 4671 sunt
341 4617 485 4687 ejus,
532 4624 591 4669 ut
623 4616 789 4669 etiam
820 4616 1281 4671 resurrectionem
1305 4616 1492 4673 carnis
1515 4625 1571 4672 et
1608 4617 1773 4687 spiri-

190 4718 275 4763 tns
300 4710 691 4773 conﬁteamnr,
723 4707 946 4778 bzecque
971 4720 1155 4763 nostra
1173 4709 1452 4764 sententia
1476 4725 1542 4765 ex
1561 4709 1776 4765 Eucha-

192 4801 342 4856 ristia
386 4798 625 4872 [CXLV]
657 4798 1033 4855 conﬁrmetur.
1059 4799 1407 4856 Curita?An
1438 4802 1585 4872 quod
1614 4800 1777 4855 Chri-

190 4900 305 4944 stus
342 4890 598 4960 corporis
638 4890 719 4943 sui
755 4890 1010 4944 virtutem
1060 4890 1211 4960 pani,
1245 4891 1337 4959 qui
1373 4891 1534 4945 nobis
1577 4890 1631 4945 in
1662 4890 1773 4944 Eu-

190 4984 457 5039 charistia
489 4983 811 5052 porrigitur,
846 4983 1169 5052 impertiat?
1200 4982 1308 5038 Sed
1356 4992 1563 5037 tantum
1592 4983 1753 5037 abest

189 5086 243 5128 ut
275 5076 406 5129 hinc
446 5074 713 5144 probetur
747 5074 931 5128 carnis
964 5082 1167 5129 nostra:
1196 5074 1556 5138 resurrectio,
1588 5084 1648 5128 ut
1678 5089 1775 5143 po-

190 5166 300 5219 tius
341 5181 467 5221 eam
544 5168 731 5221 acrius
786 5165 1111 5235 impugnare
1166 5166 1406 5235 potuerit
1460 5166 1770 5221 luereticus.

190 5256 671 5322 Quemadmodum
696 5257 867 5325 enim,
904 5259 1127 5324 dixerit,
1160 5258 1412 5313 Christus
1462 5258 1514 5312 in
1562 5258 1776 5313 Eucha-

188 5350 349 5406 ristia
405 5352 490 5407 sui
538 5353 788 5423 corporis
846 5352 1109 5407 virtutem
1167 5352 1583 5407 communicans
1620 5352 1771 5421 pani,

191 5441 342 5497 hunc
369 5453 555 5498 tamen
580 5443 799 5513 propria
835 5442 937 5497 sibi
958 5444 1117 5514 panis
1134 5442 1442 5498 substantia
1479 5458 1587 5497 non
1613 5446 1785 5503 exuit;

189 5543 241 5589 et
271 5533 899 5605 quemadmodumJicet
922 5549 1079 5589 suum
1122 5550 1243 5590 esse
1271 5549 1472 5604 corpus
1502 5533 1772 5589 conﬁtea-

192 5634 296 5688 tur,
324 5628 378 5681 in
421 5624 708 5695 praprium
760 5634 940 5678 tamen
987 5640 1187 5695 corpus
1240 5635 1613 5682 transmittare
1662 5643 1768 5681 non

187 5722 383 5783 potest,
419 5714 566 5784 quod
600 5710 735 5767 nihil
765 5713 865 5767 sibi
896 5727 962 5767 ex
987 5714 1175 5768 vitiata
1200 5723 1257 5770 et
1303 5716 1641 5785 corruptioni
1673 5718 1772 5771 ob-

191 5808 347 5863 noxia
379 5806 624 5863 materia
650 5804 927 5863 asciscere
948 5806 1119 5876 possit
1144 5822 1157 5871 ;
1186 5808 1267 5863 sic
1292 5822 1522 5877 corpora
1556 5818 1766 5870 nostra,

1881 4624 2002 4665 esse
2033 4608 2318 4664 confessus
2356 4619 2459 4671 est,
2502 4608 2872 4672 conﬁrmavit,
2913 4624 2932 4658 ι
2960 4615 3031 4667 et,
3073 4614 3131 4657 ut
3160 4603 3349 4659 Graace
3384 4604 3463 4658 lo-

1879 4703 2063 4771 quitur
2086 4701 2180 4757 lib.
2213 4717 2267 4763 ν,
2306 4716 2359 4756 c.
2396 4701 2484 4766 Η,
2507 4701 2568 4752 τὸ
2613 4700 2721 4754 ἀπὸ
2765 4699 2866 4769 τῆς
2898 4700 3129 4760 κτίσεως
3178 4698 3465 4768 ποτήριον,

1878 4790 2015 4866 αἷμα
2061 4795 2185 4850 ἴδιον
2225 4793 2561 4865 ὡμολόγησε,
2598 4792 2801 4847 καὶτὸν
2833 4791 2940 4844 ἀπὸ
2966 4790 3068 4860 τῆς
3100 4790 3331 4852 κτίσεως
3363 4789 3462 4860 ἄρ-

1877 4904 1989 4954 τον,
2028 4888 2156 4941 ἴδιον
2193 4888 2352 4958 σῶμα
2380 4884 2821 4951 διεϐεϐαιώσατο,
2859 4904 2877 4937 ι
2934 4900 3055 4938 cum
3089 4883 3333 4945 calicem,
3365 4884 3456 4949 qui

1879 4992 1962 5037 est
1994 4996 2022 5035 τι
2054 4992 2303 5035 creatura
2344 5000 2362 5032 ι
2394 4980 2521 5051 (ιιοιι
2555 4998 2574 5032 ι
2620 4995 2775 5033 suum
2809 4996 2827 5030 ι
2860 4978 3144 5043 duntaxat,
3198 4990 3255 5029 ut
3291 4978 3459 5031 vertit

1880 5073 2173 5142 interpres,
2223 5074 2317 5127 sed
2362 5072 2524 5141 ἴδιον)
2568 5092 2583 5122 ι
2625 5070 2906 5141 proprium
2951 5069 3270 5139 sanguinem
3321 5083 3456 5122 con-

1878 5164 2058 5221 fessus
2090 5174 2194 5229 est,
2229 5173 2281 5219 et
2308 5180 2429 5219 eum
2460 5178 2676 5232 panem,
2708 5162 2798 5231 qui
2829 5170 2914 5215 est
2949 5177 2979 5215 a
3014 5171 3292 5223 creatura,
3329 5175 3453 5229 pro-

1875 5258 2053 5329 prium
2086 5273 2285 5326 corpus
2331 5255 2691 5315 conﬁrmavit,
2732 5274 2751 5305 ι
2786 5255 3152 5319 asseveravit,
3193 5252 3456 5307 certiores

1875 5362 1974 5403 nos
2021 5347 2167 5401 fecit.
2208 5345 2322 5408 Qua
2371 5345 2587 5416 quidem
2619 5344 2872 5413 loquendi
2918 5344 3127 5397 ratione
3171 5344 3455 5410 perspicue

1874 5440 2087 5497 indicat
2113 5439 2350 5496 Irenatus
2380 5454 2492 5494 rem
2522 5439 2729 5492 creditu
2781 5436 3175 5500 difﬁcillimam,
3223 5449 3453 5504 qumque

1875 5534 2035 5588 ﬁdem
2087 5548 2191 5586 non
2224 5533 2514 5594 obtineret,
2570 5529 2672 5585 nisi
2722 5528 2994 5596 Christus,
3054 5528 3167 5597 ipsa
3225 5526 3450 5586 veritas,

1872 5640 2088 5680 omnem
2122 5621 2475 5679 dubitationis
2508 5636 2693 5677 ansam
2736 5622 2882 5675 clare
2912 5630 2965 5676 et
3008 5627 3191 5687 aperte
3220 5617 3450 5685 loquen-

1873 5719 1940 5771 do
1960 5716 2308 5786 praeideret;
2330 5717 2445 5785 ipse
2469 5730 2597 5770 vero
2615 5726 2836 5769 sanctus
2849 5715 3036 5768 doctor
3058 5711 3463 5765 dubitationem

1873 5810 2049 5875 illam,
2077 5825 2197 5876 quae
2233 5824 2298 5863 cx
2331 5810 2447 5875 ipsa
2483 5807 2581 5872 rei,
2634 5806 2897 5861 mentium
2934 5806 3459 5867 humanarumCaipp.
