3924 6354
504 378 606 438 559

1332 369 1925 431 ΒΙΒΞΕΒΤΑΤῙΟΝΕΞ
1962 365 2267 422 ΡΒᾹΞἮΛΞ
2303 365 2368 421 ΙΝ
2404 356 2659 421 ῘΒΕΝᾸΕΙ
2696 364 2963 420 LIBROS.

3658 358 3753 415 δίο

504 506 615 556 tum
683 512 789 556 tam
843 501 1006 568 longe
1055 497 1364 567 superantis
1391 538 1405 560 ,
1448 494 1768 551 dilﬁcultate
1814 492 2078 553 nascitur,
2110 491 2158 547 Α
2189 502 2315 556 pus,
2355 498 2484 550 ete.;
2532 495 2739 553 petram
2787 481 3011 550 deserti,
3063 496 3184 537 esse
3242 479 3423 550 ipsum
3465 478 3752 543 Christum,

504 597 699 651 iterum
728 601 896 662 atque
927 592 1122 646 iterum
1153 590 1483 645 inculcanda
1522 586 1727 642 Christi
1765 587 1930 638 verba
1975 584 2079 639 tol-

504 688 614 742 lere
678 686 887 741 nititur.
945 685 1113 751 Quasi
1188 685 1449 747 dixisset,
1508 681 1655 752 quod
1702 689 1890 749 postea
1945 678 2081 733 dixit

504 777 735 848 Cyrillus
756 773 1283 847 llierosolymitanus
1306 774 1528 828 Catech.
1557 788 1631 838 tv,
1658 770 1928 841 Mystagm
1945 768 2079 823 Cum

504 872 671 940 igitur
729 869 980 925 Christus
1027 869 1144 938 ipse
1189 869 1266 922 sic
1315 865 1566 933 alﬁrmet,
1616 873 1780 931 atque
1830 863 1971 916 dicat
2014 860 2081 914 de

502 978 678 1034 pane:
708 962 823 1017 Hoc
865 972 939 1016 est
979 978 1166 1031 corpus
1193 974 1399 1024 meum;
1448 957 1569 1027 quis
1605 956 1856 1022 deinceps
1884 954 2082 1010 audeat

506 1054 795 1108 dubitare?
821 1054 897 1106 Ac
919 1054 1105 1105 eodem
1133 1065 1349 1120 quoque
1376 1048 1754 1113 conlirmante,
1786 1045 2083 1116 βεϐαιωσα-

509 1148 693 1219 μένου,
727 1144 831 1198 Hic
865 1154 940 1198 est
984 1144 1199 1213 sanguis
1240 1157 1417 1200 meus:
1451 1140 1591 1209 quis,
1630 1139 1872 1208 inquam,
1923 1137 2082 1192 dubi-

510 1249 607 1307 tet,
631 1246 686 1293 et
710 1237 855 1292 dicat
888 1252 994 1290 non
1032 1248 1154 1289 esse
1198 1233 1342 1288 illius
1364 1232 1723 1303 sanguinem?
1753 1250 1772 1284 ›
1807 1231 1872 1285 Ει
1900 1228 2079 1301 Chry-

506 1344 798 1396 sostomus,
843 1331 989 1385 hom.
1021 1330 1089 1385 83
1150 1332 1205 1383 in
1239 1328 1457 1381 Mam...-
1496 1345 1514 1378 ι
1557 1326 1853 1381 Credamus
1899 1325 2083 1394 itaque

509 1427 708 1496 ubique
736 1425 868 1491 Deo,
903 1439 1002 1478 nec
1047 1437 1410 1493 repugnemus
1446 1420 1516 1486 ei,
1549 1418 1768 1474 etiamsi
1800 1416 1995 1479 sensui
2026 1428 2081 1472 et

507 1517 822 1588 cogitationi
882 1526 1082 1572 nostra:
1130 1514 1423 1569 absurdum
1486 1527 1609 1567 esse
1652 1511 1902 1566 videatur
1937 1510 2080 1579 quod

507 1609 709 1664 dicit...
733 1606 867 1661 Nam
905 1607 1087 1660 verbis
1111 1603 1229 1672 ejus
1264 1602 1574 1658 defraudari
1618 1618 1724 1655 non
1768 1614 2077 1671 possumus,

508 1713 703 1753 sensus
753 1711 884 1751 vero
933 1704 1117 1750 noster
1174 1697 1399 1763 deceptu
1454 1692 1747 1748 facillimus
1804 1699 1887 1745 est
1929 1708 1943 1744 :
1991 1689 2080 1743 illa

510 1789 646 1844 falsa
694 1802 815 1843 esse
863 1802 968 1842 non
1011 1798 1260 1856 possu-.t,
1310 1786 1396 1839 hic
1450 1784 1648 1853 saepius
1689 1791 1853 1851 atque
1886 1782 2081 1851 saepius

512 1880 734 1935 fallitur.
786 1880 1054 1947 Quoniam
1100 1893 1229 1949 ergo
1272 1878 1361 1932 ille
1396 1878 1533 1932 dixit
1566 1894 1578 1929 :
1616 1874 1730 1929 Hoc
1768 1884 1847 1929 est
1894 1890 2081 1943 corpus

514 1989 708 2039 meum,
742 1973 888 2027 nulla
918 1981 1203 2025 teneamur
1228 1970 1609 2039 ambiguitate,
1636 1968 1732 2024 sed
1772 1969 2079 2036 credamus,

512 2074 570 2119 et
590 2062 764 2119 oculis
801 2063 1114 2118 intellectus
1145 2063 1196 2117 id
1229 2062 1648 2131 perspiciamus.
1704 2066 1727 2114 i‘
1762 2059 1934 2117 Porro
1974 2061 2081 2115 nisi

514 2155 715 2211 Christi
748 2157 912 2209 verba
937 2156 1000 2208 ad
1029 2156 1262 2209 litteram
1303 2155 1651 2224 intelligenda
1680 2171 1802 2211 esse
1836 2155 2082 2211 censuis-

515 2260 599 2304 set
635 2242 888 2312 Irenmus,
913 2260 967 2302 et
1009 2248 1081 2301 ita
1132 2247 1531 2302 intellexissent
1553 2246 1739 2300 lideles
1769 2262 1978 2311 omnes,
2012 2246 2086 2300 ri-

516 2341 694 2396 dicule
721 2340 941 2394 omnino
964 2338 1141 2393 dubiis
1171 2340 1422 2413 omnibus
1456 2339 1797 2407 opposuisset
1825 2354 1885 2392 ea
1919 2337 2083 2391 verba

516 2449 583 2486 ex
619 2433 818 2502 quibus
852 2443 971 2485 orta
1012 2430 1245 2484 fuissent
1287 2445 1302 2482 :
1348 2430 1611 2483 insulsius
1640 2430 1814 2483 adhuc
1837 2429 2082 2494 dixisset,

517 2531 787 2585 Christum
818 2541 1180 2589 asseverasse,
1210 2526 1519 2580 confessum
1544 2541 1686 2589 esse,
1718 2524 2083 2587 confirmasse,

519 2623 780 2675 certiores
809 2634 908 2673 nos
947 2618 1163 2682 iecisse,
1195 2631 1390 2686 panem
1415 2632 1539 2671 esse
1562 2616 1841 2685 proprium
1866 2630 2083 2683 corpus,

517 2723 576 2767 et
598 2714 781 2765 vinum
818 2710 1095 2780 proprium
1123 2710 1461 2779 sanguinem.
1496 2708 1825 2777 Explicanda
1862 2708 2091 2760 fuissent

520 2803 724 2859 Christi
749 2803 938 2866 verba,
972 2802 1013 2855 si
1043 2802 1273 2869 ﬁgurate
1298 2810 1352 2857 et
1388 2802 1757 2871 metaphorice
1790 2800 1964 2868 accipi
1997 2801 2091 2854 de-

523 2894 801 2958 buissent,
863 2907 969 2947 non
1023 2892 1218 2969 iterum
1282 2902 1447 2961 atque
1497 2890 1695 2945 iterum
1747 2889 2088 2946 inculcanda.

526 2986 661 3052 Quis
700 2986 844 3039 enim
876 2985 1163 3040 ferateum
1206 2984 1298 3052 qui
1344 2985 1511 3047 dicat,
1548 2983 1813 3052 Spiritum
1842 2990 2093 3039 sanctum

522 3077 833 3133 confessum
889 3090 1053 3140 esse,
1098 3085 1153 3130 et
1204 3076 1589 3142 conﬁrmasse,
1637 3083 1844 3142 petram
1894 3075 2094 3132 deserti

2182 579 2462 650 prnprium
2504 577 2706 632 Christi
2767 588 2988 643 corpus,
3034 582 3138 628 etc.
3182 571 3333 638 Quod
3387 570 3627 639 quandiu
3654 583 3752 622 non

2184 670 2519 743 praestiterit,
2548 668 2864 740 quaestionis
2893 674 3189 720 statum-ne
3217 664 3412 719 leviter
3442 662 3661 732 quidem
3680 671 3751 715 at-

2184 762 2384 833 tigerit.

2255 856 2346 912 89.
2386 855 2492 911 Sed
2527 863 2586 909 ut
2640 855 2706 909 ad
2757 853 2945 908 lrenaei
2994 848 3531 921 argumentationem
3580 857 3751 900 nostra

2184 950 2374 1005 redeat
2396 948 2594 1011 oratio,
2625 947 2707 1000 vir
2732 942 3067 999 sanctuslib.
3092 957 3147 1005 v,
3178 956 3229 995 c.
3259 940 3321 995 ll
3364 939 3439 1004 τί,
3474 936 3751 992 Gnostico-

2182 1057 2302 1096 rum
2332 1038 2611 1095 erroribus
2641 1035 3042 1091 Eucharistiam
3080 1033 3280 1087 iterum
3322 1043 3631 1100 opponens,
3657 1027 3752 1081 duo

2181 1134 2299 1188 haec
2338 1130 2439 1186 sibi
2493 1129 2655 1185 simul
2714 1125 3134 1182 demonstranda
3188 1121 3543 1191 suscipitzi.
3597 1120 3751 1174 Deum

2182 1225 2530 1281 incarnatum
2561 1222 2615 1276 in
2658 1222 2877 1290 propria
2926 1219 3163 1281 venisse,
3197 1228 3437 1285 vereque
3492 1212 3751 1267 hominem

2182 1318 2390 1373 factum
2438 1331 2592 1382 esse;
2631 1314 2768 1369 alias
2811 1331 2830 1363 ‹
2877 1326 2981 1366 non
3031 1310 3237 1380 justum
3275 1328 3294 1361 ι
3337 1311 3461 1362 tore
3496 1323 3516 1355 ι
3561 1304 3751 1357 adven-

2185 1418 2299 1465 tum
2347 1406 2488 1475 ejus,
2536 1407 2627 1476 qui
2664 1404 2964 1461 secundum
3007 1418 3124 1466 eos,
3176 1399 3324 1454 venit
3354 1399 3409 1452 in
3441 1398 3639 1459 aliena,
3670 1410 3751 1448 ne-

2182 1514 2287 1569 que
2318 1513 2447 1555 vere
2487 1498 2785 1555 redemisse
2829 1511 2927 1552 nos
2955 1491 3217 1560 sanguine
3264 1505 3389 1555 suo,
3421 1490 3469 1543 si
3499 1503 3605 1543 non
3636 1500 3750 1539 vere

2181 1594 2345 1648 homo
2389 1593 2566 1646 factus
2611 1600 2692 1645 est
2712 1591 2781 1643 τ’.
2829 1608 2848 1643 ι
2875 1590 2931 1644 ἓ.
2976 1588 3212 1643 Carnem
3263 1603 3283 1637 ‹
3340 1596 3601 1652 capacem
3643 1592 3750 1632 esse

2183 1686 2727 1755 incorruptibilitatis,
2770 1704 2789 1737 ι
2827 1699 2926 1739 nec
2978 1682 3206 1753 proinde
3260 1690 3529 1735 aeternum
3561 1676 3749 1745 peritu-

2182 1795 2299 1833 ram
2329 1793 2470 1833 esse.
2503 1776 2803 1844 Utrumque
2831 1790 2957 1829 vero
3000 1776 3099 1828 hoc
3135 1780 3470 1843 argumento
3501 1762 3745 1843 [CXLVI]

2183 1872 2434 1927 conﬁcit:
2472 1889 2489 1922 ι
2521 1870 2601 1937 Si,
2639 1888 2658 1920 ι
2692 1869 2891 1939 inquit,
2918 1888 2937 1921 ι
2963 1883 3069 1924 non
3101 1866 3346 1921 salvetur
3382 1883 3402 1917 ι
3433 1878 3585 1924 caro,
3611 1879 3630 1914 ι
3656 1875 3745 1915 nec

2183 1966 2448 2020 Dominus
2480 1962 2745 2032 sanguine
2788 1976 2884 2016 suo
2933 1958 3160 2016 redemit
3199 1972 3322 2021 nos,
3363 1974 3383 2007 ι
3418 1955 3548 2025 quia
3574 1968 3742 2007 verum

2182 2058 2499 2127 sanguinem
2533 2070 2642 2111 non
2687 2053 2962 2119 habuerit,
3016 2066 3123 2127 npn
3163 2064 3293 2105 vere
3342 2049 3510 2102 homo
3545 2044 3739 2109 factus;

2184 2152 2435 2218 sequitur
2462 2167 2480 2200 ι
2513 2162 2689 2216 neque
2724 2145 2951 2202 calicem
2987 2140 3350 2198 Eucharistiae
3382 2135 3742 2193 communica-

2184 2242 2387 2297 tionem
2433 2241 2713 2309 sanguinis
2759 2238 2875 2307 ejus
2916 2252 3058 2303 esse,
3101 2249 3277 2305 neque
3322 2247 3546 2301 panem,
3602 2243 3741 2297 Quem

2187 2334 2507 2405 frangimus,
2542 2328 3097 2387 communicationem
3139 2322 3531 2393 corporisejus
3559 2331 3687 2373 esse.
3720 2338 3738 2369 ι

2184 2430 2275 2494 At,
2309 2442 2433 2482 mox
2469 2424 2759 2487 subsumit,
2813 2421 2954 2476 calix
3002 2415 3365 2472 Eucharistite
3393 2410 3741 2469 communica-

2188 2521 2261 2574 tio
2284 2518 2561 2588 sanguinis
2583 2513 2785 2569 Christi
2815 2519 2923 2575 est,
2954 2518 3008 2563 et
3033 2508 3211 2577 panis,
3241 2521 3407 2574 quem
3442 2500 3740 2569 frangimus,

2189 2608 2617 2668 communicatio
2649 2605 2896 2674 corporis
2926 2601 3043 2670 ejus
3074 2607 3176 2654 est.
3222 2596 3378 2651 Unde
3411 2594 3604 2648 merito
3630 2604 3743 2643 cou-

2190 2702 2381 2767 cludit,
2413 2712 2635 2755 carnem
2658 2694 2888 2759 servari,
2917 2701 2972 2746 et
3025 2688 3315 2743 Dominum
3363 2680 3625 2752 sanguine
3658 2692 3742 2731 suo

2190 2793 2485 2850 redemisse
2508 2805 2627 2845 nos.
2652 2786 2766 2843 Hoc
2789 2785 2975 2840 lrenaai
3000 2788 3383 2850 argumentum
3408 2772 3604 2843 duplici
3636 2784 3743 2839 pro.

2192 2885 2464 2957 positione
2496 2880 2696 2935 niitur:
2722 2880 2812 2943 la,
2858 2890 3033 2944 eaque
3072 2870 3358 2941 bipertita,
3401 2864 3544 2935 quod
3586 2862 3628 2915 si
3656 2872 3740 2957 nec

2192 2987 2441 3034 servetur
2467 2988 2619 3038 caro,
2649 2986 2751 3026 nec
2782 2968 3044 3024 Dominus
3090 2961 3360 3032 sanguine
3402 2975 3504 3015 suo
3535 2951 3742 3012 redemit

2194 3084 2321 3134 nos,
2356 3065 2606 3137 sequitur
2630 3076 2804 3132 neque
2844 3058 3071 3113 calicem
3103 3052 3469 3111 Eucharistia:
3517 3057 3737 3103 commu-

522 3184 643 3225 esse
675 3168 971 3233 Christum,
1012 3182 1112 3223 nec
1162 3166 1395 3237 proinde
1434 3167 1785 3222 dubitandum
1818 3181 1938 3221 esse
1963 3168 2092 3235 quin
2119 3182 2163 3242 α
2197 3160 2526 3216 nicationem
2576 3153 2857 3225 sanguinis
2924 3149 3046 3219 ejus
3097 3161 3257 3211 esse.
3314 3156 3490 3212 ηεειυθ
3544 3151 3738 3241 ιξ³¹¹θξ¹¹ο

525 3270 676 3332 petra
717 3262 790 3315 sit
835 3261 951 3329 ipse
979 3258 1257 3325 Christus,
1290 3273 1417 3313 vere
1446 3273 1509 3314 ac
1553 3260 1773 3329 proprie
1805 3258 2093 3315 Christus?

526 3354 659 3421 Quis
716 3368 953 3422 unquam
1004 3352 1236 3406 asseruit
1282 3351 1468 3406 bibere
1506 3366 1607 3406 nos
1665 3353 1720 3406 in
1764 3350 2094 3421 baptismate

528 3447 817 3513 ipsummet
867 3460 929 3499 ac
981 3442 1260 3513 proprium
1327 3442 1527 3497 Christi
1588 3442 1937 3513 sanguinem;
1995 3445 2092 3498 ha-

527 3536 722 3604 ptisma
777 3550 900 3591 esse
941 3536 1221 3606 praprium
1277 3533 1477 3589 Christi
1537 3549 1755 3604 corpus,
1806 3535 2097 3604 ipsummet

525 3629 645 3697 ejus
690 3629 1034 3697 sanguinem;
1067 3628 1335 3697 baptisma
1384 3643 1505 3681 cum
1548 3628 1858 3698 recipimus.
1903 3630 1969 3682 ali
1998 3646 2095 3686 nos

527 3721 749 3793 proprio
792 3720 998 3775 Christi
1040 3734 1290 3789 corpore,
1319 3729 1372 3773 et
1413 3720 1530 3788 ipso
1559 3720 1677 3790 ejus
1706 3722 1973 3791 sanguine
1999 3738 2096 3792 po-

533 3815 660 3881 tari,
687 3815 830 3886 quod
882 3813 1028 3880 illius
1081 3814 1257 3868 virtus
1315 3812 1617 3882 applicetur
1665 3815 2092 3883 eatechumeuis,

505 3922 651 3961 .eum
684 3906 1061 3973 baptizantur?

599 3997 692 4052 88.
729 3996 1027 4050 Cavillatur
1072 3996 1291 4065 quidem
1345 3999 1433 4053 hic
1485 4013 1585 4067 pro
1645 4012 1796 4053 more
1840 3997 2097 4063 Grabius,

529 4105 706 4160 eaque
738 4098 894 4159 urget
928 4091 1147 4145 Patrum
1209 4092 1351 4156 loca,
1398 4105 1519 4159 quae
1570 4090 1659 4145 alii
1704 4091 1902 4145 dudum
1947 4091 2102 4161 obje—

530 4195 721 4241 cerant
747 4185 1074 4251 Calviniani,
1127 4187 1323 4257 quibus
1371 4186 1630 4240 nimirum
1690 4196 1941 4241 asserunt
1975 4203 2102 4242 san-

532 4279 606 4334 cti
635 4278 907 4343 doctores,
941 4279 1241 4335 Ecclesiam
1274 4296 1394 4336 esse
1426 4282 1705 4350 proprium
1742 4280 1947 4335 Christi
1976 4298 2101 4337 cor-

531 4386 635 4443 pus
667 4385 875 4440 nosque
926 4371 1170 4425 membra
1226 4372 1433 4442 proprii
1485 4374 1754 4441 corporis.
1802 4372 1962 4428 Plura
1992 4373 2101 4429 alia

533 4467 730 4521 similia
758 4465 1101 4520 accumulare
1148 4464 1307 4518 facile
1354 4467 1661 4535 potuisset;
1713 4467 1807 4521 sed
1846 4469 2026 4522 omnia
2071 4484 2101 4523 a

2194 3265 2356 3324 quem
2404 3248 2727 3317 frangimus,
2754 3240 3303 3298 connnunicationem
3357 3231 3598 3302 corporis
3640 3227 3740 3294 ejus

2193 3320 2335 3400 esse.
2376 3341 2585 3404 Altera,
2631 3338 2855 3392 calicem
2900 3330 3263 3388 Eucharistiae
3309 3320 3733 3383 communicatio-

2196 3455 2320 3495 nem
2348 3435 2631 3507 sanguinis
2661 3430 2874 3488 Domini
2905 3444 3050 3492 esse,
3085 3436 3141 3482 et
3164 3440 3390 3497 panem,
3429 3436 3584 3493 quem
3612 3417 3739 3471 fran-

2195 3532 2415 3602 gimus,
2492 3524 3044 3584 communicationem
3121 3517 3371 3587 corporis
3444 3514 3557 3583 ejus
3615 3521 3737 3564 esse.

2197 3625 2406 3681 Prioris
2436 3619 2831 3692 propositionis
2862 3616 3157 3672 secundum
3192 3624 3407 3684 partem
3435 3611 3514 3664 sic
3543 3606 3739 3661 demon-

2198 3727 2338 3773 strat
2364 3716 2423 3772 S.
2455 3717 2661 3781 doctor,
2689 3715 2912 3767 alteram
2945 3726 3065 3765 mox
3117 3707 3481 3777 probaturus:
3507 3699 3601 3767 Qui
3629 3709 3737 3749 sau-

2198 3812 2362 3882 guine
2389 3824 2488 3865 suo
2511 3824 2619 3863 non
2646 3805 2875 3862 redemit
2905 3818 3028 3867 nos,
3063 3800 3204 3873 quod
3233 3814 3424 3852 verum
3453 3794 3735 3859 sanguinem

2201 3920 2308 3960 non
2349 3901 2622 3967 habuerit,
2652 3914 2757 3954 non
2786 3912 2913 3951 vere
2958 3897 3135 3950 factus
3171 3893 3369 3958 homo;
3418 3890 3465 3944 is
3495 3894 3634 3941 certe
3663 3894 3736 3932 ve-

2200 4011 2319 4051 rum
2353 3994 2695 4065 sanguinem,
2736 4001 3034 4056 verumque
3069 3997 3266 4052 corpus
3303 3984 3499 4037 sistere
3526 3983 3735 4046 praesen-

2200 4090 2274 4142 tia
2317 4087 2371 4142 in
2419 4083 2764 4141 Eucharistia
2819 4096 2925 4134 non
2955 4078 3154 4147 potuit.
3192 4076 3365 4129 Verus
3404 4072 3544 4128 enim
3576 4085 3594 4118 ι
3631 4073 3738 4118 san-

2200 4183 2321 4253 guis
2345 4195 2453 4234 uon
2508 4188 2613 4241 est,
2671 4175 2772 4230 nisi
2803 4188 2833 4227 a
2870 4172 3020 4227 venis
3070 4179 3127 4225 et
3176 4167 3453 4230 carnibus,
3487 4175 3538 4219 et
3570 4177 3596 4213 a
3629 4155 3735 4211 reli-

2201 4250 2329 4345 qua,
2371 4287 2493 4341 qua:
2541 4277 2626 4323 est
2672 4267 2969 4321 secundum
3016 4261 3322 4325 hominem,
3376 4250 3682 4312 substantia.
3713 4262 3731 4297 δ

2202 4367 2305 4436 Qui
2338 4368 2504 4437 igitur
2548 4362 2867 4432 sanguinem
2904 4359 3061 4414 nobis
3111 4358 3164 4410 in
3211 4356 3384 4409 calice
3409 4340 3735 4437 Eucharistife

2205 4431 2590 4520 communicat,
2625 4431 2670 4507 is
2708 4450 3025 4520 sanguinem
3074 4444 3316 4514 praebere
3371 4440 3544 4503 debet,
3575 4431 3654 4503 qui
3677 4431 3734 4479 sil

532 4557 812 4627 proposito
838 4571 960 4611 esse
985 4557 1161 4610 aliena
1207 4572 1329 4609 cum
1363 4558 1562 4612 invicte
1588 4559 1937 4626 probaverim
1973 4576 2102 4615 eru.
2132 4518 2177 4572 Β
2212 4570 2231 4603 ι
2271 4566 2301 4603 a
2326 4549 2474 4605 venis
2504 4556 2559 4601 et
2589 4544 2864 4608 carnibus,
2900 4550 2953 4595 et
2984 4555 3015 4593 a
3044 4538 3269 4606 reliqua,
3310 4550 3428 4603 quae
3457 4542 3535 4586 cst
3570 4538 3733 4580 secun-

536 4648 790 4703 ditissimi
834 4658 1090 4702 auctores
1132 4645 1510 4714 Perpetuitalis
1549 4648 1697 4717 ﬁdei,
1729 4660 1768 4701 Ι.
1803 4649 1867 4715 ll,
1894 4649 1986 4705 lib.
2025 4667 2100 4716 tv,

534 4754 587 4795 (ε.
617 4739 672 4807 8,
707 4739 775 4794 ad
813 4741 913 4794 hos
941 4749 997 4793 et
1023 4734 1291 4795 Grabium
1320 4749 1375 4793 et
1418 4739 1656 4795 lectores
1696 4740 1931 4795 remitto.
1961 4740 2100 4795 Gra-

536 4832 650 4897 hio,
690 4832 736 4886 si
784 4846 997 4901 aequum
1048 4832 1365 4899 bonumque
1418 4832 1597 4885 dicere
1627 4831 1779 4896 velit,
1812 4832 2102 4900 quaerenda

538 4931 667 4976 sunt
716 4923 1008 4991 exempla,
1064 4939 1171 4978 non
1224 4924 1653 4993 propositionum
1709 4925 2103 4992 metaphorica-

540 5030 681 5079 rum,
713 5017 892 5085 qualis
926 5025 1010 5072 est
1036 5018 1137 5071 ista
1175 5039 1187 5072 :
1226 5035 1245 5067 ι
1281 5016 1522 5071 Ecclesia
1562 5026 1644 5070 est
1669 5032 1856 5070 verum
1888 5032 1950 5070 ac
1979 5033 2106 5086 pro-

540 5108 718 5176 prium
758 5105 961 5161 Christi
1016 5122 1236 5178 corpus,
1286 5128 1305 5161 ι
1345 5109 1399 5163 in
1453 5108 1650 5177 quibus
1698 5118 1885 5175 tropus
1941 5107 2104 5163 allicit

537 5200 930 5269 propositionis
973 5203 1327 5266 attributum;
1362 5204 1454 5256 scd
1501 5202 1935 5272 propositionum
1968 5201 2105 5272 figu-

540 5302 805 5358 ratarunt,
830 5292 1042 5360 qualem
1077 5308 1197 5347 esse
1236 5308 1352 5346 eam
1386 5293 1807 5363 propositionem
1840 5310 1855 5346 :
1886 5292 2000 5347 Hoc
2030 5304 2105 5347 est

541 5399 731 5453 corpus
764 5398 956 5447 meum,
1003 5382 1191 5436 volunt
1245 5384 1519 5448 ministri;
1562 5384 1615 5437 in
1672 5383 1869 5452 quibus
1921 5395 2107 5452 tropus

541 5472 738 5529 aﬂiciat
761 5474 1002 5537 verbum,
1024 5475 1139 5528 Est.
1171 5472 1374 5527 Probet
1399 5475 1558 5544 igitur
1588 5476 1871 5543 exemplis,
1905 5476 1949 5528 si
1979 5491 2107 5544 pos-

542 5568 634 5630 sit,
669 5574 818 5621 recte
851 5566 953 5620 dici
1001 5580 1181 5635 posse,
1233 5567 1522 5633 imaginem
1554 5568 1789 5622 Caesaris
1832 5581 1950 5623 esse
1981 5582 2109 5621 vere

543 5658 837 5721 Caesarem,
861 5657 1031 5726 ipsum
1059 5655 1347 5721 Caesarem,
1383 5659 1664 5725 proprium
1695 5659 1928 5715 Caesaris
1980 5674 2107 5714 cor-

615 5772 659 5806 η
692 5771 758 5829 Ν.
802 5772 855 5828 t.
952 5775 997 5805 τι
1034 5772 1096 5827 N.
1127 5775 1178 5827 2.
1255 5772 1300 5802 τε
1324 5770 1439 5826 Col.
1474 5786 1511 5840 ι,
1543 5772 1631 5828 η.

2206 4647 2331 4702 dum
2380 4643 2676 4707 hominem,
2725 4637 3053 4702 substantia;
3088 4654 3105 4687 ι
3146 4635 3191 4688 is
3238 4634 3382 4686 enim
3428 4627 3569 4684 solus
3601 4625 3733 4673 verus

2206 4736 2432 4808 sanguis
2458 4743 2539 4789 est
2569 4752 2583 4787 :
2630 4747 2760 4801 ergo
2804 4730 2847 4783 si
2885 4743 3069 4782 verum
3107 4727 3423 4794 sanguinem
3456 4717 3600 4774 nobis
3620 4722 3734 4779 prm-

2209 4840 2316 4885 stet
2354 4831 2406 4883 in
2449 4823 2792 4882 Eucharistia
2831 4820 3104 4885 Christus,
3144 4817 3332 4871 habuit
3366 4825 3526 4869 venas
3553 4814 3604 4862 et
3633 4815 3733 4857 car-

2209 4939 2328 4988 nes,
2375 4932 2429 4976 et
2482 4920 2766 4989 reliquam,
2816 4931 2935 4985 quae
2991 4924 3073 4967 est
3126 4911 3420 4967 secundum
3472 4900 3729 4960 hominem.

2209 5013 2594 5070 substantiam.
2625 5009 2762 5065 Vera
2790 5008 2953 5076 igitur
2981 5008 3215 5061 humana
3244 5000 3543 5059 substantia
3578 5011 3593 5044 ι
3631 4998 3732 5041 τετε

2210 5109 2412 5163 factum
2451 5112 2533 5158 est
2576 5101 2814 5156 Verbum
2848 5101 2980 5166 Dei;
3032 5118 3049 5151 ι
3090 5113 3155 5153 ac
3201 5098 3425 5168 proinde
3451 5111 3468 5143 ι
3506 5081 3732 5154 sanguine

2211 5215 2311 5256 suo
2342 5196 2569 5251 redemit
2603 5209 2722 5259 nos,
2750 5167 3215 5261 quemadmodum
3244 5200 3299 5242 et
3336 5177 3611 5255 Apostolus
3634 5167 3729 5235 ejus

2203 5294 2282 5348 ail
2315 5312 2328 5346 :
2368 5291 2437 5351 1η
2464 5308 2565 5363 quo
2590 5291 2838 5343 habemus
2876 5285 3301 5354 redemptionem,
3343 5295 3433 5350 per
3458 5269 3728 5342 sanguinem

2202 5386 2339 5456 ejus,
2374 5383 2732 5438 remissionem
2771 5388 3107 5448 peccatorum
3126 5375 3195 5427 ⁷³.
3231 5394 3249 5427 ι
3299 5373 3558 5427 Hactenus
3589 5367 3727 5456 πξυῖ

2204 5445 2466 5538 mentum,
2497 5472 2637 5542 quod
2694 5469 2997 5525 certissime
3044 5464 3231 5520 Irentei
3286 5472 3388 5530 est,
3424 5458 3549 5515 male
3595 5445 3731 5542 hab“

2203 5566 2556 5624 Calvinianos
2583 5577 2791 5617 omnes.
2826 5559 2941 5615 Hoc
2968 5558 3113 5612 enim
3147 5555 3496 5611 fundamento
3523 5538 3726 5614 positum

2205 5661 2421 5726 nititur,
2471 5656 2613 5730 quod
2665 5656 2917 5712 Christus
2966 5651 3018 5707 in
3053 5650 3395 5708 Eucharistia
3421 5651 3591 5702 verum
3623 5640 3726 5684 sau-
