3924 6354
184 409 303 465 341

1142 401 1611 459 ΒΙΞΞΕΒῪΑΤῘΟ
1645 399 1732 467 III,
1771 399 1861 456 DE
1898 399 2159 458 lBENEl
2186 403 2555 460 DOCTBINA.

3364 407 3469 481 an

187 520 430 589 guinem
462 521 616 577 nobis
645 522 905 591 praebeat,
947 521 1041 592 qui
1090 523 1319 590 proinde
1364 522 1437 577 sit
1474 537 1503 575 a
1536 521 1692 575 venis
1734 527 1787 574 et
1815 522 1869 579 At
1890 519 2094 576 Christi
2139 541 2158 575 ι
2220 522 2324 593 (sic
2356 522 2462 577 fert
2483 531 2664 579 textus
2702 522 2969 597 Graecus),
2998 541 3016 575 ι
3053 538 3120 579 ex
3151 522 3346 594 quibus
3373 541 3469 580 au-

185 614 488 681 carnibus,
522 623 581 667 et
622 630 651 668 a
695 614 909 685 reliqua
960 614 1202 668 humana
1259 613 1568 669 substantia
1601 629 1615 666 :
1646 612 1790 667 unde

187 706 460 773 infertur,
487 721 658 762 venas
705 715 761 762 et
816 720 1032 770 carnes,
1084 714 1140 759 et
1198 705 1462 776 reliquam
1495 707 1786 760 humanam

182 801 567 856 substantiam
616 799 906 858 habuisse.
957 814 1195 868 vereque
1243 800 1521 855 hominem
1582 799 1789 855 factum

183 891 369 946 fuisse
407 889 651 945 Verbum
678 891 796 956 Dei,
827 906 891 946 ac
916 890 1182 960 sanguine
1209 905 1307 945 suo
1338 892 1635 946 redemisse
1666 907 1786 946 nos.

182 982 245 1035 Si
286 981 441 1036 enim
471 996 681 1037 meram
714 982 996 1051 sanguinis
1027 982 1277 1052 ﬁguram,
1314 982 1590 1037 efﬁcacem
1637 984 1787 1046 licet,

181 1072 557 1141 praestitisset
589 1072 749 1127 nobis
788 1072 841 1127 in
890 1073 1063 1128 calice
1112 1075 1485 1129 eucharistico
1514 1075 1786 1139 Christus,

181 1163 359 1233 idque
388 1165 667 1219 sensisset
695 1164 952 1232 lrenazus,
984 1181 1311 1221 aranearum
1342 1167 1461 1222 telis
1490 1168 1654 1223 citius
1675 1170 1785 1224 dis-

181 1256 534 1311 solvendum
585 1258 965 1326 proposuisset
1015 1258 1349 1314 adversariis
1382 1270 1785 1330 argumentum.

178 1345 329 1400 Nam
356 1348 551 1401 statim
577 1349 889 1417 excepisset
917 1349 1230 1405 Marcionita
1267 1352 1474 1420 quivis,
1509 1352 1785 1408 Christum

179 1437 315 1493 ideo
361 1439 619 1495 voluisse
674 1440 858 1495 vinum
912 1442 1197 1511 sanguinis
1231 1444 1316 1499 sui
1361 1443 1589 1513 ﬁguram
1643 1460 1783 1512 esse,

178 1529 333 1597 quod
364 1544 491 1584 cum
541 1544 735 1586 verum
782 1533 1102 1603 sanguinem
1154 1550 1263 1589 non
1318 1536 1567 1606 haberet,
1622 1553 1784 1608 quem

178 1620 527 1691 porrigeret.
568 1623 955 1693 imaginarium
980 1626 1265 1691 duntaxat,
1308 1638 1362 1683 et
1396 1626 1516 1697 ejus
1552 1630 1783 1685 similem

180 1728 353 1781 quem
390 1713 683 1770 hominum
717 1716 892 1772 oculis
935 1716 1253 1786 objiciebat,
1287 1721 1625 1790 praestiterit.
1660 1721 1785 1778 Sic-

182 1805 410 1873 quevel
441 1806 734 1864 levissimo
777 1808 907 1864 ﬂatu
935 1824 1265 1867 concussum
1298 1812 1446 1869 illico
1478 1814 1679 1871 ruisset
1705 1828 1784 1871 to-

185 1910 302 1953 tum
334 1902 661 1957 aediﬁcium.

252 1991 348 2045 90.
389 1992 648 2049 Alteram
690 2005 902 2066 partem
935 1999 1140 2070 prioris
1175 2003 1580 2073 propositionis,
1620 2005 1783 2060 nimi-

182 2099 310 2139 rum
340 2086 497 2157 quod
553 2090 598 2144 si
651 2105 757 2145 non
795 2104 1046 2149 servetur
1095 2111 1247 2163 caro,
1290 2112 1467 2168 neque
1504 2099 1641 2154 calix
1675 2099 1781 2153 Eu-

182 2177 479 2235 charistia:
527 2183 955 2240 communicatio
991 2184 1198 2241 Christi
1245 2190 1525 2257 sanguinis
1553 2201 1660 2257 est,
1688 2207 1783 2247 ne-

183 2285 296 2342 que
320 2273 511 2343 panis,
544 2289 704 2345 quem
730 2276 1056 2348 frangimus,
1088 2282 1510 2339 communicatio
1539 2285 1783 2355 corporis

184 2363 314 2433 ejus
344 2374 465 2433 est;
501 2368 591 2422 his
622 2371 930 2427 rationibus
970 2375 1263 2442 persuadet
1292 2375 1558 2432 Irenzeus:
1582 2378 1637 2433 Si
1673 2378 1784 2434 Eu-

185 2458 459 2515 charistia
526 2461 603 2515 sit
632 2477 828 2516 verum
871 2480 933 2519 ac
992 2466 1271 2536 proprium
1300 2468 1509 2526 Christi
1559 2487 1779 2543 corpus,

182 2564 353 2606 verus
384 2560 443 2605 et
473 2554 733 2623 proprius
760 2555 879 2625 ejus
910 2559 1156 2627 sanguis,
1183 2560 1518 2630 impossibile
1554 2574 1639 2619 est
1665 2581 1782 2620 car-

182 2657 310 2697 nem
336 2661 466 2716 quaa
498 2647 569 2703 iis
612 2650 856 2704 nutritur
905 2660 956 2706 ct
1012 2662 1264 2725 augetur,
1310 2658 1520 2730 hacque
1570 2660 1784 2717 ratione

182 2738 399 2793 arctius
450 2756 579 2795 cum
623 2741 848 2799 Christo
886 2747 1146 2813 cohaeret,
1180 2768 1198 2801 ι
1234 2762 1289 2805 et
1315 2754 1623 2809 membrum
1662 2753 1782 2825 ejus

183 2840 293 2895 est,
333 2851 361 2884 ι
388 2833 473 2889 sic
503 2834 726 2890 dissolvi
758 2847 817 2891 ut
854 2854 1127 2908 nunquam
1167 2844 1475 2901 reviviscat.
1503 2846 1604 2914 Qui
1635 2848 1779 2903 enim

184 2922 308 2977 Ieri
335 2935 530 2993 posset
558 2936 620 2981 ut
647 2943 795 2997 caro,
826 2930 995 2999 ipsius
1020 2934 1143 2989 vitae
1175 2950 1405 3006 corpore
1433 2950 1487 2995 et
1516 2943 1782 3011 sanguine

185 3026 369 3084 pasta,
413 3026 474 3073 et
511 3020 748 3088 nutrita,
780 3041 799 3073 ι
835 3038 1005 3094 capax
1047 3042 1153 3082 non
1193 3029 1264 3083 sit
1312 3030 1624 3089 donationis
1661 3036 1777 3105 Dei,

188 3125 311 3177 quae
347 3121 434 3166 est
456 3112 577 3168 vita
624 3118 919 3172 aeterna?»
951 3119 1106 3186 Quod
1149 3138 1277 3179 vero
1310 3142 1331 3175 α
1365 3127 1550 3183 carnis
1584 3140 1781 3185 nostra:

1898 622 2058 683 getur
2082 624 2141 669 et
2184 615 2433 670 consistit
2469 617 2655 672 carnis
2710 627 2913 673 nostra;
2957 617 3302 680 substantia;
3332 633 3468 688 quo-

1892 706 2056 761 modo
2116 721 2338 763 carnem
2408 719 2608 778 negant
2667 724 2924 781 capacem
2978 723 3099 765 esse
3162 709 3468 765 donationis

1895 800 2014 866 Dei,
2049 815 2169 869 quae
2212 811 2296 856 est
2328 801 2436 855 vita
2480 811 2707 866 aeterna,
2763 818 2885 872 qure
2941 801 3201 873 sanguine
3246 810 3302 855 et
3344 816 3466 856 cor-

1897 907 2031 964 pore
2060 892 2264 948 Christi
2302 895 2564 959 nutritur,
2604 905 2657 949 et
2697 897 3001 949 membrum
3041 895 3159 964 ejus
3190 894 3347 948 est?»

1968 984 2058 1040 9i.
2100 987 2184 1041 Ad
2229 987 2399 1041 totius
2452 986 2759 1057 argumenti
2802 985 3274 1041 conﬁrmationem
3324 982 3469 1039 aliud

1894 1078 2051 1133 addit
2086 1078 2346 1145 Irenrens,
2401 1088 2457 1133 et
2515 1079 2732 1149 quidem
2788 1078 3024 1133 maxime
3077 1077 3464 1146 ponderosum.

1896 1191 1916 1223 ι
1957 1171 2448 1239 Quemadmodum,
2488 1191 2508 1225 ι
2546 1172 2644 1238 ait,
2682 1190 2700 1223 ‹
2738 1171 2942 1243 lignum
2993 1172 3118 1226 vitis
3163 1171 3467 1241 depositum

1894 1264 1950 1319 in
1985 1276 2209 1329 terram,
2241 1280 2340 1320 suo
2375 1264 2671 1320 lructiﬁcat
2707 1274 2982 1332 tempore;
3016 1274 3071 1318 et
3104 1278 3334 1334 granum
3365 1266 3467 1319 triu-

1893 1358 1983 1413 tici
2009 1358 2265 1413 decidens
2292 1358 2342 1412 in
2372 1366 2598 1421 terram,
2655 1363 2712 1413 et
2763 1352 3126 1420 dissolutum,
3185 1358 3469 1430 multiplex

1891 1448 2066 1520 surgit
2089 1463 2185 1519 per
2214 1448 2480 1519 Spiritum
2512 1450 2632 1514 Dei,
2681 1450 2773 1519 qui
2821 1449 3070 1504 continet
3113 1446 3318 1510 omnia,
3349 1462 3470 1516 qua:

1888 1540 2086 1597 deinde
2114 1556 2213 1612 per
2252 1541 2577 1611 sapientiam
2632 1541 2722 1597 Dei
2751 1542 2853 1612 (sic
2897 1542 2949 1596 in
2974 1539 3185 1611 Greco)
3218 1540 3271 1594 in
3310 1554 3467 1595 usum

1889 1633 2126 1689 hominis
2169 1633 2432 1698 veniunt,
2479 1643 2535 1689 et
2574 1634 2929 1702 percipientia
2973 1633 3199 1688 verbum
3233 1632 3324 1686 Dei
3354 1630 3476 1686 Eu-

1888 1727 2151 1782 charistia
2184 1727 2340 1794 ﬁunt,
2371 1730 2517 1797 quod
2548 1738 2632 1783 est
2672 1742 2873 1796 corpus
2910 1736 2963 1782 et
2985 1726 3207 1797 sanguis
3231 1724 3465 1791 Christi;

1888 1819 1970 1873 sic
2030 1828 2083 1872 et
2135 1829 2321 1874 nostra
2369 1834 2607 1889 corpora»
2651 1834 2719 1874 ex
2762 1834 2826 1874 ca
2871 1819 3099 1882 nutrita,
3128 1826 3185 1872 et
3228 1816 3468 1884 reposita

1865 1913 1939 1966 'in
1969 1920 2197 1976 terram,
2236 1923 2291 1967 et
2316 1912 2558 1966 resoluta
2590 1911 2645 1966 in
2675 1927 2758 1979 ea,
2801 1920 3083 1981 resurgent
3110 1910 3166 1963 in
3203 1924 3304 1963 suo
3329 1917 3468 1962 tem-

1885 2016 2039 2070 pore.
2088 2000 2267 2056 Verbo
2308 2001 2403 2055 Dei
2450 2002 2917 2057 resurrectionem
2968 2001 3050 2055 eis
3096 2000 3366 2061 donante,
3414 1999 3468 2052 in

1884 2090 2112 2160 gloriam
2137 2091 2228 2145 Dei
2255 2089 2461 2156 Patris,
2498 2111 2516 2145 ι
2546 2101 2653 2145 etc.
2681 2091 2780 2147 ilic
2806 2093 3144 2161 comparatio
3168 2089 3472 2145 instituitur

1885 2187 2149 2241 intereas
2206 2198 2327 2253 quae
2372 2185 2557 2239 tritico
2613 2183 2782 2254 (idem
2817 2183 2907 2237 dic
2953 2182 3302 2253 proportione
3350 2196 3469 2237 ser-

1884 2286 2031 2340 vata,
2067 2274 2135 2330 de
2166 2274 2321 2344 vite),
2350 2285 2409 2329 ut
2432 2273 2778 2329 Eucharistia
2821 2274 2937 2339 liat,
2972 2281 3026 2327 et
3056 2288 3174 2340 eas,
3202 2288 3325 2342 qua:
3348 2287 3468 2329 car.-

1885 2368 1964 2433 ni,
2021 2376 2080 2420 ut
2115 2375 2397 2437 resurgat,
2450 2367 2785 2421 mutationes
2842 2366 3122 2423 accidunt.
3182 2366 3470 2419 Mandatnr

1887 2457 2055 2512 tritici
2103 2472 2333 2528 granum
2391 2465 2585 2521 teme,
2627 2454 2702 2511 ibi
2745 2453 3091 2519 dissolvitur,
3129 2453 3323 2507 deinde
3371 2466 3473 2521 per

1887 2552 2147 2621 Spiritum
2207 2550 2328 2615 Dei,
2380 2564 2491 2619 quo
2533 2548 2862 2604 fecundatur
2908 2554 3127 2609 natura,
3191 2544 3470 2614 multiplex

1883 2647 2084 2716 surgit;
2122 2653 2335 2714 postea,
2366 2655 2425 2699 ut
2454 2645 2507 2698 in
2541 2659 2699 2699 usum
2732 2643 2970 2698 hominis
2995 2641 3200 2707 veniat,
3224 2648 3471 2695 mutatur

1884 2741 1938 2795 in
1970 2754 2202 2811 panem;
2234 2748 2345 2793 tum
2384 2738 2622 2807 denique
2650 2737 2806 2807 panis
2834 2751 2934 2807 per
2960 2735 3186 2791 verbum
3221 2735 3314 2789 Dei
3349 2748 3470 2788 mu-

1889 2843 2034 2888 tatur
2078 2833 2131 2886 in
2171 2845 2369 2901 corpus
2391 2831 2621 2885 Christi.
2656 2830 2749 2884 Sic
2793 2830 2958 2883 etiam
3009 2842 3136 2882 caro
3171 2828 3223 2882 in
3264 2837 3467 2881 terram

1886 2926 2125 2991 defossa,
2156 2925 2208 2980 in
2242 2936 2441 2979 terram
2485 2922 2804 2989 resolvitur,
2840 2936 2904 2975 ac
2938 2929 3121 2989 postea
3156 2919 3467 2974 viviﬁcante

1886 3018 2065 3075 Verbo
2098 3017 2216 3082 Dei,
2266 3027 2484 3072 terrena
2528 3015 2703 3069 forma
2735 3012 3005 3083 deposita,
3043 3011 3351 3082 pristinam.
3374 3025 3471 3064 ac-

1884 3113 2037 3183 cipit.
2060 3110 2532 3178 Quemadmodum
2564 3107 2816 3177 igiturea
2850 3107 3102 3174 mutatio,
3136 3120 3255 3177 qua:
3280 3120 3467 3159 resur-

187 3205 508 3261 substantia
550 3226 570 3258 ›
613 3208 732 3279 ipso
772 3226 836 3265 ac
870 3214 1089 3282 proprio
1134 3215 1340 3272 Christi
1373 3221 1643 3290 sanguine
1682 3239 1783 3278 nu-
1809 3207 1855 3267 C
1888 3204 2037 3276 genti
2059 3204 2212 3258 carni
2240 3202 2458 3267 accidit,
2484 3199 2857 3256 substantialis
2881 3208 3001 3266 est;
3042 3201 3121 3254 sic
3152 3205 3209 3290 et
3233 3212 3318 3264 ea,
3343 3210 3471 3290 qua

188 3295 392 3349 triatur
427 3305 487 3352 et
524 3309 812 3369 augeatur,
842 3316 966 3372 qua:
997 3308 1237 3361 secunda
1277 3309 1446 3363 totius
1475 3316 1779 3381 argumenti

187 3390 505 3455 prepositio
542 3399 653 3460 est,
680 3392 760 3447 sic
803 3393 1022 3464 planum
1056 3396 1188 3453 facit
1233 3399 1292 3458 S.
1324 3402 1783 3475 doctor:Capitis

186 3490 267 3536 est
295 3498 359 3540 ea
415 3484 690 3539 membris
721 3486 834 3541 suis
884 3488 1149 3545 alimenta
1179 3493 1446 3561 praebere,
1489 3510 1613 3566 qua:
1670 3506 1781 3552 tum

185 3573 250 3628 ad
276 3590 475 3631 eorum
509 3586 790 3645 naturam,
818 3587 931 3634 tum
982 3583 1067 3637 ad‘
1108 3582 1293 3651 ﬁnem,
1327 3587 1393 3640 ad
1418 3603 1579 3656 quem
1610 3588 1782 3645 desti-

185 3678 410 3735 nantur,
446 3671 863 3727 accommodata
886 3674 1325 3741 sint.iQnoniam
1361 3697 1379 3729 ι
1408 3679 1784 3750 igiturtmem-

184 3756 281 3813 bra
311 3758 531 3814 Christi
565 3776 775 3829 sumus,
817 3771 873 3818 et
902 3765 1361 3834 quemadmodum
1402 3769 1597 3827 beatus
1644 3774 1782 3843 Apo-

188 3850 362 3906 stolus
396 3852 502 3915 ait,
550 3853 607 3907 in
638 3868 729 3919 ea,
761 3869 881 3925 qua:
926 3865 1011 3911 est
1053 3859 1120 3911 ad
1173 3859 1463 3930 Ephesios,
1492 3863 1734 3934 Epistola
1765 3883 1779 3920 :

192 3940 466 4007 Quoniam
526 3950 767 4001 membra
803 3964 987 4002 sumus
1038 3953 1273 4019 corporis
1318 3953 1455 4020 ejus,
1503 3956 1569 4011 de
1624 3974 1783 4012 carne

189 4035 324 4102 ejus,
356 4049 405 4091 et
432 4039 502 4091 de
527 4039 737 4093 ossibus
760 4040 877 4107 ejus
896 4042 973 4107 ἰς
1002 4051 1083 4097 »ει
1109 4043 1182 4097 ita
1213 4059 1240 4097 a
1262 4055 1454 4099 natura
1481 4038 1781 4117 comparati

188 4143 397 4195 sumus,
441 4140 504 4184 ut
551 4132 718 4187 rebus
748 4135 951 4189 creatis
979 4150 1284 4203 vescamur,
1321 4154 1547 4195 necesse
1576 4141 1681 4195 fuit
1723 4152 1784 4196 ut

196 4239 216 4271 ι
252 4233 578 4277 creaturam
612 4224 728 4294 ipse
754 4224 909 4281 nobis
936 4238 1248 4297 praestaret,
1274 4231 1440 4286 solem
1465 4249 1621 4287 suum
1650 4236 1780 4291 oriri

188 4313 419 4377 faciens,
454 4323 511 4369 et
551 4315 767 4385 pineus,
814 4320 1277 4388 quemadmodum
1328 4324 1445 4378 vult
1465 4324 1533 4378 ⁷⁸.
1592 4344 1610 4377 ι
1644 4327 1779 4392 Quia

189 4420 322 4462 vero
356 4422 449 4462 res
476 4418 660 4463 creata
690 4424 951 4478 corporea
985 4428 1049 4466 ex
1081 4427 1140 4468 se
1170 4417 1514 4487 corruptioni
1541 4420 1779 4475 obnoxia

191 4509 292 4566 est,
347 4516 455 4558 nec
504 4501 734 4570 proinde
782 4502 986 4558 Christi
1029 4507 1276 4561 membra
1305 4510 1371 4561 ad
1406 4520 1667 4565 mternam
1696 4514 1776 4566 vi—

195 4601 300 4644 tam
332 4591 613 4646 destinata
649 4609 676 4646 a
705 4595 1018 4664 corruptela
1068 4598 1312 4655 eximere
1341 4602 1642 4669 potuisset;
1675 4605 1771 4657 de-
1810 4566 1854 4620 Β

192 4684 353 4737 cebat
380 4698 504 4737 eam
539 4697 653 4737 rem
687 4695 929 4739 creatam
964 4687 1031 4742 ab
1062 4688 1226 4745 insito
1258 4690 1360 4746 sibi
1402 4694 1773 4763 corruptionis

192 4782 361 4840 statu,
391 4776 445 4829 in
469 4774 633 4829 alium
669 4777 970 4845 transferri,
1001 4795 1109 4849 quo
1140 4781 1250 4850 ipsa
1276 4783 1384 4837 vita
1417 4793 1473 4839 et
1499 4785 1779 4843 viviﬁcans

195 4866 361 4933 facta,
384 4867 558 4921 vitam
586 4871 933 4926 vescentibus
966 4873 1364 4942 impertiretur.
1401 4875 1589 4946 Itaque
1615 4879 1779 4932 Chri-

194 4970 336 5024 stus,
369 4973 471 5028 pro
525 4959 707 5014 divina
760 4960 1025 5033 bonitate,
1061 4983 1076 5017 ι
1109 4981 1234 5020 eum
1285 4967 1534 5035 calicem,
1566 4970 1655 5038 qui
1695 4980 1781 5026 est

196 5067 222 5105 a
262 5063 552 5116 creatura,
598 5055 877 5125 proprium
920 5059 1246 5127 sanguinem
1291 5061 1575 5118 confessus
1614 5075 1696 5118 est
1756 5086 1783 5119 ι

194 5144 293 5214 (sic
330 5147 476 5201 enim
515 5146 706 5202 Graeca
738 5148 982 5217 sonant),
1020 5167 1043 5201 ι·
1074 5165 1139 5205 ex
1185 5167 1293 5221 quo
1335 5163 1497 5224 auget
1532 5167 1777 5212 nostrum

193 5242 551 5311 sanguinem;
586 5249 643 5295 et
690 5256 817 5295 eum
878 5256 1098 5311 panem,
1143 5245 1233 5314 qui
1285 5256 1371 5300 est
1419 5262 1448 5301 a
1506 5258 1775 5313 creatura,

196 5331 480 5401 proprium
523 5345 728 5399 corpus
766 5333 1135 5400 conﬁrmavit,
1165 5351 1230 5388 cx
1261 5351 1370 5405 quo
1403 5348 1588 5393 nostra
1618 5351 1785 5412 auget

193 5437 449 5492 corpora.
504 5439 526 5474 ι
583 5419 720 5474 Tum
792 5421 1009 5476 demum
1075 5424 1351 5479 concludit
1403 5425 1461 5481 S.
1518 5430 1709 5486 doctor
1764 5447 1778 5483 :

201 5533 221 5565 ο
253 5514 487 5581 Quando
516 5528 649 5583 ergo
676 5521 733 5567 et
760 5513 957 5568 mistus
985 5516 1126 5569 calix
1163 5525 1221 5571 et
1253 5517 1434 5575 factus
1468 5523 1623 5590 panis
1657 5540 1783 5594 per-

198 5608 331 5679 cipit
367 5610 602 5664 verbum
636 5608 756 5673 Dei,
793 5625 812 5659 ι
852 5608 903 5662 id
950 5619 1035 5664 est
1070 5626 1169 5678 per
1188 5612 1413 5667 verbum
1460 5615 1556 5670 Dei
1587 5630 1782 5672 conse-

197 5710 418 5769 cratur,
473 5719 495 5753 ο
552 5709 607 5756 et
664 5700 727 5755 ﬁt
775 5701 1123 5756 Eucharistia
1177 5705 1401 5775 sanguis
1464 5716 1529 5760 et.
1578 5722 1780 5779 corpus

267 5858 321 5889 ’δν
346 5860 549 5925 Ephes.
580 5875 635 5927 ν,
668 5859 760 5915 30.
838 5859 883 5889 ⁷⁵
915 5856 1106 5912 Matth.
1138 5873 1187 5925 v,
1217 5858 1307 5914 45.

1885 3296 2036 3366 pani,
2071 3304 2132 3349 ut
2173 3294 2267 3348 ﬁat
2296 3308 2495 3366 corpus
2515 3292 2715 3349 Christi
2743 3333 2759 3358 ,
2798 3291 3084 3362 contingit,
3128 3288 3463 3345 substantia—

1884 3388 1951 3444 lis
1977 3399 2084 3454 est,
2117 3401 2354 3457 veraque
2384 3384 2944 3449 transsnbstantiatio,
2969 3397 3077 3437 non
3105 3382 3283 3436 minus
3303 3394 3487 3449 quam:

1884 3496 1969 3550 ea,
2010 3496 2131 3551 quae
2160 3481 2222 3533 ﬁt
2247 3479 2300 3534 in
2328 3478 2529 3542 tritico,
2554 3486 2612 3531 ut
2634 3476 2687 3530 in
2715 3489 2907 3545 panem
2930 3480 3310 3530 convertatur.
3338 3469 3485 3525 Haec

1883 3574 2029 3630 enim
2074 3585 2260 3628 secum
2317 3569 2534 3625 confert
2589 3568 2859 3635 Irenaeus,
2920 3566 3032 3620 imo
3087 3565 3167 3620 sic
3222 3562 3483 3629 confert...

1884 3677 1943 3723 ut
1966 3682 2041 3723 ex.
2077 3665 2424 3723 substantiali
2458 3663 2845 3728 conversione,
2885 3676 3007 3732 quae
3031 3659 3092 3714 ﬁt
3122 3669 3237 3715 tum
3272 3658 3328 3712 in
3359 3656 3463 3711 tri-

1886 3760 2017 3828 tico,
2057 3771 2115 3814 ut
2144 3760 2303 3830 panis
2352 3758 2571 3824 evadat,
2624 3766 2737 3811 tum
2795 3759 2850 3809 in
2883 3767 3043 3825 pane,
3080 3760 3139 3805 ut
3184 3752 3238 3806 in
3264 3764 3479 3817 corpus.

1884 3854 2086 3909 Christi
2121 3861 2387 3918 transeat,
2438 3851 2665 3904 alteram
2715 3845 3134 3905 subslantialem
3190 3854 3464 3901 transmu-

1885 3944 2167 4009 tationem,
2192 3958 2299 4014 qua
2335 3952 2507 4008 terra,
2541 3942 2594 3995 in
2621 3955 2785 4010 quam
2818 3938 3059 3993 resoluta
3093 3935 3196 3989 fuit
3225 3948 3375 3999 caro,
3406 3932 3471 3988 in

1884 4052 2105 4094 carnem
2141 4038 2337 4092 iterum
2388 4034 2687 4089 transitura
2722 4042 2827 4096 est,
2878 4026 3177 4099 aliquando
3220 4026 3463 4080 futuram

1881 4146 2002 4186 esse
2032 4130 2250 4202 probet.
2303 4126 2382 4195 Si,
2428 4127 2622 4196 inquit,
2677 4123 3000 4179 dissolutum
3043 4120 3153 4190 jam
3193 4120 3482 4185 triticum,.

1882 4226 2214 4281 fecundante
2255 4222 2350 4277 Dei
2389 4221 2623 4291 Spiritu,
2656 4219 2749 4290 qui
2794 4218 3043 4273 continet
3084 4216 3292 4280 omnia,
3324 4214 3461 4269 mul-

1886 4321 2050 4392 tiplex
2076 4332 2301 4389 surgere
2338 4315 2546 4387 possit;
2582 4316 2627 4370 si
2659 4314 2841 4368 divina
2883 4311 3153 4377 dirigente
3190 4308 3479 4377 sapientia.

1886 4414 2133 4469 homines
2168 4410 2434 4472 triticum,
2473 4417 2532 4462 ut
2576 4409 2629 4462 in
2685 4422 2874 4462 corum
2926 4420 3081 4459 usum
3117 4402 3344 4465 veniret,
3404 4399 3459 4453 in

1886 4521 2079 4573 panem
2113 4514 2434 4559 convertere
2466 4510 2789 4570 potuerunt;
2834 4499 2879 4551 si
2928 4497 3164 4564 denique
3196 4507 3371 4563 panis,
3407 4491 3460 4545 id

1897 4595 2177 4669 [CX-LVII]
2211 4593 2480 4649 efﬁciente
2505 4592 2675 4648 verbo
2725 4591 2842 4656 Dei,
2874 4590 3115 4658 deposita
3160 4587 3316 4657 panis
3358 4600 3461 4638 na-

1887 4699 2031 4755 tura,
2077 4688 2317 4757 potuerit
2357 4685 2411 4740 in
2458 4683 2663 4739 Christi
2712 4696 2911 4749 corpus
2960 4676 3356 4733 transmutari:
3389 4690 3458 4728 an

1887 4778 2047 4832 ﬁdem
2082 4776 2384 4846 superabit,
2434 4789 2667 4844 corpora
2706 4783 2894 4826 nostra
2920 4808 2937 4836 ,
2988 4768 3192 4823 Christi
3228 4780 3477 4835 corpore

1883 4872 2110 4936 nutrita,
2139 4879 2251 4924 tum
2287 4872 2340 4922 in
2369 4877 2572 4921 terram
2600 4863 2868 4927 resoluta,
2904 4859 3083 4916 Verbo
3132 4859 3224 4912 Dei
3276 4874 3459 4912 rcsur-

1881 4966 2176 5020 reetionem
2208 4965 2288 5018 eis
2318 4963 2584 5027 donante,
2618 4974 2760 5025 eam,
2788 4972 2952 5027 quam
2978 4965 3238 5022 corrupta
3273 4952 3475 5005 Endnc-.

1879 5068 2027 5120 runt,
2064 5066 2229 5110 terra:
2264 5066 2515 5108 naturam
2551 5065 2776 5116 exuere,
2806 5057 2865 5103 ut
2910 5050 2962 5101 in
3001 5048 3290 5117 pristinam
3332 5058 3457 5097 car-

1878 5152 1964 5205 nis
2015 5158 2269 5203 naturam
2324 5142 2809 5206 transmittuntur,
2838 5140 3148 5207 iterumque
3197 5135 3474 5191 redeant?‘

1878 5242 1987 5309 Qui
2016 5241 2160 5295 enim
2190 5246 2372 5309 potest
2405 5242 2721 5302 corruptum
2758 5233 2870 5302 jam
2918 5232 3164 5286 triticum
3215 5231 3459 5285 excitare

1880 5345 1935 5390 et
1968 5331 2369 5400 multiplicare,
2395 5327 2640 5381 triticum
2666 5324 2719 5379 in
2760 5341 2958 5394 panem
3001 5334 3344 5388 convertere,
3378 5334 3469 5389 et,

1883 5426 2029 5497 quod
2057 5423 2234 5492 majus
2264 5429 2368 5482 est,
2406 5432 2601 5489 panem
2636 5418 2687 5471 in
2711 5416 2912 5471 Christi
2940 5429 3138 5483 corpus
3178 5424 3457 5469 transmu-

1882 5530 2029 5584 tare;
2081 5518 2130 5572 is
2157 5522 2309 5570 certe
2338 5520 2514 5582 potest
2545 5520 2864 5577 corruptum
2890 5506 3000 5576 jam
3036 5522 3235 5577 corpus
3260 5507 3339 5561 sic
3361 5521 3459 5560 ex-

1879 5612 2080 5675 citare,
2103 5618 2162 5663 ut
2193 5618 2418 5671 terram,
2460 5606 2514 5658 in
2548 5603 2704 5674 cujus
2731 5612 2982 5657 naturam
3012 5600 3325 5661 transierat,
3358 5600 3474 5652 item

1879 5724 2001 5764 rum
2031 5708 2085 5763 in
2118 5704 2311 5761 carnis
2347 5710 2598 5758 naturam
2640 5704 2968 5761 convertat;
3001 5694 3235 5749 alterum
3284 5690 3478 5761 siquis
