3924 6354
499 358 603 414 543

1332 358 1929 415 ΒΙΞδΕΒΤΑΤΙΟΝΕδ
1961 358 2063 415 PR.

2176 358 2263 414 ΗΕ
2308 357 2370 411 ΙΝ
2407 355 2659 414 IRENA'ZI
2698 355 2963 413 LIBROS.
3030 392 3035 399 -
3653 361 3744 416 5M

496 477 623 530 dem
650 476 829 531 altero
854 477 948 532 Dei
981 479 1403 548 omnipotentiae
1430 479 1707 534 difﬁcilius
1736 497 1840 534 nun
1869 490 1972 534 est.
2006 481 2080 536 Ex
2115 507 2161 563 Α
2194 481 2367 549 magis
2406 490 2711 549 pugnaret;
2748 479 2879 534 nihil
2915 494 3139 536 necesse
3156 490 3240 536 est
3262 479 3517 536 Crabium
3542 482 3591 537 in
3613 499 3746 537 com-

495 572 698 639 quibus
744 570 1100 639 perspicuum
1141 580 1261 638 est,
1312 570 1577 625 Irenzeum
1629 586 1697 626 ex
1754 573 2084 629 certissimis

499 659 1133 716 transmutationibuset
1156 663 1907 731 transsubstantiationibus,
1942 680 2083 736 quas

499 762 613 806 tum
646 755 816 813 ratio.
854 763 967 807 tum
1005 754 1162 821 ﬁdes,
1206 771 1395 812 omnes
1441 767 1570 812 tunc
1620 758 1883 827 temporis
1927 759 2082 814 Chri-

494 844 706 899 stianos
735 845 1029 912 docebant,
1054 848 1325 917 gradatim
1357 849 1657 918 procedere
1678 892 1694 916 ,
1736 864 1796 904 ut
1840 851 2077 907 alteram

495 934 725 999 inferat,
747 952 871 1007 quae
900 953 930 991 a
962 938 1236 994 Gnosticis
1266 940 1319 995 in
1360 943 1797 999 controversiam
1841 941 2081 998 vocaba-

496 1034 607 1085 tur.
636 1028 914 1084 Naturalis
947 1032 1146 1102 quippe
1173 1035 1464 1089 conversio
1505 1036 1674 1090 tritici
1723 1036 1975 1091 dissoluti
2024 1037 2077 1090 in

495 1121 741 1177 triticum
789 1124 1100 1195 multiplex,
1150 1136 1206 1182 et
1246 1126 1495 1197 ejusdem
1544 1131 1847 1200 praesertim
1885 1132 1939 1185 in
1984 1146 2081 1200 pa-

492 1228 619 1269 nem
646 1255 663 1281 ,
689 1215 757 1269 ad
788 1215 1043 1283 alteram,
1072 1234 1236 1288 quam
1276 1220 1389 1275 sola
1421 1223 1556 1277 fides
1586 1223 1770 1286 docet,
1799 1238 1866 1293 pa
1881 1222 1963 1276 nis
1998 1223 2078 1274 vi-

496 1307 701 1363 delicet
727 1309 782 1363 in
811 1309 1019 1365 Christi
1050 1326 1270 1382 corpus,
1287 1328 1573 1369 ascensum
1606 1327 1803 1386 parat:
1842 1325 2077 1385 utraque

492 1412 620 1454 vero
655 1398 715 1453 ﬁt
739 1400 941 1471 gradus
966 1401 1035 1457 ad
1076 1411 1261 1467 teme,
1315 1405 1367 1458 in
1411 1421 1573 1476 quam
1618 1421 1852 1476 corpora
1883 1414 2075 1461 nostra

490 1486 735 1542 resoluta
770 1500 921 1555 sunt,
973 1494 1398 1549 conversionem
1445 1496 1497 1548 in
1551 1497 1840 1565 pristinam
1889 1499 2074 1552 carnis

490 1591 746 1637 naturam
776 1601 791 1639 :
828 1591 885 1637 ut
926 1583 1187 1638 nimirum
1219 1587 1367 1641 hisce
1392 1587 1654 1657 gradibus
1682 1588 1828 1643 viam
1861 1591 2076 1644 haereti-

488 1675 568 1730 cis
599 1683 813 1731 sternat
842 1677 1086 1731 [renatus
1112 1677 1178 1731 ad
1216 1680 1646 1734 resurrectionis
1672 1681 1853 1745 ﬁdem,
1882 1681 2075 1738 fateri-

486 1782 594 1838 que
628 1777 791 1839 cogat
819 1784 926 1823 non
954 1768 1127 1839 magis
1168 1769 1279 1826 Deo
1330 1770 1673 1842 impossibile
1709 1789 1833 1829 esse
1874 1791 2071 1845 corpus

2192 577 2379 629 munia
2438 573 2944 629 controversiarum
2999 575 3116 629 loca
3152 584 3555 639 excurrentem,
3592 591 3746 648 eaque

2187 675 2437 721 veterum
2488 665 2716 722 Patrum
2759 666 2914 733 loca,
2964 664 3326 721 dissimulatis
3373 666 3741 723 catholicorum

2187 759 2660 829 responsionibus,
2703 774 2860 828 atque
2912 758 3151 814 ﬁdenter
3189 758 3569 826 obiicientem,
3611 777 3669 816 ac
3703 764 3740 817 si

2185 857 2299 902 tum
2332 849 2565 918 primum
2592 848 3347 915 objicereutur,caeterasque
3390 846 3741 900 ministrorum

2185 940 2504 1010 argutiolas,
2538 955 2567 992 a
2594 937 2890 992 catholicis
2923 937 3142 1002 millies,
3167 947 3222 990 et
3253 951 3358 989 non
3392 936 3464 989 ita
3496 936 3689 1005 pridem
3716 950 3740 989 a

2183 1030 2517 1088 doctissimis
2573 1030 2891 1085 auctoribus
2946 1026 3335 1098 Perpetuitatis
3374 1028 3499 1096 ﬁdei
3552 1029 3741 1098 penitus

2182 1124 2500 1191 dissolutas,
2547 1123 2927 1193 replicantent,
2962 1135 3083 1175 cum
3119 1120 3392 1176 lectorum
3429 1120 3587 1174 tardio
3616 1120 3743 1174 inse-

2179 1216 2295 1285 qui.
2331 1214 2516 1271 Satius
2544 1212 2750 1268 Grabio
2780 1210 2974 1265 fuisset
3002 1210 3055 1265 in
3108 1210 3162 1265 id
3212 1226 3382 1266 unutn
3424 1209 3741 1280 probandum

2181 1304 2896 1371 incumbere,Aibertinum
2955 1303 3197 1373 aliquem
3237 1303 3515 1359 exstitisse
3562 1303 3741 1358 Irenaao

2180 1400 2561 1465 vetnstiorem,
2607 1412 2640 1453 e
2689 1397 2845 1465 cujus
2893 1397 3130 1453 cerebro
3167 1405 3299 1451 nata
3329 1395 3441 1468 jam
3473 1397 3742 1466 prodiisset

2178 1491 2561 1547 commentitia
2597 1489 2698 1546 illa
2729 1488 2938 1545 Christi
2982 1489 3229 1559 corporis
3270 1488 3473 1552 virtus.
3510 1488 3562 1543 in
3606 1486 3739 1558 cujus

2178 1599 2325 1648 arce,
2350 1584 2482 1638 licet
2500 1583 2704 1648 lacera,
2730 1584 2914 1639 omnia
2937 1596 3051 1636 tum
3086 1596 3288 1647 causae,
3306 1591 3421 1635 tnnt
3445 1581 3627 1634 saluus
3646 1595 3738 1634 sine

2177 1671 2426 1739 prtesidia
2472 1673 2811 1727 constituere
2843 1686 2902 1726 se
2932 1685 3099 1742 posse
3131 1671 3332 1726 misere
3372 1671 3629 1740 deceptus
3658 1686 3738 1738 ptt-

2180 1772 2281 1817 tat.
2320 1763 2473 1829 Quod
2523 1766 2766 1836 quandiu
2793 1782 2904 1822 non
2954 1765 3310 1836 praestiterit,
3344 1765 3607 1834 imperitis
3631 1765 3737 1833 qui-

489 1859 546 1913 in
573 1866 773 1913 terram
818 1858 931 1928 jam
962 1874 1315 1928 conversum,
1364 1862 1417 1917 in
1450 1876 1672 1918 carnem
1714 1864 1909 1920 iterum
1940 1883 2073 1922 οοη-
2104 1880 2147 1935 Β
2178 1856 2301 1910 dem
2335 1856 2543 1923 fucum,
2580 1858 2859 1913 intricatis
2889 1873 2955 1914 ac
2985 1858 3162 1928 longis
3192 1859 3493 1913 verborum
3517 1857 3737 1925 ambagi-

485 1960 730 2022 vertere,
747 1968 913 2024 quam
933 1970 1127 2025 panem
1147 1958 1202 2013 in
1217 1956 1421 2012 Christi
1436 1973 1637 2030 corpus
1664 1968 2066 2030 transmutare;

486 2053 544 2100 et
575 2044 799 2115 quidem
837 2047 970 2103 illud
997 2064 1064 2105 eo
1098 2050 1278 2121 magis
1309 2051 1573 2119 possibile
1616 2067 1758 2114 esse,
1799 2070 1909 2124 quo
1939 2069 2072 2110 caro

482 2135 691 2191 Christi
746 2151 977 2207 corpore
1021 2140 1228 2195 nutrita
1278 2140 1719 2199 immortalitatis
1768 2160 1957 2199 semen
2014 2146 2069 2199 itt

482 2227 661 2299 Ieipsa
687 2240 844 2299 gerat
874 2251 886 2287 :
929 2251 948 2284 ι
972 2241 1031 2288 ιιι
1053 2234 1317 2302 sciamus,
1351 2252 1372 2287 ι
1410 2234 1794 2291 concluditvir
1822 2247 2067 2303 sanctus,

488 2339 509 2376 ι
538 2329 597 2377 et
628 2322 758 2391 quid
792 2324 937 2379 Deus
967 2334 1172 2396 potest,
1205 2336 1261 2382 et
1287 2327 1418 2397 quid
1446 2328 1609 2385 homo
1644 2329 1895 2385 beneﬁcii
1928 2332 2071 2386 acci-

479 2410 583 2482 pit.
617 2430 637 2466 ι
666 2411 769 2469 Ubi
810 2424 983 2479 certe,
1008 2415 1055 2470 si
1091 2416 1329 2472 lrenseus
1365 2416 1574 2473 nullum
1610 2419 1663 2473 in
1701 2436 1839 2489 pane
1872 2424 2071 2476 eucha-

479 2505 676 2561 riStico
698 2508 1085 2563 conversionis
1111 2508 1497 2565 substantialis
1524 2528 1698 2581 genus
1730 2514 2064 2585 agnovisset,

479 2599 574 2653 sed
624 2599 829 2655 Christi
881 2601 1128 2670 corporis
1172 2601 1402 2672 ﬁguram
1450 2604 1611 2670 efﬁci,
1668 2614 1763 2658 aut
1812 2605 2057 2675 ejusdem

477 2690 737 2761 corporis
785 2690 990 2747 virtute
1042 2694 1252 2763 imbui,
1299 2706 1557 2751 manente
1608 2712 1827 2765 semper
1876 2702 2063 2755 eadem

475 2782 639 2854 panis
666 2782 997 2852 substantia,
1029 2787 1316 2856 voluisset,
1348 2788 1642 2843 absurdius
1673 2791 1810 2845 nihil
1837 2791 1952 2860 ejus
1975 2810 2068 2849 ar-

474 2887 738 2947 gumento
768 2878 897 2948 ﬁngi
924 2889 1128 2949 posset.
1172 2879 1287 2936 Hoc
1339 2882 1485 2937 enim
1535 2892 1720 2939 esset:
1755 2883 1858 2952 Qui
1888 2888 2067 2956 potuit

474 2983 672 3038 panem
704 2968 907 3026 Christi
938 2975 1191 3042 corporis
1221 2974 1453 3044 ﬁguram
1477 2974 1698 3031 edicere
1721 3016 1737 3043 ,
1788 2989 1882 3034 aut
1934 2980 2063 3050 pani

472 3060 687 3116 Christi
715 3063 964 3132 corporis
996 3064 1257 3120 virtutem
1280 3066 1591 3135 impertiri,
1616 3080 1878 3126 manente
1918 3086 2066 3126 sem-

475 3164 573 3220 per
598 3152 787 3208 eadem
821 3155 981 3221 panis
1014 3156 1345 3225 substantia,
1372 3160 1418 3213 is
1458 3167 1641 3229 potest
1684 3176 1916 3232 corpora
1947 3164 2061 3233 jam

2176 1949 2303 2013 bus,
2334 1948 2518 2005 facere
2568 1952 2816 2023 poterit:
2861 1952 2915 2009 ei
2971 1967 3129 2018 vero,
3163 1951 3324 2020 cujus
3360 1960 3594 2006 mentem
3644 1967 3733 2003 non

2173 2058 2399 2113 prorsus
2443 2043 2844 2101 infuscaverint
2886 2043 3232 2115 praeiudicia,
3287 2053 3543 2115 portento
3577 2041 3736 2098 simile

2174 2138 2469 2205 videbitur,
2506 2137 2799 2205 Irenaeum,
2829 2139 2923 2209 qui
2958 2148 3068 2193 tam
3098 2154 3262 2207 saepe,
3299 2148 3356 2193 et
3386 2147 3495 2191 tam
3521 2134 3659 2190 clare
3680 2148 3735 2189 ac

2173 2230 2465 2300 perspicue
2494 2230 2661 2297 dixit,
2695 2246 2892 2301 panem
2926 2239 2984 2285 et
3007 2230 3194 2283 vinum
3222 2242 3319 2296 per
3352 2225 3733 2282 invocationem

2175 2337 2241 2377 ac
2270 2322 2497 2377 verbum
2534 2321 2631 2377 Dei
2692 2322 2813 2378 ﬁeri
2864 2331 2917 2378 et
2958 2337 3083 2377 esse
3130 2321 3419 2391 proprium
3469 2332 3656 2389 corpus
3687 2322 3735 2371 et

2171 2415 2492 2486 sanguinem
2529 2414 2760 2481 Christi,
2799 2416 2981 2486 ipsum
3010 2414 3357 2470 Salvatorem
3385 2425 3730 2476 asseverasse,

2171 2508 2482 2563 confessum
2514 2523 2661 2574 esse,
2693 2508 3079 2575 conﬁrmasse,
3114 2523 3227 2562 rem
3275 2507 3349 2561 ita
3392 2520 3545 2570 esse;
3578 2504 3731 2572 iisque

2170 2602 2508 2672 argumentis
2538 2603 2729 2665 utitur,
2761 2617 2883 2673 quae
2919 2617 2988 2657 ex
3037 2615 3160 2658 sese
3200 2616 3267 2655 eo
3314 2600 3577 2653 inclinare
3606 2596 3729 2650 fate—

2169 2693 2321 2747 bitur
2343 2693 2600 2747 cordatus
2626 2694 2883 2764 quisque,
2918 2700 2978 2748 ut
3011 2694 3282 2749 suadeant
3330 2692 3539 2747 Christi
3582 2688 3726 2743 verba

2168 2787 2237 2841 ad
2266 2785 2508 2841 litteram
2542 2784 2898 2858 intelligenda
2923 2801 3048 2842 esse
3073 2803 3090 2854 ;
3114 2784 3303 2841 nullibi
3336 2795 3519 2839 tamen
3561 2781 3637 2837 vel
3662 2780 3725 2833 le-

2166 2881 2450 2936 vissimatn
2484 2881 2695 2951 ﬁgurae,
2725 2891 2821 2937 aut
2849 2881 3074 2936 virtutis
3104 2880 3307 2936 Christi
3332 2880 3577 2949 corporis
3601 2891 3728 2932 men-

2168 2973 2376 3028 tionem
2404 2972 2684 3042 injecisse,
2719 2990 2824 3044 qua
2859 2974 3082 3029 duriora
3110 2990 3179 3028 ex
3229 2988 3352 3027 sese
3388 2973 3548 3027 verba
3577 2969 3725 3024 enrol.

2167 3068 2315 3134 liret,
2342 3084 2673 3140 omnemque
2710 3069 2930 3123 errandi
2971 3084 3161 3123 ansam
3194 3067 3513 3121 rudiorihus
3542 3065 3723 3118 adhue-

2167 3169 2272 3214 ret.
2298 3162 2381 3215 An
2410 3161 2544 3216 adeo
2581 3162 2895 3231 imperitus,
2938 3170 3034 3215 aut
3080 3161 3426 3229 improvidus
3476 3168 3590 3211 erat
3631 3157 3724 3210 Ire-

476 3246 531 3301 in
570 3255 773 3300 terram
801 3263 1067 3304 conversa
1104 3252 1304 3306 iterum
1336 3253 1389 3307 in
1424 3228 1651 3310 carnem
1703 3266 2059 3314 convertere.
2090 3228 2135 3289 (ἶ
2170 3267 2340 3319 naeus,
2376 3262 2435 3306 ιιι
2457 3269 2579 3306 cum
2600 3253 2787 3322 plures
2812 3254 2933 3307 aliae
2958 3266 3078 3308 sese
3103 3253 3252 3307 ultro
3274 3252 3536 3305 offerrent
3566 3263 3720 3309 voces,

474 3335 637 3392 Prius
663 3339 840 3407 potuit
867 3339 1047 3408 Deus;
1090 3352 1273 3411 potest
1326 3346 1496 3415 igitur
1538 3354 1592 3400 et
1620 3347 1921 3417 posterius.
1952 3350 2065 3402 Ab-

475 3430 894 3498 surdissimum,
947 3434 990 3488 si
1044 3435 1189 3504 quod
1233 3434 1346 3503 sit,
1397 3440 1814 3507 argumentandi
1866 3454 2060 3511 genus.

476 3520 592 3575 lmo
622 3536 771 3586 vero,
800 3523 987 3577 statim
1019 3526 1339 3595 excepisset
1373 3527 1692 3594 haereticus,
1736 3530 1829 3599 qui
1861 3546 2061 3600 panem

476 3616 561 3671 sui
587 3619 836 3690 corporis
870 3620 1099 3692 ﬁguram
1138 3620 1408 3685 cﬂiciens,
1460 3622 1658 3676 huicve
1699 3625 1950 3693 corporis
1976 3623 2061 3678 sui

477 3712 736 3767 virtutem
770 3714 1112 3784 impertiens,
1143 3729 1415 3783 suumque
1447 3730 1649 3784 corpus
1700 3730 1825 3772 esse
1876 3717 2059 3787 palam

479 3817 767 3870 asserens,
801 3819 927 3859 eum
956 3814 1139 3860 tamen
1196 3820 1305 3861 non
1334 3808 1508 3876 potuit
1563 3809 1619 3863 in
1676 3810 1960 3880 proprium
2006 3818 2063 3866 et

477 3897 841 3953 substantiale
868 3914 1068 3969 corpus
1105 3912 1476 3969 convertere;
1509 3917 1613 3959 nec
1664 3912 1819 3960 certe
1854 3907 2060 3975 poterit

475 4006 707 4060 corpora
734 4001 922 4046 nosua
955 3989 1073 4060 jam
1116 3994 1169 4048 in
1212 4004 1412 4048 terram
1447 4010 1710 4053 conversa
1752 3998 1951 4053 iterum
2002 3998 2056 4052 in

473 4097 697 4138 carnem
727 4096 1075 4152 convertere,
1129 4087 1431 4157 quamlibet
1484 4089 1551 4144 iis
1590 4091 1905 4147 viventibus
1933 4107 2058 4147 cor.

474 4176 625 4244 poris
651 4176 735 4233 sui
764 4178 1022 4232 virtutem
1061 4193 1157 4248 per
1180 4193 1567 4237 consecratum
1619 4196 1816 4253 panem
1851 4184 2057 4254 imper-

476 4266 664 4335 tierit;
697 4283 798 4323 nec
829 4270 973 4325 enim
1002 4272 1213 4327 Christi
1241 4275 1494 4343 corporis
1545 4274 1719 4332 virtus
1776 4275 2060 4333 efﬁcacior

473 4374 596 4415 esse
624 4369 809 4430 potest
842 4363 912 4417 ad
944 4366 1371 4419 transmutanda
1424 4376 1686 4436 corrupta
1713 4368 1825 4437 jam
1854 4383 2056 4439 corpu-

473 4469 557 4522 ra,
587 4468 753 4525 quam
784 4456 851 4510 ad
883 4456 1318 4511 convertendum
1358 4472 1555 4529 panem
1602 4457 1786 4513 fuerit.
1834 4460 1944 4526 At,
1976 4461 2057 4514 fa-

2169 3345 2372 3413 quibus
2399 3345 2726 3399 catholicam
2756 3345 2915 3399 ﬁdem
2939 3344 3166 3411 clarius,
3200 3343 3523 3413 simplicius.
3556 3341 3723 3394 melius

2168 3446 2225 3491 et
2250 3435 2464 3490 facilius
2488 3444 2827 3506 exponeret;
2865 3437 2932 3492 iis
2967 3446 3153 3490 tamen
3182 3447 3461 3499 uteretur,
3490 3452 3604 3504 qua:
3622 3448 3722 3486 οιιιο-

2170 3529 2320 3583 nium
2353 3528 2675 3597 ineptiores,
2733 3528 3087 3584 obscuriores
3138 3539 3189 3583 et
3242 3529 3610 3582 intricatiores
3650 3540 3721 3577 es-

2164 3630 2310 3688 sent,
2343 3620 2776 3692 rudioribusque
2827 3636 3074 3676 errorem
3120 3636 3189 3677 ex
3233 3637 3357 3677 sese
3405 3616 3722 3689 objicerentl

2163 3714 2249 3767 An
2299 3713 2601 3782 quemlibet
2652 3728 2683 3770 e
2729 3715 2995 3771 ministris
3044 3715 3239 3770 eodem
3290 3730 3520 3785 prorsus
3582 3711 3722 3767 modo

2165 3804 2539 3875 disputantem
2569 3814 2739 3875 atque
2767 3805 3082 3877 loquentem
3125 3804 3339 3861 ferrent
3390 3800 3721 3863 Calvinianit

2162 3896 2471 3951 Periculum
2499 3895 2667 3955 faciat
2711 3899 2964 3969 quisquis
3004 3913 3035 3953 e
3074 3898 3285 3967 pulpito
3333 3899 3562 3968 turpiter
3595 3894 3720 3964 deje-

2161 4000 2309 4045 ctum
2343 4007 2403 4046 se
2433 3992 2587 4057 velit,
2616 4001 2671 4047 et
2711 3995 2778 4048 ab
2809 3992 2949 4049 irata
2995 3994 3347 4050 multitudine
3397 3999 3506 4049 cito
3532 3991 3716 4046 discer-

2161 4094 2335 4155 ptum.

2232 4179 2319 4235 95.
2363 4178 2538 4236 Unum
2563 4189 2745 4234 tamen
2773 4186 2868 4232 aut
2898 4178 3131 4232 alterum
3164 4188 3267 4239 cst,
3293 4179 3438 4246 quod
3481 4196 3507 4231 ιι
3540 4173 3716 4229 ϐιιιιιίο

2161 4269 2526 4325 conﬁdentius
2551 4268 2712 4337 longe
2746 4282 2908 4338 quam
2946 4282 3042 4337 par
3076 4266 3146 4319 sit
3180 4269 3549 4336 propositum,
3596 4277 3712 4331 pau-

2159 4364 2242 4419 cis
2278 4378 2309 4416 a
2354 4362 2514 4417 nobis
2544 4360 2966 4430 expendendum
3010 4368 3115 4424 est,
3164 4370 3223 4412 ut
3267 4358 3354 4411 vel
3390 4358 3514 4413 hinc
3557 4357 3716 4425 pateat

2160 4470 2325 4524 quam
2358 4453 2532 4509 irritis
2561 4453 2763 4508 ictibus
2814 4452 3149 4507 catholicam
3188 4450 3355 4505 ﬁdem
3409 4458 3584 4521 petant
3616 4448 3716 4515 ejus

470 4550 718 4605 tentibus
739 4549 1057 4615 catholicis,
1090 4560 1302 4606 tantum
1331 4566 1437 4606 non
1466 4553 1645 4621 potuit
1669 4551 1907 4608 Verbum
1932 4553 2053 4619 Dei,
2088 4588 2132 4643 Β
2163 4545 2492 4602 adversarii.
2548 4544 2845 4643 Contendit
2893 4542 3174 4643 igitur)?"
3224 4542 3317 4643 Clu
3353 4542 3525 4611 Posila
3569 4533 3713 4643 semel

469 4649 531 4694 ut
558 4640 714 4712 prius
737 4640 1005 4706 efﬁceret,
1040 4643 1293 4713 quamvis
1329 4643 1383 4697 id
1411 4642 1634 4699 efﬁcere
1678 4647 1852 4714 prima
1871 4641 2054 4700 fronte

468 4731 724 4788 Christus
751 4732 1065 4803 signiﬁcare
1107 4735 1402 4795 videatur:
1436 4753 1536 4792 nec
1569 4738 1739 4807 igitur
1772 4738 2048 4807 posterius

468 4822 691 4880 efﬁcere
716 4838 924 4895 potest.
957 4827 1050 4884 Sic
1080 4827 1227 4884 facili
1258 4831 1478 4900 negotio
1510 4840 1681 4884 totum
1716 4830 1906 4886 lrenaei
1941 4849 2055 4886 mo-

470 4915 636 4971 limen
672 4916 1000 4987 infringeret
1031 4922 1347 4976 haereticus.

541 5007 631 5065 92.
662 5007 1022 5078 Longissitnis
1052 5030 1157 5070 non
1189 5015 1439 5084 pepercit
1472 5015 1930 5070 adnotationibus
1980 5019 2049 5071 ci.

468 5101 729 5167 Grabius,
768 5111 827 5155 ut
855 5105 1040 5157 omnia
1098 5107 1214 5162 haec
1246 5108 1438 5162 Irentei
1469 5118 1581 5162 tum
1616 5112 1735 5164 loca
1758 5149 1773 5174 ,
1812 5121 1923 5163 tum
1954 5126 2049 5164 ar-

466 5202 723 5263 gumenta
776 5197 1133 5267 detorqueret
1209 5200 1647 5271 iuﬁrmaretque.
1703 5200 1812 5256 Sed
1882 5203 2052 5256 verba

465 5287 668 5355 perdit.
704 5288 783 5344 Eo
821 5290 1025 5360 quippe
1055 5291 1287 5346 redeunt
1316 5293 1526 5360 omnia,
1554 5308 1751 5363 panem
1781 5304 1835 5347 et
1866 5295 2051 5348 vinum

467 5380 612 5436 haud
638 5378 741 5435 alia
775 5384 1008 5449 ratione,
1043 5398 1111 5438 ex
1145 5383 1331 5440 Irenzei
1360 5386 1662 5452 sententia,
1691 5386 1809 5441 ﬁeri
1842 5386 2048 5441 Christi

465 5487 669 5543 corpus
709 5484 761 5528 et
792 5476 1133 5545 sanguinem,
1170 5494 1333 5548 quant
1390 5480 1515 5549 quia
1551 5480 1757 5534 Christi
1799 5480 2052 5549 corporis

464 5574 520 5618 et
550 5567 834 5636 sanguinis
860 5569 1062 5624 virtute
1092 5570 1442 5629 imbuuntur.
1480 5573 1637 5641 Quod
1663 5574 1882 5642 quidem
1916 5572 2051 5628 effn-

466 5658 616 5723 gium
644 5675 767 5713 cum
802 5661 1068 5717 hactenus
1100 5665 1570 5734 prmcluserimus,
1624 5667 2047 5722 demonstrave—

467 5751 747 5820 ritnusque
778 5751 1068 5807 absurdius
1097 5753 1231 5807 nihil
1279 5754 1409 5825 litigi
1463 5755 1748 5824 potuisse,
1802 5766 1857 5808 et
1904 5756 2048 5823 quod

464 5859 589 5900 cutn
624 5844 813 5900 lrentci
861 5862 1048 5915 scopo,
1101 5847 1371 5912 consilio,
1408 5850 1593 5905 verbis
1634 5861 1688 5904 et
1723 5859 2047 5917 argumento

2164 4636 2808 4702 transsubstantiatione,
2843 4636 3027 4690 omnia
3078 4634 3272 4690 Irenmi
3316 4640 3625 4705 argumenta
3669 4627 3711 4679 in

2160 4730 2395 4787 nihilum
2420 4732 2595 4798 abire;
2614 4730 2723 4785 imo
2742 4730 2798 4783 in
2828 4726 3267 4798 argumentantis
3291 4735 3451 4796 caput
3474 4724 3709 4779 recidere.

2163 4824 2507 4880 Marcionita:
2540 4825 2744 4878 etenim
2776 4830 2831 4877 et
2856 4821 3250 4885 Valentiniani,
3288 4821 3482 4890 inquit,
3512 4830 3637 4888 quos
3655 4828 3709 4866 ex

2159 4919 2528 4975 Eucharistia:
2561 4920 2821 4989 mysterio
2844 4916 3049 4973 refellit
3080 4915 3319 4973 lrenaaus
3347 4956 3362 4981 ,
3408 4911 3712 4985 respondere

2160 5015 2504 5084 potuissent:
2541 5013 2616 5067 illi
2651 5013 2908 5083 quidem,
2950 5012 3073 5067 ideo
3120 5010 3537 5067 sacramentalia
3576 5001 3709 5076 panis

2157 5117 2214 5161 et
2242 5108 2357 5161 vini
2391 5107 2638 5175 symbola
2664 5104 3203 5170 traussubstantiari,
3244 5104 3388 5173 quod
3426 5103 3564 5156 Deus
3590 5093 3708 5150 Novi

2165 5197 2504 5254 Testamenti
2557 5199 2681 5265 ista,
2743 5208 3003 5268 tanquam
3055 5198 3127 5252 ab
3180 5195 3405 5250 alterius
3451 5191 3579 5263 legis
3612 5187 3708 5241 D80

2157 5301 2366 5353 creata,
2393 5302 2687 5361 acceptare
2715 5292 2879 5358 nolit;
2911 5293 2985 5346 illi
3018 5308 3179 5359 vero,
3217 5307 3413 5362 panem
3449 5299 3501 5345 et
3544 5288 3705 5341 vinum

2154 5398 2278 5437 esse
2308 5384 2534 5451 quidem
2560 5384 2905 5453 ignorantiae.
2931 5392 2986 5439 et
3012 5384 3305 5454 passionis.
3330 5394 3384 5439 et
3408 5374 3706 5438 defectionis

2160 5476 2398 5541 fructus,
2431 5492 2529 5532 nec
2571 5486 2750 5531 tamen
2781 5492 2841 5531 se
2878 5477 2934 5532 in
2982 5478 3049 5533 iis
3088 5476 3385 5532 afferendis
3428 5475 3481 5530 in
3510 5472 3703 5527 Patrem

2163 5584 2321 5622 suum
2363 5585 2610 5639 peccare,
2647 5571 2808 5641 eique
2830 5570 3215 5625 contumeliam
3248 5569 3431 5623 facere
3456 5609 3471 5633 ,
3504 5565 3575 5618 uti
3610 5561 3704 5615 lre~

2163 5678 2315 5717 naeus
2341 5662 2615 5733 objectat;
2642 5664 2783 5732 quod
2811 5677 2998 5717 eorum
3041 5664 3371 5729 substantia,
3404 5661 3563 5722 illico,
3605 5667 3704 5707 me-

2157 5755 2344 5809 diante
2378 5756 2819 5818 consecratione,
2848 5756 3104 5819 intereat,
3152 5764 3212 5807 ut
3239 5754 3346 5807 alia
3380 5749 3561 5805 melior
3585 5742 3697 5797 sub-

2156 5848 2444 5909 stituatur,
2487 5863 2602 5917 uno
2631 5846 2963 5903 sacriﬁcium
2995 5863 3185 5916 purum
3220 5864 3281 5900 ac
3310 5847 3414 5900 υ(ιο
3442 5845 3697 5906 acceptum
