3924 6354
210 361 331 413 διες

1164 356 1635 414 DISSERTATIO
1674 355 1767 420 Ill,
1801 356 1892 412 DE
1930 355 2188 412 IRENEI
2225 355 2591 414 DOCTRINA.

3397 360 3501 413 διδ

212 475 337 530 ﬁat.
370 477 480 531 Sed
513 488 885 548 praterquam
914 478 1055 547 quod
1088 477 1440 541 exceptiones
1465 478 1583 532 ista:
1615 475 1812 547 przeci-
1842 482 1890 539 Α
1994 473 2085 529 94.
2123 472 2195 526 Ea
2224 489 2356 528 vero
2387 489 2511 541 qua:
2538 488 2639 543 pro
2682 472 3090 528 resurrectione
3126 473 3308 527 carnis
3335 490 3499 543 argn-

210 586 394 639 puurn
428 569 617 626 lrenei
649 582 1054 643 argumentum,
1093 588 1163 627 ex
1186 588 1250 627 eo
1274 572 1497 625 ductum
1524 570 1669 639 quod
1696 569 1810 625 ha:-

209 661 417 717 reticis
449 661 787 731 negantibus
821 661 1113 718 Dominum
1170 672 1423 717 nostrum
1466 675 1590 717 esse
1623 660 1809 717 mundi

207 754 542 808 Conditoris
562 753 763 808 Filium
787 764 1045 810 constare
1076 769 1184 809 non
1214 756 1386 823 possit
1404 753 1809 810 Eucharistiam

203 861 335 900 esse
365 862 572 914 corpus
600 856 655 899 et
682 847 1007 917 sanguinem
1040 848 1250 903 Domini
1277 847 1475 912 nostri,
1498 864 1567 902 ne
1588 848 1810 917 quidem

206 938 417 992 leviter
470 939 776 1005 attingunt,
834 940 937 994 has
982 940 1175 993 iisdem
1220 938 1500 995 haereticis
1545 938 1810 1008 afllngere

204 1045 316 1082 non
346 1039 536 1099 potest
572 1028 882 1102 [CXLVIII]
928 1029 1197 1091 Grabius,
1250 1029 1355 1084 nisi
1399 1043 1625 1100 prorsus
1663 1029 1810 1083 insa-

203 1120 386 1176 niisse
423 1130 728 1191 supponat.
764 1123 941 1190 Quam
978 1120 1119 1176 belle
1154 1119 1638 1189 philosopharetur
1659 1118 1807 1172 Mar-

201 1214 417 1267 cionita
454 1213 823 1283 respondens,
858 1230 879 1265 ί
932 1211 1052 1267 ideo
1087 1210 1507 1266 sacramentalia
1548 1212 1707 1281 panis
1754 1219 1809 1265 et

203 1304 320 1359 vini
387 1306 647 1377 symbola
698 1303 1242 1367 transsubstantiari,
1293 1302 1438 1371 quod
1484 1303 1626 1360 Deus
1671 1301 1806 1357 Novi

201 1396 561 1453 Testamenti
591 1398 695 1453 ista
732 1406 1020 1467 acceptare
1054 1395 1239 1451 nolit!
1276 1414 1294 1447 ι
1328 1394 1432 1452 Ubi
1480 1395 1626 1450 enim
1678 1409 1805 1450 vera

201 1490 768 1549 transsubstantiatio
799 1500 907 1557 est,
937 1490 1011 1545 ibi
1043 1489 1104 1545 lit
1130 1492 1397 1547 transitus
1428 1488 1497 1543 ab
1524 1486 1633 1543 un'a
1670 1489 1804 1545 sub-

199 1583 415 1640 stantia
453 1586 511 1637 in
547 1583 737 1647 aliam,
770 1582 1017 1653 ejusdem
1048 1597 1273 1653 prorsus
1296 1581 1515 1652 generis
1542 1590 1599 1638 et
1628 1589 1805 1635 mate—

203 1676 322 1740 rias,
356 1685 533 1745 atque
565 1688 628 1729 ea
663 1683 770 1739 est,
798 1689 920 1745 quae
943 1674 1133 1731 desiit.
1164 1674 1255 1730 Sic
1285 1674 1493 1747 lignum
1529 1684 1804 1729 transmu-

204 1780 359 1824 tatur
384 1770 444 1824 in
476 1771 687 1838 ignem,
717 1770 826 1826 cibi
848 1770 902 1825 in
933 1785 1158 1826 carnem
1185 1779 1241 1826 et
1268 1769 1617 1840 sanguinem,
1644 1779 1803 1824 teme

1916 573 2102 617 menta
2142 562 2352 616 Irenreo
2379 562 2553 632 gratis
2587 563 2847 633 allingere
2884 562 3088 619 Grabio
3133 564 3341 633 placet,
3391 582 3499 621 non

1916 662 2194 714 morabor.
2256 656 2432 725 Quam
2494 672 2633 711 vana
2663 658 2804 724 sint,
2869 657 2929 712 S.
2982 658 3207 715 doctore
3254 658 3499 731 indigna,

1915 751 2139 822 ejusque
2170 765 2363 820 scopo,
2406 748 2642 804 consilio
2664 758 2720 804 et
2750 749 2937 805 verbis
2963 754 3343 822 repugnantia,
3366 755 3499 811 satis

1912 850 2060 911 patet
2088 858 2153 896 ex
2197 842 2517 905 antedictis,
2546 852 2603 897 et
2631 859 2716 898 me
2744 844 2916 899 etiam
2950 854 3165 903 tacente
3211 847 3371 904 facile
3401 850 3496 905 de—

1910 936 2217 1005 prehendet
2247 936 2498 1005 quisquis
2533 950 2647 989 rem
2702 938 2873 1006 aequis
2918 941 3254 1008 ponderibus
3291 945 3497 998 exami-

1911 1044 2047 1083 nare
2084 1029 2339 1083 voluerit.
2368 1026 2476 1083 Sed
2507 1028 2697 1083 mirari
2735 1030 2877 1085 satis
2924 1046 3033 1086 non
3080 1048 3301 1102 possum
3351 1037 3496 1105 quod

1912 1128 2024 1174 tam
2056 1120 2288 1175 fidenter
2320 1120 2581 1190 proponit
2607 1122 2691 1177 vir
2718 1122 2787 1176 cl.
2822 1131 2883 1178 ut
2914 1123 3134 1193 probet,
3165 1123 3432 1180 Irenreum
3464 1143 3495 1182 a

1914 1212 2550 1269 transsubstantiationis
2578 1214 2829 1270 doctrina
2855 1216 3078 1287 penitus
3114 1217 3355 1273 alienum
3393 1234 3495 1275 ex-

1910 1304 2134 1359 stitisse.
2171 1304 2332 1367 Nam.
2372 1304 2574 1375 inquit,
2612 1324 2631 1358 ι
2669 1306 2869 1361 iterum
2917 1307 3228 1377 iterumque
3274 1311 3493 1379 repetit,

1908 1409 2131 1449 carnem
2163 1403 2407 1450 nostram
2437 1410 2671 1464 corpore
2700 1406 2755 1451 et
2806 1398 3077 1468 sanguine
3130 1398 3348 1454 Domini
3398 1400 3491 1466 ali,

1908 1482 2023 1536 sive
2060 1480 2280 1547 nutriri,
2321 1480 2433 1536 imo
2459 1497 2527 1536 ex
2566 1482 2635 1536 iis
2662 1482 2849 1552 augeri
2880 1498 2943 1539 ac
2972 1484 3278 1540 consistere
3304 1487 3494 1539 carnis

1910 1585 2111 1630 nostra:
2147 1574 2532 1631 substantiam.
2565 1576 2733 1645 Atqui
2773 1577 2874 1632 hoc
2910 1579 3069 1631 nudis
3119 1576 3493 1634 accidentibus

1906 1667 2063 1735 panis
2124 1668 2390 1732 tribuere,
2435 1668 2739 1722 absurdum
2770 1677 2902 1734 est;
2951 1669 3161 1723 caelesti
3213 1677 3392 1721 autem
3439 1679 3492 1722 et

1907 1760 2145 1831 glorioso
2191 1760 2398 1815 Christi
2447 1761 2691 1828 corpori,
2745 1761 2998 1830 impium.
3035 1779 3054 1812 ι
3104 1759 3253 1814 Bona
3300 1764 3486 1824 verba,

200 1863 360 1918 “cci
388 1862 446 1916 in
476 1836 722 1930 manus,
750 1863 1002 1928 arbores,
1029 1861 1265 1927 (meum,
1284 1836 1416 1928 ειυς,
1448 1862 1630 1917 omnia
1658 1861 1805 1931 eius,
1836 1836 1879 1896 Β
1907 1862 2109 1915 quaeso.
2140 1847 2218 1899 Ac
2255 1846 2430 1915 primo
2456 1847 2677 1915 quidem
2704 1846 2850 1917 quod
2878 1847 2965 1903 hic
2989 1856 3046 1902 et
3075 1848 3205 1903 alibi
3239 1852 3492 1918 supponit

200 1954 321 2008 dem
358 1954 602 2009 omnino
632 1952 855 2025 generis
878 1962 933 2009 et
957 1953 1226 2019 materiae,
1255 1960 1421 2023 atque
1447 1968 1513 2008 ea
1539 1968 1791 2023 corpora,

198 2058 265 2096 ex
294 2043 507 2113 quibus
552 2044 698 2100 facta
750 2053 899 2099 sunt.
932 2042 1121 2112 Itaque
1150 2043 1198 2098 si
1228 2044 1381 2099 dicat
1441 2043 1795 2109 Marcionita,

198 2147 400 2199 panem
434 2142 493 2188 et
535 2133 728 2189 vinum
780 2133 838 2187 in
881 2132 1087 2188 Christi
1142 2149 1345 2204 corpus
1394 2136 1795 2199 transmutari;

197 2220 444 2275 fateatur
472 2237 706 2279 necesse
735 2233 842 2287 est,
873 2237 1073 2293 corpus
1090 2224 1295 2279 Christi
1329 2238 1396 2279 ex
1418 2241 1558 2294 pane
1588 2234 1644 2281 et
1667 2226 1797 2278 vino

197 2328 292 2380 per
316 2328 517 2370 veram
542 2316 836 2387 utriusque
858 2316 1277 2372 conversionem
1300 2314 1526 2381 factum,
1548 2317 1794 2387 ejusdem

194 2404 422 2471 generis
456 2419 585 2460 esse
622 2414 678 2460 et
702 2406 971 2472 materiae,
1003 2414 1167 2475 atque
1204 2407 1382 2476 ipsum
1408 2420 1601 2477 panem
1624 2414 1680 2463 et
1710 2407 1793 2462 vi-

196 2510 324 2549 num
354 2514 373 2563 ;
409 2513 478 2553 ac
539 2498 772 2567 proinde
803 2512 871 2553 ex
923 2513 988 2553 ea
1031 2500 1260 2553 materia
1297 2512 1612 2555 concretum
1648 2515 1793 2563 esse.

194 2602 358 2657 quam
390 2588 650 2644 condidit
689 2590 877 2643 mundi
928 2587 1133 2659 Opifex.
1190 2589 1255 2644 Et
1296 2590 1424 2645 hinc
1470 2590 1611 2647 Deus
1658 2590 1791 2645 Novi

194 2680 548 2737 Testamenti
578 2681 745 2736 alieni
779 2682 1010 2752 cupidus
1027 2682 1319 2753 prodetur,
1346 2683 1437 2753 qui
1464 2685 1565 2739 sibi
1592 2700 1791 2754 panem

192 2785 247 2829 et
276 2777 473 2829 vinum
511 2774 581 2829 ab
612 2774 722 2831 alio
748 2785 937 2831 creata
968 2772 1155 2829 offerri
1209 2778 1370 2842 velit,
1404 2787 1463 2832 ut
1508 2793 1577 2833 ex
1623 2779 1693 2833 iis
1738 2780 1790 2833 in

192 2866 405 2920 Christi
443 2879 650 2933 corpus
682 2868 1066 2921 transmutatis
1098 2866 1194 2921 ﬁat
1221 2881 1375 2921 nova:
1412 2866 1550 2937 legis
1576 2866 1794 2922 sacriﬁ-

194 2958 366 3012 cium.
404 2958 589 3012 Aliam
624 2973 755 3028 ergo
813 2959 1227 3029 responsionem
1276 2958 1615 3016 Marcionita:
1659 2976 1790 3031 sng-

191 3062 348 3118 gerat
392 3052 679 3117 Grabius,
723 3068 830 3120 qua
870 3052 1151 3107 inclinata:
1196 3068 1309 3123 sua:
1352 3063 1407 3109 et
1445 3053 1590 3109 illius
1612 3069 1792 3110 causa:

194 3146 365 3197 tutius
397 3143 685 3199 consulat.
720 3142 831 3200 Nec
864 3144 1058 3201 melius
1091 3145 1533 3201 Valentinianum
1579 3147 1648 3202 ab
1677 3147 1791 3201 lre—

1902 1938 2159 2004 Grabius,
2184 1940 2516 2005 accidentia,
2549 1956 2671 2011 qua:
2719 1950 2918 1995 vocant
2954 1942 3229 2006 absoluta,
3257 1944 3308 1997 id
3337 1956 3419 1999 est
3460 1962 3489 1999 a

1901 2028 2153 2099 subjecto
2184 2044 2244 2083 re
2277 2039 2555 2100 separata,
2585 2045 2615 2085 a
2646 2030 2934 2087 catholicis
2959 2034 3216 2088 omnibus
3262 2044 3320 2088 ut
3354 2038 3485 2105 quid

1901 2123 2007 2178 fide
2045 2133 2257 2179 certum
2288 2134 2343 2178 et
2370 2123 2737 2178 indubitatum
2772 2124 2989 2179 admitti
3016 2143 3030 2192 ;
3062 2129 3232 2197 gratis
3262 2131 3488 2183 omnino

1898 2215 2176 2284 supponit,
2216 2223 2271 2269 et
2305 2215 2470 2284 paulo
2512 2214 2768 2269 ﬁdentius
2796 2232 2958 2283 quam
2989 2216 3165 2272 virum
3192 2221 3484 2274 candidum

1898 2305 2145 2361 decebat.
2179 2306 2418 2373 Quaestio
2447 2316 2532 2360 est
2558 2307 2611 2360 in
2650 2306 2871 2363 Scholis
2914 2308 3187 2365 duntaxat
3238 2312 3381 2365 ultro
3405 2314 3485 2367 ci-

1897 2407 2092 2467 troque
2125 2401 2351 2470 agitata,
2382 2384 2650 2469 nusquam
2684 2416 2813 2456 vero
2842 2400 2910 2455 ab
2950 2402 3201 2457 Ecclesia
3234 2404 3482 2459 definita.

1896 2492 1953 2547 Id
1986 2501 2193 2547 tantum
2222 2494 2493 2548 catholica
2525 2494 2661 2549 fides
2688 2494 2870 2559 docet,
2902 2497 3327 2550 consecratione
3354 2514 3484 2569 per-

1896 2592 2022 2637 acta
2066 2599 2355 2640 remanere
2407 2586 2569 2656 panis
2616 2597 2673 2641 et
2732 2586 2843 2640 vini
2889 2589 3152 2657 species:
3195 2590 3327 2661 quid
3375 2594 3486 2646 sint

1896 2690 2026 2732 vero
2055 2692 2133 2731 ea:
2158 2680 2396 2749 species,
2429 2680 2647 2747 litigant
2691 2679 2837 2734 inter
2874 2695 2933 2735 se
2985 2689 3099 2735 tum
3139 2682 3479 2753 philosophi,

1899 2778 2009 2823 tum
2046 2771 2282 2841 theologi
2311 2789 2328 2828 :
2357 2772 2629 2841 judicium
2658 2788 2790 2828 vero
2820 2788 2977 2827 suum
3009 2774 3253 2829 nundum
3298 2775 3476 2830 inter-

1894 2865 2076 2930 posuit
2104 2865 2371 2921 Ecclesia.
2406 2865 2513 2919 Sed
2542 2866 2587 2920 si
2623 2882 2744 2935 qua:
2770 2867 3199 2932 sitabsurditas,
3230 2878 3323 2922 aut
3374 2870 3480 2923 im-

1893 2953 2071 3023 pietas
2116 2969 2365 3009 asserere
2410 2972 2634 3010 carnem
2692 2967 2935 3011 nostram
2982 2974 3215 3029 corpore
3257 2969 3310 3013 et
3355 2977 3481 3014 san-

1895 3045 2058 3113 guine
2089 3045 2308 3101 Domini
2338 3048 2432 3112 ali,
2468 3049 2582 3102 sive
2625 3051 2846 3115 nutriri,
2874 3062 3009 3113 etc.,
3033 3062 3240 3120 quanta
3273 3064 3479 3122 quanta

1895 3147 1980 3191 est
2012 3139 2068 3191 in
2101 3138 2367 3194 Irenaeum
2401 3142 2568 3212 igitur
2598 3143 2959 3198 conferenda.
3010 3142 3123 3199 Nec
3162 3145 3307 3200 enim
3350 3146 3480 3201 sim-

191 3238 286 3290 nari
312 3238 443 3291 telis
468 3245 675 3291 tuetur.
698 3236 813 3304 Ille,
834 3239 1203 3309 ait,regerere
1224 3239 1592 3310 potuit,panis
1612 3240 1791 3294 etviui
1818 3217 1862 3276 (ἶ
1894 3230 2109 3301 Ριῖοῖιει·
2138 3232 2377 3287 assert!“
2401 3249 2628 3287 carnem
2662 3245 2913 3290 nostram
2953 3236 3025 3290 ali
3060 3246 3114 3292 et
3144 3253 3329 3309 auge"
3364 3255 3479 3295 cor-

192 3329 564 3383 suhstantiam
591 3330 763 3394 illico,
784 3330 1059 3386 mediante
1081 3332 1517 3400 consecratione,
1539 3332 1786 3396 interire,

192 3422 378 3476 utalia
404 3422 609 3477 melior
636 3424 1024 3481 substituatur.
1056 3424 1135 3479 Ita
1185 3426 1409 3495 quidem
1432 3463 1450 3491 ,
1500 3427 1548 3480 si
1593 3424 1791 3480 delira-

191 3524 367 3568 menta
404 3514 560 3583 loqui
599 3515 859 3582 voluerit;
893 3516 978 3571 sin
1008 3516 1216 3581 minus,
1243 3518 1358 3573 haec
1388 3532 1668 3587 nunquam
1701 3532 1790 3572 re-

192 3608 443 3676 gesserit.
503 3607 731 3677 Ecquod
793 3624 992 3664 novum
1048 3618 1103 3663 et
1150 3611 1419 3666 hactenus
1476 3610 1785 3665 inauditum

190 3698 614 3770 philosophandi
638 3714 813 3770 genus
838 3701 948 3756 huc
998 3701 1207 3757 invehit
1253 3702 1339 3757 vir
1379 3703 1731 3758 doctissimus
1763 3702 1785 3756 Τ

194 3787 303 3845 Una
335 3793 657 3847 substantia
686 3794 895 3855 interit,
919 3793 1023 3848 alia
1058 3794 1277 3858 melior,
1301 3794 1530 3849 alterius
1554 3794 1786 3865 proinde

190 3886 433 3953 generis,
470 3901 574 3941 nec
610 3885 940 3955 ignorantia:
972 3899 1064 3943 aut
1089 3888 1228 3942 labis
1264 3887 1477 3942 fructus
1504 3887 1785 3943 substitui-

190 3986 306 4041 tur;
337 3990 395 4033 et
427 3980 540 4033 hoc
590 3981 1269 4036 transsubstantiationem
1314 3992 1476 4037 vocat
1510 3982 1532 4035 ?
1572 3981 1647 4036 Ea
1679 3982 1783 4036 fuit

190 4070 462 4125 hactenus
492 4071 742 4125 omnium
786 4088 883 4126 seu
916 4073 1392 4141 philosophorum,
1416 4090 1515 4129 seu
1562 4076 1771 4129 theolo-

189 4175 378 4231 gorutn
396 4162 606 4216 animis
628 4162 794 4216 insita
818 4166 1448 4220 transsuhstautiationis
1466 4167 1637 4232 notio,
1657 4182 1779 4222 esse

188 4255 614 4309 conversionem
648 4270 745 4309 seu
805 4258 1098 4312 transitum
1145 4258 1310 4313 unius
1352 4260 1676 4313 substantia:
1723 4259 1775 4312 in

188 4346 393 4411 aliam;
429 4346 723 4402 desinente
759 4347 979 4417 quidem
1014 4350 1219 4419 priori,
1271 4366 1394 4421 qua:
1439 4360 1778 4405 transmuta-

189 4449 290 4502 tur,
324 4439 670 4505 substantia,
707 4450 978 4510 quatenus
1014 4441 1139 4497 talis
1195 4443 1504 4498 substantia
1548 4450 1671 4508 est,
1710 4442 1775 4497 li-

1894 3337 2025 3392 pore
2048 3335 2104 3377 et
2134 3324 2407 3392 sanguine
2453 3326 2694 3391 Domini,
2746 3331 2841 3383 sed
2889 3330 3117 3399 proprio
3156 3346 3389 3401 corpore
3423 3342 3478 3388 et

1892 3416 2162 3485 sanguine
2191 3416 2442 3472 Domini:
2478 3433 2597 3488 qum
2634 3436 2745 3475 non
2782 3421 2886 3475 nisi
2933 3422 3163 3478 ridicule
3189 3435 3243 3479 et
3290 3425 3479 3495 inepte

1891 3505 1959 3558 ad
1982 3504 2187 3560 Christi
2220 3509 2472 3577 corporis
2502 3519 2559 3563 et
2608 3513 2895 3581 sanguinis
2931 3514 3164 3583 figuram
3209 3528 3306 3570 aut
3360 3520 3475 3571 vir-

1894 3607 2065 3653 tutem
2099 3611 2410 3671 separatam
2441 3603 2759 3673 detorqueri
2794 3620 2954 3676 posse
2975 3607 3337 3664 ostendimus.
3367 3609 3475 3666 Sed

1891 3691 2085 3744 viderit
2111 3692 2243 3761 ipse,
2272 3694 2365 3763 qui
2415 3694 2529 3750 hare
2564 3696 2802 3764 objectat
2828 3738 2844 3763 ,
2886 3714 2954 3754 ne
3010 3699 3236 3767 majoris
3281 3717 3340 3756 se
3376 3702 3475 3757 ab-

1888 3786 2181 3841 snrditatis
2215 3802 2368 3842 reum
2398 3789 2614 3859 prodat,
2644 3790 2873 3860 ﬁguram
2900 3802 2997 3846 aut
3022 3794 3284 3849 virtutem
3311 3794 3474 3849 Chri-

1836 3918 1851 3931 .
1886 3880 1954 3935 sti
1991 3882 2243 3951 corporis
2278 3882 2368 3937 hic
2407 3882 2730 3942 obtrudens.
2764 3886 2846 3940 An
2875 3887 3024 3942 enim
3068 3888 3269 3943 rationi
3315 3888 3473 3946 valde

1884 3983 2316 4029 consentaneum
2338 3985 2511 4044 putat,
2534 3979 2723 4031 carnis
2750 3990 2952 4034 nostra:
2979 3980 3339 4035 substantiam
3372 3982 3468 4048 ali,

1884 4065 2103 4129 nutriri,
2133 4078 2187 4120 et
2217 4068 2403 4138 augeri
2446 4068 2643 4139 figura,
2682 4081 2736 4124 et
2770 4072 2975 4128 virtute
3016 4072 3301 4143 spiritali?
3335 4075 3470 4141 Quis

1883 4156 1998 4211 haec
2025 4157 2208 4211 ferat?
2241 4159 2511 4226 Nondum,
2548 4171 2716 4229 puto,
2764 4163 2929 4231 plane
2973 4172 3027 4217 et
3071 4176 3259 4233 aperte
3300 4164 3465 4220 fateri

1880 4261 2144 4305 statuerat
2173 4250 2431 4317 Grabius,
2451 4252 2715 4323 Cyrillum
2734 4252 3313 4326 Hierosolytnitauum,
3330 4256 3467 4312 Gre-

1878 4347 2089 4416 gorium
2116 4345 2443 4419 Nyssenum,
2486 4347 2750 4403 Joannem
2787 4352 3207 4419 Damascenum,
3241 4369 3260 4403 ι
3299 4353 3466 4408 alios-

1878 4454 1985 4510 que
2028 4439 2263 4494 fortasse
2296 4439 2500 4508 plures,
2535 4458 2554 4491 ι
2590 4450 2650 4495 ut
2689 4456 2812 4496 mox
2859 4442 3163 4496 referemus
3186 4484 3200 4509 ,
3234 4458 3467 4513 persua-

190 4546 350 4600 gnum
384 4548 437 4585 v.
464 4535 746 4602 g.,panis,
779 4543 911 4598 etc.,
949 4535 1044 4590 sed
1073 4551 1178 4589 non
1212 4536 1264 4589 in
1295 4536 1530 4590 nihilum
1566 4537 1771 4592 abeun-
1802 4576 1851 4635 ο
1877 4547 1967 4588 sos
2004 4531 2193 4597 fuisse,
2244 4533 2416 4603 ipsam
2465 4534 2623 4603 panis
2677 4534 3045 4589 substantiam
3095 4536 3148 4588 in
3182 4550 3365 4589 veram
3400 4553 3466 4595 ac

194 4634 273 4689 te;
306 4640 451 4679 nova
488 4640 644 4689 vero,
699 4642 821 4697 qua:
868 4627 996 4681 huic
1041 4629 1323 4693 succedit,
1362 4645 1471 4684 non
1516 4632 1584 4683 de
1629 4645 1775 4687 novo

190 4726 392 4782 creata,
443 4718 539 4772 sed
593 4733 662 4772 ex
716 4720 1012 4774 mutatione
1055 4721 1256 4790 prioris
1309 4731 1662 4790 exsurgente.
1716 4723 1773 4777 Si

190 4813 311 4879 quid
343 4828 482 4880 ergo
511 4827 659 4866 sanae
688 4813 1073 4883 philosophia),
1110 4815 1217 4869 imo
1241 4826 1297 4869 et
1325 4816 1549 4869 rationis
1578 4815 1772 4886 reliqui

192 4902 348 4957 fuerit
379 4902 807 4967 Valentinianis,
844 4906 981 4960 hanc
1005 4907 1107 4961 sihi
1135 4908 1774 4965 transsubstantiationis

192 4995 358 5049 ideam
386 4997 732 5067 cogitatione
764 4997 1062 5053 informare
1100 5000 1427 5063 debuerunt,
1454 5018 1519 5056 ac
1542 5002 1772 5071 proinde

189 5085 338 5142 fateri
364 5089 449 5143 sic
475 5103 675 5156 panem
700 5100 757 5145 et
800 5090 988 5146 vinum
1019 5092 1072 5145 in
1108 5106 1306 5160 corpus
1351 5103 1403 5147 et
1444 5094 1767 5164 sanguinem

189 5183 386 5239 tihristi
423 5186 807 5250 transmutari,
841 5195 899 5239 ut
935 5187 1049 5241 hzec
1080 5203 1147 5242 ex
1183 5187 1294 5242 illis
1339 5188 1493 5242 fiant.
1532 5187 1651 5254 Quo
1679 5201 1769 5243 se-

190 5276 289 5329 mel
310 5277 582 5343 admisso,
632 5277 707 5330 uti
747 5293 855 5333 non
908 5280 1200 5335 admittere
1254 5295 1360 5334 non
1405 5290 1658 5350 poterant
1698 5281 1767 5336 de

189 5368 805 5425 transsubsuntiatione
838 5386 961 5426 cum
992 5372 1286 5429 catholicis
1330 5375 1766 5440 consentientes,

184 5458 287 5527 jatr.
315 5461 513 5516 lreuzni
549 5470 1002 5531 argumentorum
1038 5464 1150 5519 vim
1194 5464 1476 5521 declinare
1529 5466 1767 5523 nullate-

189 5566 283 5605 nus
311 5565 563 5621 possunt.
598 5554 861 5621 Sequitur
892 5554 1060 5619 enim,
1087 5553 1290 5611 Christi
1317 5572 1517 5627 corpus
1545 5572 1611 5612 ex
1643 5574 1764 5613 ma-

192 5644 347 5708 teria,
382 5646 717 5716 ignorantiae
753 5656 809 5700 et
835 5646 1159 5703 defectionis
1192 5648 1393 5714 fructu,
1442 5659 1765 5705 concretum

190 5733 297 5789 Deo
319 5736 507 5793 oli'erri
528 5738 584 5793 in
611 5738 955 5796 Eucharistia
974 5758 988 5806 ;
1004 5739 1275 5809 impuram
1296 5740 1520 5812 proinde
1537 5742 1765 5798 oblatio-

193 5844 328 5890 nem,
343 5846 462 5897 quae
476 5832 525 5885 ei
542 5831 930 5889 contumeliam
945 5830 1132 5897 faciat,
1150 5849 1256 5888 non
1276 5837 1534 5890 honorem
1549 5833 1757 5891 afferat.

1877 4625 2152 4695 propriam
2184 4624 2390 4680 Christi
2438 4638 2667 4680 carnem
2716 4626 3117 4683 transformari.
3161 4626 3273 4683 Nec
3317 4630 3464 4685 enim

1877 4720 1930 4774 hi
1971 4719 2179 4773 Irenteo
2229 4719 2414 4778 minus
2478 4733 2793 4783 asseruere,
2841 4734 2942 4773 nos
2994 4732 3217 4790 sumpto
3262 4720 3464 4779 Christi

1874 4826 2105 4880 corpore
2137 4821 2191 4865 et
2221 4811 2490 4880 sanguine
2528 4810 2649 4866 fieri
2684 4826 2851 4865 unum
2876 4828 2997 4867 cum
3023 4813 3244 4869 Christo
3266 4831 3462 4885 corpus

1871 4915 1926 4960 et
1960 4905 2305 4975 sanguinem,
2334 4920 2424 4969 ac,
2451 4912 2509 4957 ut
2550 4903 2622 4957 ita
2665 4904 2868 4969 dicam,
2898 4904 3121 4958 Christo
3154 4922 3462 4977 concorpo-

1872 5013 1997 5053 reos
2044 5009 2100 5052 et
2146 4996 2623 5068 consanguineos,
2690 4995 2932 5066 Χριστοῦ
3001 4997 3321 5071 συσσὼμους
3369 5003 3461 5055 καὶ

1880 5088 2192 5160 συναίμους,
2226 5097 2285 5141 ιιι
2321 5087 2565 5157 loquitur
2601 5086 2834 5156 Cyrillus
2865 5086 3074 5143 Ilieros.
3119 5088 3351 5145 Catech.
3382 5106 3436 5147 tv

1865 5177 2269 5249 hlyst.;Christi
2301 5196 2500 5250 corpus
2526 5189 2581 5235 et
2610 5180 2935 5250 sanguinem
2967 5196 3065 5252 per
3095 5198 3250 5238 esum
3283 5196 3335 5240 et
3362 5201 3456 5254 po-

1872 5274 2075 5329 tionem
2100 5273 2316 5328 admitti
2363 5274 2505 5326 intra
2557 5274 2773 5328 viscera
2815 5272 3090 5339 hominis,
3129 5286 3183 5329 et
3224 5293 3321 5346 per
3364 5278 3456 5332 illa

1868 5367 2122 5423 distribui
2156 5367 2210 5421 in
2242 5367 2557 5421 universum
2585 5382 2810 5436 corpus,
2844 5368 3198 5423 commisceri
3234 5378 3290 5424 et
3321 5385 3455 5423 con-

1866 5461 2162 5530 temperari
2199 5463 2522 5530 corporibus
2548 5460 2913 5528 credentium,
2962 5471 3101 5528 etc.,
3142 5473 3202 5517 ut
3252 5465 3456 5519 unione

1866 5570 1994 5610 cum
2023 5574 2089 5612 eo
2127 5557 2272 5626 quod
2314 5564 2398 5611 est
2442 5554 2793 5621 immortale,
2838 5553 2932 5609 ﬁat
2974 5556 3139 5611 homo
3180 5558 3453 5628 particeps

1865 5648 2315 5719 incorruptionis,
2347 5650 2803 5718 quemadmodum
2847 5649 2926 5704 ait
2965 5648 3265 5720 Gregorius
3287 5648 3447 5721 Nyss.

1866 5750 2009 5798 orat.
2049 5741 2273 5797 Cateeh.
2316 5757 2366 5796 c.
2394 5742 2491 5803 37;
2514 5760 2713 5814 corpus
2742 5759 2806 5800 ac
2842 5743 3163 5815 sanguinem
3211 5742 3447 5806 Christi,

1867 5840 1935 5892 ad
1965 5837 2161 5893 anima:
2196 5848 2249 5892 et
2283 5838 2532 5907 corporis
2562 5838 2733 5894 nostri
2761 5838 3210 5903 incolumitatem,
3240 5841 3308 5894 ad
3342 5856 3439 5896 nu-
