3924 6354
173 392 291 447 349

1130 387 1593 447 DISSERTATIO
1628 386 1717 455 lli,
1760 386 1848 442 DE
1882 387 2137 444 IRENA'JI
2172 388 2539 447 DOCTRINA.

3346 396 3453 451 350

174 524 311 563 cere
336 510 574 571 studeat.
619 526 786 580 quam
835 519 1043 566 certum
1089 521 1177 567 est
1214 511 1461 581 antiquis
1508 507 1764 563 omnibus
1791 507 1838 563 Α
1867 523 2038 577 pum:
2092 526 2111 559 ι
2154 508 2267 565 Hoc
2331 510 2610 566 dilectioni
2682 522 2788 567 tua:
2858 514 3230 585 signiﬁcamus
3262 555 3277 581 ,
3346 517 3453 572 duo

174 599 438 654 Patribus
487 601 898 657 Eucharistiam
952 617 1075 658 esse
1146 617 1335 655 verum
1409 598 1767 663 sacriﬁcium,

174 701 293 746 tam
345 694 545 746 iisdem
595 692 865 761 liquidum
915 703 969 749 et
1019 693 1364 764 exploratum
1423 707 1581 757 esse,
1624 691 1768 746 idem

174 784 311 839 illud
367 800 575 855 corpus
621 788 765 854 quod
800 787 947 841 cruci
974 785 1195 839 afﬁxum
1241 794 1345 852 est,
1395 800 1520 840 vere
1548 798 1612 839 ac
1643 784 1770 839 sub-

173 878 514 933 stantialiter
549 881 650 933 sub
682 882 969 948 speciebus
998 879 1156 951 panis
1193 888 1247 933 et
1273 879 1384 935 vini
1413 892 1680 950 praesens,
1714 878 1770 932 in

175 986 241 1025 eo
278 971 564 1026 sacriﬁcio
613 970 798 1027 olferri
822 987 885 1026 ac
913 972 1201 1027 incruenta
1224 972 1438 1027 ratione
1469 969 1769 1026 immolari.

245 1060 339 1119 97.
366 1062 621 1117 Alterum
663 1063 808 1133 quod
852 1062 1059 1119 Grabio
1112 1063 1379 1135 gratulari
1440 1062 1767 1130 debeamus,

174 1164 261 1208 est
306 1155 459 1224 quod
514 1154 807 1210 Albertino
864 1154 1092 1210 Claudio
1149 1154 1384 1224 aliisque
1426 1153 1773 1209 Calvinianis

175 1247 468 1302 candidior
504 1288 522 1315 ,
549 1247 704 1316 plauc
731 1258 788 1302 et
820 1257 1006 1317 aperte
1049 1247 1305 1309 fateatur,
1342 1246 1673 1303 catholicam
1704 1247 1771 1302 de

176 1341 473 1409 praesentia
521 1343 653 1396 reali
699 1350 754 1397 et
811 1341 1425 1396 transsubstantiatione
1462 1341 1770 1396 doctrinam

176 1434 337 1503 longe
354 1434 729 1505 antiquiorem
749 1448 890 1501 esse,
913 1450 976 1488 ac
990 1434 1213 1502 majoris
1236 1442 1292 1489 et
1320 1434 1636 1489 vetustioris
1670 1448 1771 1488 an-

178 1526 461 1581 ctoritatis
495 1528 824 1596 patrociniis
871 1528 1117 1599 gloriari,
1147 1544 1310 1598 quam
1341 1528 1616 1597 ﬁngerent
1666 1528 1769 1583 illi.

177 1616 258 1671 Cl.
276 1619 383 1672 viri
405 1618 579 1673 verba
601 1620 986 1677 observatione
1008 1621 1272 1692 singulari
1304 1621 1625 1691 dignissima
1646 1635 1771 1674 cum

180 1708 314 1773 sint,
340 1710 559 1780 integra
585 1710 841 1778 referam,
869 1723 1033 1783 prout
1052 1714 1197 1768 edita
1224 1712 1481 1783 leguntur
1506 1714 1558 1767 in
1587 1714 1774 1766 Adno-

180 1801 484 1857 Iationibus
514 1803 570 1857 in
630 1803 818 1859 lrenai
874 1804 969 1860 lib.
1024 1821 1078 1870 v,
1113 1821 1237 1876 cap.
1270 1805 1327 1873 2,
1386 1806 1519 1862 edit.
1567 1803 1770 1868 Oxon.,

182 1910 304 1965 pag.
332 1894 441 1951 599
472 1916 485 1951 :
516 1914 536 1947 ι
574 1895 835 1966 Quaenam
862 1898 1031 1969 igitur
1072 1898 1286 1967 Irenzei,
1320 1914 1420 1954 nec
1452 1915 1560 1953 non
1594 1898 1771 1953 haere-

182 1991 415 2044 ticorum
441 1990 567 2058 ejus
601 1990 704 2045 aevi
750 1992 1024 2047 sententia
1060 1992 1248 2057 fuerit,
1272 2008 1342 2047 ex
1381 1993 1476 2057 iis,
1508 2007 1632 2062 quae
1681 1992 1773 2047 hic

184 2091 235 2137 et
277 2084 731 2153 pmcedentibus
761 2085 1211 2141 adnotationibus
1263 2084 1574 2151 edisserui,
1635 2086 1772 2141 satis

183 2176 330 2231 clare
385 2184 591 2247 patet,
650 2192 715 2232 ac
761 2177 1066 2233 certissime
1118 2186 1357 2243 constat,
1424 2178 1575 2233 illum
1626 2178 1773 2233 haud

186 2268 591 2337 minus,quam
638 2269 843 2324 dictum
879 2280 987 2336 est,
1039 2271 1108 2325 de
1169 2272 1452 2326 tremendo
1506 2270 1772 2325 Euchari-

183 2360 298 2415 stiaa
329 2361 601 2432 mysterio
631 2362 955 2427 credidisse,
984 2381 1002 2414 ι
1022 2363 1446 2431 scilicetpanein
1478 2378 1773 2417 consecra-

183 2461 316 2518 tum,
348 2455 556 2509 virtute
580 2455 769 2509 carnis
825 2454 1031 2510 Christi
1077 2455 1361 2524 przeditum
1394 2470 1546 2519 esse,
1578 2456 1771 2524 sicque

183 2559 374 2616 reapse
419 2560 649 2599 carnem
696 2546 903 2601 Christi
940 2562 1081 2601 esse.
1143 2566 1160 2599 ι
1196 2546 1440 2602 Ulterius
1479 2562 1611 2602 vero
1642 2563 1772 2616 pro-

183 2656 429 2711 gressum
464 2641 733 2697 lrenmum
754 2685 768 2709 ,
803 2658 866 2697 ac
900 2643 1099 2709 eidem,
1128 2659 1292 2712 quam
1321 2642 1552 2712 Cyrillus
1579 2642 1773 2697 Hiero-

180 2736 562 2805 solymitanus,
596 2733 885 2804 Gregorius
940 2734 1235 2807 Nyssenus.
1285 2735 1525 2789 Joannes
1572 2735 1776 2788 Dama-

181 2844 391 2893 βιαιως,
424 2828 628 2897 aliique
676 2829 908 2900 fortasse
955 2830 1136 2897 plures
1186 2840 1423 2892 tenuere,
1481 2831 1774 2885 sententiae

185 2922 464 2976 addictum
525 2923 737 2989 fuisse,
803 2935 910 2975 non
953 2932 1103 2991 puto.
1160 2920 1232 2975 Hi
1272 2924 1464 2992 quippe
1529 2923 1772 2992 persuasi

181 3024 352 3075 erant,
371 3011 647 3081 Spiritum
661 3020 913 3067 sanctum
938 3012 1156 3067 caelitus
1171 3012 1615 3081 descendentem,
1647 3014 1773 3082 pani

185 3121 280 3157 Ion
317 3105 480 3157 modo
539 3104 784 3159 virtutem
843 3104 1077 3172 corporis
1118 3102 1319 3158 Christi
1352 3104 1768 3169 communicare,

1891 618 1909 650 ο
1946 600 2157 655 Christi
2192 616 2426 672 corpora
2453 619 2553 657 nos
2584 604 2770 661 dicere
2792 622 2898 661 non
2942 621 3138 674 posse;
3162 608 3255 661 sed
3288 623 3450 661 unum

1883 710 1903 743 ο
1941 701 2034 747 est
2064 693 2235 760 ipsius
2277 708 2499 764 corpus.
2531 694 2596 749 Et
2628 697 2774 751 sicut
2802 696 2981 750 infans
3009 712 3075 751 ex
3099 697 3322 753 muliere
3361 714 3456 751 na-

1884 800 1903 834 r
1943 793 2063 851 tus,
2102 784 2383 853 perfectus
2414 794 2531 852 est;
2581 788 2754 842 edens
2794 797 2975 842 autem
2998 797 3053 842 et
3080 788 3268 842 bibens
3292 805 3455 858 auge-

1886 893 1905 929 s
1939 878 2047 932 scit
2084 878 2315 932 naturali
2344 876 2635 944 facultate,
2688 889 2745 935 et
2794 881 2924 935 licet
2981 891 3284 950 augescat,
3345 896 3451 935 non

1880 988 1899 1022 ι
1940 980 2126 1027 tamen
2157 972 2265 1026 duo
2321 970 2633 1027 efﬁciuntur
2695 988 2948 1044 corpora,
2983 976 3078 1031 sed
3114 992 3279 1029 unum
3324 985 3450 1030 est:

1879 1082 1899 1117 ι
1935 1064 2107 1119 multo
2137 1066 2308 1135 magis
2349 1074 2679 1134 superventu
2726 1065 2965 1136 Spiritus
2993 1068 3171 1123 sancti
3207 1070 3363 1137 panis
3401 1079 3456 1125 et

1879 1176 1899 1210 s
1927 1156 2111 1213 vinum
2176 1158 2227 1212 in
2275 1162 2963 1228 superaugmentationem,
2992 1164 3075 1227 εἰς
3127 1162 3453 1235 ἐπαύξησιν.

1879 1266 1899 1301 ι
1932 1249 2182 1317 corporis
2202 1249 2402 1305 Christi
2430 1265 2594 1304 unum
2610 1249 2670 1304 ﬁt
2698 1266 2921 1321 corpus,
2950 1262 3004 1306 et
3027 1268 3132 1306 non
3158 1254 3283 1308 duo.
3312 1273 3332 1306 ι
3357 1256 3455 1307 At-
3547 1256 3567 1276 ⁸

1875 1356 1981 1409 que
2015 1342 2088 1395 ita
2126 1350 2181 1395 et
2212 1341 2265 1395 in
2292 1342 2531 1411 capitulo
2567 1343 2724 1399 dictae
2747 1344 2993 1415 epistolae
3030 1345 3225 1399 suﬁixo
3249 1348 3351 1401 hac
3382 1350 3450 1401 de

1876 1448 1936 1488 re
1962 1432 2223 1503 loquitur.
2269 1433 2432 1489 Istam
2466 1435 2630 1505 igitur
2680 1437 3012 1491 sententiam
3061 1437 3250 1493 lrenaai
3285 1438 3456 1493 fuisse

1875 1525 2021 1581 haud
2054 1525 2328 1590 existimo,
2363 1527 2509 1596 quod
2541 1528 2788 1596 quaedam
2839 1530 3452 1585 transsubstantiationi

1875 1619 2031 1689 panis
2085 1620 2139 1673 in
2193 1628 2364 1673 totum
2411 1621 2695 1687 personale
2762 1630 2816 1675 et
2847 1622 3209 1692 gloriﬁcatum
3253 1623 3455 1678 Christi

1876 1727 2095 1781 corpus,
2126 1711 2343 1767 ccelitus
2367 1712 2422 1766 in
2472 1712 2645 1767 altare
2680 1714 3043 1779 descendens,
3101 1715 3313 1785 qualem
3346 1715 3459 1769 Ro-

1878 1822 2041 1860 mana
2076 1806 2321 1860 Ecclesia
2378 1807 2598 1871 credit,
2651 1821 2816 1873 supra
2864 1823 2917 1877 p.
2948 1808 3078 1877 527,
3120 1824 3239 1879 seq.
3289 1824 3457 1879 oppo-

1875 1898 1980 1953 sita
2010 1937 2026 1964 ,
2060 1907 2118 1952 et
2144 1897 2371 1951 alteram
2404 1899 2825 1953 substantialem
2881 1898 3271 1965 mutationem,
3329 1900 3459 1955 licet

1876 1988 2104 2057 apriori
2163 1988 2399 2041 multum
2454 1989 2756 2054 diversam,
2808 1990 3101 2045 excludere
3145 1991 3454 2057 videantur,

1875 2080 2128 2150 quodque
2156 2079 2210 2133 in
2236 2079 2435 2132 nullius
2459 2080 2665 2135 Irenzeo
2700 2084 2891 2148 coaevi,
2924 2090 3019 2136 aut
3070 2080 3295 2138 Nicaeuo
3328 2096 3460 2137 con-

1874 2171 2002 2227 cilio
2050 2172 2376 2240 antiquioris
2408 2170 2586 2227 Patris
2619 2176 2989 2229 monumentis
3020 2182 3213 2244 aperte
3260 2174 3457 2229 tradita

1877 2262 2091 2331 legatur
2126 2265 2326 2318 :sicuti
2385 2278 2489 2318 nec
2538 2275 2728 2333 postea
2802 2266 3191 2320 universaliter
3244 2266 3297 2319 in
3356 2266 3459 2319 Ec-

1876 2357 2042 2411 clesia
2072 2356 2176 2411 fuit
2227 2360 2622 2427 recepta;sed
2683 2358 2752 2411 ab
2802 2358 2925 2413 aliis
2987 2358 3265 2424 l’atribns,
3316 2373 3460 2427 pra:-

1876 2450 2065 2505 sertim
2093 2448 2386 2512 Africanis,
2404 2450 2745 2505 contrarium
2775 2463 3051 2507 assertum
3086 2463 3259 2521 patet,
3296 2461 3460 2521 prout

1880 2542 2114 2612 theologi
2162 2542 2585 2597 Protestantium
2634 2543 2851 2601 abunde
2896 2547 3251 2614 probarunt.»
3314 2544 3457 2598 ﬂac-

1878 2643 2037 2689 tenus
2082 2633 2349 2701 Grabius,
2386 2650 2454 2689 ex
2511 2635 2663 2704 cujus
2723 2636 2906 2692 verbis
2963 2639 3271 2692 certissime
3324 2652 3459 2693 con-

1877 2737 1987 2782 stat
2014 2767 2029 2792 ,
2063 2728 2375 2797 praesentiae
2404 2728 2569 2782 realis
2600 2739 2653 2783 et
2680 2731 3327 2786 transsubstantiationis
3353 2732 3451 2786 do-

1876 2820 2108 2873 ctrinam
2135 2820 2461 2889 posterioris
2485 2822 2586 2874 aevi
2633 2820 2805 2876 fetum
2867 2837 2975 2876 non
3008 2836 3149 2887 esse,
3209 2822 3303 2877 sed
3341 2820 3456 2892 jam

1875 2908 2072 2963 saltem
2118 2907 2340 2963 concilii
2392 2907 2598 2963 Nicaeui
2649 2909 2990 2975 temporibus
3048 2918 3235 2962 natam
3269 2918 3325 2961 et
3364 2922 3458 2975 ago

1877 3004 2075 3070 nitam,
2104 3018 2211 3057 non
2236 3002 2303 3056 ab
2329 3017 2438 3057 uno
2464 3002 2724 3072 deinceps
2748 3012 2840 3056 aut
2862 3003 3059 3068 altero,
3080 3001 3177 3056 sed
3203 3017 3231 3054 a
3254 3000 3458 3072 Cyrillo

1878 3094 2404 3165 Hierosolymitano.
2430 3095 2706 3163 Gregorio
2723 3097 2994 3167 Nysseno,
3015 3094 3227 3151 Joanne
3257 3093 3457 3147 Dama-

182 3197 363 3264 sicque
392 3195 653 3251 eumdem
682 3196 894 3251 ratione
918 3196 1242 3266 qualitatum
1302 3207 1545 3262 mutare;
1589 3196 1683 3252 sed
1712 3206 1769 3250 et
1794 3192 1839 3250 α
1871 3205 2037 3246 sceno
2070 3207 2089 3242 ι
2109 3189 2341 3260 aliisque
2372 3186 2610 3245 fortasse
2636 3188 2883 3259 pluribus
2912 3208 2931 3242 ι
2965 3186 3222 3242 Patribus
3253 3200 3457 3257 propu-

185 3287 359 3340 divina
385 3286 637 3355 potentia
691 3287 862 3352 ipsam
912 3286 1025 3355 ejus
1075 3286 1431 3341 substantiam
1474 3287 1529 3339 in
1558 3302 1772 3339 carnem

188 3390 574 3444 transmittare,
637 3396 756 3450 qua:
804 3378 1003 3435 Christi
1067 3397 1193 3435 caro
1251 3382 1345 3444 sit,
1382 3389 1438 3435 et
1473 3396 1596 3435 cum
1657 3378 1771 3445 illa,

186 3489 299 3543 qua:
326 3488 399 3528 ex
422 3472 492 3531 Β.
528 3472 771 3541 Virginis
802 3480 960 3527 utero
986 3473 1191 3543 prodiit
1217 3512 1235 3541 ,
1269 3488 1334 3527 ac
1365 3472 1521 3529 cruci
1556 3470 1771 3536 sufﬁxa,

188 3571 417 3641 indeque
469 3571 526 3625 in
569 3570 772 3625 caelum
828 3570 1040 3626 sublata
1098 3570 1223 3635 sit,
1281 3571 1471 3626 eadem
1522 3569 1617 3628 ﬁat
1678 3586 1775 3641 per

190 3663 494 3735 ἐπαύξησιν
522 3704 537 3729 ,
567 3662 827 3734 quodque
868 3663 1121 3717 eumdem
1160 3662 1418 3733 spiritum
1455 3662 1581 3717 vitae
1611 3663 1666 3717 in
1713 3678 1775 3718 se

191 3756 421 3821 habeat;
460 3755 631 3810 sicuti
663 3756 846 3826 panis,
885 3770 1047 3823 quem
1077 3754 1339 3811 Servatur
1375 3754 1430 3810 in
1472 3755 1635 3810 terris
1682 3769 1776 3811 co-

192 3847 349 3902 laedit
382 3891 398 3915 ,
434 3848 490 3900 vi
531 3847 800 3902 naturalis
820 3846 1023 3902 caloris
1073 3848 1125 3901 in
1171 3862 1395 3902 carnem
1438 3846 1556 3915 ejus
1599 3856 1776 3902 verte.

189 3936 340 3993 batur
374 3979 390 4004 ,
419 3948 480 3992 et
516 3947 707 3991 noster
748 3938 907 4007 panis
930 3937 1284 4007 quotidianus
1315 3939 1369 3991 in
1406 3937 1773 3992 substantiam

192 4032 437 4101 corporis
465 4030 643 4084 nostri
674 4028 917 4083 transit:
952 4028 1099 4097 quod
1128 4042 1332 4097 corpus
1364 4042 1393 4081 a
1424 4029 1581 4082 nobis
1612 4028 1775 4084 hodie

193 4136 463 4197 gestatum
493 4125 642 4180 idem
670 4123 877 4179 dicitur
920 4137 1042 4178 cum
1062 4122 1168 4177 illo
1202 4164 1218 4188 ,
1255 4122 1310 4176 in
1358 4137 1467 4193 quo
1497 4131 1624 4177 ante
1655 4122 1775 4191 plu-

194 4232 275 4272 res
301 4231 485 4271 annos
537 4214 748 4268 versati
799 4226 1011 4282 sumus,
1050 4214 1312 4284 quoniam
1345 4214 1536 4268 eadem
1594 4215 1775 4269 anima

193 4319 475 4380 vegetatur
505 4352 517 4371 ,
562 4306 694 4361 licet
728 4305 1011 4376 particulis
1038 4305 1157 4374 ejus
1190 4319 1417 4377 prorsus
1444 4308 1555 4362 sint
1594 4310 1778 4363 diver-

197 4415 280 4466 sae,
304 4409 363 4454 et
399 4398 552 4453 nulla
605 4396 748 4453 forte
776 4412 842 4452 ex
871 4397 1147 4467 prioribus
1195 4407 1476 4468 superstes
1517 4400 1773 4454 exsistat.

199 4488 331 4560 Lege
392 4500 520 4560 post
571 4488 761 4560 Cyrilli
814 4488 1159 4545 Catechesim
1220 4505 1276 4543 ιν
1323 4489 1771 4563 Mystagogicam,

199 4581 442 4655 Gregorii
501 4581 737 4652 Nysseni
804 4580 1119 4637 Orationem
1171 4582 1578 4637 Catecheticam
1656 4598 1775 4638 ma-

201 4692 379 4747 gnam,
418 4692 542 4746 cap.
577 4676 666 4742 '57,
706 4685 761 4731 et
807 4675 1131 4731 Damasceni
1181 4675 1281 4734 lib.
1328 4691 1382 4730 1v
1460 4676 1527 4730 de
1580 4673 1778 4730 Ortho-

200 4770 330 4822 ἀπα
363 4768 473 4838 ﬁde
501 4784 624 4837 cap.
653 4767 742 4832 14,
775 4766 1000 4836 ejusque
1026 4766 1317 4837 epistolam
1343 4767 1410 4822 ad
1450 4767 1777 4824 Zachariam

205 4857 873 4929 Doarorumepisc0pu1n.
927 4857 1155 4913 Joannis
1205 4858 1528 4913 Damasceni
1584 4858 1775 4923 verba,

203 4964 367 5021 eaque
393 4950 595 5006 Latine
626 4966 785 5004 versa
816 4950 1016 5017 solum,
1048 4949 1340 5004 brevitatis
1368 4963 1562 5015 causa,
1589 4948 1730 5004 dabo
1761 4968 1775 5003 :

206 5040 331 5118 [CL]
371 5060 389 5094 ι
418 5040 891 5111 Quemadmodum
915 5038 1238 5095 naturaliter
1265 5038 1422 5110 panis
1444 5054 1543 5109 per
1569 5040 1776 5107 cibum,

209 5152 225 5186 r
250 5143 300 5189 et
332 5134 521 5189 vinum
553 5142 609 5187 et
639 5149 780 5204 aqua
808 5148 908 5204 per
936 5141 1121 5203 potum
1153 5134 1210 5188 in
1232 5132 1570 5188 comedentis
1595 5146 1659 5188 ac
1695 5130 1778 5186 bi-

212 5226 436 5282 cbentis
498 5240 701 5296 corpus
750 5234 806 5281 et
855 5225 1179 5296 sanguinem
1210 5225 1576 5280 immutantur
1606 5264 1621 5291 ,
1675 5240 1778 5279 nec

212 5336 227 5367 ι
254 5333 455 5387 corpus
482 5319 717 5373 alterum
751 5318 907 5384 ﬁunt,
940 5326 1103 5387 atque
1138 5332 1167 5371 a
1214 5319 1398 5387 priore
1428 5318 1596 5388 ipsius
1648 5332 1775 5373 cor-

212 5428 229 5463 s
260 5427 393 5482 pore
421 5413 699 5467 diversum
735 5428 749 5465 :
775 5411 854 5466 sic
881 5412 1273 5481 propositionis
1290 5412 1468 5482 panis,
1502 5426 1565 5467 ac
1590 5413 1773 5467 vinum

211 5522 227 5555 ι
258 5516 311 5561 et
344 5520 491 5575 aqua
543 5518 641 5574 per
671 5506 847 5559 sancti
904 5505 1139 5576 Spiritus
1174 5506 1571 5561 invocationem
1600 5516 1655 5562 et
1682 5506 1778 5562 ad-

214 5614 231 5647 ι
258 5606 477 5653 ventum
506 5638 523 5660 ,
557 5597 793 5651 mirabili
825 5598 983 5653 modo
1014 5599 1070 5653 in
1100 5598 1309 5656 Christi
1332 5614 1534 5670 corpus
1561 5607 1615 5655 et
1643 5616 1772 5657 san-

212 5703 230 5737 s
257 5689 477 5757 guinem
524 5696 820 5743 vertuntur
846 5726 862 5755 ,
916 5704 1018 5745 nec
1059 5698 1188 5746 sunt
1226 5692 1363 5758 duo,
1395 5695 1489 5747 scd
1518 5708 1686 5749 unum
1720 5701 1775 5749 et

215 5781 410 5837 cidem.
447 5799 467 5833 ι
520 5778 733 5836 Rursus
767 5781 820 5836 in
853 5781 1019 5853 epist.
1061 5786 1148 5838 ad.
1193 5783 1511 5841 Zachariam
1562 5787 1773 5856 episco-

1874 3290 2094 3353 gnatam
2117 3282 2307 3337 fuisse.
2341 3282 2424 3335 An
2458 3290 2565 3335 tam
2596 3290 2787 3350 aperta
2813 3281 2883 3336 cl.
2920 3279 3111 3335 Grabii
3149 3276 3458 3334 testiﬁcatio

1874 3373 2086 3429 caneris
2104 3371 2543 3430 Protestantibus
2567 3373 2850 3444 probetur,
2865 3372 3011 3427 haud
3034 3372 3173 3428 scio.
3198 3369 3253 3427 ld
3290 3385 3456 3425 unum

1874 3470 2011 3536 scio,
2043 3470 2146 3524 hac
2176 3469 2345 3525 semel
2372 3468 2610 3524 admissa
2645 3468 3045 3538 suppositione,
3078 3466 3147 3521 ab
3175 3465 3302 3520 imis
3338 3464 3459 3518 fun-

1875 3564 2144 3619 damentis
2165 3577 2482 3619 succussam
2506 3561 2747 3617 funditus
2767 3576 2925 3617 ruere
2943 3574 3062 3615 eam
3082 3559 3455 3631 hypothesim,

1875 3672 2041 3731 quam
2084 3664 2162 3713 tot
2193 3655 2705 3722 machinationibus,
2725 3654 2937 3709 artibus
2972 3662 3027 3709 et
3062 3652 3344 3707 laboribus
3366 3667 3459 3707 ex-

1877 3757 2141 3805 structam
2160 3749 2373 3819 erigere
2390 3748 2571 3804 conati
2591 3748 2806 3801 luerant
2821 3745 3154 3807 Albertinus,
3172 3743 3455 3807 Claudius,

1877 3839 2085 3910 aliique
2135 3840 2469 3894 recentiores
2516 3837 2792 3893 ministri:
2846 3836 3041 3906 dogma
3080 3837 3147 3892 de
3179 3834 3456 3904 corporali

1880 3932 2084 3989 Christi
2129 3933 2423 4003 praesentia
2470 3931 2525 3986 in
2565 3930 2931 3985 Eucharistia:
2983 3937 3359 3994 sacramento,
3399 3936 3457 3984 et

1878 4026 2546 4091 transsubstantiatione,
2602 4024 2744 4093 apud
2797 4022 3021 4078 Latinos
3080 4023 3318 4091 primum
3346 4031 3457 4077 eta

1881 4119 2176 4175 Paschasio
2206 4117 2485 4173 Radberto
2509 4117 2878 4187 excogitatum
2933 4130 3077 4171 nono
3105 4115 3327 4180 sarculo,
3358 4115 3461 4170 sub

1877 4212 2125 4283 ejusdem
2177 4209 2361 4267 saaculi
2422 4210 2587 4263 ﬁnem
2629 4209 2843 4265 animos
2877 4210 3123 4265 ﬁdelium
3156 4209 3460 4280 pervadere

1878 4304 2130 4374 coepisse,
2175 4319 2240 4359 ac
2278 4302 2498 4359 tandem
2531 4302 2745 4357 decimo
2786 4302 2991 4356 saeculo
3043 4300 3245 4372 ubique
3279 4300 3331 4353 in
3357 4300 3460 4353 Ec-

1878 4397 2042 4453 clesia
2090 4396 2280 4451 Latina
2318 4396 2658 4461 obtinuisse;
2689 4393 2877 4451 Grmca
2914 4395 3134 4450 interim
3195 4394 3249 4447 in
3282 4391 3459 4446 veteri

1878 4500 1934 4547 et
1990 4492 2132 4546 avita
2166 4491 2519 4548 Calvinistica
2574 4490 2680 4544 ﬁde
2727 4498 3144 4560 perseverante.
3198 4486 3255 4542 Si
3310 4486 3458 4540 enim

1883 4584 2146 4639 Grabium
2181 4584 2493 4650 audiamus,
2514 4582 2600 4639 vel
2634 4582 2770 4653 ipsis
2800 4582 3016 4637 concilii
3068 4581 3269 4638 Nicteni
3324 4591 3459 4634 tem-

1881 4675 2130 4746 poribus,
2164 4676 2244 4731 vel
2290 4674 2453 4746 paulo
2497 4684 2641 4745 post,
2701 4674 2875 4730 lucem
2929 4675 3149 4743 aspexit
3208 4674 3457 4728 doctrina

1881 4770 2188 4838 prazsentize
2220 4769 2389 4824 realis
2417 4778 2475 4825 et
2501 4767 3167 4833 transsubstantiationis,
3198 4769 3459 4835 priusque

1881 4860 2087 4917 Graecis
2119 4871 2268 4928 nota,
2326 4878 2489 4932 quam
2549 4862 2788 4925 Latinis,
2822 4861 3025 4916 abillis
3076 4865 3141 4913 ad
3198 4862 3297 4914 hos
3343 4874 3456 4911 ma-

1880 4970 2046 5010 nasse
2102 4954 2340 5009 videtur.
2396 4954 2517 5009 Jam
2591 4954 2755 5025 igitur
2800 4954 3083 5009 cismarini
3147 4953 3457 5007 Calvinistze

1880 5066 2078 5106 novam
2106 5063 2229 5107 esse
2279 5065 2425 5119 eam,
2464 5065 2628 5121 quam
2686 5058 2925 5113 tuemur,
2980 5050 3309 5104 sententiam
3362 5048 3455 5103 ob-

1878 5144 2108 5214 jectent,
2164 5151 2332 5200 totam
2364 5144 2667 5198 Ecclesiam
2715 5158 2813 5212 per
2848 5144 3029 5213 priora
3067 5151 3196 5197 octo
3258 5144 3456 5196 saecula

1880 5236 1945 5291 in
1977 5236 2297 5292 Calviniana
2324 5236 2430 5290 ﬁde
2459 5236 2784 5291 concordem
2823 5235 3113 5306 jactitent,
3166 5236 3459 5289 societates

1880 5343 2071 5383 omnes
2108 5327 2416 5384 Orientales
2443 5327 2591 5383 nulla
2617 5326 2924 5382 etiamnum
2953 5326 3057 5382 hac
3090 5327 3143 5379 in
3169 5335 3326 5394 parte
3354 5340 3453 5379 no—

1884 5420 2076 5473 vitatis
2106 5419 2229 5475 labe
2251 5417 2655 5474 contaminatas
2713 5419 2976 5472 audacter
3022 5416 3293 5473 allirment
3318 5434 3332 5481 ;
3362 5433 3458 5471 va-

1881 5512 2171 5567 nissimum
2254 5520 2636 5566 commentum
2696 5525 2795 5579 pro
2852 5510 3009 5565 nobis
3060 5519 3118 5565 ct
3172 5510 3455 5564 nobiscum

1888 5607 2076 5678 Cyrilli
2116 5606 2625 5677 Hierosolymitani,
2661 5605 2915 5677 Gregorii
2946 5603 3205 5675 Nysseni,
3260 5605 3457 5658 Dama-

1881 5702 2053 5769 sceni,
2118 5700 2408 5771 (qualium,
2471 5710 2911 5771 quantorumque
2984 5696 3459 5765 viroruml)alio-

1880 5808 2093 5863 rumque
2154 5792 2379 5862 fortasse
2431 5792 2660 5861 plurium
2704 5802 2853 5847 certa
2898 5800 2955 5845 et
2980 5788 3301 5846 inconcussa
3355 5802 3453 5841 au-
