3924 6354
515 376 619 434 351

1344 359 1952 422 DISSERTATIONES
1981 356 2285 414 PRAEVLE
2327 354 2391 413 ΙΝ
2428 351 2684 411 [BENE]
2719 348 2987 405 LIBROS.

3675 345 3767 400 33?.

518 489 780 547 ctoritate
836 484 1126 555 dissipabit
1182 482 1460 539 recentior
1499 479 1815 537 Calviniani
1875 477 2099 549 dogma-
2135 472 2333 534 Aﬁeri
2391 485 2598 539 corpus
2659 466 2904 523 Christi.
2950 465 3139 517 vinum
3208 469 3389 516 autem
3467 460 3765 530 sanguinem

520 584 593 639 tis
616 580 836 638 assecla
887 579 1151 637 Grabius.

592 673 685 730 98.
712 672 823 729 Sed
850 686 1049 726 vereor
1088 684 1157 725 ne
1176 668 1263 724 vir
1310 666 1384 723 cl.
1419 665 1617 737 pedem
1665 662 1830 734 paulo
1890 659 2106 730 longius

520 768 664 824 forte
722 779 890 837 quam
949 762 1212 817 voluisset
1265 757 1564 831 protulisse
1618 770 1679 811 se
1722 754 1950 819 dolens,
1987 762 2107 806 tan-

518 860 642 915 dem
679 854 977 928 aliquando
1023 851 1238 908 referre
1284 848 1436 904 velit.
1472 847 1599 902 Haec
1624 846 1771 903 enim
1823 844 1987 898 unica
2017 858 2108 896 sa-

520 952 651 1007 lutis
674 960 897 1006 aeternae
927 960 1075 1014 spes,
1105 947 1210 1000 hoc
1232 943 1409 998 solum
1438 938 1631 997 Grabii
1665 938 1790 993 ﬁdei
1827 935 2102 997 columen,

524 1064 545 1098 ι
569 1043 716 1115 quod
744 1043 798 1097 in
831 1039 1037 1095 nullius
1065 1039 1278 1093 [renato
1306 1032 1496 1097 coaevi,
1554 1039 1649 1085 aut
1702 1028 1928 1084 Nicazno
1968 1041 2106 1081 con-

513 1138 648 1193 cilio
671 1131 1010 1203 antiquioris
1046 1129 1232 1186 Patris
1260 1123 1636 1183 monumentis
1686 1131 1875 1191 aperte
1904 1119 2106 1175 tradita

413 1254 425 1269 σ
520 1229 735 1299 legatur
760 1227 1011 1281 Romana
1065 1224 1132 1278 de
1180 1219 1472 1292 praesentia
1532 1214 1700 1278 reali,
1734 1223 1791 1269 et
1826 1210 2109 1268 transsub-

518 1320 876 1378 stantiatione
911 1316 1161 1374 doctrina
1188 1356 1202 1381 ,
1237 1312 1377 1366 sicut
1414 1323 1515 1362 nec
1555 1316 1744 1376 postea
1810 1306 2105 1361 universa-

460 1444 471 1489 ς
519 1416 646 1469 liter
683 1412 740 1467 in
790 1409 1035 1465 Ecclesia
1073 1406 1176 1461 fuit
1212 1411 1428 1471 recepta
1460 1440 1475 1462 .
1512 1398 1609 1453 sed
1661 1406 1728 1457 ab
1762 1399 1885 1453 aliis
1920 1396 2107 1452 Patri-

462 1520 473 1540 ε
516 1508 657 1575 bus,
708 1504 1012 1576 praesertim
1070 1500 1393 1565 Africanis,
1433 1496 1775 1554 contrarium
1828 1500 2108 1546 assertum

520 1608 725 1671 pateat.
766 1616 784 1650 ι
813 1596 921 1652 Sed
955 1594 1086 1666 quid
1133 1594 1178 1648 si
1220 1592 1358 1648 falsa
1391 1592 1463 1647 sit
1495 1606 1559 1645 ea
1611 1586 1918 1658 suppositio
1946 1585 1969 1639 ?
1999 1582 2109 1640 Nec

519 1692 670 1749 enim
697 1692 835 1745 adeo
869 1689 1106 1743 ﬁdenter
1133 1699 1441 1755 proponere
1492 1682 1710 1736 videtur
1748 1678 1983 1735 Grabius
2008 1718 2023 1742 ,
2050 1684 2111 1731 ut

520 1794 675 1841 extra
707 1796 926 1840 omnem
954 1779 1317 1835 dubitationis
1357 1777 1532 1829 aleam
1583 1774 1819 1844 positam
1853 1786 1975 1827 esse
2008 1786 2109 1839 pu-

2212 562 2416 619 Cltristi
2466 561 2569 615 7':
2623 562 2717 615 Dei
2771 557 2941 612 verbo
3008 554 3413 610 sancttlicatum
3480 568 3665 622 panem
3722 570 3765 607 tn

2211 655 2303 710 Dei
2341 654 2504 708 Verbi
2535 668 2738 722 corpus
2769 646 3124 704 transmutari
3141 645 3219 699 ἠε
3258 665 3274 695 ι
3296 644 3377 700 sic
3413 646 3464 699 Ιιί
3496 645 3764 712 afﬁrmant,

2214 767 2231 799 ι
2257 763 2400 811 eam,
2450 746 2503 799 itt
2538 758 2643 814 qua
2671 758 2770 813 per
2806 741 3110 796 orationem
3150 740 3300 792 verbi
3344 754 3374 792 a
3404 737 3622 793 Christo
3662 754 3761 807 proo

2208 837 2336 893 fecti
2367 838 2559 908 gratia:
2584 846 2711 891 sunt
2743 844 2903 896 actae,
2944 832 3262 887 alimoniam
3285 871 3299 896 ,
3335 830 3606 883 incarnati
3646 829 3764 884 illius

2208 928 2334 984 Jesu
2382 937 2438 981 et
2495 941 2716 983 carnem
2769 934 2826 980 et
2896 924 3218 993 sanguinem
3273 919 3518 975 esse":
3574 920 3765 973 tuistum

2210 1024 2460 1086 calicem,
2506 1032 2562 1075 et
2616 1019 2824 1074 factum
2892 1031 3084 1087 panem
3131 1012 3497 1084 percipientia
3568 1014 3766 1065 verbum

2213 1116 2331 1180 hci,
2391 1112 2508 1169 ﬁeri
2558 1109 3010 1174 Eucharistiam,
3077 1106 3401 1177 sanguinem
3473 1112 3524 1159 et
3594 1119 3767 1172 corpus

2210 1206 2417 1262 Christi
2440 1206 2507 1259 ⁸ο.
2533 1224 2553 1258 t
2586 1203 3061 1273 Quemadmodum
3095 1202 3171 1255 illi
3205 1197 3580 1271 pronuntiant,
3603 1210 3767 1267 panem

2211 1309 2267 1353 et
2300 1300 2484 1351 vinum
2515 1296 2935 1351 consecratione
2996 1302 3247 1363 peracta,
3301 1308 3321 1342 ι
3358 1288 3650 1360 spectanda
3679 1304 3767 1343 non

2211 1405 2332 1468 esse
2360 1401 2616 1459 tanquam
2662 1403 2856 1458 panem
2910 1387 3115 1441 nudum
3143 1424 3158 1449 ,
3201 1393 3257 1439 et
3304 1384 3497 1439 vinum
3550 1381 3768 1445 nudum;
3838 1366 3841 1371 ’

2213 1497 2413 1553 corpus
2443 1484 2585 1537 enim
2617 1497 2739 1536 esse
2772 1491 2827 1535 et
2858 1480 3182 1549 sanguinem
3210 1474 3425 1532 Christi
3451 1515 3465 1539 ,
3498 1472 3767 1528 secundum

2213 1574 2390 1646 ipsius
2416 1572 2630 1629 Domini
2656 1573 2825 1629 verba
2852 1570 2938 1634 ἐς
2990 1586 3184 1644 panem
3237 1567 3640 1624 sanctiﬁcatum
3688 1580 3767 1635 per

2211 1669 2442 1721 verbum
2498 1665 2592 1720 Dei
2632 1674 2686 1720 et
2716 1664 3048 1731 orationem,
3081 1662 3266 1717 statim
3298 1660 3464 1716 Verbi
3496 1660 3548 1715 itt
3599 1674 3770 1729 corpus

2215 1758 2601 1822 transmutari,
2654 1756 2797 1811 sicut
2841 1756 3044 1809 dictum
3091 1764 3175 1809 est
3214 1770 3243 1807 a
3279 1752 3505 1807 Verbo:
3568 1750 3671 1804 Hoc
3708 1760 3768 1803 ett

520 1822 675 1841 ω...
707 1822 926 1840 υ.....ν...
954 1822 1317 1835 -...,......-...-
1358 1822 1532 1829 μη---
1586 1822 1818 1844 ,----____

520 1887 635 1941 tet;
670 1876 815 1947 quod
848 1875 984 1929 satis
1014 1872 1258 1927 indicant
1283 1885 1371 1932 ea,
1413 1869 1619 1936 quibus
1656 1864 1852 1929 utitur,
1890 1861 2054 1917 verba
2088 1876 2102 1914 :
2138 1822 2182 1879 Β
2215 1867 2405 1920 corpus
2430 1866 2600 1903 meum
2622 1849 2665 1880 ⁸⁸
2694 1864 2708 1901 =
2737 1868 2753 1899 δ
2789 1848 2867 1902 sic
2897 1857 2953 1902 el
2979 1847 3031 1901 ιιί
3056 1847 3236 1917 palam
3262 1846 3579 1907 enuntiaul.
3603 1861 3620 1893 ι
3644 1857 3767 1904 eum.

526 1990 544 2020 ι
591 1969 822 2025 ulterius
857 1978 1214 2037 progressum
1264 1961 1538 2016 lrenaaum
1582 1975 1691 2014 non
1724 1966 1854 2028 puto
1889 1974 1903 2010 :
1945 1956 2108 2010 istam

520 2063 853 2119 sententiam
914 2060 1104 2115 Irenaei
1157 2057 1328 2112 fuisse
1374 2055 1517 2111 haud
1590 2052 1893 2117 existimo;
1927 2068 1946 2101 ι
1987 2063 2111 2118 qua:

520 2157 795 2211 hominem
831 2156 1076 2226 privatas
1137 2153 1431 2224 Opiniones
1458 2190 1473 2215 ,
1523 2146 1618 2203 sed
1667 2144 1830 2215 paulo
1866 2141 2110 2201 timidius

521 2248 895 2317 proferentem
931 2247 1180 2302 nonnihil
1210 2246 1359 2300 olere
1406 2242 1685 2295 videntur.
1723 2236 1863 2304 Quid
1919 2235 1962 2289 si
1996 2233 2110 2287 Ire-

523 2355 690 2405 naeus,
723 2338 853 2410 quid
908 2338 952 2393 si
1014 2336 1264 2392 Justinus
1316 2333 1547 2403 Martyr,
1602 2330 1808 2396 aliique
1867 2323 2110 2383 concilio

520 2433 745 2489 Niceno
789 2431 1157 2501 antiquiores,
1207 2429 1349 2483 ident
1378 2444 1502 2483 cunt
1552 2424 1757 2496 Cyrillo
1796 2418 2113 2489 Hierosoly-

518 2526 761 2591 mitatto,
792 2523 1062 2592 Gregorio
1102 2519 1375 2591 Nysseno,
1404 2529 1460 2575 et
1499 2517 1626 2574 altis
1669 2510 1990 2571 senserint?
2035 2510 2111 2566 De

518 2619 727 2677 [remeo
754 2632 871 2674 rem
901 2614 1268 2671 certissimam
1323 2626 1447 2669 esse
1499 2613 1730 2668 cordan
1782 2606 1959 2666 cuivis
1986 2617 2113 2676 per-

521 2697 845 2767 suadebunt
899 2724 991 2771 ea,
1047 2720 1168 2776 qua:
1220 2704 1477 2775 superius
1529 2702 1888 2765 adduximus,
1944 2712 2112 2767 argu-

522 2812 730 2861 menta.
760 2803 824 2858 Et
855 2801 1122 2870 quidquid
1172 2800 1466 2856 cavilletur
1512 2796 1773 2861 Grabius,
1821 2800 1974 2850 tanta
2004 2790 2115 2846 sal-

526 2904 636 2950 tem
673 2933 689 2959 ,
714 2903 773 2948 ut
804 2902 959 2962 puto,
990 2906 1099 2946 non
1153 2892 1263 2948 erit
1293 2891 1445 2946 illius
1480 2889 1678 2945 ﬁducia
1699 2929 1713 2953 ,
1765 2900 1825 2942 ut
1856 2897 2113 2942 asserere

523 2985 728 3043 audeat
752 3000 839 3050 ea,
881 3000 1001 3055 quae
1028 2985 1147 3055 ipse
1189 2983 1243 3037 itt
1293 2981 1638 3037 contrarium
1683 2977 1916 3049 profert,
1953 2974 2110 3031 illum

524 3076 876 3134 certitttdinis
918 3077 1153 3144 gradum
1193 3073 1469 3143 attigisse,
1500 3071 1593 3141 qui
1633 3082 1852 3125 omnem
1880 3078 2112 3136 prorsus

2212 1946 2266 2000 in
2296 1960 2403 2014 quo
2430 1943 2621 2016 gratiae
2641 1950 2776 1994 aeta:
2804 1948 2955 2006 sunt,
2988 1954 3206 2010 panem,
3240 1938 3456 2005 vinum,
3495 1946 3547 1991 et
3576 1951 3765 2004 aquam,

2210 2053 2319 2093 non
2344 2045 2404 2090 ut
2430 2051 2779 2092 communem
2808 2047 3005 2103 panem
3034 2072 3051 2099 ,
3090 2046 3271 2102 neque
3328 2043 3667 2086 communem
3694 2042 3769 2096 po-

2212 2142 2328 2187 tum
2367 2131 2554 2197 sumi,
2613 2128 2709 2184 sed
2760 2138 2821 2183 ut
2850 2125 3119 2183 incarnati
3149 2123 3280 2180 Jesu
3314 2136 3536 2179 carnem
3582 2129 3633 2174 et
3660 2135 3767 2173 san-

2223 2224 2445 2295 guinem
2473 2222 2559 2288 ⁸³;
2600 2239 2621 2275 ι
2657 2236 2802 2283 eum,
2866 2238 2885 2271 ι
2924 2219 3017 2289 qui
3058 2234 3087 2271 a
3147 2227 3300 2271 terra
3353 2223 3440 2272 est
3481 2214 3645 2285 panis,
3674 2226 3771 2281 per-

2210 2317 2505 2386 cipientetn
2574 2314 2979 2369 invocationem
3033 2311 3129 2366 Dei
3168 2350 3185 2377 ,
3227 2309 3347 2379 jam
3396 2323 3505 2364 non
3554 2320 3767 2362 commu-

2211 2424 2335 2463 nem
2366 2421 2560 2479 panem
2606 2421 2752 2472 esse,
2820 2406 2915 2460 sed
2977 2402 3413 2469 Eucharistiam,
3466 2416 3534 2456 ex
3587 2398 3767 2453 duabus

2212 2499 2370 2574 [CLI]
2438 2501 2603 2554 rebus
2637 2508 3007 2562 constantem,
3068 2505 3289 2552 terrena
3315 2503 3372 2549 et
3409 2492 3616 2549 cmlesti
3656 2490 3713 2554 “,
3747 2508 3762 2541 t

2211 2606 2442 2662 corpore
2490 2591 2748 2645 videlicet
2799 2589 3007 2643 Christi
3038 2603 3068 2643 e
3121 2596 3342 2642 terrena
3396 2583 3619 2640 materia
3665 2596 3769 2635 con-

2211 2695 2393 2749 creto,
2432 2693 2488 2740 et
2516 2683 2695 2740 Verbo
2744 2683 2835 2737 Dei
2889 2683 3019 2736 huic
3067 2680 3413 2751 hypostatice
3459 2677 3623 2732 unito.
3646 2674 3769 2729 Sicut

2214 2778 2292 2832 illi
2322 2780 2538 2841 docent,
2576 2796 2594 2829 ι
2634 2775 2859 2831 Christo
2896 2776 3015 2843 ipso
3048 2776 3125 2828 sic
3156 2772 3489 2838 aliirmante,
3521 2782 3670 2839 atque
3699 2765 3767 2818 di-

2213 2881 2373 2927 cente
2422 2872 2489 2926 de
2549 2886 2737 2940 pane:
2776 2868 2889 2922 Hoc
2913 2877 2988 2921 est
3050 2883 3243 2934 corpus
3275 2881 3476 2927 meum,
3530 2861 3765 2916 neminem

2212 2964 2478 3033 deinceps
2535 2964 2739 3017 audere
2785 2960 3088 3016 dubitare:
3123 2958 3315 3012 eodem
3356 2970 3571 3027 quoque
3598 2951 3768 3007 conﬁr-

2213 3069 2399 3113 tnante
2447 3065 2501 3111 et
2556 3057 2809 3111 dicente:
2844 3054 2946 3107 llic
2997 3065 3071 3106 est
3096 3053 3316 3123 sanguis
3381 3067 3550 3113 meus,
3597 3046 3766 3101 nullum

523 3142 942 3226 dubitationem
979 3167 1209 3223 eximat.
1261 3166 1336 3222 Ut
1373 3164 1537 3235 igitur
1586 3163 1779 3220 demus
1828 3161 1996 3228 (absit
2052 3168 2108 3215 ut
2138 3182 2185 3245 ο
2217 3150 2335 3205 fore
2360 3150 2451 3220 qui
2475 3149 2708 3216 dubitet,
2728 3158 2786 3203 et
2814 3148 2964 3203 dicat
2983 3161 3089 3201 non
3118 3161 3241 3201 esse
3266 3144 3415 3199 illius
3448 3142 3763 3213 sanguinem:

523 3259 918 3329 concedamus)
950 3273 1105 3313 suam
1135 3257 1430 3315 Grabianis
1461 3254 1810 3325 argumentis
1842 3262 2113 3310 constare

524 3351 1008 3421 probabilitatem,
1064 3363 1134 3402 an
1163 3364 1272 3402 una
1329 3347 1728 3418 probabilitate
1788 3343 1891 3400 niti
1932 3352 2116 3415 potest

528 3444 694 3498 homo
749 3441 948 3498 salutis
1014 3456 1127 3496 suae
1188 3454 1381 3494 amans
1414 3478 1428 3504 ,
1465 3440 1600 3492 utin
1655 3453 1716 3493 re
1763 3437 1986 3493 maximi
2044 3436 2113 3492 ad

528 3532 759 3586 salutem
818 3539 1084 3585 aeternam
1159 3529 1475 3597 momenti,
1530 3545 1559 3583 a
1615 3530 1889 3585 communi
1947 3529 2115 3585 totius

526 3623 681 3679 orbis
726 3622 977 3678 doctrina
1038 3622 1359 3688 desciscat,
1396 3637 1562 3692 quant
1627 3621 1745 3693 ipse
1793 3621 2118 3692 antiquissi-

530 3732 786 3785 morutn,
838 3733 942 3772 non
982 3720 1163 3783 unius,
1226 3725 1322 3771 aut
1370 3716 1631 3781 alterius,
1686 3713 1782 3771 sed
1847 3714 2114 3785 plurium,

528 3824 833 3881 eorumque
884 3825 991 3865 non
1029 3808 1204 3864 inﬁmi
1243 3806 1741 3868 nominis,Patrum
1775 3804 2116 3862 auctoritate

530 3900 722 3957 fultam
757 3901 1040 3972 agnoscit;
1106 3901 1227 3957 aliis
1268 3899 1463 3955 saltem
1512 3897 1792 3965 Patribus,
1855 3906 1950 3952 aut
2004 3911 2116 3952 non

529 4002 721 4062 aperte
745 3995 1271 4061 contradicentibus,
1296 4002 1395 4047 aut
1416 4006 1483 4046 ea
1522 3990 1922 4046 aﬁirmantibus
1942 4031 1957 4057 ,
1994 4003 2119 4059 quae

531 4099 643 4140 non
678 4084 750 4139 ita
782 4084 983 4140 diﬁicili
1028 4086 1244 4157 negotio
1277 4084 1344 4138 ab
1373 4085 1462 4151 iis,
1495 4082 1588 4152 qui
1615 4082 1709 4137 uni
1756 4082 1978 4137 student
2022 4093 2120 4133 ve-

532 4178 709 4244 ritati,
768 4178 1031 4245 explicari
1078 4176 1326 4247 queant?
1378 4175 1600 4231 Certum
1636 4183 1721 4231 est
1781 4174 1933 4230 enim
1971 4172 2118 4229 nulla

534 4268 760 4325 Patrum
784 4269 1094 4325 testimonia
1119 4268 1255 4321 adeo
1287 4275 1475 4335 aperta
1508 4305 1525 4329 ,
1578 4266 1727 4320 clara
1750 4274 1800 4319 et
1828 4266 2118 4334 perspicua

532 4361 719 4416 all'erri
746 4376 905 4431 posse
933 4376 963 4414 a
984 4359 1424 4415 Protestatttibus
1459 4398 1474 4424 ,
1499 4367 1668 4429 atque
1692 4374 1792 4413 nos
1817 4358 2119 4414 aﬁ‘erimus.

533 4455 879 4513 Auctoritate
922 4455 1142 4527 quidem
1193 4451 1583 4508 Africanorum
1632 4452 1881 4516 Patrum,
1932 4453 1985 4508 id
2038 4462 2123 4508 est

2218 3244 2311 3314 qui
2358 3258 2555 3316 aquam
2609 3241 2905 3311 aliquando
2957 3240 3186 3295 mutavit
3236 3238 3292 3293 itt
3342 3236 3625 3302 vinum,in
3647 3232 3765 3287 Cana

2217 3336 2477 3401 Galilzeze,
2502 3335 2728 3407 dignum
2757 3349 2878 3390 esse
2904 3334 2992 3388 cui
3022 3332 3334 3397 credamus,
3361 3329 3502 3401 quod
3526 3327 3691 3381 vinum
3721 3322 3763 3375 in

2216 3430 2540 3499 sanguinem
2570 3430 3007 3493 'transmutavit;
3043 3426 3133 3495 qui
3162 3425 3229 3478 ad
3262 3424 3485 3495 nuptias
3513 3426 3765 3489 corporeat

2217 3521 2482 3577 invitatus
2502 3520 2831 3591 stupendum
2865 3518 3192 3573 miraculum
3218 3530 3485 3587 operatus
3506 3521 3605 3574 est,
3626 3507 3764 3563 multo

2219 3612 2396 3683 magis
2431 3626 2633 3683 corpus
2678 3620 2735 3667 et
2766 3610 3085 3683 sanguinem
3136 3625 3293 3663 suum
3346 3609 3470 3663 ﬁliis
3505 3603 3669 3675 sponsi
3694 3601 3765 3652 de-

2220 3706 2365 3761 disse
2386 3705 2759 3761 conﬁtendum
2814 3718 2935 3759 esse
2968 3721 2981 3758 :
3019 3718 3189 3772 quare
3224 3716 3354 3757 cum
3385 3698 3527 3756 omni
3569 3692 3764 3751 certitu-

2220 3796 2345 3852 dine
2370 3812 2575 3866 corpus
2606 3806 2661 3851 et
2694 3796 3015 3866 sanguinem
3046 3793 3249 3849 Christi
3289 3790 3604 3849 sumendum
3631 3796 3759 3839 esse;

2222 3906 2348 3946 nam
2381 3891 2483 3946 sub
2538 3889 2743 3960 specie,
2783 3890 2842 3942 ὲν
2871 3889 3048 3960 τύπῳ,
3076 3888 3235 3957 panis
3266 3886 3431 3942 datur
3480 3892 3679 3951 corpus.
3720 3880 3763 3927 ει

2220 3986 2322 4042 sub
2349 3986 2526 4054 specie
2558 3984 2666 4038 vini
2692 3984 2853 4037 datur
2874 3981 3096 4052 sanguis
3127 3998 3141 4035 :
3174 3979 3425 4050 quamvis
3455 3987 3633 4032 sensus
3653 3980 3759 4024 con-

2223 4077 2454 4133 trarium
2488 4082 2767 4146 suggerat,
2802 4074 2964 4144 ﬁdem
2994 4080 3183 4127 tamen
3214 4070 3545 4126 conﬁrmare
3563 4064 3756 4120 debere.

2222 4188 2289 4229 ex
2321 4180 2481 4241 gustu
2511 4184 2624 4226 rem
2667 4164 3019 4234 iudicandam
3089 4181 3195 4221 non
3253 4180 3398 4230 esse,
3438 4162 3563 4233 quin
3615 4153 3759 4224 potius

2223 4265 2531 4323 certissima
2590 4261 2717 4325 ﬁde,
2781 4265 2835 4313 et
2860 4255 2997 4312 citra
3051 4255 3443 4314 dubitationem
3471 4244 3755 4307 credentium

2224 4375 2367 4423 esse,
2398 4355 2602 4413 Christi
2628 4370 2827 4424 corpus
2858 4361 2914 4408 et
2963 4351 3287 4422 sanguinem
3338 4346 3493 4405 nobis
3521 4343 3625 4397 dari
3646 4335 3754 4424 “il

2226 4448 2688 4525 quemadmodum
2718 4422 2743 4498 ἑ
2770 4458 2970 4515 corpus
2997 4442 3220 4507 Christi,
3277 4440 3374 4498 Dei
3403 4434 3559 4495 Verbi
3582 4422 3759 4485 inhabi-

536 4545 865 4603 Tertulliani
890 4546 1217 4618 ,Augustini
1245 4590 1260 4617 ,
1313 4558 1371 4602 et
1412 4544 1657 4602 Facundi
1706 4545 2120 4601 llermianensis
2151 4536 2199 4597 υ
2227 4547 2431 4602 tatione
2467 4544 2535 4598 ad
2572 4540 2814 4598 divinam
2852 4546 3280 4592 transmutatum
3312 4541 3398 4590 est
3438 4526 3755 4600 dignitatem;

539 4640 814 4712 gloriatur
853 4640 1124 4707 Grattius;
1174 4640 1270 4696 sed
1320 4640 1366 4695 si
1411 4640 1593 4709 legere
1649 4654 1756 4694 non
1814 4639 1995 4709 pigeat
2033 4649 2117 4695 to-

538 4749 686 4788 mum
718 4731 783 4787 ιιι
831 4731 1210 4803 Perpetuitalts
1253 4732 1403 4802 ﬁdei,
1433 4730 1644 4787 Gallice
1674 4740 1939 4802 scriptum
1968 4731 2121 4801 (Gal-

539 4825 645 4882 liee
680 4827 881 4899 quippe
927 4827 1032 4883 scit
1063 4827 1145 4880 vir
1184 4827 1425 4896 doetus),
1451 4826 1497 4882 si
1528 4824 1654 4895 quis
1698 4823 1869 4878 animi
1916 4823 2123 4880 candor

539 4920 646 4988 sit,
676 4935 871 4975 vanam
926 4937 1050 4977 esse
1099 4919 1487 4991 gloriationem
1533 4920 1643 4976 cito
1697 4920 2121 4976 animadvertet.

612 5014 701 5071 99.
734 5014 957 5071 interim
1005 5031 1137 5071 vero
1169 5015 1433 5088 Cyrillum
1479 5013 2038 5085 Iiierosolymitanum
2069 5023 2126 5068 et

540 5110 868 5182 Gregorium
903 5109 1211 5180 Nyssenum
1242 5122 1365 5164 cum
1392 5104 1613 5161 Justino
1641 5113 1697 5162 et
1734 5105 1941 5160 lrenaeo
1985 5119 2119 5161 con-

541 5205 687 5261 ferat
709 5242 726 5270 ,
784 5212 844 5259 et
888 5216 999 5273 quo
1023 5201 1113 5256 alii
1145 5203 1214 5258 ab
1244 5201 1354 5257 illis
1412 5197 1673 5256 diﬁ‘erant
1707 5196 1855 5252 dicat
1909 5196 2045 5268 ipse,
2076 5197 2120 5250 si

546 5299 741 5371 possit.
771 5294 1244 5363 Quemadmodum
1268 5295 1416 5349 enim
1445 5299 1700 5347 asserunt
1733 5289 1837 5354 illi,
1868 5306 1887 5339 t
1923 5304 2122 5359 panetn

546 5398 603 5444 et
653 5387 838 5442 vinum
892 5383 1292 5449 Eucharistiaa,
1348 5394 1478 5438 ante
1528 5395 1749 5437 sacram
1808 5375 2119 5434 invocatio—

548 5493 673 5536 nem
708 5476 1002 5533 adorandae
1042 5475 1330 5531 Trinitatis
1359 5515 1376 5542 ,
1434 5491 1629 5546 panem
1658 5488 1788 5529 esse
1834 5483 1888 5527 et
1936 5471 2122 5526 vinum

550 5586 800 5637 merum;
832 5576 1055 5639 peracta
1079 5582 1206 5625 vero
1251 5568 1618 5633 invocatione,
1650 5580 1848 5636 panem
1903 5562 2124 5633 quidem

622 5711 668 5744 τ’
706 5708 896 5782 Cyrill.

554 5784 600 5817 '°
626 5779 792 5844 irenl,
826 5781 862 5834 l.
906 5797 960 5843 ν,
1003 5798 1056 5836 c.
1093 5780 1152 5843 9.,
1184 5796 1241 5834 n.
1282 5779 1336 5831 5.

557 5854 603 5888 ⁸⁸
632 5850 802 5921 iter...
836 5851 873 5908 l.
910 5866 986 5920 tv,
1023 5868 1074 5910 c.
1112 5850 1195 5919 18,
1233 5867 1287 5906 n.
1322 5848 1375 5903 5.

1000 5708 1297 5775 Hierosol.,
1354 5708 1579 5765 Catech.
1629 5706 1652 5759 Ι
1719 5703 1954 5774 Mystag.

1474 5847 1518 5879 ⁸⁸
1552 5843 1742 5919 Cyrill.
1775 5843 1897 5901 Cat.
1933 5857 2007 5899 tv.

1443 5778 1494 5877 ’ζ
1526 5776 1716 5862 Cyrill.
1768 5763 2060 5857 llierosol.,
2094 5769 2323 5824 Catech.
2375 5763 2429 5851 tv
2488 5768 2644 5847 Myst.
2740 5763 2785 5793 ⁸¹

1500 5848 1518 5879 ⁸
1552 5846 1742 5909 Cyrtii.
1775 5850 1897 5901 ttat.
1933 5857 2007 5899 tv.
2106 5841 2151 5872 "
2182 5838 2347 5909 Greg.
2388 5837 2451 5894 ΙΝ.
2508 5845 2599 5891 ett.
2692 5834 2738 5867 ⁸⁷
2768 5830 2785 5886 ,1

2230 5854 2347 5896 res.
2389 5854 2451 5894 Π.
2508 5854 2599 5891 (ιιι.

2228 4648 2375 4694 recte
2403 4652 2550 4692 nunc
2582 4649 2797 4706 quoque
2828 4633 2922 4688 Dei
2972 4630 3141 4686 verbo
3183 4626 3572 4683 sanctiﬁcatum
3598 4620 3755 4706 panctn

2218 4730 2445 4787 credere
2470 4743 2572 4783 nos
2599 4727 2651 4781 in
2679 4726 2774 4782 Dei
2809 4724 2975 4779 Verbi
3030 4734 3230 4791 corpus
3262 4710 3621 4773 transmutari,
3644 4710 3690 4758 et
3716 4700 3755 4752 in

2218 4817 2354 4872 illud
2388 4813 2870 4870 trauselementari
2922 4825 3137 4873 eorum,
3170 4821 3294 4877 quae
3338 4804 3602 4875 apparenl.
3634 4796 3757 4844 "3w"

2221 4926 2337 4965 ram
2370 4908 2437 4963 “.
2476 4927 2494 4960 ›
2530 4904 2623 4961 Sic
2646 4914 2701 4960 et
2725 4904 2779 4959 hi
2809 4902 3133 4973 praedicant,
3175 4918 3195 4953 ι
3224 4887 3655 4969 quemadmodum
3682 4888 3756 4948 ll"

2223 5000 2447 5054 verbum
2490 4998 2583 5053 Dei
2615 5010 2746 5051 caro
2800 4993 2982 5050 factus
3030 4990 3194 5048 Iesus
3247 4989 3493 5046 Christus
3539 4978 3756 5034 Servator

2224 5102 2412 5147 noster
2445 5128 2461 5156 ,
2512 5100 2811 5144 etcarnem
2875 5095 2932 5143 et
2975 5084 3302 5159 sanguinem
3353 5078 3540 5139 salutis
3588 5072 3754 5159 nostra!

2219 5198 2388 5238 causa
2416 5180 2650 5248 habuit;
2687 5179 2761 5234 ita
2791 5192 3012 5249 quoque
3042 5153 3189 5242 eam,
3224 5176 3280 5231 in
3326 5187 3435 5246 qua
3475 5181 3567 5241 per
3586 5153 3754 5214 oralio-

2222 5291 2347 5331 nem
2383 5272 2535 5329 verbi
2565 5272 2632 5327 ab
2663 5272 2785 5343 ipso
2808 5270 3049 5342 profecti
3066 5268 3261 5339 gratia:
3287 5274 3411 5321 sunt
3443 5272 3568 5316 actae
3594 5252 3751 5308 alimo-

2223 5370 2392 5433 niam,
2418 5366 2689 5421 incarnati
2718 5364 2862 5419 illius
2883 5362 3012 5418 Jesu
3060 5371 3115 5418 et
3145 5374 3364 5418 carnem
3400 5366 3453 5413 et
3480 5343 3753 5417 sanguinem

2223 5475 2345 5519 esse
2367 5460 2596 5517 edoctos
2650 5474 2749 5515 nos
2794 5470 2917 5513 esse
2945 5456 2989 5488 ⁸⁷
3018 5471 3034 5521 ;
3091 5473 3115 5509 ι
3157 5453 3460 5512 Christum,
3491 5462 3508 5496 t
3542 5437 3748 5497 calicem:

2226 5557 2319 5627 qui
2368 5564 2454 5612 est
2502 5568 2570 5610 ex
2617 5566 2682 5609 ea
2731 5559 3015 5617 creatura,
3065 5563 3188 5619 qua:
3220 5556 3308 5602 est
3339 5536 3612 5600 secundum
3656 5535 3751 5579 n05.

2062 5700 2110 5733 "
2141 5691 3006 5765 Greg.N.,0rat.eatb.,cap.57.
3043 5693 3131 5765 _""
3168 5673 3750 5765 “stimuli-{39°23}:

2871 5738 3006 5828 Fe'g'.’
3037 5760 3130 5831 Ν..
3166 5738 3402 5820 ἑῇἶ“”έι
3436 5738 3635 5806 insuit,
3672 5738 3756 5785 cil-

2692 5834 2738 5867 ⁸⁷
2768 5830 2966 5888 lustio.
2999 5831 3093 5890 cit.
