3924 6354
213 425 320 477 ’ἑοῖό

1170 408 1624 465 DISSERTA'I‘IO
1667 407 1751 471 IIl,
1792 406 1879 461 DE
1918 403 2176 460 ΙΙΙΕΝΑΞΙ
2211 403 2589 461 DOCTRINA.

3372 404 3478 460 554

213 557 369 596 suum
399 538 717 607 sanguinem
745 533 1053 589 confessum
1089 545 1212 586 esse
1256 531 1302 561 ⁸⁸
1329 550 1342 586 :
1379 539 1636 584 constare
1666 541 1791 583 eum
1823 533 1865 590 Α
1896 524 2263 581 Christianum
2289 523 2617 589 invexerint,
2647 522 2699 575 id
2733 532 2838 577 tam
2870 524 3060 594 paucis
3087 524 3292 590 verbis,
3312 526 3482 595 stylo-

214 648 431 704 panem,
462 630 516 685 in
543 644 651 698 quo
705 627 893 698 gratia:
949 636 1087 681 acta:
1141 624 1272 690 sint,
1306 637 1503 691 corpus
1531 636 1651 677 esse
1688 621 1790 676 Do-

214 727 344 781 mini
370 724 568 785 nostri,
594 731 650 777 et
681 720 909 776 calicem
935 717 1221 787 sanguinis
1261 717 1380 787 ejus
1410 716 1454 748 ⁸⁹
1496 734 1515 769 ι
1550 729 1674 769 esse
1699 729 1791 767 ca-

211 819 367 873 licem
395 836 409 870 :
449 834 467 866 ε
507 814 824 879 Dominum,
855 810 946 881 qui
974 825 1032 864 se
1059 809 1257 864 Filium
1298 806 1542 863 hominis
1567 808 1798 861 conlite-

213 912 392 971 hatur,
428 922 629 978 panem
656 919 814 959 suum
843 916 1049 971 corpus
1075 916 1194 956 esse
1220 898 1530 955 confessum
1562 911 1706 963 esse,
1742 908 1797 952 et

210 1008 711 1068 temperamentum
761 997 948 1052 calicis
993 1012 1153 1051 suum
1216 994 1536 1064 sanguinem
1597 992 1797 1047 conﬁr-

210 1107 388 1145 masse
418 1092 463 1123 ³⁸
498 1109 513 1145 :
551 1106 675 1144 eum
694 1090 945 1154 calicem,
970 1088 1062 1158 qui
1092 1094 1176 1141 est
1203 1096 1481 1150 creatura,
1516 1084 1793 1155 proprium

210 1184 531 1253 sanguinem
563 1181 879 1237 confessum
908 1195 1050 1244 esse,
1084 1191 1140 1233 et
1173 1193 1298 1232 eum
1342 1193 1563 1247 panem,
1593 1174 1687 1245 qui
1714 1187 1797 1230 est

210 1292 238 1329 a
271 1284 545 1338 creatura,
577 1276 854 1344 proprium
884 1288 1084 1343 corpus
1116 1285 1460 1326 asseverasse
1494 1288 1507 1324 :
1538 1269 1799 1339 quemad-

211 1370 425 1425 modum
457 1386 694 1439 granum
723 1368 887 1423 tritiei
917 1367 1176 1421 decidens
1204 1368 1254 1421 in
1288 1376 1515 1432 terram,
1537 1375 1590 1420 et
1620 1365 1801 1420 disso-

212 1462 403 1524 lutum,
434 1461 723 1530 multiplex
775 1460 951 1529 surgit
992 1474 1090 1527 per
1139 1459 1392 1527 Spiritum
1435 1456 1526 1511 Dei
1560 1473 1576 1521 ;
1606 1456 1800 1510 deinde

213 1570 308 1623 per
334 1554 664 1623 sapientiam
692 1554 787 1607 Dei
833 1571 850 1605 ι
881 1554 1225 1606 convertitur
1266 1550 1321 1605 in
1353 1564 1569 1620 panem,
1595 1556 1655 1602 ut
1691 1567 1710 1600 ι
1744 1548 1797 1602 in

215 1661 365 1699 nsum
392 1646 640 1701 hominis
670 1645 870 1699 veniat.
903 1665 923 1699 ι
962 1661 1025 1699 ac
1054 1645 1273 1699 demum
1299 1660 1317 1694 t
1346 1642 1655 1712 percipiens
1676 1656 1802 1695 ver-

216 1742 335 1792 hum
364 1738 456 1791 Dei
492 1736 840 1791 Eueharistia
872 1734 953 1801 ﬁt,
992 1735 1134 1805 quod
1162 1743 1245 1789 est
1274 1748 1472 1802 corpus
1496 1742 1550 1788 et
1577 1732 1802 1803 sanguis

216 1825 460 1891 Christi;
501 1825 583 1879 sic
621 1834 676 1879 et
703 1840 936 1894 corpora
968 1834 1155 1879 nostra
1192 1837 1258 1877 ex
1290 1837 1354 1877 ea
1382 1824 1608 1890 nutrita,
1642 1832 1696 1878 et
1723 1838 1804 1877 re-

217 1920 388 1986 posita
416 1917 471 1970 in
510 1924 743 1981 terram,
771 1925 828 1971 et
856 1915 1104 1971 resoluta
1137 1915 1189 1969 in
1218 1929 1306 1981 ea,
1339 1934 1358 1968 ι
1392 1915 1589 1970 iterum
1616 1924 1799 1969 trans-

216 2018 427 2062 mutata
460 2010 520 2062 in
551 2024 780 2063 carnem
819 2025 837 2059 ι
878 2016 1259 2064 resurrectura
1289 2007 1345 2062 in
1382 2022 1481 2063 suo
1533 2014 1801 2077 tempore,

216 2098 393 2155 Verbo
428 2100 528 2155 Dei
560 2102 1025 2155 resurrectionem
1056 2101 1133 2153 eis
1178 2100 1449 2167 donante;
1479 2110 1539 2155 ut
1564 2100 1804 2156 sciamus

216 2204 264 2244 et
290 2194 419 2259 quid
460 2193 607 2246 Deus
640 2203 844 2261 potest,
886 2204 940 2247 et
998 2194 1129 2262 quid
1168 2195 1332 2250 homo
1378 2194 1629 2249 beneﬁcii
1658 2195 1804 2249 acci-

218 2285 291 2353 pit
332 2285 402 2336 9‘.
468 2302 489 2336 ι
561 2283 811 2352 Denique
841 2282 1085 2354 Cyrillus
1150 2296 1205 2341 et
1253 2286 1553 2356 Gregorius
1604 2288 1802 2353 aiunt,

223 2394 241 2425 ι
280 2374 486 2429 Christi
520 2390 723 2444 corpus
775 2386 829 2429 et
857 2377 1182 2445 sanguinem
1234 2379 1285 2431 in
1320 2379 1563 2433 membra
1613 2390 1803 2435 nostra

219 2467 496 2532 distribui,
548 2466 645 2518 τοῦ
720 2466 971 2536 σώματος
1000 2466 1165 2521 αὐτοῦ
1203 2469 1295 2521 καὶ
1329 2468 1421 2521 τοῦ
1453 2470 1685 2540 αἵματος
1719 2471 1801 2535 εἰς

218 2561 283 2613 τὰ
319 2560 571 2631 ἡμέτερα
602 2559 985 2628 ἀναδιδομένου
1023 2558 1180 2629 μέλη,
1202 2575 1440 2629 mosque
1476 2576 1537 2614 ea
1586 2562 1806 2617 ratione

224 2672 240 2699 ι
274 2653 393 2705 ﬁeri
427 2667 600 2704 unum
630 2666 755 2704 cum
812 2652 1035 2705 Christo
1086 2665 1286 2719 corpus
1309 2661 1363 2705 et
1397 2653 1740 2723 sanguinem,
1782 2674 1800 2707 ι

219 2757 281 2795 ac
325 2760 344 2791 ι
388 2741 830 2811 Christophoros
852 2742 899 2773 ⁹²
933 2761 946 2795 :
986 2760 1004 2795 ι
1043 2741 1245 2796 Christi
1283 2760 1300 2791 ι
1331 2758 1535 2812 corpus
1586 2746 1807 2800 immor-

221 2835 324 2889 tale
361 2849 463 2903 per
515 2848 669 2888 esum
691 2844 747 2888 et
775 2834 1049 2903 potionem
1107 2836 1322 2889 misceri
1359 2836 1662 2893 visceribus
1710 2852 1808 2893 no-

221 2930 372 2990 stris,
401 2944 499 2998 per
526 2943 753 2983 carnem
784 2928 950 2982 inseri
982 2929 1239 2983 omnibus
1263 2930 1629 2995 credentibus,
1654 2945 1807 2985 com-

222 3021 444 3073 mistum
478 3028 534 3071 et
567 3027 1038 3087 contemperatum
1094 3021 1419 3088 corporibus
1469 3021 1809 3076 credentium

217 3110 282 3164 ’³.
324 3129 344 3163 ι
374 3108 628 3165 Justinus
650 3120 705 3165 et
731 3110 966 3165 Irenazus
995 3112 1186 3166 dicunt
1218 3130 1237 3164 t
1273 3130 1339 3167 ex
1384 3129 1445 3168 ea
1471 3115 1523 3168 in
1549 3130 1655 3185 qua
1683 3129 1812 3185 gra-

1895 632 2000 687 que
2056 616 2292 686 simplici
2323 631 2386 672 ac
2411 617 2622 681 sedato,
2654 617 3047 686 exposuerint;
3097 618 3385 688 nullosque
3416 633 3482 673 eo

1898 705 1950 762 in
1985 707 2206 772 saeculo,
2233 722 2343 776 quo
2377 715 2490 760 tum
2524 704 2834 760 sanctitatis
2881 715 2937 761 et
2969 707 3294 762 eruditionis
3322 706 3485 762 laude

1898 800 2129 855 ﬂorebat
2153 797 2417 863 Ecclesia,
2443 812 2508 851 ea
2538 797 2589 849 in
2620 812 2680 851 re
2726 799 2938 866 experti
2991 799 3195 853 ruerint
3226 798 3485 852 adversa-

1900 894 2032 955 rios,
2088 906 2158 945 ne
2216 890 2435 960 quidem
2475 888 2707 942 Arianos
2753 889 2918 956 ipsos,
2954 890 3352 944 infensissimos
3389 904 3487 943 eo-

1897 1000 2019 1039 rum
2041 984 2256 1048 hostes;
2277 980 2452 1034 nullos
2470 978 2684 1031 demum
2704 980 2794 1045 qui
2820 990 3195 1048 portentosum
3218 993 3485 1043 errorem,

1899 1087 2009 1143 quo
2062 1074 2230 1125 trium
2275 1071 2523 1140 priorum
2595 1068 2923 1124 saaculorum
2983 1070 3116 1124 ﬁdes
3152 1111 3167 1132 ,
3238 1069 3489 1138 plurimis

1898 1167 2078 1235 quarti
2104 1165 2289 1219 saeculi
2315 1163 2570 1219 Patribus
2599 1165 2763 1235 probe
2789 1172 2938 1227 nota,
2974 1173 3078 1216 tam
3102 1162 3245 1217 Rede
3275 1162 3488 1216 labefa-

1903 1260 2180 1321 ctabatnr,
2240 1257 2363 1311 data
2422 1272 2587 1323 Opera
2642 1255 3003 1318 confutarint,
3055 1256 3324 1322 avitasque
3362 1251 3488 1308 ﬁdei

1902 1350 2213 1405 desertores
2240 1348 2401 1403 simul
2434 1360 2489 1402 et
2538 1346 2895 1403 eversoresin
2932 1345 3181 1400 conciliis
3205 1354 3316 1399 tum
3351 1353 3493 1399 tem-

1902 1443 2049 1512 poris
2110 1440 2575 1511 frequentissimis
2634 1440 2882 1494 damnari
2959 1437 3326 1493 curaverint?
3379 1435 3492 1493 Sed

1903 1550 2098 1591 vereor
2124 1549 2191 1588 ne
2218 1541 2375 1587 extra
2411 1531 2764 1602 praescriptos
2796 1530 3000 1583 limites
3038 1539 3354 1584 cxcurreret
3380 1530 3489 1585 dis-

1902 1629 2149 1684 sertatio.

1980 1723 2101 1777 100.
2134 1720 2192 1775 Si
2230 1720 2361 1791 quid
2394 1727 2576 1773 autem
2630 1715 2701 1771 cI.
2732 1714 2940 1771 Grabio
2987 1714 3243 1786 gratulati
3273 1729 3487 1783 sumus,

1905 1816 2051 1885 quod
2083 1815 2196 1869 suis
2220 1814 2431 1882 sequior
2465 1812 2698 1879 ingenue
2721 1808 3005 1863 conlessus
3028 1806 3199 1862 fuerit
3223 1806 3494 1861 Euchari-

1906 1909 2067 1963 stiam
2094 1922 2217 1963 esse
2242 1922 2433 1961 verum
2488 1918 2642 1959 nova:
2670 1902 2806 1972 legis
2832 1899 3196 1963 sacriﬁcium,
3224 1912 3287 1952 ac
3314 1897 3492 1967 Cyril-

1904 2001 2017 2056 lum
2078 1998 2679 2069 Ilierosolymitanum,
2742 1992 3070 2063 Gregorium
3137 1989 3487 2060 hyssenum;

1904 2095 2200 2165 pluresque
2247 2091 2437 2146 Patres
2464 2088 2763 2144 credidisse
2805 2084 3013 2139 Christi
3044 2096 3245 2153 corpus
3278 2091 3334 2135 et
3362 2096 3488 2136 san-

1905 2187 2125 2257 guinem
2160 2184 2212 2237 in
2268 2184 2460 2236 eadem
2486 2178 2831 2235 Eucharistia
2860 2192 2959 2244 per
2980 2189 3167 2230 veram
3212 2186 3268 2228 et
3292 2173 3493 2227 realem

1906 2277 2063 2347 panis
2091 2284 2147 2329 et
2174 2272 2284 2327 vini
2314 2268 2833 2327 transmutationem
2866 2267 2985 2322 sisti
3034 2266 3403 2336 corporaliter
3438 2272 3496 2317 et

1906 2362 2352 2421 substantialiter
2383 2358 2706 2429 praesentia;
2754 2372 2920 2412 unum
2966 2366 3046 2412 est
3082 2356 3227 2427 quod
3250 2352 3496 2426 justissi-

1908 2477 2054 2519 mam
2086 2466 2228 2533 apud
2287 2474 2475 2515 omnes
2505 2456 2988 2527 reprehensionem
3030 2462 3326 2517 mereatur,
3350 2451 3495 2519 quod

1908 2556 2166 2610 nimirum
2196 2562 2394 2623 praeter
2413 2551 2503 2621 jus
2523 2558 2579 2604 et
2607 2548 2691 2603 fas
2720 2550 2925 2603 Irenaeo
2973 2546 3370 2602 intolerandum
3408 2558 3497 2599 er—

1910 2663 2090 2703 rorem
2144 2646 2382 2713 alIingat.
2433 2643 2738 2699 Occasione
2768 2640 3036 2709 siquidem
3087 2653 3277 2694 eorum
3306 2636 3362 2690 S.
3397 2634 3500 2689 Do-

1910 2744 2077 2797 ctoris
2113 2741 2437 2805 verborum,
2494 2752 2616 2808 quae
2668 2737 2928 2805 leguntur
2956 2732 3053 2785 lib.
3081 2746 3155 2795 tv,
3184 2745 3235 2785 c.
3269 2729 3324 2793 8,
3348 2744 3405 2782 n.
3438 2726 3492 2787 5,

1910 2835 1980 2891 al.
2008 2850 2125 2904 cap.
2150 2834 2221 2887 20
2251 2857 2262 2889 ;
2295 2852 2312 2885 t
2347 2832 2550 2887 Omnes
2573 2831 2705 2899 justi
2737 2824 3131 2883 sacerdotalem
3186 2822 3389 2877 habent
3410 2836 3498 2875 or-

1908 2928 2129 2994 dinem,
2163 2945 2182 2979 ι
2212 2924 2472 2981 scribitin
2497 2922 2662 2984 notis,
2697 2936 2717 2969 ι
2766 2919 3026 2972 Irenamm
3061 2914 3116 2968 in
3150 2916 3340 2970 eadem
3383 2915 3497 2969 fere

1910 3035 2032 3075 cum
2058 3017 2397 3072 Tertulliano
2411 3013 2682 3071 sententia
2708 3011 2880 3064 luisse
2907 3010 3098 3070 videri,
3135 3011 3278 3078 quod
3306 3024 3499 3064 omnes

1910 3110 2099 3165 ﬁdeles
2124 3109 2236 3163 sint
2282 3104 2602 3161 sacerdotali
2632 3102 2826 3158 ordine
2853 3115 2915 3155 ac
2944 3108 3216 3169 potestate
3262 3100 3496 3168 przediti,

222 3204 306 3258 tire
350 3214 665 3271 suutactae,
716 3205 999 3269 alimonia,
1060 3207 1333 3261 incarnati
1365 3207 1493 3262 Jesn
1531 3224 1699 3262 carne
1755 3217 1805 3264 et

1913 3200 2141 3269 ejusque
2174 3197 2530 3260 exercitium,
2573 3194 2664 3247 ubi
2717 3191 3022 3245 necessitas
3064 3189 3314 3259 requirit,
3343 3189 3500 3243 obire

223 3296 513 3365 sanguine,
559 3298 887 3367 sanguinem
918 3307 972 3352 et
1000 3312 1198 3353 carnes
1252 3309 1468 3354 nostras
1502 3315 1598 3370 per
1633 3308 1808 3356 muta-

227 3392 425 3442 tionem
453 3390 526 3442 ali
555 3388 603 3421 "
636 3407 648 3442 :
689 3405 910 3444 carnem
948 3409 967 3443 ι
1001 3402 1241 3446 nostram
1277 3409 1294 3442 ‹
1331 3406 1558 3462 corpore
1594 3392 1808 3448 Domini

222 3491 271 3532 et
295 3485 571 3550 sanguine
603 3481 672 3534 ali
708 3502 719 3535 :
752 3497 817 3537 eo
837 3482 1027 3547 calice,
1057 3498 1222 3551 quem
1264 3485 1544 3554 proprium
1582 3487 1807 3556 sangui-

226 3590 341 3626 nem
377 3573 672 3629 confessus
693 3584 806 3637 est,
860 3578 1049 3644 augeri
1099 3586 1343 3631 nostrum
1377 3578 1720 3647 sanguinem,
1755 3585 1811 3632 et

223 3681 282 3721 eo
312 3682 481 3736 pane,
512 3681 675 3735 quem
715 3667 997 3737 proprium
1060 3683 1260 3737 corpus
1307 3668 1674 3732 conﬁrmavit,
1715 3685 1812 3724 no-

223 3770 328 3814 stra
349 3760 543 3829 augeri
589 3775 845 3829 corpora,
879 3760 1186 3815 consistere
1220 3762 1402 3816 carnis
1446 3771 1646 3816 nostra:
1685 3763 1814 3816 sub-

225 3855 507 3919 stantiam,
540 3851 759 3917 nutriri,
793 3861 903 3909 etc.
928 3851 996 3905 ’⁸.
1028 3870 1046 3903 ι
1082 3850 1281 3906 Omnia
1306 3855 1421 3908 bare
1451 3854 1588 3908 adeo
1612 3853 1811 3908 similia

227 3957 374 4010 sunt,
396 3948 537 4001 adeo
558 3945 768 4007 eadem,
802 3944 1006 3999 eaedem
1039 3945 1263 4001 omnino
1282 3945 1584 4011 sententiae,
1614 3954 1668 4001 et
1697 3953 1811 3999 tan-

231 4051 334 4094 tum
363 4056 472 4094 non
501 4039 697 4094 eadem
730 4038 919 4104 verba,
978 4050 1036 4094 ut
1068 4039 1316 4109 quisquis
1373 4053 1712 4109 unaquaeque
1744 4055 1811 4094 ex

228 4133 504 4201 aequitatis
564 4146 756 4185 norma
808 4131 1103 4197 aastimare,
1134 4145 1235 4185 nec
1268 4128 1467 4199 iniquis
1520 4131 1812 4185 momentis

229 4228 533 4297 ponderare
576 4223 833 4287 voluerit,
882 4222 1079 4292 oppido
1135 4221 1366 4277 fateatur
1396 4236 1555 4276 ovum
1587 4237 1690 4275 ovo
1731 4222 1808 4277 si-

228 4321 408 4374 milins
446 4331 576 4372 esse
617 4331 724 4371 non
754 4330 936 4385 posse.
965 4315 1022 4369 Si
1050 4316 1219 4385 igitur
1244 4314 1429 4385 Cyrilli
1456 4324 1511 4369 et
1562 4312 1810 4382 Gregorii

227 4415 384 4469 dictis
410 4412 612 4467 ﬁctilia
643 4410 733 4464 illa
765 4408 963 4464 solutio
990 4408 1175 4480 ﬁgura:
1207 4407 1466 4475 eﬂicacis,
1508 4417 1562 4465 et
1595 4410 1813 4465 virtutis

228 4508 429 4563 Christi
458 4505 710 4576 corporis
740 4504 940 4575 aptari,
996 4504 1231 4574 ipsomet
1282 4503 1425 4559 ultro
1482 4505 1812 4560 concedente

1914 3302 2157 3364 queant;
2196 3290 2329 3345 licet
2368 3285 2650 3343 ordinaria
2685 3284 2894 3339 functio
2950 3281 3171 3337 nonnisi
3221 3280 3499 3336 ordinatis

1915 3388 1982 3441 ad
2015 3399 2173 3441 sacra
2200 3382 2384 3437 munia
2430 3379 2696 3435 ministris
2732 3386 3032 3447 competat.
3069 3394 3089 3428 ι
3118 3375 3257 3429 Tum
3292 3375 3496 3429 decan-

1917 3488 2088 3533 tatum
2116 3476 2265 3531 illum
2293 3472 2615 3527 Tertulliani
2665 3470 2844 3525 locum
2892 3485 2957 3525 ex
2985 3469 3079 3523 lib.
3116 3467 3192 3521 De
3229 3466 3495 3522 exhorret.

1914 3570 2118 3632 castit.,
2153 3582 2204 3622 c.
2226 3566 2279 3629 7,
2324 3564 2545 3634 allegat,
2582 3560 2846 3632 pluraque
2890 3560 3039 3614 addit
3069 3572 3170 3613 nec
3208 3556 3499 3612 admodum

1913 3663 2184 3724 consulta,
2225 3674 2324 3712 nec
2349 3657 2414 3711 ad
2444 3671 2556 3709 rem
2588 3653 2869 3708 facientia.
2909 3652 3004 3707 Sic
3059 3651 3203 3707 forte
3241 3649 3496 3717 scripsis-

1914 3763 1998 3809 set
2024 3752 2320 3807 Puritanus
2354 3749 2651 3818 quispiam,
2682 3744 2843 3800 obvia
2867 3757 3099 3813 qumque
3132 3741 3354 3797 Patrum
3379 3740 3498 3793 loca

1917 3856 2120 3902 temere
2158 3843 2479 3905 corradens,
2535 3850 2593 3892 ut
2622 3839 2965 3905 desperatam
3022 3848 3240 3889 causam
3272 3832 3493 3897 fulciat;

1918 3938 2013 3993 sed
2043 3936 2185 4006 quod
2220 3934 2288 3997 is,
2315 3933 2405 4001 qui
2444 3929 2745 3999 Anglorum
2776 3925 3164 3996 episcopalium
3192 3924 3496 3980 doctrinam

1915 4029 2225 4101 proﬁtetur,
2262 4024 2808 4090 ecclesiasticamque
2860 4018 3228 4073 bierarcbiam
3289 4025 3497 4072 sartatn

1919 4132 2117 4178 lectam
2143 4134 2266 4175 esse
2297 4117 2431 4176 vult,
2463 4116 2725 4170 Ireumum
2754 4112 2997 4181 ejusdem
3046 4109 3299 4165 hostibus
3324 4108 3498 4179 gratis

1915 4214 2161 4279 omnino,
2188 4222 2243 4266 et
2263 4211 2485 4265 obtorto
2517 4206 2659 4261 collo
2684 4207 2892 4268 tradat;
2932 4204 2983 4259 id
3041 4202 3266 4266 mirum,
3305 4210 3360 4255 et
3386 4201 3500 4255 An-

1915 4306 2018 4378 glis
2069 4307 2200 4375 ipsis
2233 4304 2478 4372 iniquum
2534 4296 2764 4353 forsitan
2812 4294 3108 4351 videbitur.
3163 4293 3400 4348 Irenaaus
3429 4304 3499 4345 eo

1916 4400 2035 4454 loco
2074 4397 2290 4468 prohat,
2339 4401 2579 4447 veterem
2608 4390 2784 4460 legem
2829 4402 2860 4441 a
2895 4386 3115 4442 Christo
3167 4385 3494 4450 abrogatam

1917 4492 2107 4555 fuisse,
2140 4505 2248 4544 non
2291 4487 2437 4558 quod
2470 4482 2612 4539 mala
2663 4490 2831 4547 esset,
2865 4490 2914 4536 et
2942 4496 2973 4534 a
3022 4480 3164 4535 malo
3206 4479 3316 4532 Deo
3364 4476 3496 4542 lata,

228 4600 453 4667 Granio,
484 4570 595 4655 non
634 4570 847 4669 potest;
892 4597 986 4666 qui
1016 4570 1227 4653 ‘Justini
1260 4608 1314 4653 et
1362 4597 1551 4653 Irenzei
1606 4600 1806 4663 verbis,
1844 4579 1887 4633 θ
1912 4586 2007 4642 sed
2041 4583 2183 4654 quod
2209 4582 2322 4650 lam
2374 4577 2594 4647 ίηιριεῑει
2626 4578 2697 4632 ab
2726 4575 2817 4669 illo
2863 4573 3075 4669 Ῑυίεξθξο
3102 4571 3160 4627 δῖ
3192 4570 3493 4669 νθτοιίάθεη

230 4694 413 4751 illaesis
451 4702 617 4749 recta:
649 4692 879 4746 rationis
909 4689 1142 4761 legibus,
1184 4690 1425 4758 poterit?
1454 4689 1733 4744 Potuissct
1761 4701 1814 4744 et

228 4790 413 4843 eadem
446 4786 790 4855 comparatio
821 4782 1032 4837 institui
1080 4783 1223 4837 inter
1249 4782 1511 4854 Cyrillum
1554 4782 1815 4839 IIieroso-

230 4882 581 4943 lvtnitanum,
611 4876 933 4947 Gregorium
1000 4873 1305 4947 Nyssettum
1332 4886 1388 4930 et
1424 4876 1561 4930 alios
1622 4892 1814 4931 omnes

231 4967 441 5041 Patres,
494 4972 806 5039 invicteque
855 4968 1236 5033 demonstrari,
1288 4969 1407 5035 hos,
1443 4967 1589 5037 ipsos
1647 4969 1810 5022 etiam

230 5065 540 5127 Africanos,
593 5062 730 5116 nihil
784 5061 967 5117 minus
1016 5061 1127 5116 illis
1185 5059 1388 5115 dixisse
1425 5074 1489 5115 ac
1529 5061 1808 5115 sensisse:

230 5168 413 5226 posset
436 5166 494 5211 et
543 5155 778 5211 Grabius
833 5168 898 5208 ea
953 5153 1339 5209 molestissima
1384 5151 1681 5222 quaestione
1722 5168 1812 5205 ur-

230 5253 514 5321 geri:cur
565 5248 803 5320 Cyrillus
832 5245 1360 5317 IIierosolymitanus
1408 5253 1463 5299 et
1514 5245 1811 5316 Gregorius

229 5345 532 5417 Nyssenus,
565 5355 704 5412 quos
726 5342 931 5407 primos
978 5339 1220 5391 Omnium
1285 5336 1451 5391 fuisse
1498 5352 1811 5406 supponere

234 5442 465 5501 videtur,
490 5436 586 5507 qui
621 5432 861 5488 insolens
920 5431 1051 5485 illud
1094 5430 1162 5483 de
1213 5428 1487 5499 corporali
1526 5428 1726 5483 Christi
1755 5429 1809 5483 in

231 5529 576 5585 Eucharistia
608 5525 894 5595 praesentia
917 5533 973 5579 et
1006 5520 1638 5587 transsubstantiatioue,
1660 5521 1809 5589 prio-

234 5625 377 5678 ribus
423 5622 599 5676 tribus
641 5619 854 5673 szeculis
908 5616 1208 5671 inauditum
1266 5614 1487 5684 dogma,
1519 5613 1570 5665 in
1615 5612 1806 5667 orbem

297 5815 344 5846 ⁵⁸
374 5814 543 5876 lren.,
577 5809 615 5863 I.
651 5824 726 5868 Iv,
767 5821 818 5858 c.
854 5806 933 5869 I7,
968 5801 1104 5876 n._5.

233 5866 412 5939 et3.”
468 5866 734 5951 “'Cyrill.
776 5879 871 5931 cit.
921 5866 1180 5940 t”Grcg.
1227 5872 1322 5925 cit.
1397 5867 1443 5900 ’δ
1466 5866 1689 5930 Justiu.,
1724 5868 1819 5919 cit.

1180 5800 1225 5832 ”
1258 5799 1391 5854 Ibid.
1441 5811 1560 5865 cap.
1602 5796 1685 5857 I8,
1717 5811 1770 5848 n.
1804 5793 1857 5847 4.
1956 5793 2001 5823 ³ο
2031 5793 2164 5844 Ibid.
2199 5803 2320 5857 cap.
2352 5793 2442 5852 55,

1227 5872 1322 5925 cit.
1397 5867 1443 5900 ’δ
1466 5866 1689 5927 Justiu.,
1724 5868 1819 5919 cit.
1894 5863 1939 5894 ’⁸
1978 5861 2147 5927 lren.,
2189 5861 2325 5916 locis
2355 5859 2450 5913 cit.

1913 4678 2161 4734 Christus
2203 4671 2460 4728 Sabbatis
2516 4666 2816 4729 curaverit,
2865 4682 2884 4715 ‹
2933 4663 3064 4718 nihil
3113 4670 3268 4716 extra
3323 4659 3495 4731 legem

1910 4772 2143 4835 fecisse;
2174 4781 2285 4822 non
2321 4765 2467 4819 enim
2517 4760 2867 4832 prohibuisse
2914 4762 3085 4826 legem
3115 4754 3296 4810 curari
3318 4755 3495 4809 homi-

1914 4880 2009 4919 nes
2044 4861 2323 4924 Sabbatis,
2354 4872 2472 4927 qua:
2506 4851 3008 4911 etcirenmcidebat
3038 4865 3131 4904 eos
3156 4849 3211 4904 in
3255 4849 3360 4903 hac
3382 4848 3492 4911 die,

1912 4967 1965 5012 et
1989 4969 2091 5024 pro
2120 4953 2320 5024 populo
2347 4951 2577 5020 jubebat
2626 4944 2933 5002 ministeria
2968 4941 3343 4997 sacerdotibus
3371 4954 3495 5008 per-

1914 5053 2075 5104 licere
2098 5047 2167 5102 ”.
2204 5064 2222 5097 ι
2283 5044 2405 5098 Ideo
2452 5057 2585 5096 vero
2628 5036 2988 5094 sacerdotalia
3036 5035 3344 5089 ministeria
3380 5034 3494 5102 lege

1910 5140 2062 5195 licita
2095 5148 2276 5203 erant,
2344 5135 2474 5205 quia
2507 5131 2775 5201 spiritalia
2836 5143 3001 5199 cpera
3033 5137 3191 5181 erant
3221 5136 3275 5181 et
3306 5129 3445 5181 bona
3474 5144 3490 5180 :

1910 5236 2082 5306 legem
2112 5242 2297 5287 autem
2322 5246 2350 5284 a
2379 5224 2669 5283 servilibus
2694 5222 2910 5292 quidem
2928 5221 3184 5290 operibus
3215 5219 3495 5273 abstinere

1903 5326 2157 5397 jussissc,
2194 5338 2302 5378 non
2354 5330 2536 5375 autem
2568 5333 2598 5371 a
2630 5313 3008 5385 spiritualibus
3053 5320 3107 5364 et
3162 5309 3343 5374 bonis,
3372 5324 3493 5378 quae

1909 5432 1968 5476 ut
1997 5416 2396 5476 sacerdotibus,
2429 5414 2507 5466 sic
2534 5420 2587 5464 et
2609 5408 2822 5463 cteteris
2847 5406 3101 5461 omnibhs
3126 5404 3274 5458 licita
3308 5411 3489 5459 erant.

1908 5519 1972 5572 Et
1999 5517 2125 5571 hinc
2150 5511 2427 5567 concludit
2454 5508 2713 5569 Irenaeus,
2767 5504 3041 5558 Christum
3071 5496 3251 5573 [CLII]
3275 5498 3494 5566 aegrotis

1908 5624 2063 5679 upem
2102 5604 2386 5667 ferentem,
2424 5618 2442 5650 ι
2504 5612 2607 5651 non
2659 5594 2911 5661 solvisse,
2958 5594 3052 5645 sed
3109 5588 3492 5659 adimplevisse

1956 5792 2001 5823 ³⁸³
2031 5790 2164 5844 Ibid.
2199 5803 2320 5857 cap.
2352 5787 2442 5852 5'5,
2481 5805 2535 5843 n.
2570 5788 2625 5841 9..
2725 5785 2767 5817 ⁹¹
2803 5782 2939 5857 Ibid.
2973 5780 3008 5833 Ι.
3042 5795 3093 5843 v,
3124 5794 3245 5857 cap.
3276 5777 3331 5857 2,
3367 5795 3422 5831 n.
3457 5777 3492 5832 ‘2

2528 5859 2573 5890 "
2610 5858 2777 5919 Ircn.,
2812 5856 2909 5908 lib.
2942 5868 3013 5919 Iv,
3047 5868 3092 5904 e.
3126 5852 3179 5916 ὃ,
3214 5866 3269 5903 n.
3303 5850 3355 5902 2.
