3924 6354
515 358 623 416 555

1331 349 1933 411 DISSERTATIONES
1966 348 2271 406 ΡΒᾹΞΥΙΑΞ
2305 349 2370 404 ΙΝ
2400 347 2657 402 ΙΒΕΝᾸΞΙ
2692 345 2963 401 LIBROS.

3676 351 3770 405 556

515 482 727 547 legem;
765 495 785 528 ι
819 476 949 547 quia
984 494 1003 527 ι
1066 473 1266 531 summi
1322 474 1631 528 sacerdotis
1682 486 1904 541 operam
1938 469 2106 540 perﬁ-
2137 474 2181 531 Α
2212 468 2429 525 violata:
2468 467 2605 537 legis
2643 468 2797 536 argui
2863 475 3093 535 possunt
3132 480 3147 519 :
3211 465 3497 521 Dominica
3541 468 3729 538 quippe
3761 510 3775 535 ,

514 569 720 631 ciebat,
746 568 1050 638 propitians
1072 583 1172 637 pro
1225 567 1539 621 hominibus
1575 565 1765 629 Deum,
1795 566 2101 617 emundaus

514 659 763 728 leprosos
798 669 853 713 et
884 658 1133 713 inﬁrmos
1159 672 1383 712 curans.
1425 676 1444 709 ι
1483 654 1635 709 lianc
1676 664 1860 708 autem
1902 656 2100 709 summi

512 751 820 806 sacerdotis
848 766 1100 821 operam,
1154 766 1259 805 non
1284 750 1473 818 utique
1502 748 1782 815 servilem,
1809 750 1903 805 sed
1934 748 2099 819 spiri-

512 843 674 899 talem
703 853 757 900 et
784 844 1005 911 bonam,
1038 844 1083 897 si
1114 843 1331 897 czeteris
1362 842 1697 905 hominibus,
1720 842 1879 897 laicis
1904 842 2094 907 etiam,

511 935 784 1004 perﬁcere
811 935 891 992 fas
928 936 1063 999 fuit;
1090 949 1119 987 a
1159 931 1628 990 fortiori,Christo
1674 933 1927 990 Domino.
1961 933 2099 987 Tum

510 1042 810 1083 occurrens
835 1028 993 1083 alteri
1019 1026 1338 1098 objectioni,
1372 1040 1440 1079 ex
1472 1039 1537 1080 eo
1568 1028 1753 1095 petita:
1783 1026 1928 1097 quod
1976 1026 2100 1082 Sal-

511 1122 720 1177 vatoris
744 1120 1017 1191 discipuli,
1050 1120 1167 1190 ipso
1199 1118 1488 1186 probante,
1509 1120 1688 1188 Spicas
1719 1119 1986 1175 vellerent
2010 1122 2099 1176 die

511 1210 730 1264 Sabbati
780 1227 795 1275 ;
857 1212 1147 1279 respondet
1196 1211 1263 1272 ⁸⁷,
1299 1228 1318 1261 ι
1376 1220 1583 1264 metere
1635 1228 1655 1261 ι
1710 1212 1927 1280 quidem
1973 1230 1992 1264 ι
2044 1221 2096 1269 et

510 1304 774 1372 colligere
807 1303 859 1356 in
886 1302 1147 1357 horreum
1180 1320 1199 1354 ι
1237 1302 1411 1371 legem
1450 1318 1469 1352 ι
1503 1302 1776 1369 vetuisse;
1817 1320 1837 1355 ι
1865 1319 1976 1359 non
2005 1319 2099 1359 au-

511 1405 619 1450 tem
656 1412 675 1445 r
729 1393 1033 1447 esurientes
1075 1391 1325 1460 accipere
1382 1391 1644 1447 Sabbatis
1702 1408 1885 1448 escam
1915 1410 1981 1449 ex
2010 1395 2098 1451 his

507 1500 628 1555 qua:
656 1482 1003 1552 adiacebant.
1035 1482 1103 1536 Et
1134 1482 1277 1545 ideo,
1319 1500 1338 1533 ι
1396 1481 1596 1551 inquit,
1631 1502 1649 1534 ι
1691 1483 1954 1541 Dominus
1988 1487 2095 1553 his,

509 1577 600 1646 qui
637 1574 966 1630 iucuSabant
1009 1571 1307 1643 discipulos
1360 1573 1500 1641 ejus,
1542 1576 1798 1642 quoniam
1833 1577 2097 1632 vellentes

508 1668 687 1736 spicas
740 1664 1168 1731 manducabant,
1218 1664 1362 1718 dixit
1403 1664 1490 1719 ’δε
1544 1664 1656 1720 Nec
1712 1668 1810 1720 hoc
1868 1668 2095 1739 legistis,

504 1766 645 1833 quod
674 1765 799 1834 fecit
856 1762 1023 1818 David
1054 1780 1175 1818 cum
1208 1765 1505 1829 esuriisset,
1540 1765 1986 1832 quemadmodum
2013 1766 2097 1817 in-

2206 578 2312 618 non
2341 562 2648 625 saecularia,
2682 560 3040 630 perﬁciebant
3071 559 3399 616 ministeria.

2276 656 2399 710 lOi.
2432 655 2545 709 lloc
2575 653 2761 707 Irenari
2794 664 3172 723 argumentum
3206 662 3312 717 est,
3344 652 3493 723 quod
3526 661 3689 707 totum
3722 671 3777 710 eo

2203 747 2473 818 principio
2524 746 2745 811 nititur,
2778 745 2923 814 quod
2978 744 3205 799 cuilibet
3256 746 3466 800 homini
3507 745 3595 800 die
3654 746 3776 799 Sab-

2202 840 2339 906 bati,
2365 849 2420 894 et
2446 839 2497 893 in
2530 839 2655 893 aliis
2707 838 3035 908 quibusdam
3075 837 3458 893 occasionibus
3482 851 3631 892 certa
3657 856 3776 909 qua-

2202 930 2323 985 dam
2352 930 2566 986 ratione
2608 927 2850 994 licuerit,
2880 929 3026 998 quod
3076 930 3460 984 sacerdotibus
3494 932 3643 997 ipsis,
3669 948 3775 1001 per-

2202 1023 2456 1076 mittente
2506 1020 2643 1093 lege,
2698 1018 2931 1089 licebat;
2967 1021 3067 1077 hos
3117 1035 3246 1076 vero
3271 1022 3315 1075 si
3377 1022 3505 1076 ideo
3538 1023 3651 1092 lege
3682 1040 3773 1077 non

2205 1124 2538 1181 tenerentur,
2569 1115 2693 1183 quia
2729 1114 3011 1170 Dominica
3060 1116 3364 1169 ministeria
3408 1116 3773 1185 perﬁciebant,

2201 1222 2321 1276 qua:
2364 1210 2499 1262 bona
2539 1216 2696 1260 erant
2752 1221 2942 1277 opera,
2982 1209 3095 1277 pia,
3154 1209 3386 1263 honesta
3413 1217 3469 1264 et
3495 1210 3770 1278 spiritalia,

2202 1318 2308 1357 non
2337 1300 2621 1357 saecularia
2652 1311 2705 1353 et
2730 1301 2986 1366 servilia;
3018 1317 3118 1356 nec
3142 1301 3281 1356 alios
3312 1302 3570 1357 homines
3601 1302 3770 1357 eadem

2201 1392 2319 1463 lege
2369 1394 2697 1448 constrictos
2750 1391 2940 1455 fuisse,
2972 1407 3094 1446 cum
3142 1392 3282 1447 bona
3318 1408 3490 1461 opera
3541 1392 3770 1461 perﬁcie-

2200 1485 2351 1550 bant,
2384 1486 2469 1555 pia
2520 1494 2576 1539 et.
2611 1484 2879 1555 Spiritalia
2910 1502 2922 1549 ;
2972 1486 3096 1553 quia
3130 1485 3417 1539 Dominica
3482 1485 3767 1538 ministeria

2200 1588 2350 1646 sunt,
2378 1593 2478 1634 nec
2518 1578 2636 1649 lege
2699 1580 2899 1645 verita,
2952 1587 3201 1647 respectu
3264 1593 3508 1647 quorum
3561 1578 3769 1647 quilibet

2199 1671 2363 1725 homo
2405 1671 2666 1725 sacerdos
2714 1681 2823 1725 est.
2885 1672 2951 1724 Et
3004 1670 3131 1724 hinc
3163 1669 3447 1724 Christum
3499 1670 3763 1725 Dominum

2201 1761 2458 1818 Sabbatis
2486 1774 2768 1819 curantem
2802 1781 2907 1819 non
2933 1763 3168 1819 violasse
3202 1763 3399 1833 legem,
3436 1763 3564 1832 quia
3586 1763 3762 1818 summi

508 1831 684 1910 troivit
708 1856 763 1908 in
793 1856 1010 1908 domum
1034 1854 1153 1918 Dei,
1188 1864 1235 1908 et
1259 1870 1422 1924 panes
1454 1831 1832 1924 propositionis
1864 1856 2088 1910 mandu-
2126 1831 2168 1886 Β
2197 1855 2497 1910 sacerdotis
2520 1870 2739 1923 operam
2776 1855 3114 1924 perﬁciebat.
3149 1831 3285 1909 Hinc
3332 1831 3597 1909 Davidem
3625 1855 3761 1925 pani-

505 1945 662 2012 cauit,
696 1957 743 1999 et
772 1947 915 2000 dedit
941 1948 1015 2000 eis
1054 1950 1144 2016 qui
1185 1962 1303 1999 cum
1350 1962 1409 1999 eo
1438 1955 1611 2010 erant,
1650 1962 1782 2015 quos
1837 1964 1941 2001 non
1974 1949 2095 2001 lice-

506 2038 593 2091 bat
650 2040 1001 2105 manducare,
1033 2039 1136 2092 nisi
1188 2039 1317 2092 solis
1360 2037 1775 2093 sacerdotibus?
1824 2054 1922 2109 per
1960 2040 2093 2110 legis

505 2130 671 2186 verba
704 2130 1001 2202 discipulos
1022 2146 1157 2188 suos
1178 2146 1468 2197 excusans,
1500 2141 1557 2186 et
1581 2132 1903 2202 signiﬁcans
1924 2132 2092 2189 licere

502 2223 882 2279 sacerdotibus
937 2222 1110 2277 libere
1151 2236 1335 2293 agere.
1372 2220 1642 2276 Sacerdos
1683 2230 1871 2276 autem
1906 2223 2087 2278 scitus

503 2315 685 2371 fuerat
706 2313 877 2369 David
904 2313 1047 2385 apud
1074 2313 1268 2379 Deum,
1300 2314 1550 2383 quamvis
1595 2312 1724 2367 Saul
1752 2314 2089 2383 persecutio-

503 2420 629 2461 nem
657 2406 864 2462 faceret
890 2408 964 2461 ei.
994 2404 1197 2461 Omnes
1219 2405 1364 2459 enim
1387 2404 1519 2475 justi
1564 2405 1959 2462 sacerdotalem
1992 2407 2090 2461 ha-

503 2503 635 2556 bent
679 2501 952 2555 ordinem.
1006 2500 1337 2555 Sacerdotes
1392 2509 1574 2554 autem
1606 2510 1736 2555 sunt
1762 2514 1956 2555 omnes
1984 2501 2092 2554 Do-

503 2594 639 2648 mini
702 2591 959 2664 apostoli,
1027 2590 1119 2662 qui
1175 2606 1351 2661 ueque
1407 2606 1589 2661 agros,
1655 2604 1831 2660 neque
1896 2591 2088 2646 domos

503 2682 825 2738 haereditant
879 2683 989 2748 hic,
1036 2683 1130 2737 sed
1183 2694 1403 2751 semper
1453 2680 1615 2734 altari
1659 2690 1715 2735 et
1749 2679 1863 2735 Deo
1899 2682 2089 2735 deser-

502 2780 679 2833 viunt.
713 2796 732 2829 ι
769 2777 978 2843 Quibus
1033 2778 1227 2847 probat
1279 2774 1539 2840 lrenacus,
1579 2774 1859 2829 Christum
1901 2775 2086 2828 verbis

498 2870 615 2925 suis
667 2867 1009 2938 signiﬁcasse
1040 2866 1358 2921 sacerdotes
1391 2866 1505 2936 lege
1549 2865 1822 2919 interdum
1874 2865 2087 2921 solutos

498 2962 687 3024 fuisse,
732 2961 1015 3029 libereque
1076 2974 1241 3028 agere
1270 2960 1546 3028 potuisse;
1606 2958 1759 3028 quia,
1789 2966 1850 3011 ut
1895 2968 2084 3028 postea

501 3056 669 3117 addit,
704 3052 984 3107 Dominica
1019 3052 1327 3106 ministeria
1345 3051 1736 3120 perliciebant;
1769 3065 1833 3105 ac
1859 3049 2087 3120 proinde

2196 1949 2295 2002 bus
2328 1947 2719 2017 propositionis
2768 1957 2997 2014 urgente
3028 1946 3172 2001 fame
3203 1956 3447 2016 pastum,
3476 1955 3661 2002 contra
3688 1946 3758 1999 ie-

2193 2056 2315 2111 gem
2363 2055 2468 2094 non
2503 2037 2881 2103 commisisse;
2914 2039 3040 2107 quia
3085 2038 3345 2093 sacerdos
3381 2037 3558 2092 scitus
3606 2034 3760 2089 fuerat

2194 2135 2337 2202 apud
2368 2133 2559 2197 Deum,
2589 2133 2672 2187 cui
2704 2132 2875 2186 libere
2903 2145 3066 2201 agere
3097 2130 3326 2185 licebat.
3366 2130 3509 2185 Hinc
3545 2130 3757 2197 denique

2193 2227 2487 2298 discipulos
2512 2226 2775 2282 vellentes
2803 2225 2983 2295 spicas
3022 2227 3110 2280 die
3166 2225 3422 2289 Sabbati,
3464 2224 3636 2293 legem
3660 2238 3752 2275 non

2193 2319 2556 2389 perfregisse;
2582 2320 2709 2387 quia
2760 2321 3078 2374 sacerdotes
3104 2326 3286 2379 erant,
3321 2317 3377 2371 in
3408 2317 3515 2371 hoc
3544 2314 3755 2370 leviticis

2192 2412 2512 2478 similiores,
2566 2414 2711 2479 quod
2740 2409 3039 2467 Leviticam
3092 2410 3366 2466 duntaxat
3413 2407 3753 2464 substantiam

2192 2500 2481 2555 haberent.
2544 2498 2744 2555 Omnes
2777 2503 2920 2556 enim
2956 2500 3088 2571 justi
3139 2500 3287 2569 justo.
3322 2510 3384 2554 et
3435 2499 3575 2553 bona
3607 2513 3751 2568 Opera

2190 2591 2562 2659 perﬁcientes,
2598 2591 2995 2645 sacerdotalem
3046 2592 3252 2645 habent
3312 2592 3606 2655 ordinem;
3643 2590 3750 2658 quia

2190 2684 2256 2737 ad
2298 2683 2695 2741 sacerdotalem
2726 2685 2972 2740 ordinem
3013 2685 3250 2754 pertinet
3287 2684 3574 2740 Dominica
3611 2683 3751 2737 mmi-

2190 2780 2355 2833 steria
2377 2778 2547 2833 libere
2579 2778 2875 2847 perﬁcere;
2900 2788 2956 2832 at
3001 2795 3165 2848 opera
3193 2778 3245 2831 in
3279 2793 3337 2833 se
3362 2780 3525 2842 bona,
3551 2778 3752 2832 honesta

2189 2880 2244 2925 et
2274 2872 2443 2938 licita,
2475 2870 2755 2927 Dominica
2799 2873 3100 2926 ministeria
3156 2881 3301 2925 sunt.
3367 2871 3642 2938 Quatenus
3673 2885 3751 2920 va-

2190 2963 2299 3017 leat
2323 2964 2463 3019 istud
2484 2964 2673 3021 lrentei
2698 2975 3103 3034 argumentum,
3128 2980 3271 3018 nunc
3288 2981 3400 3020 non
3423 2965 3747 3033 inquirimus;

2190 3058 2284 3113 sed
2314 3059 2442 3128 quid
2470 3056 2530 3112 S.
2570 3059 2760 3114 doctor
2812 3059 3066 3113 senserit.
3117 3056 3326 3113 Viderit
3380 3060 3493 3130 jam
3527 3056 3594 3113 cl.
3632 3055 3748 3110 Gra-

498 3152 659 3206 cavbis
686 3150 776 3221 qui
797 3148 1111 3219 adjacebanl
1136 3148 1365 3218 panibus
1386 3147 1800 3217 propositionis,
1837 3148 2087 3201 esurieno
2116 3189 2161 3251 C
2196 3153 2321 3206 bius
2344 3152 2473 3220 quid
2510 3152 2625 3206 lunt:
2667 3150 3084 3217 Puritanorum,
3138 3152 3337 3220 quibus
3372 3152 3746 3222 patrocinatur,

502 3253 588 3297 tes
635 3255 820 3296 escam
862 3240 1116 3307 accipere
1148 3239 1411 3307 potuisse.
1456 3239 1648 3306 Atqui,
1692 3238 1793 3305 ait,
1837 3241 2087 3294 sacerdos

502 3335 677 3401 [uerat
711 3332 904 3397 David,
958 3345 1065 3384 non
1098 3331 1290 3397 stirpe,
1342 3344 1449 3384 non
1500 3345 1749 3395 munere,
1811 3347 1917 3387 non
1946 3332 2090 3402 apud

503 3426 776 3490 homines,
810 3424 903 3479 sed
946 3422 1109 3477 scitus
1134 3422 1277 3490 apud
1312 3420 1499 3485 Deum,
1536 3422 1629 3487 qui
1672 3422 1922 3491 spiritum
1954 3422 2090 3493 legis

502 3516 573 3571 ab
604 3516 849 3582 ejusdem
886 3511 1068 3565 littera
1125 3509 1295 3581 probe
1320 3524 1641 3576 secernens,
1666 3526 1730 3564 ea
1763 3512 1866 3566 sibi
1894 3512 2084 3580 licere,

500 3613 728 3675 urgente
757 3604 1102 3667 necessitate,
1127 3600 1250 3670 jure
1297 3602 1674 3669 existimabat,
1705 3617 1827 3672 quae
1884 3604 1968 3658 lex
2000 3620 2088 3658 sa-

497 3698 811 3754 cerdotibus
836 3696 1227 3766 permittebat;
1268 3695 1393 3764 quia
1431 3704 1486 3748 et
1513 3696 1625 3765 ipse
1656 3695 1783 3766 fuga
1810 3696 1912 3751 sibi
1943 3697 2087 3750 salu-

499 3796 607 3841 tem
643 3796 857 3855 petens,
898 3784 1181 3840 Dominica
1216 3783 1523 3839 ministeria
1574 3786 1916 3855 perﬁciebat.
1956 3786 2086 3841 0m-

499 3897 591 3935 nes
652 3879 790 3933 enim
849 3878 987 3947 justi
1055 3877 1444 3931 sacerdotalem
1509 3878 1703 3933 habent
1773 3880 2009 3934 ordinem
2064 3895 2086 3935 :

497 3970 782 4041 Dominica
834 3971 1035 4039 quippe
1067 3970 1375 4025 ministeria
1404 3970 1717 4040 perﬁciunt,
1766 3987 1831 4027 ac
1858 3973 2085 4043 proinde

494 4062 673 4119 libere
703 4077 865 4131 agere
922 4072 1171 4131 possunt,
1216 4073 1270 4118 et
1298 4078 1383 4130 ea,
1446 4074 1727 4133 premente
1767 4065 1961 4120 saltem
1989 4082 2084 4121 ne-

493 4154 775 4220 cessitate,
809 4155 1053 4222 operari,
1105 4169 1224 4223 quae
1271 4156 1489 4225 spiritui
1540 4155 2081 4227 legis'conscntanea

494 4257 640 4304 sunt.
660 4248 817 4316 Quod
843 4249 887 4301 si
927 4262 1055 4303 vero
1078 4249 1339 4304 sacerdos
1359 4248 1527 4304 fuerit
1553 4251 1725 4305 scitus
1745 4253 1885 4321 apud
1910 4251 2079 4306 Deum

492 4341 685 4408 David,
710 4342 755 4398 si
778 4355 974 4395 omnes
1025 4341 1156 4409 justi
1186 4343 1378 4396 eadem
1414 4342 1626 4397 ratione
1679 4343 2078 4397 sacerdotalem

494 4434 699 4489 habent
722 4431 1014 4496 ordinem;
1047 4432 1172 4499 quis
1224 4432 1444 4498 negabit
1485 4434 1789 4486 sacerdotes
1826 4448 1945 4488 esse
1967 4449 2079 4487 om-

496 4537 582 4573 nes
623 4518 837 4572 Domini
873 4515 1163 4584 apostofos,
1216 4519 1310 4589 qui
1340 4522 1569 4589 perinde
1606 4538 1671 4576 ac
1704 4524 1960 4577 Aarouici
1987 4540 2078 4577 ne-

492 4628 590 4681 que
626 4626 804 4680 agros,
835 4626 1001 4681 neque
1029 4612 1213 4663 domos
1278 4612 1593 4665 Iiwreditant
1620 4614 1725 4677 hic,
1756 4613 1845 4667 sed
1876 4629 2077 4682 semper

491 4706 653 4759 altari
688 4716 733 4759 et
761 4706 869 4760 Deo
898 4706 1175 4769 seruiunt;
1216 4716 1268 4758 et
1302 4706 1532 4775 proinde
1590 4706 1867 4776 discipulis
1890 4706 2072 4761 leviti-

491 4815 610 4856 cam
642 4802 1008 4856 substantiam
1050 4799 1379 4853 habentibus
1422 4800 1642 4855 licuisse
1682 4800 2071 4869 esurientibus,

489 4893 635 4975 quod
663 4893 939 4948 veteribus
964 4893 1142 4950 levitis
1170 4900 1225 4945 et
1252 4892 1631 4948 sacerdotibus
1673 4893 1892 4958 licebat,
1921 4894 2071 4949 vide-

491 4987 620 5041 licet
666 5004 685 5039 r
723 5002 754 5040 a
796 4989 1098 5044 seminibus
1150 4991 1401 5059 accipere
1452 5003 1675 5051 escam,
1741 4989 1938 5058 dignus
1988 5000 2073 5045 est

488 5077 637 5133 enim
678 5080 964 5147 Operarius
1014 5094 1139 5135 esca
1171 5080 1311 5136 sua?
1343 5097 1362 5131 ι
1392 5080 1448 5134 Si
1486 5098 1504 5130 ι
1539 5080 1875 5148 sacerdotes,
1916 5100 1935 5134 ι
1970 5083 2071 5137 ad-

490 5170 573 5224 dit
617 5169 874 5231 lrenaeus,
907 5188 927 5222 ι
965 5171 1020 5224 in
1072 5172 1272 5240 templo
1328 5171 1626 5227 Sabbatum
1684 5170 2066 5240 profanabant,

489 5272 546 5316 et
574 5263 650 5317 rei
684 5276 789 5317 non
840 5272 1035 5327 erant;
1072 5268 1163 5335 qui
1197 5281 1321 5319 cum
1352 5274 1539 5321 essent
1584 5262 1637 5316 in
1690 5267 1907 5337 templo,
1959 5281 2067 5321 non

491 5355 802 5421 saecularia,
864 5356 957 5410 sed
998 5357 1280 5414 Dominica
1327 5359 1684 5428 perﬁciebant
1740 5359 2067 5425 ministeria,

492 5446 663 5515 legem
689 5448 1068 5518 adimplentes,
1098 5465 1203 5505 non
1218 5460 1396 5506 autem
1414 5460 1803 5523 praetereuntes
1821 5451 2013 5522 legem;
2043 5470 2063 5504 ι

493 5554 594 5595 nec
652 5540 903 5610 discipuli
936 5540 1179 5605 Domini,
1229 5552 1285 5595 et
1328 5544 1428 5613 ipsi
1476 5545 1716 5614 ejusdem
1742 5543 2067 5599 conditionis

490 5647 614 5689 cum
662 5635 1038 5689 sacerdotibus
1116 5633 1381 5690 vellentes
1430 5638 1614 5709 spicas
1672 5637 1762 5691 die
1796 5634 2018 5690 Sabbati
2048 5676 2064 5703 ,

596 5816 640 5848 "
674 5816 736 5871 Ν.
768 5819 823 5875 5.
896 5818 940 5851 “
978 5817 1108 5875 Luc.
1141 5834 1216 5886 vt,
1246 5819 1300 5887 5,
1323 5818 1377 5873 4.

2194 3260 2413 3299 causam
2438 3244 2659 3312 juvent;
2689 3244 2909 3308 viderit,
2951 3252 3005 3296 ct
3048 3244 3161 3312 ipse
3188 3243 3425 3313 judicet,
3462 3259 3565 3313 qua
3598 3241 3745 3309 aequi-

2196 3344 2304 3390 tate
2336 3337 2586 3389 insanum
2613 3334 2743 3389 illud
2771 3336 2961 3405 dogma
2981 3334 3189 3389 lrenmo
3224 3336 3486 3407 adiungere
3516 3334 3743 3407 potuerit,

2198 3449 2216 3482 t
2283 3430 2473 3484 ﬁdeles
2521 3442 2713 3484 omnes
2766 3430 3095 3482 sacerdotali
3145 3429 3336 3485 ordine
3398 3439 3451 3483 et
3505 3436 3745 3498 potestate

2192 3525 2453 3594 praeditos
2511 3539 2656 3591 esse,
2682 3523 2911 3593 ejusque
2954 3523 3303 3589 exercitium,
3340 3525 3435 3578 ubi
3475 3520 3743 3577 necessitas

2192 3617 2448 3687 requirit,
2480 3618 2637 3673 obire
2686 3632 2872 3686 posse.
2906 3636 2926 3670 ι
2962 3616 3019 3671 Si
3077 3618 3222 3673 enim
3256 3617 3306 3672 id
3337 3632 3405 3672 ex
3436 3615 3612 3671 Irearei
3642 3626 3743 3665 ver—

2187 3709 2275 3765 bis
2319 3710 2508 3764 inferri
2554 3724 2711 3779 posse
2762 3718 2946 3779 putal,
2978 3709 3171 3763 eodem
3203 3720 3353 3765 certe
3401 3719 3458 3765 et.
3481 3721 3582 3763 tam
3610 3719 3742 3773 aequo

2183 3803 2309 3873 jure
2366 3803 2503 3856 alius
2556 3803 2735 3873 quivis
2792 3803 3077 3867 intulerit,
3142 3802 3427 3858 Christum
3482 3803 3739 3857 Dominum

2188 3897 2359 3953 fuisse
2384 3912 2658 3953 summum
2717 3899 2921 3951 veteris
2978 3896 3113 3965 legis
3169 3897 3548 3960 sacerdotem;
3600 3891 3737 3947 Davi-

2187 3995 2337 4057 dem,
2370 3992 2668 4062 apostolos,
2703 3993 3002 4064 discipulos
3032 3992 3271 4061 Domini,
3297 4006 3596 4061 omnesque
3622 3987 3739 4042 anti-

2186 4084 2277 4154 qui
2309 4084 2645 4140 TeStamenti
2672 4084 2868 4152 justos,
2902 4085 3066 4141 fuisse
3116 4101 3273 4141 veros
3302 4086 3543 4157 ejusdem
3568 4081 3735 4136 Tesna-

2187 4180 2354 4234 menti
2374 4178 2715 4243 sacerdotes,
2759 4193 2824 4234 ac
2878 4179 3130 4248 proinde,
3160 4181 3492 4234 necessitate
3514 4182 3733 4243 urgente,

2182 4272 2425 4340 potuisse
2476 4270 2729 4326 victimas
2784 4281 2839 4325 et
2887 4271 3156 4327 sacriﬁcia
3196 4272 3249 4324 in
3287 4270 3488 4341 templo
3538 4266 3732 4322 offerre.

2184 4364 2400 4433 aliaque
2428 4365 2583 4420 obire
2606 4363 2930 4430 ministeria,
2955 4378 3075 4433 quae
3102 4363 3235 4417 solis
3258 4361 3543 4418 Aarouicis
3573 4369 3732 4413 sacer-

2183 4457 2402 4511 dotibus
2455 4456 2728 4521 licebant;
2767 4472 2892 4510 nam
2946 4457 3015 4511 de
3074 4456 3248 4510 veteri
3281 4456 3404 4523 lege
3442 4456 3529 4508 hic
3578 4450 3732 4519 agitur

2108 4530 2156 4592 θ
2181 4548 2443 4615 omnino;
2501 4551 2567 4605 de
2593 4564 2747 4604 nova:
2792 4559 2975 4603 autem
3028 4548 3163 4618 legis
3207 4550 3513 4605 sacerdotio
3540 4560 3602 4599 ne
3629 4540 3729 4594 κατ’

2180 4644 2314 4714 ὄναρ
2340 4643 2562 4712 quidem
2610 4642 2877 4714 cogitavit
2905 4641 3164 4696 lrenaeus.
3217 4642 3373 4709 Quod
3411 4641 3571 4696 etiam
3599 4646 3728 4704 aper-

2180 4738 2391 4791 tissime
2443 4737 2614 4806 liquet
2656 4752 2723 4791 ex
2755 4735 2856 4791 lib.
2886 4751 2940 4803 v,
2987 4750 3037 4789 c.
3079 4734 3172 4803 24,
3197 4752 3253 4791 n.
3280 4735 3332 4801 5,
3378 4734 3467 4789 ubi
3494 4747 3554 4789 ea
3579 4725 3728 4793 respi-

2177 4834 2331 4891 ciens
2389 4849 2511 4904 quae
2542 4834 2681 4889 libro
2722 4846 2774 4887 tv
2798 4835 2965 4889 citato
3018 4833 3257 4902 scripsit,
3289 4833 3365 4887 ait
3399 4850 3412 4887 :
3448 4850 3467 4884 r
3503 4822 3728 4885 Ostendi-

2177 4955 2298 4994 mus
2330 4940 2383 4994 in
2411 4938 2680 5009 superiori
2704 4938 2864 5003 libro,
2912 4938 3169 5007 quoniam
3204 4937 3379 4991 levitte
3408 4944 3465 4991 et
3501 4927 3726 4988 sacerdo-

2178 5050 2258 5096 tes
2286 5049 2414 5096 suut
2450 5039 2702 5109 discipuli
2741 5054 2934 5095 omnes
2958 5038 3169 5094 Domini
3199 5055 3213 5103 ;
3253 5039 3345 5107 qui
3375 5047 3429 5092 et
3454 5031 3719 5091 Sabbalum

2173 5143 2227 5199 in
2281 5141 2483 5211 templo
2537 5139 2901 5210 profanabant
2945 5152 3002 5195 et
3032 5139 3151 5193 sine
3178 5138 3334 5207 culpa
3385 5143 3529 5192 sunt.
3558 5151 3577 5183 ι
3608 5125 3718 5182 Tam

2173 5242 2335 5298 facile
2382 5251 2668 5312 posseuta
2723 5240 2913 5296 Grahii
2965 5239 3445 5295 criminationibus
3482 5220 3715 5287 vindicari

2172 5346 2581 5412 Tertullianus,
2632 5357 2687 5401 et
2749 5347 3155 5402 Ambrosiaster
3213 5345 3264 5398 in
3332 5342 3609 5398 Comment.
3654 5324 3713 5379 ad

2169 5438 2364 5506 Ephes.
2391 5455 2465 5503 tv,
2504 5438 2559 5503 2,
2596 5455 2730 5508 quos
2762 5440 2813 5493 in
2849 5439 3122 5492 Puritanze
3170 5452 3351 5492 causa:
3376 5428 3711 5489 defensionem

2170 5540 2393 5611 allegat,
2423 5541 2525 5595 nisi
2553 5541 2755 5595 diutius
2782 5540 2835 5593 in
2862 5541 3027 5594 rebus
3050 5536 3442 5592 Eucharisticis
3461 5516 3711 5587 immorari

2173 5643 2416 5699 taederet.
2445 5642 2573 5716 Legi
2604 5654 2832 5713 possunt
2866 5641 3003 5700 liber
3048 5640 3347 5713 singularis
3385 5618 3709 5696 eruditissimi
