3924 6354
236 386 329 440 357

1126 408 1131 413 ~
1168 376 1629 433 DISSERTATIO
1667 374 1755 439 Ill,
1794 376 1883 430 DE
1922 376 2181 430 IRENA‘ZI
2221 373 2593 431 DOCTRINA.

3374 381 3479 437 358

224 499 535 569 Albaspinzei
569 497 647 553 De
696 495 1054 552 Eucharistia:
1102 495 1389 564 sacrificio,
1425 494 1633 550 Gallice
1662 494 1802 549 scri-
1826 528 1873 582 Α
1906 496 2097 549 eodem
2154 506 2502 565 argumento,
2533 512 2657 551 cum
2702 496 2944 565 ejusdem
2973 499 3068 554 lib.
3098 516 3158 554 ιιι
3188 500 3260 555 De
3291 502 3477 556 eccles.

223 611 354 672 plus.
380 599 432 654 iu
470 614 579 668 quo
609 597 1006 653 Tcrtullianum
1041 611 1068 649 a
1092 593 1478 650 Puritanorum
1504 592 1792 647 calumniis

222 692 420 763 egregie
444 701 652 754 tuetur,
714 699 772 743 ct
827 687 1136 744 doctissimi
1188 685 1398 741 Petavii
1435 685 1686 739 Diatriba
1726 682 1794 736 de

1900 589 2163 644 hierarch.
2192 588 2275 643 Ad
2307 604 2400 646 eas
2424 591 2492 645 ab
2521 591 2933 647 Ambrosiastro
2956 592 3303 665 depellendas
3324 594 3478 649 solli-

1902 680 2011 735 ciat
2040 681 2216 751 ipsum
2242 682 2421 738 locum
2461 683 2689 740 citatum
2722 684 2919 755 legere.

1320 960 1997 1055 ARTICULUS
2065 957 2364 1054 VIII.

905 1151 998 1213 De
1026 1148 1405 1228 angelorum
1444 1154 1704 1220 natura,
1747 1144 2116 1215 ordinibus,
2152 1150 2410 1221 peccato
2444 1150 2503 1206 et
2538 1144 2762 1222 pomis.

270 1438 391 1494 102.
419 1437 601 1493 Pauca
631 1437 699 1492 de
731 1437 1052 1509 angelorum
1100 1446 1301 1492 natura
1330 1437 1494 1493 habet
1519 1437 1780 1492 Irenmus.

212 1532 455 1600 Quaedam
516 1532 783 1586 duntaxat
831 1529 1103 1599 aliquibus
1145 1530 1198 1584 in
1250 1529 1385 1585 locis
1440 1528 1690 1594 inseruit,
1721 1542 1789 1583 ex

211 1624 396 1693 quibus
419 1624 556 1693 quid
588 1623 830 1681 senserit
857 1631 1141 1690 utcunque
1186 1621 1368 1693 colligi
1397 1630 1599 1691 potest.
1632 1619 1785 1676 Scri-

210 1716 276 1768 bit
325 1714 418 1768 lib.
479 1730 565 1778 m,
590 1728 711 1783 cap.
752 1713 842 1780 20,
876 1728 1027 1769 num.
1054 1713 1109 1778 4,
1145 1729 1164 1764 ι
1204 1713 1323 1768 sine
1350 1727 1517 1768 carne
1564 1711 1788 1784 angelos

206 1822 346 1867 esse:
385 1827 405 1859 ι
430 1823 545 1879 quo
593 1808 815 1876 quidem
847 1807 1071 1877 angelos
1098 1808 1291 1863 eximit
1331 1822 1363 1863 a
1399 1807 1605 1873 carnis,
1635 1823 1790 1864 cras-

209 1897 465 1966 siorisque
505 1895 755 1965 corporis
779 1896 959 1963 mole;
994 1912 1101 1953 non
1154 1906 1338 1953 autem
1364 1897 1433 1952 ab
1454 1898 1698 1953 :etbereo
1724 1913 1787 1955 ac

208 1988 495 2053 subtiliori,
531 1988 680 2058 quod
732 1987 887 2053 nihil,
914 1988 1207 2059 quominus
1256 1989 1481 2059 spiritus
1506 1989 1787 2060 appellen-

208 2090 303 2143 tur,
336 2081 640 2149 prohibere
687 2091 896 2151 posset.
943 2080 1057 2137 Hoc
1089 2082 1235 2136 enim
1270 2083 1542 2151 posterius
1566 2081 1774 2155 [CLIII]

204 2173 442 2243 corporis
491 2188 668 2243 genus
701 2170 911 2243 angelis
952 2173 1264 2229 tribuerunt
1312 2190 1380 2229 ex
1410 2176 1650 2246 antiquis
1677 2175 1775 2231 Pa-

204 2266 366 2319 tribus
399 2281 513 2319 non
544 2266 735 2336 pauci.
760 2265 817 2320 In
847 2265 1101 2321 eamdem
1132 2281 1264 2322 vero
1293 2270 1617 2324 sententiam
1646 2284 1779 2326 con-

202 2360 424 2414 cessisse
449 2360 717 2415 Irenaeum
753 2376 823 2417 ex
869 2375 936 2416 eo
994 2359 1113 2416 erui
1146 2375 1311 2431 posse
1362 2363 1600 2429 videtur,
1634 2368 1777 2433 quod

200 2451 379 2505 scribit
404 2461 524 2504 tum
555 2450 654 2503 lib.
694 2466 769 2515 tv,
798 2465 848 2505 c.
876 2453 963 2519 16,
1002 2469 1051 2506 ιι.
1090 2453 1145 2518 2,
1180 2464 1306 2510 etc.
1346 2456 1433 2522 50,
1471 2473 1525 2510 ιι.
1554 2460 1623 2524 4;
1658 2467 1770 2512 tum

199 2544 290 2597 lib.
312 2560 363 2606 τ,
387 2558 441 2596 c.
466 2542 539 2597 ‘29
560 2583 575 2603 ,
600 2559 655 2595 ιι.
682 2542 739 2606 Ξ,
771 2561 790 2595 ‹
827 2545 1059 2614 Angelos
1107 2554 1479 2615 transgressos
1507 2548 1775 2604 decidisse

198 2636 253 2689 in
274 2642 492 2688 .terram
537 2633 594 2686 in
639 2633 925 2702 judicium,
975 2654 993 2687 ι
1036 2636 1088 2690 id
1130 2637 1295 2692 estin
1324 2638 1527 2706 peccati
1556 2654 1773 2708 pmnam

200 2726 499 2796 praecipites
523 2739 555 2779 e
577 2724 718 2779 caelo
739 2725 794 2779 in
824 2734 1023 2781 terram
1045 2736 1220 2795 actos,
1248 2727 1431 2799 ibique
1452 2728 1770 2785 hominibus

194 2820 531 2881 eommistos,
583 2820 688 2875 hoc
726 2828 831 2885 est,
863 2819 1155 2875 mulierum
1198 2831 1388 2889 captos
1439 2824 1620 2891 specie
1650 2840 1771 2879 cum

192 2910 258 2963 iis
306 2911 481 2980 stupri
535 2910 989 2965 consuetudinem
1022 2911 1306 2979 habuisse,
1334 2927 1366 2967 e
1399 2928 1628 2983 quorum
1654 2925 1772 2970 satu

190 3010 367 3054 natum
407 3002 713 3071 pessimum
742 3001 1018 3056 hominum
1065 3017 1259 3074 genus,
1303 3019 1441 3073 quos
1484 3005 1773 3061 ultricibus

190 3092 367 3146 diluvii
400 3093 568 3162 aquis
601 3092 803 3147 delevit
836 3093 975 3148 Deus
1004 3111 1017 3147 :
1073 3104 1366 3166 propterea
1398 3098 1675 3153 Enoclium
1704 3100 1771 3153 ad

190 3192 532 3251 stupratores
580 3183 706 3239 illos
734 3183 981 3253 angelos,
1028 3193 1085 3239 et
1116 3187 1181 3241 ad
1219 3188 1467 3244 homines
1522 3191 1590 3245 ab
1620 3188 1687 3245 iis
1720 3193 1773 3246 in

188 3277 578 3340 idololatriam,
619 3276 929 3348 foedamque
960 3280 1214 3336 vitiorum
1241 3282 1529 3338 colluviem
1561 3284 1773 3339 demer-

187 3384 291 3432 sos,
319 3381 589 3438 tanquam
633 3371 728 3426 Dei
758 3371 994 3442 legatum
1046 3384 1210 3442 atque
1233 3375 1555 3443 pr0phetam
1579 3391 1769 3433 acces-

185 3460 337 3528 sisse,
389 3462 649 3517 divinum
698 3462 967 3533 judicium
1033 3464 1506 3521 denuntiaturum.
1566 3467 1767 3523 Eadem

184 3554 290 3610 fere
344 3557 633 3611 sententia
660 3550 764 3611 fuit
797 3556 999 3611 Justini
1045 3557 1323 3629 Martyris,
1382 3560 1767 3632 Athenagorae,
1798 3582 1839 3639 ο

183 3646 478 3702 Clementis
501 3646 881 3714 Alexandrini,
920 3649 1264 3714 Tertulliani,
1303 3651 1601 3717 Lactantii,
1630 3655 1768 3709 alio-

183 3754 404 3810 rumque
426 3755 540 3794 non
572 3755 874 3808 paucorum
901 3758 916 3806 ;
946 3727 1143 3813 quibus
1175 3744 1451 3810 omnibus,
1507 3755 1567 3801 ut
1595 3747 1649 3802 in
1679 3764 1773 3803 no-

184 3832 247 3885 tis
271 3832 335 3885 ad
365 3831 542 3885 citata
576 3831 765 3885 lrenmi
799 3831 917 3887 loca
949 3835 1326 3903 exposuimus,
1360 3837 1567 3893 erroris
1605 3854 1771 3893 occa-

184 3928 257 3977 sio
308 3922 430 3988 fuit,
485 3931 603 3976 tum
658 3923 803 3991 quod
833 3923 968 3979 Gen.
1009 3940 1060 3981 v1
1090 3927 1153 3980 de
1212 3926 1446 3995 ﬁliorum
1499 3928 1599 3983 Dei
1634 3946 1767 3985 con-

182 4028 355 4081 gressu
389 4029 521 4070 cum
562 4014 782 4081 ﬁliabus
814 4013 1087 4071 hominum
1146 4018 1359 4088 legitur,
1394 4031 1505 4074 tum
1536 4035 1770 4090 apocry-

182 4106 310 4172 phus
338 4106 560 4161 Enochi
597 4106 757 4162 liber.
789 4106 846 4160 In
873 4122 937 4162 eo
963 4116 1142 4161 tamen
1176 4108 1244 4161 ab
1280 4110 1474 4164 horum
1507 4113 1763 4177 opinione

180 4198 479 4254 discedisse
508 4200 731 4254 videtur
750 4198 1185 4271 Irenazus,quod
1232 4218 1297 4257 ex
1350 4204 1471 4259 istis
1518 4205 1767 4275 plerique

180 4291 360 4359 velint,
391 4293 700 4347 mulierum
733 4295 970 4363 speciem
1002 4310 1067 4350 ac
1098 4298 1547 4353 consuetudinem
1597 4314 1762 4370 ange-

180 4382 344 4448 lis,iis
364 4384 565 4440 saltem
596 4385 690 4454 qui
715 4386 934 4442 diabolo
961 4387 1249 4444 inferiores
1268 4400 1415 4455 sunt,
1434 4391 1608 4445 ruinae
1634 4408 1762 4445 cuu-

179 4490 286 4528 sam
310 4475 488 4531 fuisse
530 4493 544 4529 :
587 4490 713 4531 cum
772 4477 1088 4532 econtrario
1140 4493 1451 4549 supponere
1505 4479 1764 4533 videatur

177 4566 434 4634 lren:eus,
475 4584 575 4623 eos
623 4569 843 4623 nonnisi
868 4569 981 4639 jam
1040 4570 1179 4626 cmlo
1225 4572 1276 4625 in
1305 4572 1514 4640 peccati
1542 4585 1761 4641 pretium

180 4664 668 4731 pulsos,mulieres
708 4674 1011 4737 stuprasse.
1046 4667 1361 4724 Falsissima
1388 4670 1609 4739 quidem
1644 4670 1762 4725 luce

176 4758 443 4813 etlrenazi
472 4767 530 4813 et
581 4758 818 4813 aliorum
875 4759 1061 4829 opinio
1116 4770 1231 4827 est;
1284 4761 1523 4817 ostendit
1573 4772 1757 4817 tamen

176 4862 473 4918 corporeos
514 4849 586 4903 ab
616 4848 709 4906 illo
758 4850 1091 4906 constitutos
1118 4866 1240 4907 esse
1271 4854 1522 4920 angelos;
1562 4854 1759 4908 absur-

2904 1435 3013 1491 imo
3063 1437 3345 1495 diabolum
3392 1444 3471 1499 sic

1892 1526 2179 1596 apostasia:
2220 1524 2524 1595 principem
2575 1534 2755 1591 vocat,
2811 1532 2869 1578 ut
2914 1526 3147 1585 rebelles
3181 1547 3202 1581 ι
3246 1533 3471 1601 angelos

1887 1625 2167 1687 apostatas
2213 1615 2388 1670 factos
2417 1630 2539 1669 esse
2572 1629 2697 1669 cum
2732 1630 2797 1671 eo
2826 1617 2906 1682 ”;
2951 1618 3227 1675 diabolum
3257 1622 3360 1678 sibi
3413 1632 3471 1677 et

1888 1709 2119 1779 reliquis
2144 1708 2349 1765 factum
2379 1722 2503 1763 esse
2541 1709 2907 1764 abscessionis
2934 1725 3155 1767 causam
3182 1714 3236 1780 ¹;
3262 1734 3280 1766 ι
3310 1717 3471 1772 deni-

1884 1815 1990 1872 que
2016 1818 2035 1853 ι
2066 1816 2233 1855 unum
2262 1814 2385 1855 esse
2410 1814 2475 1853 ex
2501 1800 2714 1870 angelis
2748 1800 2855 1867 his,
2892 1802 2985 1871 qui
3019 1817 3188 1875 super
3220 1808 3470 1875 spiritum

1886 1893 2032 1949 aeris
2065 1893 2346 1963 prapositi
2378 1894 2420 1959 ',
2460 1912 2481 1945 ι
2508 1907 2538 1947 a
2566 1892 2675 1949 Deo
2701 1893 3054 1963 defecerunt,
3079 1898 3285 1955 diserte
3314 1915 3470 1957 asse-

1885 1985 1978 2040 rit.
2012 1985 2226 2052 Quibus
2258 1983 2574 2055 signilicare
2609 1986 2848 2053 videtur,
2877 2003 3048 2044 unum
3080 1991 3321 2045 omnium
3344 2008 3470 2063 pec-

1882 2086 2069 2133 catum
2099 2076 2291 2132 fuisse.
2330 2076 2504 2133 Porro
2542 2078 2785 2148 primum
2824 2079 3028 2136 diaboli
3068 2092 3353 2150 peccatum
3388 2084 3472 2139 in-

1886 2169 2114 2235 vidiam,
2143 2183 2249 2237 qua
2291 2166 2561 2239 ﬂagrabat
2602 2170 2658 2224 in
2706 2170 3005 2227 humanum
3048 2187 3260 2243 genus,
3301 2174 3472 2232 fuisse

1883 2265 2063 2318 docet.
2098 2279 2117 2314 ι
2157 2261 2393 2326 Extunc,
2432 2280 2452 2315 ι
2481 2262 2681 2332 inquit,
2720 2280 2739 2313 ‹
2768 2274 3015 2333 apostata
3048 2264 3227 2321 factus
3256 2276 3341 2323 est
3372 2283 3471 2324 an-

1880 2352 2056 2421 gelus,
2081 2363 2136 2407 et
2164 2352 2443 2416 inimicus,
2494 2366 2561 2406 ex
2593 2367 2701 2421 quo
2734 2353 2935 2408 zelavit
2976 2356 3185 2425 plasma
3230 2357 3328 2414 Dei
3364 2358 3407 2414 ³.
3441 2378 3463 2412 ι

1879 2444 1948 2498 Ει
1981 2443 2111 2499 alibi
2147 2461 2160 2497 :
2204 2460 2223 2495 ι
2253 2442 2531 2507 Diabolus,
2567 2458 2695 2497 cuiu
2735 2445 2806 2498 sit
2839 2462 2977 2501 unus
3023 2462 3088 2502 ex
3117 2449 3325 2519 angelis
3358 2451 3465 2516 his,

1879 2536 1973 2605 qui
2020 2549 2188 2603 super
2230 2535 2488 2604 spiritum
2532 2536 2680 2592 aeris
2725 2540 3005 2607 praepositi
3046 2549 3291 2596 suut.....
3321 2543 3464 2597 invi-

1878 2627 2015 2680 dens
2048 2626 2275 2690 homini,
2308 2635 2556 2694 apostata
2589 2641 2619 2680 a
2656 2627 2843 2682 divina
2889 2628 3064 2684 factus
3089 2642 3173 2686 est
3201 2631 3317 2701 lege
3341 2650 3355 2698 ;
3383 2634 3465 2688 iu-

1877 2716 2026 2772 vidia
2047 2717 2195 2771 enim
2224 2716 2401 2772 aliena
2426 2726 2513 2773 est
2535 2732 2566 2771 a
2592 2717 2704 2773 Deo
2739 2719 2782 2775 ⁸.
2809 2739 2828 2773 ι
2867 2722 2997 2789 Quae
3028 2736 3157 2778 vero
3192 2723 3359 2779 fuerit
3384 2725 3464 2779 ἰε-

1882 2809 1991 2864 tius
2018 2808 2237 2863 invidia:
2265 2824 2456 2878 causa,
2506 2828 2614 2866 non
2659 2812 2898 2880 explicat
2942 2823 3131 2869 auctor
3159 2827 3383 2872 noster:
3418 2819 3462 2871 si

1878 2900 2007 2969 quid
2045 2908 2230 2954 tamen
2261 2902 2596 2971 conjecturis
2643 2902 2925 2972 indulgere
2975 2904 3171 2972 liceat,
3215 2908 3467 2963 credide-

1892 1431 2211 1488 distiuxisse
2245 1431 2519 1501 reperitur
2551 1430 2796 1488 lrenmus
2844 1453 2856 1488 :

1864 2993 1980 3071 ’rim
2014 2993 2100 3047 vel
2123 3008 2245 3048 eum
2276 3008 2399 3048 cum
2436 2994 2705 3064 Gregorio
2738 2995 2986 3067 Nysseno
3017 2996 3037 3027 ⁸
3071 3008 3125 3051 et
3149 2998 3463 3068 Cypriano'

1876 3085 2143 3151 sensisse,
2170 3085 2451 3141 diabolum
2478 3103 2640 3155 super
2663 3088 2916 3157 spiritum
2947 3088 3105 3153 aeris,
3136 3101 3189 3143 et
3223 3102 3465 3145 terrena-

1877 3192 1997 3231 rum
2026 3190 2209 3231 rerum
2233 3177 2702 3232 administrationi
2724 3180 3095 3248 praepositum,
3112 3195 3256 3248 :egre
3278 3181 3464 3237 tulisse

1875 3269 2020 3340 quod
2070 3269 2253 3333 homo,
2292 3276 2403 3323 tam
2457 3285 2570 3339 pra:
2620 3285 2679 3325 se
2730 3279 3099 3340 contemptum
3158 3272 3457 3341 opiﬁcium,

1876 3376 2089 3430 suoque
2113 3362 2417 3430 praesertim
2449 3361 2681 3431 imperio
2707 3361 3039 3430 subjectum,
3073 3363 3141 3418 ad
3170 3362 3459 3434 imaginem

1874 3456 1968 3509 Dei
2001 3453 2181 3508 factus
2211 3464 2268 3506 et
2296 3468 2590 3521 expressus
2626 3463 2772 3509 esset
2806 3470 2820 3508 :
2869 3455 2956 3509 vel
3001 3472 3124 3510 cum
3170 3457 3462 3513 Anastasio

1876 3545 2089 3599 Sinaita
2143 3546 2163 3576 "
2210 3545 2589 3611 existimasse,
2648 3546 2924 3601 diabolum
2990 3547 3134 3603 ferre
3196 3566 3304 3605 non
3365 3566 3463 3619 po-

1873 3637 2047 3691 tuisse
2091 3637 2236 3705 quod
2300 3636 2510 3691 homini
2569 3638 2802 3693 collatus
2852 3652 2999 3695 esset
3039 3657 3067 3695 a
3118 3641 3231 3698 Deo
3284 3652 3457 3698 terre-

1872 3741 2069 3781 narum
2101 3725 2345 3781 omnium
2383 3743 2565 3782 rerum
2616 3728 2947 3797 dominatus,
2986 3747 3148 3801 quem
3202 3733 3319 3803 ipse
3346 3750 3462 3789 am-

1871 3817 2082 3873 biebat.

1944 3930 2071 3986 104.
2105 3930 2369 3998 Quamvis
2418 3944 2601 3985 autem
2650 3932 2891 3988 Irenazus
2945 3934 3187 4002 angelos,
3234 3938 3377 4006 quod
3405 3948 3459 3993 et

1872 4024 2013 4080 idem
2045 4026 2112 4080 de
2155 4026 2443 4080 animabus
2500 4027 2757 4082 humanis
2806 4028 3120 4097 dicendurm,
3170 4040 3231 4087 ut
3270 4041 3457 4101 postea

1869 4118 2259 4187 explicabitur,
2293 4134 2522 4187 corpore
2544 4121 2799 4189 praeditos
2831 4122 3215 4190 constituerit;
3248 4134 3457 4177 utram-

1870 4222 1979 4275 que
2033 4217 2216 4263 tamen
2269 4210 2636 4264 subsuantiam
2697 4220 2898 4266 natura
2950 4228 3045 4266 sua
3093 4214 3454 4270 immortalem

1868 4313 1990 4355 esse
2044 4301 2333 4370 perspicue
2367 4300 2567 4356 docuit.
2619 4301 2743 4358 Lib.
2772 4319 2835 4366 ιι,
2880 4320 2930 4362 c.
2978 4306 3071 4368 55,
3109 4314 3375 4360 assertam
3422 4324 3454 4363 a

1866 4390 2145 4447 Gnosticis
2193 4392 2695 4461 metempsychosin
2734 4392 3029 4458 refellens,
3072 4395 3268 4449 scribit
3310 4410 3364 4448 ιι.
3396 4396 3452 4463 5,

1873 4500 1893 4534 ι
1933 4483 2233 4553 adimpleto
2261 4499 2515 4548 numero,
2549 4499 2710 4553 quem
2748 4486 2889 4539 Deus
2932 4486 3074 4554 apud
3106 4500 3167 4540 se
3196 4496 3323 4541 ante
3358 4488 3454 4542 de-

1868 4574 2033 4641 liniit,
2069 4591 2282 4642 omnes,
2314 4575 2628 4646 quicunque
2664 4585 2792 4631 sunt
2821 4578 3007 4645 scripti
3041 4578 3092 4630 in
3130 4578 3330 4645 vitam,
3368 4594 3452 4632 re-

1864 4677 2239 4736 surrecturus,
2283 4685 2381 4724 sua
2413 4684 2645 4739 corpora
2676 4682 2731 4723 et
2762 4685 2892 4724 suas
2922 4671 3136 4724 animas
3162 4670 3447 4736 habentes,

1863 4768 1918 4814 et
1964 4774 2094 4814 suos
2133 4759 2400 4828 spiritus,
2452 4761 2504 4813 iu
2566 4761 2761 4828 quibus
2802 4760 3125 4828 placuerunt
3158 4760 3301 4825 Deo;
3355 4763 3447 4830 qui

1864 4861 2046 4907 autem
2089 4868 2250 4923 paena
2292 4863 2420 4908 sunt
2452 4854 2629 4925 digni,
2657 4854 2905 4908 abituros
2945 4853 2996 4906 in
3029 4868 3172 4917 eam,
3199 4862 3253 4908 et
3301 4855 3450 4922 ipsos

176 4939 299 4993 dum
336 4941 543 5010 quippe
599 4950 964 4999 estnaturam
1018 4944 1268 5014 corporis
1318 4957 1624 5016 expertem,
1665 4957 1759 5000 aut
1793 4945 1836 4999 D
1863 4960 1992 4999 suas
2037 4945 2303 5001 habentes
2340 4945 2577 5008 animas,
2622 4953 2676 4999 et
2718 4960 2812 4999 sua
2856 4959 3104 5013 corpora,
3142 4946 3196 4999 in
3250 4946 3448 5016 quibus

174 5048 467 5103 corporum
513 5033 788 5092 illecebris
841 5036 1068 5104 tentari,
1124 5048 1223 5092 aut
1265 5052 1388 5093 cum
1435 5039 1761 5108 corporibus

175 5140 419 5180 ιιιιεοεη.

234 5216 368 5271 105.
403 5216 523 5271 Dixi
557 5231 667 5272 non
703 5231 823 5273 eam
852 5218 1022 5276 fuisse
1050 5219 1237 5275 lrenaei
1269 5222 1618 5286 sententiam,
1655 5236 1761 5277 an-

170 5318 307 5388 gelis
331 5317 549 5373 diabolo
586 5316 943 5374 inferioribus
986 5318 1246 5373 mulieres
1293 5318 1466 5372 ruina:
1510 5320 1759 5373 occasio-

172 5426 297 5464 nem
327 5409 513 5465 fuisse.
550 5409 817 5477 Quamvis
841 5410 989 5465 enim
1022 5410 1246 5479 quidam
1277 5425 1308 5464 e
1338 5410 1616 5465 veteribus
1643 5409 1760 5464 dia-

170 5500 301 5566 boli,
336 5501 623 5557 rebellium
652 5500 971 5572 angelorum
1012 5501 1314 5570 principis,
1347 5515 1569 5556 causam
1598 5515 1628 5553 a
1663 5514 1752 5554 τε·

171 5595 337 5666 liquis
385 5596 703 5667 sejungant,
757 5594 1021 5664 illumque
1072 5594 1313 5659 invidia,
1367 5595 1468 5648 hos
1529 5593 1754 5649 libidine

170 5687 562 5743 exstimulante
593 5685 871 5740 excidisse
904 5684 1101 5750 velint;
1145 5684 1397 5754 nuSpiam
1449 5694 1630 5738 tamen
1675 5684 1752 5737 ita

230 5810 281 5840 ”
319 5807 482 5869 lren.,
512 5806 609 5860 lib.
642 5819 725 5869 ιιι,
757 5819 806 5856 c.
837 5802 928 5871 25,
960 5819 1013 5859 ιι.
1048 5821 1101 5856 o.
1181 5806 1194 5834 ¹
1244 5802 1359 5857 Lib.
1392 5818 1464 5865 IV,
1517 5817 1567 5856 c.
1599 5801 1690 5867 4|,
1728 5818 1770 5854 ιι.

230 5880 339 5934 sib.
372 5894 428 5938 v,
459 5892 584 5938 cap.
616 5875 709 5938 9.4,
740 5891 795 5929 n.
822 5874 877 5928 4.
955 5875 976 5905 ‘
1008 5874 1161 5930 Orat.
1217 5873 1470 5938 Catcch.,
1502 5889 1552 5930 c.
1587 5875 1640 5925 6.
1730 5880 1750 5908 ⁸

1968 5804 1987 5833 ²
2020 5801 2140 5853 Lib.
2180 5815 2234 5857 ν.
2277 5814 2396 5869 cap.
2438 5801 2529 5863 24,
2568 5816 2620 5853 ιι.
2649 5801 2702 5853 4.
2780 5801 2799 5829 ³
2840 5801 2989 5851 Lib.l

1875 5893 1904 5927 l.
1937 5873 2003 5928 de
2027 5871 2143 5926 Zel.
2174 5882 2224 5927 et
2256 5870 2373 5925 Liv.
2450 5872 2469 5903 ⁷
2511 5872 2565 5926 ιιι
2608 5868 2852 5938 Ὀδηγῷ,
2884 5886 2932 5922 c.
2958 5869 2989 5922 4

170 5880 189 5909 ⁸
214 5880 339 5936 Lib.
372 5894 428 5946 v,
459 5892 584 5947 cap.
616 5875 709 5941 9.4,
740 5891 795 5929 n.
822 5874 877 5928 4.
955 5875 976 5905 ‘
1008 5874 1161 5930 Orat.
1217 5873 1552 5953 Catcch.,‘c.
1587 5875 1640 5925 6.

1861 5038 2196 5092 abstiterunt
2240 5054 2269 5092 a
2306 5039 2397 5093 Dei
2447 5038 2709 5092 bonitate.
2764 5056 2783 5088 ι
2838 5037 2902 5090 Ει
2944 5053 3066 5106 cap.
3120 5053 3235 5107 seq.
3283 5038 3443 5093 allata

1860 5130 2049 5185 divitis
2098 5130 2348 5199 epulonis
2407 5141 2461 5186 et
2512 5129 2706 5183 Lazari
2768 5130 3062 5198 purabola,
3118 5131 3441 5185 concludit:

1865 5240 1886 5274 ι
1922 5237 2021 5292 per
2056 5222 2171 5277 btec
2201 5222 2656 5277 manifestissime
2687 5222 3027 5278 declaratum
3061 5238 3204 5288 esse,
3232 5233 3286 5278 et
3320 5238 3442 5292 per-

1858 5332 2116 5372 severare
2134 5316 2366 5383 animas,
2386 5326 2443 5370 et
2467 5332 2573 5369 non
2588 5317 2655 5370 de
2681 5331 2914 5385 corpore
2946 5318 2998 5370 in
3030 5331 3233 5385 corpus
3260 5327 3442 5370 trans-

1858 5408 1964 5464 ire.
2028 5426 2046 5459 ι
2086 5406 2194 5462 Sed
2240 5407 2445 5461 clarius
2492 5407 2587 5462 lib.
2622 5423 2675 5474 v,
2715 5425 2767 5462 c.
2798 5408 2853 5473 4,
2890 5408 3108 5462 eosdem
3150 5405 3439 5461 Gnosticos

1862 5498 2173 5562 ccufutans,
2200 5498 2291 5566 qui
2323 5512 2613 5567 corporum
2648 5499 3104 5553 resurrectionem
3142 5496 3437 5564 negabant,

1859 5594 1939 5647 sic
1973 5599 2382 5662 argumentatur
2413 5608 2467 5647 ιι.
2510 5591 2535 5643 I
2574 5609 2586 5643 :
2621 5609 2639 5641 ι
2679 5590 2816 5646 Cum
2847 5591 3034 5645 dicant
3064 5604 3126 5643 ea
3163 5603 3283 5658 qum
3317 5603 3436 5640 οιιι-

1860 5685 2020 5738 nibus
2045 5691 2171 5737 sunt
2206 5681 2516 5743 manifesta,
2542 5683 2797 5751 quoniam
2827 5691 3181 5751 perseverant
3212 5680 3438 5732 immor-

1968 5804 1987 5833 ²
2020 5800 2140 5853 Lib.
2180 5815 2234 5857 ν.
2277 5814 2396 5869 cap.
2438 5800 2529 5863 24,
2568 5816 2620 5853 ιι.
2649 5800 2702 5853 4.
2780 5799 3053 5869 ’ﬂLilmv,
3088 5813 3139 5853 c.
3172 5797 3334 5859 40,11.
3379 5793 3432 5849 3.
