  <div class='ocr_page' id='page_1' title='image "/cluster/home/n/w/nwhite01/storage/ocr_20150623/7/hvd.32044019206614/187.png"; bbox 0 0 3924 6354; ppageno 0'>
   <div class='ocr_carea' id='block_1_1' title="bbox 497 388 604 443">
    <p class='ocr_par' dir='ltr' id='par_1_1' title="bbox 497 388 604 443">
     <span class='ocr_line' id='line_1_1' title="bbox 497 388 604 443; baseline 0 -1"><span class='ocrx_word' id='word_1_1' title='bbox 497 388 604 443; x_wconf 73' lang='lat'><strong>359</strong></span> 
     </span>
    </p>
   </div>
   <div class='ocr_carea' id='block_1_2' title="bbox 1305 357 2961 433">
    <p class='ocr_par' dir='ltr' id='par_1_2' title="bbox 1305 357 2961 433">
     <span class='ocr_line' id='line_1_2' title="bbox 1305 357 2961 433; baseline -0.014 1"><span class='ocrx_word' id='word_1_2' title='bbox 1305 367 1903 433; x_wconf 75' lang='lat' dir='ltr'><strong>DISSERTATIONES</strong></span> <span class='ocrx_word' id='word_1_3' title='bbox 1941 361 2246 419; x_wconf 70' lang='grc' dir='ltr'><strong>ΡΒιΕἫᾹΞ</strong></span> <span class='ocrx_word' id='word_1_4' title='bbox 2288 359 2352 413; x_wconf 81' lang='lat' dir='ltr'><strong>IN</strong></span> <span class='ocrx_word' id='word_1_5' title='bbox 2393 358 2649 413; x_wconf 72' lang='lat' dir='ltr'><strong>IRENASI</strong></span> <span class='ocrx_word' id='word_1_6' title='bbox 2692 357 2961 412; x_wconf 78' lang='lat' dir='ltr'><strong>LIBROS.</strong></span> 
     </span>
    </p>
   </div>
   <div class='ocr_carea' id='block_1_3' title="bbox 3644 354 3739 410">
    <p class='ocr_par' dir='ltr' id='par_1_3' title="bbox 3644 354 3739 410">
     <span class='ocr_line' id='line_1_3' title="bbox 3644 354 3739 410; baseline -0.021 1"><span class='ocrx_word' id='word_1_7' title='bbox 3644 354 3739 410; x_wconf 77' lang='lat'><strong>360</strong></span> 
     </span>
    </p>
   </div>
   <div class='ocr_carea' id='block_1_4' title="bbox 500 468 3741 573">
    <p class='ocr_par' dir='ltr' id='par_1_4' title="bbox 500 468 3741 573">
     <span class='ocr_line' id='line_1_4' title="bbox 500 468 3741 573; baseline -0.013 -8"><span class='ocrx_word' id='word_1_8' title='bbox 500 509 651 573; x_wconf 88' lang='lat' dir='ltr'><strong>talia,</strong></span> <span class='ocrx_word' id='word_1_9' title='bbox 685 516 741 560; x_wconf 85' lang='grc' dir='ltr'><strong>ιιι</strong></span> <span class='ocrx_word' id='word_1_10' title='bbox 772 515 900 573; x_wconf 89' lang='lat' dir='ltr'><strong>puta</strong></span> <span class='ocrx_word' id='word_1_11' title='bbox 940 503 1169 572; x_wconf 77' lang='lat' dir='ltr'><strong>spiritus</strong></span> <span class='ocrx_word' id='word_1_12' title='bbox 1197 511 1254 555; x_wconf 90' lang='lat' dir='ltr'><strong>et</strong></span> <span class='ocrx_word' id='word_1_13' title='bbox 1280 500 1485 561; x_wconf 87' lang='lat' dir='ltr'><strong>anima,</strong></span> <span class='ocrx_word' id='word_1_14' title='bbox 1523 505 1577 549; x_wconf 90' lang='lat' dir='ltr'><strong>et</strong></span> <span class='ocrx_word' id='word_1_15' title='bbox 1612 508 1732 562; x_wconf 67' lang='lat' dir='ltr'><strong>quae</strong></span> <span class='ocrx_word' id='word_1_16' title='bbox 1756 497 1882 544; x_wconf 90' lang='lat' dir='ltr'><strong>sunt</strong></span> <span class='ocrx_word' id='word_1_17' title='bbox 1917 487 2070 544; x_wconf 87' lang='lat' dir='ltr'><strong>talia.</strong></span> <span class='ocrx_word' id='word_1_18' title='bbox 2104 487 2151 543; x_wconf 79' lang='grc' dir='ltr'><strong>Α</strong></span> <span class='ocrx_word' id='word_1_19' title='bbox 2177 480 2470 542; x_wconf 89' lang='lat' dir='ltr'><strong>beneﬁcio,</strong></span> <span class='ocrx_word' id='word_1_20' title='bbox 2499 493 2620 547; x_wconf 57' lang='lat' dir='ltr'><strong>quas</strong></span> <span class='ocrx_word' id='word_1_21' title='bbox 2650 474 2913 545; x_wconf 72' lang='lat' dir='ltr'><strong>Spiritum</strong></span> <span class='ocrx_word' id='word_1_22' title='bbox 2953 480 3204 525; x_wconf 89' lang='lat' dir='ltr'><strong>sanctum</strong></span> <span class='ocrx_word' id='word_1_23' title='bbox 3250 469 3303 524; x_wconf 89' lang='lat' dir='ltr'><strong>in</strong></span> <span class='ocrx_word' id='word_1_24' title='bbox 3347 468 3623 538; x_wconf 87' lang='lat' dir='ltr'><strong>baptismo</strong></span> <span class='ocrx_word' id='word_1_25' title='bbox 3656 484 3741 523; x_wconf 81' lang='lat' dir='ltr'><strong>ae-</strong></span> 
     </span>
    </p>
   </div>
   <div class='ocr_carea' id='block_1_5' title="bbox 502 578 2073 669">
    <p class='ocr_par' dir='ltr' id='par_1_5' title="bbox 502 578 2073 669">
     <span class='ocr_line' id='line_1_5' title="bbox 502 578 2073 669; baseline -0.018 -13"><span class='ocrx_word' id='word_1_26' title='bbox 502 601 754 669; x_wconf 87' lang='lat' dir='ltr'><strong>quoniam</strong></span> <span class='ocrx_word' id='word_1_27' title='bbox 792 597 1138 651; x_wconf 88' lang='lat' dir='ltr'><strong>viviﬁcantttr</strong></span> <span class='ocrx_word' id='word_1_28' title='bbox 1176 608 1204 647; x_wconf 91' lang='lat' dir='ltr'><strong>a</strong></span> <span class='ocrx_word' id='word_1_29' title='bbox 1233 591 1434 651; x_wconf 86' lang='lat' dir='ltr'><strong>Patre;</strong></span> <span class='ocrx_word' id='word_1_30' title='bbox 1486 587 1632 640; x_wconf 88' lang='lat' dir='ltr'><strong>aliud</strong></span> <span class='ocrx_word' id='word_1_31' title='bbox 1682 592 1888 645; x_wconf 89' lang='lat' dir='ltr'><strong>autem,</strong></span> <span class='ocrx_word' id='word_1_32' title='bbox 1932 578 2073 645; x_wconf 90' lang='lat' dir='ltr'><strong>quod</strong></span> 
     </span>
    </p>
   </div>
   <div class='ocr_carea' id='block_1_6' title="bbox 503 672 2075 751">
    <p class='ocr_par' dir='ltr' id='par_1_6' title="bbox 503 672 2075 751">
     <span class='ocr_line' id='line_1_6' title="bbox 503 672 2075 751; baseline -0.019 0"><span class='ocrx_word' id='word_1_33' title='bbox 503 713 610 751; x_wconf 89' lang='lat' dir='ltr'><strong>non</strong></span> <span class='ocrx_word' id='word_1_34' title='bbox 645 693 781 747; x_wconf 87' lang='lat' dir='ltr'><strong>alias</strong></span> <span class='ocrx_word' id='word_1_35' title='bbox 815 687 1147 748; x_wconf 89' lang='lat' dir='ltr'><strong>viviﬁcatttr,</strong></span> <span class='ocrx_word' id='word_1_36' title='bbox 1192 683 1294 737; x_wconf 89' lang='lat' dir='ltr'><strong>nisi</strong></span> <span class='ocrx_word' id='word_1_37' title='bbox 1348 682 1425 734; x_wconf 90' lang='lat' dir='ltr'><strong>illi</strong></span> <span class='ocrx_word' id='word_1_38' title='bbox 1484 679 1625 731; x_wconf 91' lang='lat' dir='ltr'><strong>Deus</strong></span> <span class='ocrx_word' id='word_1_39' title='bbox 1670 684 1915 745; x_wconf 58' lang='lat' dir='ltr'><strong>praestet,</strong></span> <span class='ocrx_word' id='word_1_40' title='bbox 1964 672 2075 723; x_wconf 86' lang='lat' dir='ltr'><strong>vita</strong></span> 
     </span>
    </p>
   </div>
   <div class='ocr_carea' id='block_1_7' title="bbox 504 763 2079 854">
    <p class='ocr_par' dir='ltr' id='par_1_7' title="bbox 504 763 2079 854">
     <span class='ocr_line' id='line_1_7' title="bbox 504 763 2079 854; baseline -0.018 -12"><span class='ocrx_word' id='word_1_41' title='bbox 504 782 845 854; x_wconf 83' lang='lat' dir='ltr'><strong>derelinqui;</strong></span> <span class='ocrx_word' id='word_1_42' title='bbox 877 789 969 835; x_wconf 90' lang='lat' dir='ltr'><strong>aut</strong></span> <span class='ocrx_word' id='word_1_43' title='bbox 1012 780 1366 847; x_wconf 90' lang='lat' dir='ltr'><strong>impotentem</strong></span> <span class='ocrx_word' id='word_1_44' title='bbox 1414 779 1467 825; x_wconf 90' lang='lat' dir='ltr'><strong>et</strong></span> <span class='ocrx_word' id='word_1_45' title='bbox 1513 769 1791 823; x_wconf 90' lang='lat' dir='ltr'><strong>inﬁrmum</strong></span> <span class='ocrx_word' id='word_1_46' title='bbox 1838 763 2079 818; x_wconf 84' lang='lat' dir='ltr'><strong>ostendit</strong></span> 
     </span>
    </p>
   </div>
   <div class='ocr_carea' id='block_1_8' title="bbox 502 855 2079 943">
    <p class='ocr_par' dir='ltr' id='par_1_8' title="bbox 502 855 2079 943">
     <span class='ocr_line' id='line_1_8' title="bbox 502 855 2079 943; baseline -0.018 -10"><span class='ocrx_word' id='word_1_47' title='bbox 502 878 722 934; x_wconf 81' lang='lat' dir='ltr'><strong>Patrem</strong></span> <span class='ocrx_word' id='word_1_48' title='bbox 783 874 1059 943; x_wconf 91' lang='lat' dir='ltr'><strong>ipsorum,</strong></span> <span class='ocrx_word' id='word_1_49' title='bbox 1120 876 1215 921; x_wconf 90' lang='lat' dir='ltr'><strong>aut</strong></span> <span class='ocrx_word' id='word_1_50' title='bbox 1270 863 1514 917; x_wconf 90' lang='lat' dir='ltr'><strong>invidum</strong></span> <span class='ocrx_word' id='word_1_51' title='bbox 1565 868 1621 914; x_wconf 91' lang='lat' dir='ltr'><strong>et.</strong></span> <span class='ocrx_word' id='word_1_52' title='bbox 1670 857 1921 911; x_wconf 90' lang='lat' dir='ltr'><strong>lividum.</strong></span> <span class='ocrx_word' id='word_1_53' title='bbox 1973 855 2079 907; x_wconf 88' lang='lat' dir='ltr'><strong>De—</strong></span> 
     </span>
    </p>
   </div>
   <div class='ocr_carea' id='block_1_9' title="bbox 505 949 2078 1033">
    <p class='ocr_par' dir='ltr' id='par_1_9' title="bbox 505 949 2078 1033">
     <span class='ocr_line' id='line_1_9' title="bbox 505 949 2078 1033; baseline -0.019 -8"><span class='ocrx_word' id='word_1_54' title='bbox 505 972 721 1033; x_wconf 79' lang='lat' dir='ltr'><strong>miurgo</strong></span> <span class='ocrx_word' id='word_1_55' title='bbox 768 969 913 1022; x_wconf 92' lang='lat' dir='ltr'><strong>enim</strong></span> <span class='ocrx_word' id='word_1_56' title='bbox 963 972 1019 1018; x_wconf 87' lang='lat' dir='ltr'><strong>et</strong></span> <span class='ocrx_word' id='word_1_57' title='bbox 1053 962 1144 1016; x_wconf 90' lang='lat' dir='ltr'><strong>hic</strong></span> <span class='ocrx_word' id='word_1_58' title='bbox 1186 958 1498 1012; x_wconf 85' lang='lat' dir='ltr'><strong>viviﬁcante</strong></span> <span class='ocrx_word' id='word_1_59' title='bbox 1544 949 1791 1007; x_wconf 89' lang='lat' dir='ltr'><strong>mortalia</strong></span> <span class='ocrx_word' id='word_1_60' title='bbox 1849 961 2078 1015; x_wconf 86' lang='lat' dir='ltr'><strong>corpora</strong></span> 
     </span>
    </p>
   </div>
   <div class='ocr_carea' id='block_1_10' title="bbox 510 1038 2080 1123">
    <p class='ocr_par' dir='ltr' id='par_1_10' title="bbox 510 1038 2080 1123">
     <span class='ocr_line' id='line_1_10' title="bbox 510 1038 2080 1123; baseline -0.015 -12"><span class='ocrx_word' id='word_1_61' title='bbox 510 1069 720 1123; x_wconf 88' lang='lat' dir='ltr'><strong>nostra,</strong></span> <span class='ocrx_word' id='word_1_62' title='bbox 755 1063 809 1109; x_wconf 90' lang='lat' dir='ltr'><strong>et</strong></span> <span class='ocrx_word' id='word_1_63' title='bbox 828 1048 1284 1110; x_wconf 82' lang='lat' dir='ltr'><strong>resurrectionem</strong></span> <span class='ocrx_word' id='word_1_64' title='bbox 1303 1044 1384 1097; x_wconf 92' lang='lat' dir='ltr'><strong>eis</strong></span> <span class='ocrx_word' id='word_1_65' title='bbox 1406 1056 1503 1111; x_wconf 89' lang='lat' dir='ltr'><strong>per</strong></span> <span class='ocrx_word' id='word_1_66' title='bbox 1526 1038 1818 1111; x_wconf 87' lang='lat' dir='ltr'><strong>pr0phetas</strong></span> <span class='ocrx_word' id='word_1_67' title='bbox 1850 1040 2080 1106; x_wconf 88' lang='lat' dir='ltr'><strong>promit-</strong></span> 
     </span>
    </p>
   </div>
   <div class='ocr_carea' id='block_1_11' title="bbox 511 1128 2077 1215">
    <p class='ocr_par' dir='ltr' id='par_1_11' title="bbox 511 1128 2077 1215">
     <span class='ocr_line' id='line_1_11' title="bbox 511 1128 2077 1215; baseline -0.016 -12"><span class='ocrx_word' id='word_1_68' title='bbox 511 1161 677 1209; x_wconf 86' lang='lat' dir='ltr'><strong>tente,</strong></span> <span class='ocrx_word' id='word_1_69' title='bbox 709 1142 1164 1215; x_wconf 80' lang='lat' dir='ltr'><strong>quemadmodum</strong></span> <span class='ocrx_word' id='word_1_70' title='bbox 1196 1138 1539 1193; x_wconf 72' lang='lat' dir='ltr'><strong>ostendimus</strong></span> <span class='ocrx_word' id='word_1_71' title='bbox 1569 1151 1585 1197; x_wconf 93' lang='lat'><strong>;</strong></span> <span class='ocrx_word' id='word_1_72' title='bbox 1634 1131 1755 1200; x_wconf 85' lang='lat' dir='ltr'><strong>quis</strong></span> <span class='ocrx_word' id='word_1_73' title='bbox 1784 1128 2077 1197; x_wconf 81' lang='lat' dir='ltr'><strong>potentior,</strong></span> 
     </span>
    </p>
   </div>
   <div class='ocr_carea' id='block_1_12' title="bbox 509 1218 2083 1301">
    <p class='ocr_par' dir='ltr' id='par_1_12' title="bbox 509 1218 2083 1301">
     <span class='ocr_line' id='line_1_12' title="bbox 509 1218 2083 1301; baseline -0.014 -8"><span class='ocrx_word' id='word_1_74' title='bbox 509 1251 563 1293; x_wconf 89' lang='lat' dir='ltr'><strong>et</strong></span> <span class='ocrx_word' id='word_1_75' title='bbox 598 1240 822 1301; x_wconf 79' lang='lat' dir='ltr'><strong>fortior,</strong></span> <span class='ocrx_word' id='word_1_76' title='bbox 862 1245 917 1290; x_wconf 92' lang='lat' dir='ltr'><strong>et</strong></span> <span class='ocrx_word' id='word_1_77' title='bbox 951 1247 1081 1287; x_wconf 87' lang='lat' dir='ltr'><strong>vere</strong></span> <span class='ocrx_word' id='word_1_78' title='bbox 1126 1233 1303 1285; x_wconf 88' lang='lat' dir='ltr'><strong>bonus</strong></span> <span class='ocrx_word' id='word_1_79' title='bbox 1338 1223 1685 1281; x_wconf 76' lang='lat' dir='ltr'><strong>ostenditur?</strong></span> <span class='ocrx_word' id='word_1_80' title='bbox 1738 1220 1931 1276; x_wconf 85' lang='lat' dir='ltr'><strong>Utrum</strong></span> <span class='ocrx_word' id='word_1_81' title='bbox 1980 1218 2083 1272; x_wconf 93' lang='lat' dir='ltr'><strong>De-</strong></span> 
     </span>
    </p>
   </div>
   <div class='ocr_carea' id='block_1_13' title="bbox 510 1311 2082 1400">
    <p class='ocr_par' dir='ltr' id='par_1_13' title="bbox 510 1311 2082 1400">
     <span class='ocr_line' id='line_1_13' title="bbox 510 1311 2082 1400; baseline -0.017 -12"><span class='ocrx_word' id='word_1_82' title='bbox 510 1336 778 1400; x_wconf 83' lang='lat' dir='ltr'><strong>miurgus,</strong></span> <span class='ocrx_word' id='word_1_83' title='bbox 824 1328 916 1399; x_wconf 90' lang='lat' dir='ltr'><strong>qui</strong></span> <span class='ocrx_word' id='word_1_84' title='bbox 968 1336 1144 1380; x_wconf 90' lang='lat' dir='ltr'><strong>totum</strong></span> <span class='ocrx_word' id='word_1_85' title='bbox 1194 1322 1436 1374; x_wconf 89' lang='lat' dir='ltr'><strong>vivilicat</strong></span> <span class='ocrx_word' id='word_1_86' title='bbox 1491 1316 1794 1378; x_wconf 87' lang='lat' dir='ltr'><strong>hominem,</strong></span> <span class='ocrx_word' id='word_1_87' title='bbox 1838 1328 1905 1366; x_wconf 91' lang='lat' dir='ltr'><strong>an</strong></span> <span class='ocrx_word' id='word_1_88' title='bbox 1950 1311 2082 1365; x_wconf 88' lang='lat' dir='ltr'><strong>falso</strong></span> 
     </span>
    </p>
   </div>
   <div class='ocr_carea' id='block_1_14' title="bbox 509 1406 2083 1494">
    <p class='ocr_par' dir='ltr' id='par_1_14' title="bbox 509 1406 2083 1494">
     <span class='ocr_line' id='line_1_14' title="bbox 509 1406 2083 1494; baseline -0.013 -15"><span class='ocrx_word' id='word_1_89' title='bbox 509 1422 919 1494; x_wconf 87' lang='lat' dir='ltr'><strong>cognominatus</strong></span> <span class='ocrx_word' id='word_1_90' title='bbox 945 1418 1183 1485; x_wconf 90' lang='lat' dir='ltr'><strong>ipsorum</strong></span> <span class='ocrx_word' id='word_1_91' title='bbox 1219 1413 1420 1475; x_wconf 89' lang='lat' dir='ltr'><strong>Pater;</strong></span> <span class='ocrx_word' id='word_1_92' title='bbox 1478 1408 1569 1476; x_wconf 90' lang='lat' dir='ltr'><strong>qui</strong></span> <span class='ocrx_word' id='word_1_93' title='bbox 1599 1422 1663 1461; x_wconf 90' lang='lat' dir='ltr'><strong>ea</strong></span> <span class='ocrx_word' id='word_1_94' title='bbox 1705 1406 1921 1475; x_wconf 91' lang='lat' dir='ltr'><strong>quidem</strong></span> <span class='ocrx_word' id='word_1_95' title='bbox 1963 1419 2083 1474; x_wconf 63' lang='lat' dir='ltr'><strong>quae</strong></span> 
     </span>
    </p>
   </div>
   <div class='ocr_carea' id='block_1_15' title="bbox 509 1496 2085 1573">
    <p class='ocr_par' dir='ltr' id='par_1_15' title="bbox 509 1496 2085 1573">
     <span class='ocr_line' id='line_1_15' title="bbox 509 1496 2085 1573; baseline -0.014 -3"><span class='ocrx_word' id='word_1_96' title='bbox 509 1524 635 1570; x_wconf 84' lang='lat' dir='ltr'><strong>sunt</strong></span> <span class='ocrx_word' id='word_1_97' title='bbox 661 1522 856 1569; x_wconf 91' lang='lat' dir='ltr'><strong>natura</strong></span> <span class='ocrx_word' id='word_1_98' title='bbox 890 1506 1246 1571; x_wconf 89' lang='lat' dir='ltr'><strong>immortalia,</strong></span> <span class='ocrx_word' id='word_1_99' title='bbox 1277 1503 1475 1573; x_wconf 86' lang='lat' dir='ltr'><strong>quibus</strong></span> <span class='ocrx_word' id='word_1_100' title='bbox 1506 1514 1537 1553; x_wconf 88' lang='lat' dir='ltr'><strong>a</strong></span> <span class='ocrx_word' id='word_1_101' title='bbox 1574 1514 1671 1553; x_wconf 88' lang='lat' dir='ltr'><strong>sua</strong></span> <span class='ocrx_word' id='word_1_102' title='bbox 1704 1508 1898 1551; x_wconf 89' lang='lat' dir='ltr'><strong>natura</strong></span> <span class='ocrx_word' id='word_1_103' title='bbox 1932 1496 2085 1550; x_wconf 82' lang='lat' dir='ltr'><strong>adest</strong></span> 
     </span>
    </p>
   </div>
   <div class='ocr_carea' id='block_1_16' title="bbox 508 1592 2085 1674">
    <p class='ocr_par' dir='ltr' id='par_1_16' title="bbox 508 1592 2085 1674">
     <span class='ocr_line' id='line_1_16' title="bbox 508 1592 2085 1674; baseline -0.015 -11"><span class='ocrx_word' id='word_1_104' title='bbox 508 1610 713 1671; x_wconf 74' lang='lat' dir='ltr'><strong>vivere,</strong></span> <span class='ocrx_word' id='word_1_105' title='bbox 752 1604 907 1674; x_wconf 86' lang='lat' dir='ltr'><strong>lingit</strong></span> <span class='ocrx_word' id='word_1_106' title='bbox 937 1618 996 1657; x_wconf 90' lang='lat' dir='ltr'><strong>se</strong></span> <span class='ocrx_word' id='word_1_107' title='bbox 1024 1599 1341 1661; x_wconf 90' lang='lat' dir='ltr'><strong>viviﬁcare;</strong></span> <span class='ocrx_word' id='word_1_108' title='bbox 1381 1592 1580 1663; x_wconf 88' lang='lat' dir='ltr'><strong>quibus</strong></span> <span class='ocrx_word' id='word_1_109' title='bbox 1624 1600 1803 1664; x_wconf 84' lang='lat' dir='ltr'><strong>autem</strong></span> <span class='ocrx_word' id='word_1_110' title='bbox 1841 1602 1977 1658; x_wconf 90' lang='lat' dir='ltr'><strong>opus</strong></span> <span class='ocrx_word' id='word_1_111' title='bbox 2002 1596 2085 1641; x_wconf 90' lang='lat' dir='ltr'><strong>est</strong></span> 
     </span>
    </p>
   </div>
   <div class='ocr_carea' id='block_1_17' title="bbox 511 1679 2085 1763">
    <p class='ocr_par' dir='ltr' id='par_1_17' title="bbox 511 1679 2085 1763">
     <span class='ocr_line' id='line_1_17' title="bbox 511 1679 2085 1763; baseline -0.016 -8"><span class='ocrx_word' id='word_1_112' title='bbox 511 1703 578 1754; x_wconf 91' lang='lat' dir='ltr'><strong>ab</strong></span> <span class='ocrx_word' id='word_1_113' title='bbox 606 1714 672 1754; x_wconf 89' lang='lat' dir='ltr'><strong>eo</strong></span> <span class='ocrx_word' id='word_1_114' title='bbox 699 1694 1053 1763; x_wconf 78' lang='lat' dir='ltr'><strong>adiutorium,</strong></span> <span class='ocrx_word' id='word_1_115' title='bbox 1083 1702 1141 1745; x_wconf 87' lang='grc' dir='ltr'><strong>ιιι</strong></span> <span class='ocrx_word' id='word_1_116' title='bbox 1162 1690 1376 1749; x_wconf 88' lang='lat' dir='ltr'><strong>vivant,</strong></span> <span class='ocrx_word' id='word_1_117' title='bbox 1420 1702 1523 1739; x_wconf 91' lang='lat' dir='ltr'><strong>non</strong></span> <span class='ocrx_word' id='word_1_118' title='bbox 1556 1682 1840 1737; x_wconf 88' lang='lat' dir='ltr'><strong>viviﬁcans</strong></span> <span class='ocrx_word' id='word_1_119' title='bbox 1868 1679 1957 1734; x_wconf 92' lang='lat' dir='ltr'><strong>illa</strong></span> <span class='ocrx_word' id='word_1_120' title='bbox 1985 1679 2085 1732; x_wconf 82' lang='lat' dir='ltr'><strong>be-</strong></span> 
     </span>
    </p>
   </div>
   <div class='ocr_carea' id='block_1_18' title="bbox 510 1769 2080 1858">
    <p class='ocr_par' dir='ltr' id='par_1_18' title="bbox 510 1769 2080 1858">
     <span class='ocr_line' id='line_1_18' title="bbox 510 1769 2080 1858; baseline -0.015 -14"><span class='ocrx_word' id='word_1_121' title='bbox 510 1792 694 1858; x_wconf 79' lang='lat' dir='ltr'><strong>nigne,</strong></span> <span class='ocrx_word' id='word_1_122' title='bbox 718 1788 811 1842; x_wconf 86' lang='lat' dir='ltr'><strong>sed</strong></span> <span class='ocrx_word' id='word_1_123' title='bbox 838 1785 1149 1851; x_wconf 89' lang='lat' dir='ltr'><strong>relinquens</strong></span> <span class='ocrx_word' id='word_1_124' title='bbox 1178 1780 1272 1833; x_wconf 88' lang='lat' dir='ltr'><strong>illa</strong></span> <span class='ocrx_word' id='word_1_125' title='bbox 1314 1777 1653 1846; x_wconf 74' lang='lat' dir='ltr'><strong>negligenter</strong></span> <span class='ocrx_word' id='word_1_126' title='bbox 1684 1772 1738 1825; x_wconf 91' lang='lat' dir='ltr'><strong>in</strong></span> <span class='ocrx_word' id='word_1_127' title='bbox 1771 1769 2033 1825; x_wconf 87' lang='lat' dir='ltr'><strong>mortem?</strong></span> <span class='ocrx_word' id='word_1_128' title='bbox 2059 1786 2080 1821; x_wconf 74' lang='grc' dir='ltr'><strong>ι</strong></span> 
     </span>
    </p>
   </div>
   <div class='ocr_carea' id='block_1_19' title="bbox 2178 560 3744 641">
    <p class='ocr_par' dir='ltr' id='par_1_19' title="bbox 2178 560 3744 641">
     <span class='ocr_line' id='line_1_19' title="bbox 2178 560 3744 641; baseline -0.007 -14"><span class='ocrx_word' id='word_1_129' title='bbox 2178 572 2460 641; x_wconf 90' lang='lat' dir='ltr'><strong>ceperint;</strong></span> <span class='ocrx_word' id='word_1_130' title='bbox 2501 580 2730 623; x_wconf 67' lang='lat' dir='ltr'><strong>caeteras</strong></span> <span class='ocrx_word' id='word_1_131' title='bbox 2769 578 2993 628; x_wconf 92' lang='lat' dir='ltr'><strong>omnes,</strong></span> <span class='ocrx_word' id='word_1_132' title='bbox 3052 577 3175 632; x_wconf 71' lang='lat' dir='ltr'><strong>qua:</strong></span> <span class='ocrx_word' id='word_1_133' title='bbox 3237 561 3571 630; x_wconf 84' lang='lat' dir='ltr'><strong>evangelicae</strong></span> <span class='ocrx_word' id='word_1_134' title='bbox 3619 560 3744 631; x_wconf 81' lang='lat' dir='ltr'><strong>legis</strong></span> 
     </span>
    </p>
   </div>
   <div class='ocr_carea' id='block_1_20' title="bbox 2178 653 3741 724">
    <p class='ocr_par' dir='ltr' id='par_1_20' title="bbox 2178 653 3741 724">
     <span class='ocr_line' id='line_1_20' title="bbox 2178 653 3741 724; baseline -0.008 -8"><span class='ocrx_word' id='word_1_135' title='bbox 2178 670 2527 716; x_wconf 81' lang='lat' dir='ltr'><strong>sacramento</strong></span> <span class='ocrx_word' id='word_1_136' title='bbox 2549 657 2847 718; x_wconf 83' lang='lat' dir='ltr'><strong>caruerint,</strong></span> <span class='ocrx_word' id='word_1_137' title='bbox 2878 653 3173 724; x_wconf 90' lang='lat' dir='ltr'><strong>aliquando</strong></span> <span class='ocrx_word' id='word_1_138' title='bbox 3198 653 3600 715; x_wconf 86' lang='lat' dir='ltr'><strong>dissolvendas,</strong></span> <span class='ocrx_word' id='word_1_139' title='bbox 3621 662 3670 705; x_wconf 92' lang='lat' dir='ltr'><strong>et</strong></span> <span class='ocrx_word' id='word_1_140' title='bbox 3694 653 3741 704; x_wconf 92' lang='lat' dir='ltr'><strong>iu</strong></span> 
     </span>
    </p>
   </div>
   <div class='ocr_carea' id='block_1_21' title="bbox 2180 742 3745 819">
    <p class='ocr_par' dir='ltr' id='par_1_21' title="bbox 2180 742 3745 819">
     <span class='ocr_line' id='line_1_21' title="bbox 2180 742 3745 819; baseline -0.008 -12"><span class='ocrx_word' id='word_1_141' title='bbox 2180 754 2408 807; x_wconf 87' lang='lat' dir='ltr'><strong>nihilum</strong></span> <span class='ocrx_word' id='word_1_142' title='bbox 2457 752 2723 805; x_wconf 89' lang='lat' dir='ltr'><strong>abituras.</strong></span> <span class='ocrx_word' id='word_1_143' title='bbox 2760 744 2968 819; x_wconf 79' lang='lat' dir='ltr'><strong>[CLIV]</strong></span> <span class='ocrx_word' id='word_1_144' title='bbox 3000 742 3154 810; x_wconf 85' lang='lat' dir='ltr'><strong>Quod</strong></span> <span class='ocrx_word' id='word_1_145' title='bbox 3204 753 3388 797; x_wconf 90' lang='lat' dir='ltr'><strong>tamen</strong></span> <span class='ocrx_word' id='word_1_146' title='bbox 3439 759 3508 796; x_wconf 83' lang='lat' dir='ltr'><strong>ex</strong></span> <span class='ocrx_word' id='word_1_147' title='bbox 3557 743 3745 796; x_wconf 66' lang='lat' dir='ltr'><strong>Irenam</strong></span> 
     </span>
    </p>
   </div>
   <div class='ocr_carea' id='block_1_22' title="bbox 2180 832 3746 910">
    <p class='ocr_par' dir='ltr' id='par_1_22' title="bbox 2180 832 3746 910">
     <span class='ocr_line' id='line_1_22' title="bbox 2180 832 3746 910; baseline -0.006 -12"><span class='ocrx_word' id='word_1_148' title='bbox 2180 845 2483 898; x_wconf 79' lang='lat' dir='ltr'><strong>extundere</strong></span> <span class='ocrx_word' id='word_1_149' title='bbox 2514 857 2620 894; x_wconf 83' lang='lat' dir='ltr'><strong>non</strong></span> <span class='ocrx_word' id='word_1_150' title='bbox 2650 848 2853 910; x_wconf 80' lang='lat' dir='ltr'><strong>potest,</strong></span> <span class='ocrx_word' id='word_1_151' title='bbox 2879 836 2987 891; x_wconf 88' lang='lat' dir='ltr'><strong>nisi</strong></span> <span class='ocrx_word' id='word_1_152' title='bbox 3018 836 3183 889; x_wconf 88' lang='lat' dir='ltr'><strong>verba</strong></span> <span class='ocrx_word' id='word_1_153' title='bbox 3212 834 3417 903; x_wconf 70' lang='lat' dir='ltr'><strong>ejusct</strong></span> <span class='ocrx_word' id='word_1_154' title='bbox 3456 832 3746 888; x_wconf 88' lang='lat' dir='ltr'><strong>adulterina</strong></span> 
     </span>
    </p>
   </div>
   <div class='ocr_carea' id='block_1_23' title="bbox 2181 927 3749 999">
    <p class='ocr_par' dir='ltr' id='par_1_23' title="bbox 2181 927 3749 999">
     <span class='ocr_line' id='line_1_23' title="bbox 2181 927 3749 999; baseline -0.004 -12"><span class='ocrx_word' id='word_1_155' title='bbox 2181 938 2455 999; x_wconf 75' lang='lat' dir='ltr'><strong>versione,</strong></span> <span class='ocrx_word' id='word_1_156' title='bbox 2506 942 2561 987; x_wconf 90' lang='lat' dir='ltr'><strong>et</strong></span> <span class='ocrx_word' id='word_1_157' title='bbox 2605 940 2858 987; x_wconf 88' lang='lat' dir='ltr'><strong>contorta</strong></span> <span class='ocrx_word' id='word_1_158' title='bbox 2906 928 3272 998; x_wconf 80' lang='lat' dir='ltr'><strong>explicatione</strong></span> <span class='ocrx_word' id='word_1_159' title='bbox 3323 927 3471 981; x_wconf 62' lang='lat' dir='ltr'><strong>foede</strong></span> <span class='ocrx_word' id='word_1_160' title='bbox 3521 942 3749 981; x_wconf 85' lang='lat' dir='ltr'><strong>corrum—</strong></span> 
     </span>
    </p>
   </div>
   <div class='ocr_carea' id='block_1_24' title="bbox 2182 1018 3747 1097">
    <p class='ocr_par' dir='ltr' id='par_1_24' title="bbox 2182 1018 3747 1097">
     <span class='ocr_line' id='line_1_24' title="bbox 2182 1018 3747 1097; baseline -0.006 -15"><span class='ocrx_word' id='word_1_161' title='bbox 2182 1028 2377 1097; x_wconf 88' lang='lat' dir='ltr'><strong>pendo.</strong></span> <span class='ocrx_word' id='word_1_162' title='bbox 2427 1025 2666 1081; x_wconf 70' lang='lat' dir='ltr'><strong>Irenaaus</strong></span> <span class='ocrx_word' id='word_1_163' title='bbox 2708 1023 2905 1078; x_wconf 80' lang='lat' dir='ltr'><strong>Latine</strong></span> <span class='ocrx_word' id='word_1_164' title='bbox 2938 1023 3188 1091; x_wconf 91' lang='lat' dir='ltr'><strong>loquens,</strong></span> <span class='ocrx_word' id='word_1_165' title='bbox 3231 1018 3544 1089; x_wconf 88' lang='lat' dir='ltr'><strong>perspicuis</strong></span> <span class='ocrx_word' id='word_1_166' title='bbox 3585 1020 3747 1073; x_wconf 83' lang='lat' dir='ltr'><strong>verbis</strong></span> 
     </span>
    </p>
   </div>
   <div class='ocr_carea' id='block_1_25' title="bbox 2182 1110 3746 1183">
    <p class='ocr_par' dir='ltr' id='par_1_25' title="bbox 2182 1110 3746 1183">
     <span class='ocr_line' id='line_1_25' title="bbox 2182 1110 3746 1183; baseline -0.007 -9"><span class='ocrx_word' id='word_1_167' title='bbox 2182 1120 2417 1183; x_wconf 86' lang='lat' dir='ltr'><strong>asserit,</strong></span> <span class='ocrx_word' id='word_1_168' title='bbox 2472 1135 2492 1170; x_wconf 74' lang='grc' dir='ltr'><strong>ι</strong></span> <span class='ocrx_word' id='word_1_169' title='bbox 2538 1132 2603 1171; x_wconf 88' lang='lat' dir='ltr'><strong>ea</strong></span> <span class='ocrx_word' id='word_1_170' title='bbox 2636 1117 2892 1170; x_wconf 90' lang='lat' dir='ltr'><strong>omnibus</strong></span> <span class='ocrx_word' id='word_1_171' title='bbox 2944 1128 3071 1168; x_wconf 90' lang='lat' dir='ltr'><strong>esse</strong></span> <span class='ocrx_word' id='word_1_172' title='bbox 3124 1111 3453 1173; x_wconf 83' lang='lat' dir='ltr'><strong>manifesta,</strong></span> <span class='ocrx_word' id='word_1_173' title='bbox 3506 1110 3746 1178; x_wconf 87' lang='lat' dir='ltr'><strong>quoniam</strong></span> 
     </span>
    </p>
   </div>
   <div class='ocr_carea' id='block_1_26' title="bbox 2184 1200 3747 1279">
    <p class='ocr_par' dir='ltr' id='par_1_26' title="bbox 2184 1200 3747 1279">
     <span class='ocr_line' id='line_1_26' title="bbox 2184 1200 3747 1279; baseline -0.01 -13"><span class='ocrx_word' id='word_1_174' title='bbox 2184 1217 2539 1279; x_wconf 85' lang='lat' dir='ltr'><strong>perseverant</strong></span> <span class='ocrx_word' id='word_1_175' title='bbox 2572 1206 2901 1262; x_wconf 86' lang='lat' dir='ltr'><strong>immortalia</strong></span> <span class='ocrx_word' id='word_1_176' title='bbox 2923 1245 2938 1268; x_wconf 93' lang='lat'><strong>,</strong></span> <span class='ocrx_word' id='word_1_177' title='bbox 2966 1210 3160 1275; x_wconf 89' lang='lat' dir='ltr'><strong>utputa</strong></span> <span class='ocrx_word' id='word_1_178' title='bbox 3201 1202 3431 1271; x_wconf 88' lang='lat' dir='ltr'><strong>spiritus</strong></span> <span class='ocrx_word' id='word_1_179' title='bbox 3464 1210 3520 1254; x_wconf 90' lang='lat' dir='ltr'><strong>et</strong></span> <span class='ocrx_word' id='word_1_180' title='bbox 3547 1200 3747 1261; x_wconf 86' lang='lat' dir='ltr'><strong>anima;</strong></span> 
     </span>
    </p>
   </div>
   <div class='ocr_carea' id='block_1_27' title="bbox 2183 1289 3745 1369">
    <p class='ocr_par' dir='ltr' id='par_1_27' title="bbox 2183 1289 3745 1369">
     <span class='ocr_line' id='line_1_27' title="bbox 2183 1289 3745 1369; baseline -0.008 -14"><span class='ocrx_word' id='word_1_181' title='bbox 2183 1312 2238 1355; x_wconf 92' lang='lat' dir='ltr'><strong>et</strong></span> <span class='ocrx_word' id='word_1_182' title='bbox 2272 1315 2392 1369; x_wconf 68' lang='lat' dir='ltr'><strong>qua:</strong></span> <span class='ocrx_word' id='word_1_183' title='bbox 2425 1307 2553 1353; x_wconf 92' lang='lat' dir='ltr'><strong>sunt</strong></span> <span class='ocrx_word' id='word_1_184' title='bbox 2584 1297 2737 1359; x_wconf 87' lang='lat' dir='ltr'><strong>talia,</strong></span> <span class='ocrx_word' id='word_1_185' title='bbox 2783 1295 3043 1365; x_wconf 71' lang='lat' dir='ltr'><strong>quioniam</strong></span> <span class='ocrx_word' id='word_1_186' title='bbox 3100 1292 3454 1346; x_wconf 86' lang='lat' dir='ltr'><strong>vivilicantur</strong></span> <span class='ocrx_word' id='word_1_187' title='bbox 3492 1305 3522 1343; x_wconf 87' lang='lat' dir='ltr'><strong>a</strong></span> <span class='ocrx_word' id='word_1_188' title='bbox 3570 1289 3745 1354; x_wconf 85' lang='lat' dir='ltr'><strong>Patre,</strong></span> 
     </span>
    </p>
   </div>
   <div class='ocr_carea' id='block_1_28' title="bbox 2186 1380 3748 1458">
    <p class='ocr_par' dir='ltr' id='par_1_28' title="bbox 2186 1380 3748 1458">
     <span class='ocr_line' id='line_1_28' title="bbox 2186 1380 3748 1458; baseline -0.009 -13"><span class='ocrx_word' id='word_1_189' title='bbox 2186 1406 2272 1450; x_wconf 88' lang='lat' dir='ltr'><strong>ea,</strong></span> <span class='ocrx_word' id='word_1_190' title='bbox 2315 1409 2333 1440; x_wconf 75' lang='grc' dir='ltr'><strong>ι</strong></span> <span class='ocrx_word' id='word_1_191' title='bbox 2364 1388 2616 1458; x_wconf 88' lang='lat' dir='ltr'><strong>spiritum</strong></span> <span class='ocrx_word' id='word_1_192' title='bbox 2650 1385 2928 1444; x_wconf 85' lang='lat' dir='ltr'><strong>videlicet,</strong></span> <span class='ocrx_word' id='word_1_193' title='bbox 2959 1383 3200 1437; x_wconf 89' lang='lat' dir='ltr'><strong>animam</strong></span> <span class='ocrx_word' id='word_1_194' title='bbox 3237 1391 3292 1435; x_wconf 90' lang='lat' dir='ltr'><strong>et</strong></span> <span class='ocrx_word' id='word_1_195' title='bbox 3316 1380 3546 1445; x_wconf 84' lang='lat' dir='ltr'><strong>similia,</strong></span> <span class='ocrx_word' id='word_1_196' title='bbox 3591 1397 3610 1430; x_wconf 81' lang='grc' dir='ltr'><strong>ι</strong></span> <span class='ocrx_word' id='word_1_197' title='bbox 3644 1395 3748 1434; x_wconf 80' lang='lat' dir='ltr'><strong>esse</strong></span> 
     </span>
    </p>
   </div>
   <div class='ocr_carea' id='block_1_29' title="bbox 2186 1472 3751 1544">
    <p class='ocr_par' dir='ltr' id='par_1_29' title="bbox 2186 1472 3751 1544">
     <span class='ocr_line' id='line_1_29' title="bbox 2186 1472 3751 1544; baseline -0.009 -7"><span class='ocrx_word' id='word_1_198' title='bbox 2186 1493 2383 1537; x_wconf 84' lang='lat' dir='ltr'><strong>natura</strong></span> <span class='ocrx_word' id='word_1_199' title='bbox 2442 1478 2796 1544; x_wconf 85' lang='lat' dir='ltr'><strong>immortalia,</strong></span> <span class='ocrx_word' id='word_1_200' title='bbox 2844 1476 2911 1528; x_wconf 90' lang='lat' dir='ltr'><strong>iis</strong></span> <span class='ocrx_word' id='word_1_201' title='bbox 2958 1490 2987 1528; x_wconf 88' lang='lat' dir='ltr'><strong>a</strong></span> <span class='ocrx_word' id='word_1_202' title='bbox 3032 1491 3130 1529; x_wconf 91' lang='lat' dir='ltr'><strong>sua</strong></span> <span class='ocrx_word' id='word_1_203' title='bbox 3184 1484 3385 1527; x_wconf 90' lang='lat' dir='ltr'><strong>natura</strong></span> <span class='ocrx_word' id='word_1_204' title='bbox 3441 1473 3635 1527; x_wconf 85' lang='lat' dir='ltr'><strong>adesse</strong></span> <span class='ocrx_word' id='word_1_205' title='bbox 3683 1472 3751 1524; x_wconf 84' lang='lat' dir='ltr'><strong>vi-</strong></span> 
     </span>
    </p>
   </div>
   <div class='ocr_carea' id='block_1_30' title="bbox 2186 1566 3750 1641">
    <p class='ocr_par' dir='ltr' id='par_1_30' title="bbox 2186 1566 3750 1641">
     <span class='ocr_line' id='line_1_30' title="bbox 2186 1566 3750 1641; baseline -0.008 -12"><span class='ocrx_word' id='word_1_206' title='bbox 2186 1591 2335 1641; x_wconf 88' lang='lat' dir='ltr'><strong>vere,</strong></span> <span class='ocrx_word' id='word_1_207' title='bbox 2368 1582 2477 1629; x_wconf 91' lang='lat' dir='ltr'><strong>etc.</strong></span> <span class='ocrx_word' id='word_1_208' title='bbox 2518 1591 2536 1623; x_wconf 74' lang='grc' dir='ltr'><strong>ι</strong></span> <span class='ocrx_word' id='word_1_209' title='bbox 2574 1571 2811 1625; x_wconf 70' lang='lat' dir='ltr'><strong>Irenaaus</strong></span> <span class='ocrx_word' id='word_1_210' title='bbox 2847 1583 2977 1621; x_wconf 86' lang='lat' dir='ltr'><strong>vero</strong></span> <span class='ocrx_word' id='word_1_211' title='bbox 3015 1567 3244 1635; x_wconf 83' lang='lat' dir='ltr'><strong>Anglice</strong></span> <span class='ocrx_word' id='word_1_212' title='bbox 3272 1582 3301 1620; x_wconf 90' lang='lat' dir='ltr'><strong>a</strong></span> <span class='ocrx_word' id='word_1_213' title='bbox 3344 1566 3622 1620; x_wconf 84' lang='lat' dir='ltr'><strong>Dodwello</strong></span> <span class='ocrx_word' id='word_1_214' title='bbox 3647 1566 3750 1620; x_wconf 89' lang='lat' dir='ltr'><strong>red-</strong></span> 
     </span>
    </p>
   </div>
   <div class='ocr_carea' id='block_1_31' title="bbox 2188 1658 3747 1734">
    <p class='ocr_par' dir='ltr' id='par_1_31' title="bbox 2188 1658 3747 1734">
     <span class='ocr_line' id='line_1_31' title="bbox 2188 1658 3747 1734; baseline -0.008 -11"><span class='ocrx_word' id='word_1_215' title='bbox 2188 1670 2333 1724; x_wconf 89' lang='lat' dir='ltr'><strong>ditus</strong></span> <span class='ocrx_word' id='word_1_216' title='bbox 2360 1664 2684 1734; x_wconf 83' lang='lat' dir='ltr'><strong>simpliciter</strong></span> <span class='ocrx_word' id='word_1_217' title='bbox 2706 1659 2902 1716; x_wconf 89' lang='lat' dir='ltr'><strong>scribit</strong></span> <span class='ocrx_word' id='word_1_218' title='bbox 2926 1658 3026 1727; x_wconf 91' lang='lat' dir='ltr'><strong>(a),</strong></span> <span class='ocrx_word' id='word_1_219' title='bbox 3059 1676 3079 1709; x_wconf 77' lang='grc' dir='ltr'><strong>ι</strong></span> <span class='ocrx_word' id='word_1_220' title='bbox 3115 1673 3178 1711; x_wconf 92' lang='lat' dir='ltr'><strong>ea</strong></span> <span class='ocrx_word' id='word_1_221' title='bbox 3209 1658 3479 1713; x_wconf 88' lang='lat' dir='ltr'><strong>viviﬁcari</strong></span> <span class='ocrx_word' id='word_1_222' title='bbox 3512 1674 3540 1711; x_wconf 92' lang='lat' dir='ltr'><strong>a</strong></span> <span class='ocrx_word' id='word_1_223' title='bbox 3566 1658 3747 1722; x_wconf 81' lang='lat' dir='ltr'><strong>Patre,</strong></span> 
     </span>
    </p>
   </div>
   <div class='ocr_carea' id='block_1_32' title="bbox 2188 1748 3750 1830">
    <p class='ocr_par' dir='ltr' id='par_1_32' title="bbox 2188 1748 3750 1830">
     <span class='ocr_line' id='line_1_32' title="bbox 2188 1748 3750 1830; baseline -0.01 -16"><span class='ocrx_word' id='word_1_224' title='bbox 2188 1776 2309 1830; x_wconf 70' lang='lat' dir='ltr'><strong>qua:</strong></span> <span class='ocrx_word' id='word_1_225' title='bbox 2349 1759 2590 1812; x_wconf 84' lang='lat' dir='ltr'><strong>fatentur</strong></span> <span class='ocrx_word' id='word_1_226' title='bbox 2628 1768 2823 1808; x_wconf 90' lang='lat' dir='ltr'><strong>omnes</strong></span> <span class='ocrx_word' id='word_1_227' title='bbox 2850 1764 3204 1821; x_wconf 84' lang='lat' dir='ltr'><strong>perseverare</strong></span> <span class='ocrx_word' id='word_1_228' title='bbox 3248 1748 3300 1802; x_wconf 90' lang='lat' dir='ltr'><strong>in</strong></span> <span class='ocrx_word' id='word_1_229' title='bbox 3325 1765 3423 1803; x_wconf 89' lang='lat' dir='ltr'><strong>sua</strong></span> <span class='ocrx_word' id='word_1_230' title='bbox 3452 1750 3750 1804; x_wconf 64' lang='lat' dir='ltr'><strong>essisteutia</strong></span> 
     </span>
    </p>
   </div>
   <div class='ocr_carea' id='block_1_33' title="bbox 504 1842 3751 1936">
    <p class='ocr_par' dir='ltr' id='par_1_33' title="bbox 504 1842 3751 1936">
     <span class='ocr_line' id='line_1_33' title="bbox 504 1842 3751 1936; baseline -0.013 0"><span class='ocrx_word' id='word_1_231' title='bbox 504 1882 611 1936; x_wconf 68' lang='lat' dir='ltr'><strong>‘llic</strong></span> <span class='ocrx_word' id='word_1_232' title='bbox 646 1880 879 1933; x_wconf 71' lang='lat' dir='ltr'><strong>Irenaaus</strong></span> <span class='ocrx_word' id='word_1_233' title='bbox 908 1876 1111 1930; x_wconf 90' lang='lat' dir='ltr'><strong>diserte</strong></span> <span class='ocrx_word' id='word_1_234' title='bbox 1136 1872 1390 1933; x_wconf 84' lang='lat' dir='ltr'><strong>alﬁrmat,</strong></span> <span class='ocrx_word' id='word_1_235' title='bbox 1426 1866 1668 1923; x_wconf 86' lang='lat' dir='ltr'><strong>omnibus</strong></span> <span class='ocrx_word' id='word_1_236' title='bbox 1703 1879 1817 1917; x_wconf 88' lang='lat' dir='ltr'><strong>esse</strong></span> <span class='ocrx_word' id='word_1_237' title='bbox 1853 1860 2086 1929; x_wconf 80' lang='lat' dir='ltr'><strong>manife-</strong></span> <span class='ocrx_word' id='word_1_238' title='bbox 2116 1845 2158 1901; x_wconf 83' lang='grc' dir='ltr'>Β</span> <span class='ocrx_word' id='word_1_239' title='bbox 2188 1864 2311 1924; x_wconf 91' lang='lat' dir='ltr'><strong>post</strong></span> <span class='ocrx_word' id='word_1_240' title='bbox 2336 1858 2588 1915; x_wconf 89' lang='lat' dir='ltr'><strong>mortem,</strong></span> <span class='ocrx_word' id='word_1_241' title='bbox 2631 1845 2815 1916; x_wconf 85' lang='lat' dir='ltr'><strong>qualia</strong></span> <span class='ocrx_word' id='word_1_242' title='bbox 2846 1855 2973 1898; x_wconf 85' lang='lat' dir='ltr'><strong>sunt</strong></span> <span class='ocrx_word' id='word_1_243' title='bbox 3023 1843 3274 1914; x_wconf 89' lang='lat' dir='ltr'><strong>spiritus,</strong></span> <span class='ocrx_word' id='word_1_244' title='bbox 3317 1843 3504 1896; x_wconf 88' lang='lat' dir='ltr'><strong>anima</strong></span> <span class='ocrx_word' id='word_1_245' title='bbox 3540 1852 3594 1895; x_wconf 89' lang='lat' dir='ltr'><strong>et</strong></span> <span class='ocrx_word' id='word_1_246' title='bbox 3621 1842 3751 1895; x_wconf 86' lang='lat' dir='ltr'><strong>simi-</strong></span> 
     </span>
    </p>
   </div>
   <div class='ocr_carea' id='block_1_34' title="bbox 512 1956 2091 2041">
    <p class='ocr_par' dir='ltr' id='par_1_34' title="bbox 512 1956 2091 2041">
     <span class='ocr_line' id='line_1_34' title="bbox 512 1956 2091 2041; baseline -0.014 -11"><span class='ocrx_word' id='word_1_247' title='bbox 512 1986 670 2039; x_wconf 88' lang='lat' dir='ltr'><strong>stum,</strong></span> <span class='ocrx_word' id='word_1_248' title='bbox 709 1973 953 2041; x_wconf 78' lang='lat' dir='ltr'><strong>spiritum</strong></span> <span class='ocrx_word' id='word_1_249' title='bbox 977 1980 1024 2024; x_wconf 88' lang='lat' dir='ltr'><strong>et</strong></span> <span class='ocrx_word' id='word_1_250' title='bbox 1062 1970 1318 2029; x_wconf 84' lang='lat' dir='ltr'><strong>animam,</strong></span> <span class='ocrx_word' id='word_1_251' title='bbox 1346 1975 1394 2019; x_wconf 89' lang='lat' dir='ltr'><strong>et</strong></span> <span class='ocrx_word' id='word_1_252' title='bbox 1431 1979 1549 2029; x_wconf 74' lang='lat' dir='ltr'><strong>qua:</strong></span> <span class='ocrx_word' id='word_1_253' title='bbox 1575 1971 1700 2015; x_wconf 83' lang='lat' dir='ltr'><strong>sunt</strong></span> <span class='ocrx_word' id='word_1_254' title='bbox 1730 1958 1884 2022; x_wconf 80' lang='lat' dir='ltr'><strong>talia,</strong></span> <span class='ocrx_word' id='word_1_255' title='bbox 1921 1956 1975 2011; x_wconf 87' lang='lat' dir='ltr'><strong>id</strong></span> <span class='ocrx_word' id='word_1_256' title='bbox 2006 1962 2091 2010; x_wconf 86' lang='lat' dir='ltr'><strong>est</strong></span> 
     </span>
    </p>
   </div>
   <div class='ocr_carea' id='block_1_35' title="bbox 513 2046 2089 2137">
    <p class='ocr_par' dir='ltr' id='par_1_35' title="bbox 513 2046 2089 2137">
     <span class='ocr_line' id='line_1_35' title="bbox 513 2046 2089 2137; baseline -0.013 -16"><span class='ocrx_word' id='word_1_257' title='bbox 513 2064 827 2137; x_wconf 89' lang='lat' dir='ltr'><strong>spirituales</strong></span> <span class='ocrx_word' id='word_1_258' title='bbox 865 2074 1056 2116; x_wconf 88' lang='lat' dir='ltr'><strong>onmes</strong></span> <span class='ocrx_word' id='word_1_259' title='bbox 1106 2056 1464 2118; x_wconf 79' lang='lat' dir='ltr'><strong>substantias,</strong></span> <span class='ocrx_word' id='word_1_260' title='bbox 1501 2049 1691 2121; x_wconf 89' lang='lat' dir='ltr'><strong>quales</strong></span> <span class='ocrx_word' id='word_1_261' title='bbox 1720 2056 1846 2104; x_wconf 92' lang='lat' dir='ltr'><strong>sunt</strong></span> <span class='ocrx_word' id='word_1_262' title='bbox 1888 2046 2089 2117; x_wconf 79' lang='lat' dir='ltr'><strong>angeli,</strong></span> 
     </span>
    </p>
   </div>
   <div class='ocr_carea' id='block_1_36' title="bbox 512 2134 2091 2214">
    <p class='ocr_par' dir='ltr' id='par_1_36' title="bbox 512 2134 2091 2214">
     <span class='ocr_line' id='line_1_36' title="bbox 512 2134 2091 2214; baseline -0.016 -4"><span class='ocrx_word' id='word_1_263' title='bbox 512 2166 568 2210; x_wconf 91' lang='lat' dir='ltr'><strong>et</strong></span> <span class='ocrx_word' id='word_1_264' title='bbox 615 2155 811 2208; x_wconf 63' lang='lat' dir='ltr'><strong>anima:</strong></span> <span class='ocrx_word' id='word_1_265' title='bbox 867 2151 1143 2209; x_wconf 66' lang='lat' dir='ltr'><strong>humanae,</strong></span> <span class='ocrx_word' id='word_1_266' title='bbox 1193 2155 1525 2214; x_wconf 81' lang='lat' dir='ltr'><strong>perseverare</strong></span> <span class='ocrx_word' id='word_1_267' title='bbox 1565 2134 1929 2198; x_wconf 78' lang='lat' dir='ltr'><strong>immortales,</strong></span> <span class='ocrx_word' id='word_1_268' title='bbox 1980 2148 2091 2186; x_wconf 83' lang='lat' dir='ltr'><strong>esse</strong></span> 
     </span>
    </p>
   </div>
   <div class='ocr_carea' id='block_1_37' title="bbox 511 2226 2093 2300">
    <p class='ocr_par' dir='ltr' id='par_1_37' title="bbox 511 2226 2093 2300">
     <span class='ocr_line' id='line_1_37' title="bbox 511 2226 2093 2300; baseline -0.016 -1"><span class='ocrx_word' id='word_1_269' title='bbox 511 2253 705 2300; x_wconf 82' lang='lat' dir='ltr'><strong>natura</strong></span> <span class='ocrx_word' id='word_1_270' title='bbox 740 2260 839 2297; x_wconf 88' lang='lat' dir='ltr'><strong>sua</strong></span> <span class='ocrx_word' id='word_1_271' title='bbox 876 2237 1223 2298; x_wconf 78' lang='lat' dir='ltr'><strong>immortales,</strong></span> <span class='ocrx_word' id='word_1_272' title='bbox 1255 2235 1424 2298; x_wconf 83' lang='lat' dir='ltr'><strong>iisque</strong></span> <span class='ocrx_word' id='word_1_273' title='bbox 1466 2247 1495 2283; x_wconf 88' lang='lat' dir='ltr'><strong>a</strong></span> <span class='ocrx_word' id='word_1_274' title='bbox 1543 2237 1739 2283; x_wconf 80' lang='lat' dir='ltr'><strong>natura</strong></span> <span class='ocrx_word' id='word_1_275' title='bbox 1770 2240 1869 2279; x_wconf 87' lang='lat' dir='ltr'><strong>sua</strong></span> <span class='ocrx_word' id='word_1_276' title='bbox 1910 2226 2093 2276; x_wconf 85' lang='lat' dir='ltr'><strong>adesse</strong></span> 
     </span>
    </p>
   </div>
   <div class='ocr_carea' id='block_1_38' title="bbox 512 2317 2094 2402">
    <p class='ocr_par' dir='ltr' id='par_1_38' title="bbox 512 2317 2094 2402">
     <span class='ocr_line' id='line_1_38' title="bbox 512 2317 2094 2402; baseline -0.017 -10"><span class='ocrx_word' id='word_1_277' title='bbox 512 2339 709 2400; x_wconf 71' lang='lat' dir='ltr'><strong>uiuere,</strong></span> <span class='ocrx_word' id='word_1_278' title='bbox 742 2337 978 2402; x_wconf 82' lang='lat' dir='ltr'><strong>indeque</strong></span> <span class='ocrx_word' id='word_1_279' title='bbox 1006 2329 1396 2386; x_wconf 83' lang='lat' dir='ltr'><strong>Gnosticorum</strong></span> <span class='ocrx_word' id='word_1_280' title='bbox 1430 2323 1647 2376; x_wconf 85' lang='lat' dir='ltr'><strong>Patrem</strong></span> <span class='ocrx_word' id='word_1_281' title='bbox 1688 2328 1783 2372; x_wconf 90' lang='lat' dir='ltr'><strong>aut</strong></span> <span class='ocrx_word' id='word_1_282' title='bbox 1824 2317 2094 2386; x_wconf 87' lang='lat' dir='ltr'><strong>impoten-</strong></span> 
     </span>
    </p>
   </div>
   <div class='ocr_carea' id='block_1_39' title="bbox 516 2412 2092 2492">
    <p class='ocr_par' dir='ltr' id='par_1_39' title="bbox 516 2412 2092 2492">
     <span class='ocr_line' id='line_1_39' title="bbox 516 2412 2092 2492; baseline -0.018 -9"><span class='ocrx_word' id='word_1_283' title='bbox 516 2431 625 2492; x_wconf 60' lang='lat' dir='ltr'><strong>tim,</strong></span> <span class='ocrx_word' id='word_1_284' title='bbox 664 2424 1098 2481; x_wconf 67' lang='lat' dir='ltr'><strong>autinvidentiae</strong></span> <span class='ocrx_word' id='word_1_285' title='bbox 1140 2417 1320 2489; x_wconf 87' lang='lat' dir='ltr'><strong>arguit</strong></span> <span class='ocrx_word' id='word_1_286' title='bbox 1354 2435 1369 2470; x_wconf 85' lang='lat'><strong>:</strong></span> <span class='ocrx_word' id='word_1_287' title='bbox 1417 2412 1563 2483; x_wconf 89' lang='lat' dir='ltr'><strong>quod</strong></span> <span class='ocrx_word' id='word_1_288' title='bbox 1604 2425 1689 2470; x_wconf 88' lang='lat' dir='ltr'><strong>ea.</strong></span> <span class='ocrx_word' id='word_1_289' title='bbox 1733 2422 1853 2478; x_wconf 74' lang='lat' dir='ltr'><strong>qua:</strong></span> <span class='ocrx_word' id='word_1_290' title='bbox 1900 2415 2092 2459; x_wconf 87' lang='lat' dir='ltr'><strong>natura</strong></span> 
     </span>
    </p>
   </div>
   <div class='ocr_carea' id='block_1_40' title="bbox 514 2496 2094 2578">
    <p class='ocr_par' dir='ltr' id='par_1_40' title="bbox 514 2496 2094 2578">
     <span class='ocr_line' id='line_1_40' title="bbox 514 2496 2094 2578; baseline -0.017 -5"><span class='ocrx_word' id='word_1_291' title='bbox 514 2538 608 2574; x_wconf 83' lang='lat' dir='ltr'><strong>sua</strong></span> <span class='ocrx_word' id='word_1_292' title='bbox 644 2528 772 2573; x_wconf 89' lang='lat' dir='ltr'><strong>sunt</strong></span> <span class='ocrx_word' id='word_1_293' title='bbox 803 2513 1159 2572; x_wconf 88' lang='lat' dir='ltr'><strong>immortalia,</strong></span> <span class='ocrx_word' id='word_1_294' title='bbox 1195 2508 1498 2578; x_wconf 44' lang='lat' dir='ltr'><strong>.vivilicare</strong></span> <span class='ocrx_word' id='word_1_295' title='bbox 1540 2518 1599 2558; x_wconf 91' lang='lat' dir='ltr'><strong>se</strong></span> <span class='ocrx_word' id='word_1_296' title='bbox 1647 2501 1849 2569; x_wconf 85' lang='lat' dir='ltr'><strong>ﬁngat;</strong></span> <span class='ocrx_word' id='word_1_297' title='bbox 1897 2496 2094 2566; x_wconf 88' lang='lat' dir='ltr'><strong>quibus</strong></span> 
     </span>
    </p>
   </div>
   <div class='ocr_carea' id='block_1_41' title="bbox 515 2586 2095 2679">
    <p class='ocr_par' dir='ltr' id='par_1_41' title="bbox 515 2586 2095 2679">
     <span class='ocr_line' id='line_1_41' title="bbox 515 2586 2095 2679; baseline -0.016 -14"><span class='ocrx_word' id='word_1_298' title='bbox 515 2621 696 2665; x_wconf 84' lang='lat' dir='ltr'><strong>autem</strong></span> <span class='ocrx_word' id='word_1_299' title='bbox 726 2607 1001 2679; x_wconf 71' lang='lat' dir='ltr'><strong>adiutorio</strong></span> <span class='ocrx_word' id='word_1_300' title='bbox 1023 2618 1159 2673; x_wconf 79' lang='lat' dir='ltr'><strong>Opus</strong></span> <span class='ocrx_word' id='word_1_301' title='bbox 1180 2610 1264 2657; x_wconf 89' lang='lat' dir='ltr'><strong>est</strong></span> <span class='ocrx_word' id='word_1_302' title='bbox 1292 2609 1351 2655; x_wconf 91' lang='lat' dir='ltr'><strong>ut</strong></span> <span class='ocrx_word' id='word_1_303' title='bbox 1381 2600 1590 2662; x_wconf 88' lang='lat' dir='ltr'><strong>vivant,</strong></span> <span class='ocrx_word' id='word_1_304' title='bbox 1618 2595 1781 2647; x_wconf 89' lang='lat' dir='ltr'><strong>vitam</strong></span> <span class='ocrx_word' id='word_1_305' title='bbox 1822 2597 2005 2659; x_wconf 69' lang='lat' dir='ltr'><strong>neget.</strong></span> <span class='ocrx_word' id='word_1_306' title='bbox 2030 2586 2095 2639; x_wconf 82' lang='lat' dir='ltr'><strong>Et</strong></span> 
     </span>
    </p>
   </div>
   <div class='ocr_carea' id='block_1_42' title="bbox 516 2680 2092 2773">
    <p class='ocr_par' dir='ltr' id='par_1_42' title="bbox 516 2680 2092 2773">
     <span class='ocr_line' id='line_1_42' title="bbox 516 2680 2092 2773; baseline -0.016 -17"><span class='ocrx_word' id='word_1_307' title='bbox 516 2718 637 2773; x_wconf 88' lang='lat' dir='ltr'><strong>cap.</strong></span> <span class='ocrx_word' id='word_1_308' title='bbox 686 2702 738 2768; x_wconf 90' lang='lat'><strong>7,</strong></span> <span class='ocrx_word' id='word_1_309' title='bbox 793 2717 846 2754; x_wconf 94' lang='lat' dir='ltr'><strong>n.</strong></span> <span class='ocrx_word' id='word_1_310' title='bbox 888 2700 941 2763; x_wconf 83' lang='lat' dir='ltr'><strong>I,</strong></span> <span class='ocrx_word' id='word_1_311' title='bbox 994 2697 1238 2752; x_wconf 86' lang='lat' dir='ltr'><strong>eamdem</strong></span> <span class='ocrx_word' id='word_1_312' title='bbox 1287 2704 1585 2762; x_wconf 82' lang='lat' dir='ltr'><strong>corporum</strong></span> <span class='ocrx_word' id='word_1_313' title='bbox 1634 2680 2092 2741; x_wconf 77' lang='lat' dir='ltr'><strong>resurrectionem</strong></span> 
     </span>
    </p>
   </div>
   <div class='ocr_carea' id='block_1_43' title="bbox 518 2768 2098 2863">
    <p class='ocr_par' dir='ltr' id='par_1_43' title="bbox 518 2768 2098 2863">
     <span class='ocr_line' id='line_1_43' title="bbox 518 2768 2098 2863; baseline -0.016 -15"><span class='ocrx_word' id='word_1_314' title='bbox 518 2768 604 2849; x_wconf 78' lang='lat' dir='ltr'><strong>his</strong></span> <span class='ocrx_word' id='word_1_315' title='bbox 643 2791 889 2863; x_wconf 85' lang='lat' dir='ltr'><strong>Apostoli</strong></span> <span class='ocrx_word' id='word_1_316' title='bbox 930 2788 1114 2844; x_wconf 83' lang='lat' dir='ltr'><strong>verbis</strong></span> <span class='ocrx_word' id='word_1_317' title='bbox 1162 2785 1314 2841; x_wconf 81' lang='lat' dir='ltr'><strong>Rom.</strong></span> <span class='ocrx_word' id='word_1_318' title='bbox 1348 2799 1482 2846; x_wconf 83' lang='lat' dir='ltr'><strong>vni,</strong></span> <span class='ocrx_word' id='word_1_319' title='bbox 1536 2781 1594 2834; x_wconf 75' lang='lat' dir='ltr'><strong>il</strong></span> <span class='ocrx_word' id='word_1_320' title='bbox 1620 2819 1633 2843; x_wconf 92' lang='lat'><strong>,</strong></span> <span class='ocrx_word' id='word_1_321' title='bbox 1674 2785 1929 2830; x_wconf 86' lang='lat' dir='ltr'><strong>astruens</strong></span> <span class='ocrx_word' id='word_1_322' title='bbox 1971 2786 1986 2824; x_wconf 86' lang='lat'><strong>:</strong></span> <span class='ocrx_word' id='word_1_323' title='bbox 2036 2768 2098 2825; x_wconf 87' lang='lat' dir='ltr'><strong>Si</strong></span> 
     </span>
    </p>
   </div>
   <div class='ocr_carea' id='block_1_44' title="bbox 517 2864 2095 2953">
    <p class='ocr_par' dir='ltr' id='par_1_44' title="bbox 517 2864 2095 2953">
     <span class='ocr_line' id='line_1_44' title="bbox 517 2864 2095 2953; baseline -0.013 -15"><span class='ocrx_word' id='word_1_324' title='bbox 517 2898 691 2940; x_wconf 83' lang='lat' dir='ltr'><strong>autent</strong></span> <span class='ocrx_word' id='word_1_325' title='bbox 712 2883 943 2953; x_wconf 83' lang='lat' dir='ltr'><strong>Spiritus</strong></span> <span class='ocrx_word' id='word_1_326' title='bbox 976 2880 1113 2949; x_wconf 83' lang='lat' dir='ltr'><strong>ejus,</strong></span> <span class='ocrx_word' id='word_1_327' title='bbox 1138 2879 1228 2947; x_wconf 86' lang='lat' dir='ltr'><strong>qui</strong></span> <span class='ocrx_word' id='word_1_328' title='bbox 1271 2874 1545 2930; x_wconf 84' lang='lat' dir='ltr'><strong>suscitauit</strong></span> <span class='ocrx_word' id='word_1_329' title='bbox 1575 2871 1759 2925; x_wconf 75' lang='lat' dir='ltr'><strong>Iesum</strong></span> <span class='ocrx_word' id='word_1_330' title='bbox 1785 2884 1817 2920; x_wconf 90' lang='lat' dir='ltr'><strong>a</strong></span> <span class='ocrx_word' id='word_1_331' title='bbox 1847 2864 2095 2929; x_wconf 81' lang='lat' dir='ltr'><strong>mortuis,</strong></span> 
     </span>
    </p>
   </div>
   <div class='ocr_carea' id='block_1_45' title="bbox 518 2954 2096 3041">
    <p class='ocr_par' dir='ltr' id='par_1_45' title="bbox 518 2954 2096 3041">
     <span class='ocr_line' id='line_1_45' title="bbox 518 2954 2096 3041; baseline -0.015 -11"><span class='ocrx_word' id='word_1_332' title='bbox 518 2977 725 3030; x_wconf 85' lang='lat' dir='ltr'><strong>nabitat</strong></span> <span class='ocrx_word' id='word_1_333' title='bbox 750 2976 808 3026; x_wconf 85' lang='lat' dir='ltr'><strong>in</strong></span> <span class='ocrx_word' id='word_1_334' title='bbox 840 2971 1025 3033; x_wconf 84' lang='lat' dir='ltr'><strong>vobis;</strong></span> <span class='ocrx_word' id='word_1_335' title='bbox 1054 2970 1143 3041; x_wconf 85' lang='lat' dir='ltr'><strong>qui</strong></span> <span class='ocrx_word' id='word_1_336' title='bbox 1175 2966 1445 3022; x_wconf 78' lang='lat' dir='ltr'><strong>suscitavit</strong></span> <span class='ocrx_word' id='word_1_337' title='bbox 1487 2961 1757 3015; x_wconf 82' lang='lat' dir='ltr'><strong>Christum</strong></span> <span class='ocrx_word' id='word_1_338' title='bbox 1786 2974 1817 3009; x_wconf 90' lang='lat' dir='ltr'><strong>a</strong></span> <span class='ocrx_word' id='word_1_339' title='bbox 1852 2954 2096 3018; x_wconf 83' lang='lat' dir='ltr'><strong>mortuis,</strong></span> 
     </span>
    </p>
   </div>
   <div class='ocr_carea' id='block_1_46' title="bbox 522 3046 2100 3135">
    <p class='ocr_par' dir='ltr' id='par_1_46' title="bbox 522 3046 2100 3135">
     <span class='ocr_line' id='line_1_46' title="bbox 522 3046 2100 3135; baseline -0.015 -13"><span class='ocrx_word' id='word_1_340' title='bbox 522 3067 806 3135; x_wconf 78' lang='lat' dir='ltr'><strong>viviﬁcabit</strong></span> <span class='ocrx_word' id='word_1_341' title='bbox 830 3074 877 3118; x_wconf 87' lang='lat' dir='ltr'><strong>et</strong></span> <span class='ocrx_word' id='word_1_342' title='bbox 909 3062 1158 3115; x_wconf 87' lang='lat' dir='ltr'><strong>mortalia</strong></span> <span class='ocrx_word' id='word_1_343' title='bbox 1180 3073 1402 3128; x_wconf 84' lang='lat' dir='ltr'><strong>corpora</strong></span> <span class='ocrx_word' id='word_1_344' title='bbox 1426 3063 1598 3109; x_wconf 72' lang='lat' dir='ltr'><strong>uestra</strong></span> <span class='ocrx_word' id='word_1_345' title='bbox 1622 3046 1921 3116; x_wconf 81' lang='lat' dir='ltr'><strong>,°ostendit,</strong></span> <span class='ocrx_word' id='word_1_346' title='bbox 1955 3059 2100 3100; x_wconf 84' lang='lat' dir='ltr'><strong>mor—</strong></span> 
     </span>
    </p>
   </div>
   <div class='ocr_carea' id='block_1_47' title="bbox 520 3142 2093 3223">
    <p class='ocr_par' dir='ltr' id='par_1_47' title="bbox 520 3142 2093 3223">
     <span class='ocr_line' id='line_1_47' title="bbox 520 3142 2093 3223; baseline -0.019 -7"><span class='ocrx_word' id='word_1_347' title='bbox 520 3161 651 3216; x_wconf 86' lang='lat' dir='ltr'><strong>talia</strong></span> <span class='ocrx_word' id='word_1_348' title='bbox 680 3159 768 3214; x_wconf 88' lang='lat' dir='ltr'><strong>illa</strong></span> <span class='ocrx_word' id='word_1_349' title='bbox 806 3166 1038 3223; x_wconf 88' lang='lat' dir='ltr'><strong>corpora</strong></span> <span class='ocrx_word' id='word_1_350' title='bbox 1077 3166 1199 3205; x_wconf 88' lang='lat' dir='ltr'><strong>esse</strong></span> <span class='ocrx_word' id='word_1_351' title='bbox 1240 3166 1259 3199; x_wconf 83' lang='grc' dir='ltr'><strong>ι</strong></span> <span class='ocrx_word' id='word_1_352' title='bbox 1298 3149 1531 3217; x_wconf 89' lang='lat' dir='ltr'><strong>plasma,</strong></span> <span class='ocrx_word' id='word_1_353' title='bbox 1576 3142 1629 3196; x_wconf 90' lang='lat' dir='ltr'><strong>id</strong></span> <span class='ocrx_word' id='word_1_354' title='bbox 1665 3148 1751 3194; x_wconf 91' lang='lat' dir='ltr'><strong>est</strong></span> <span class='ocrx_word' id='word_1_355' title='bbox 1776 3151 2034 3198; x_wconf 89' lang='lat' dir='ltr'><strong>carnem;</strong></span> <span class='ocrx_word' id='word_1_356' title='bbox 2074 3151 2093 3185; x_wconf 78' lang='grc' dir='ltr'><strong>ι</strong></span> 
     </span>
    </p>
   </div>
   <div class='ocr_carea' id='block_1_48' title="bbox 2192 1935 3749 2011">
    <p class='ocr_par' dir='ltr' id='par_1_48' title="bbox 2192 1935 3749 2011">
     <span class='ocr_line' id='line_1_48' title="bbox 2192 1935 3749 2011; baseline -0.009 -10"><span class='ocrx_word' id='word_1_357' title='bbox 2192 1949 2297 2011; x_wconf 88' lang='lat' dir='ltr'><strong>lia;</strong></span> <span class='ocrx_word' id='word_1_358' title='bbox 2353 1958 2439 2009; x_wconf 90' lang='lat' dir='ltr'><strong>ea,</strong></span> <span class='ocrx_word' id='word_1_359' title='bbox 2476 1961 2495 1993; x_wconf 76' lang='grc' dir='ltr'><strong>ι</strong></span> <span class='ocrx_word' id='word_1_360' title='bbox 2546 1953 2738 2009; x_wconf 91' lang='lat' dir='ltr'><strong>nempe</strong></span> <span class='ocrx_word' id='word_1_361' title='bbox 2791 1938 3083 2006; x_wconf 88' lang='lat' dir='ltr'><strong>spiritum,</strong></span> <span class='ocrx_word' id='word_1_362' title='bbox 3141 1936 3380 1989; x_wconf 89' lang='lat' dir='ltr'><strong>animam</strong></span> <span class='ocrx_word' id='word_1_363' title='bbox 3449 1944 3504 1989; x_wconf 91' lang='lat' dir='ltr'><strong>et</strong></span> <span class='ocrx_word' id='word_1_364' title='bbox 3554 1935 3749 1999; x_wconf 80' lang='lat' dir='ltr'><strong>similia,</strong></span> 
     </span>
    </p>
   </div>
   <div class='ocr_carea' id='block_1_49' title="bbox 2197 2023 3751 2095">
    <p class='ocr_par' dir='ltr' id='par_1_49' title="bbox 2197 2023 3751 2095">
     <span class='ocr_line' id='line_1_49' title="bbox 2197 2023 3751 2095; baseline -0.007 -8"><span class='ocrx_word' id='word_1_365' title='bbox 2197 2054 2216 2087; x_wconf 82' lang='grc' dir='ltr'><strong>ι</strong></span> <span class='ocrx_word' id='word_1_366' title='bbox 2257 2043 2454 2087; x_wconf 89' lang='lat' dir='ltr'><strong>natura</strong></span> <span class='ocrx_word' id='word_1_367' title='bbox 2491 2043 2586 2087; x_wconf 84' lang='lat' dir='ltr'><strong>sua</strong></span> <span class='ocrx_word' id='word_1_368' title='bbox 2618 2040 2904 2095; x_wconf 87' lang='lat' dir='ltr'><strong>superesse</strong></span> <span class='ocrx_word' id='word_1_369' title='bbox 2947 2040 3061 2078; x_wconf 82' lang='lat' dir='ltr'><strong>suae</strong></span> <span class='ocrx_word' id='word_1_370' title='bbox 3105 2039 3136 2076; x_wconf 91' lang='lat' dir='ltr'><strong>a</strong></span> <span class='ocrx_word' id='word_1_371' title='bbox 3180 2023 3508 2091; x_wconf 86' lang='lat' dir='ltr'><strong>corporibus</strong></span> <span class='ocrx_word' id='word_1_372' title='bbox 3548 2025 3751 2078; x_wconf 82' lang='lat' dir='ltr'><strong>dissolu-</strong></span> 
     </span>
    </p>
   </div>
   <div class='ocr_carea' id='block_1_50' title="bbox 2195 2126 3753 2187">
    <p class='ocr_par' dir='ltr' id='par_1_50' title="bbox 2195 2126 3753 2187">
     <span class='ocr_line' id='line_1_50' title="bbox 2195 2126 3753 2187; baseline -0.01 -5"><span class='ocrx_word' id='word_1_373' title='bbox 2195 2126 2351 2187; x_wconf 92' lang='lat' dir='ltr'><strong>tioni,</strong></span> <span class='ocrx_word' id='word_1_374' title='bbox 2380 2132 2435 2178; x_wconf 91' lang='lat' dir='ltr'><strong>et</strong></span> <span class='ocrx_word' id='word_1_375' title='bbox 2465 2137 2493 2175; x_wconf 91' lang='lat' dir='ltr'><strong>a</strong></span> <span class='ocrx_word' id='word_1_376' title='bbox 2524 2128 2717 2174; x_wconf 88' lang='lat' dir='ltr'><strong>natura</strong></span> <span class='ocrx_word' id='word_1_377' title='bbox 2758 2133 2857 2173; x_wconf 89' lang='lat' dir='ltr'><strong>sua</strong></span> <span class='ocrx_word' id='word_1_378' title='bbox 2889 2127 3206 2187; x_wconf 88' lang='lat' dir='ltr'><strong>comparata</strong></span> <span class='ocrx_word' id='word_1_379' title='bbox 3250 2132 3375 2171; x_wconf 90' lang='lat' dir='ltr'><strong>esse</strong></span> <span class='ocrx_word' id='word_1_380' title='bbox 3395 2159 3411 2183; x_wconf 95' lang='lat'><strong>,</strong></span> <span class='ocrx_word' id='word_1_381' title='bbox 3460 2126 3519 2169; x_wconf 91' lang='grc' dir='ltr'><strong>ιιι</strong></span> <span class='ocrx_word' id='word_1_382' title='bbox 3548 2130 3753 2184; x_wconf 81' lang='lat' dir='ltr'><strong>separa-</strong></span> 
     </span>
    </p>
   </div>
   <div class='ocr_carea' id='block_1_51' title="bbox 2196 2210 3749 2281">
    <p class='ocr_par' dir='ltr' id='par_1_51' title="bbox 2196 2210 3749 2281">
     <span class='ocr_line' id='line_1_51' title="bbox 2196 2210 3749 2281; baseline -0.01 -8"><span class='ocrx_word' id='word_1_383' title='bbox 2196 2220 2290 2273; x_wconf 90' lang='lat' dir='ltr'><strong>tim</strong></span> <span class='ocrx_word' id='word_1_384' title='bbox 2321 2220 2541 2281; x_wconf 83' lang='lat' dir='ltr'><strong>vivant;</strong></span> <span class='ocrx_word' id='word_1_385' title='bbox 2577 2230 2595 2264; x_wconf 77' lang='grc' dir='ltr'><strong>ι</strong></span> <span class='ocrx_word' id='word_1_386' title='bbox 2636 2229 2741 2268; x_wconf 90' lang='lat' dir='ltr'><strong>non</strong></span> <span class='ocrx_word' id='word_1_387' title='bbox 2781 2213 2970 2281; x_wconf 89' lang='lat' dir='ltr'><strong>utique</strong></span> <span class='ocrx_word' id='word_1_388' title='bbox 3002 2226 3225 2280; x_wconf 87' lang='lat' dir='ltr'><strong>semper</strong></span> <span class='ocrx_word' id='word_1_389' title='bbox 3261 2219 3318 2263; x_wconf 90' lang='lat' dir='ltr'><strong>et</strong></span> <span class='ocrx_word' id='word_1_390' title='bbox 3348 2210 3402 2262; x_wconf 94' lang='lat' dir='ltr'><strong>in</strong></span> <span class='ocrx_word' id='word_1_391' title='bbox 3430 2217 3749 2277; x_wconf 84' lang='lat' dir='ltr'><strong>perpetuum,</strong></span> 
     </span>
    </p>
   </div>
   <div class='ocr_carea' id='block_1_52' title="bbox 2196 2300 3752 2380">
    <p class='ocr_par' dir='ltr' id='par_1_52' title="bbox 2196 2300 3752 2380">
     <span class='ocr_line' id='line_1_52' title="bbox 2196 2300 3752 2380; baseline -0.009 -15"><span class='ocrx_word' id='word_1_392' title='bbox 2196 2320 2255 2365; x_wconf 90' lang='lat' dir='ltr'><strong>ut</strong></span> <span class='ocrx_word' id='word_1_393' title='bbox 2296 2308 2534 2380; x_wconf 82' lang='lat' dir='ltr'><strong>explicat</strong></span> <span class='ocrx_word' id='word_1_394' title='bbox 2580 2304 2907 2370; x_wconf 90' lang='lat' dir='ltr'><strong>Dodwellus,</strong></span> <span class='ocrx_word' id='word_1_395' title='bbox 2957 2305 3053 2358; x_wconf 87' lang='lat' dir='ltr'><strong>sed</strong></span> <span class='ocrx_word' id='word_1_396' title='bbox 3095 2302 3340 2371; x_wconf 89' lang='lat' dir='ltr'><strong>quandiu</strong></span> <span class='ocrx_word' id='word_1_397' title='bbox 3388 2300 3632 2355; x_wconf 87' lang='lat' dir='ltr'><strong>Creatori</strong></span> <span class='ocrx_word' id='word_1_398' title='bbox 3682 2314 3752 2352; x_wconf 85' lang='lat' dir='ltr'><strong>se-</strong></span> 
     </span>
    </p>
   </div>
   <div class='ocr_carea' id='block_1_53' title="bbox 2197 2390 3751 2459">
    <p class='ocr_par' dir='ltr' id='par_1_53' title="bbox 2197 2390 3751 2459">
     <span class='ocr_line' id='line_1_53' title="bbox 2197 2390 3751 2459; baseline -0.01 -1"><span class='ocrx_word' id='word_1_399' title='bbox 2197 2406 2436 2459; x_wconf 87' lang='lat' dir='ltr'><strong>cundum</strong></span> <span class='ocrx_word' id='word_1_400' title='bbox 2467 2411 2760 2458; x_wconf 85' lang='lat' dir='ltr'><strong>consuetas</strong></span> <span class='ocrx_word' id='word_1_401' title='bbox 2800 2406 2857 2451; x_wconf 90' lang='lat' dir='ltr'><strong>et</strong></span> <span class='ocrx_word' id='word_1_402' title='bbox 2894 2395 3203 2450; x_wconf 89' lang='lat' dir='ltr'><strong>ordinarias</strong></span> <span class='ocrx_word' id='word_1_403' title='bbox 3250 2390 3617 2447; x_wconf 71' lang='lat' dir='ltr'><strong>Providentia:</strong></span> <span class='ocrx_word' id='word_1_404' title='bbox 3660 2406 3751 2444; x_wconf 71' lang='lat' dir='ltr'><strong>sua:</strong></span> 
     </span>
    </p>
   </div>
   <div class='ocr_carea' id='block_1_54' title="bbox 2197 2481 3752 2566">
    <p class='ocr_par' dir='ltr' id='par_1_54' title="bbox 2197 2481 3752 2566">
     <span class='ocr_line' id='line_1_54' title="bbox 2197 2481 3752 2566; baseline -0.014 -17"><span class='ocrx_word' id='word_1_405' title='bbox 2197 2495 2344 2566; x_wconf 87' lang='lat' dir='ltr'><strong>leges</strong></span> <span class='ocrx_word' id='word_1_406' title='bbox 2377 2495 2557 2564; x_wconf 83' lang='lat' dir='ltr'><strong>agenti</strong></span> <span class='ocrx_word' id='word_1_407' title='bbox 2590 2486 2883 2560; x_wconf 83' lang='lat' dir='ltr'><strong>placuerit.</strong></span> <span class='ocrx_word' id='word_1_408' title='bbox 2933 2482 3101 2549; x_wconf 86' lang='lat' dir='ltr'><strong>Quasi</strong></span> <span class='ocrx_word' id='word_1_409' title='bbox 3145 2481 3388 2535; x_wconf 88' lang='lat' dir='ltr'><strong>animam</strong></span> <span class='ocrx_word' id='word_1_410' title='bbox 3435 2494 3555 2533; x_wconf 88' lang='lat' dir='ltr'><strong>esse</strong></span> <span class='ocrx_word' id='word_1_411' title='bbox 3584 2487 3752 2530; x_wconf 87' lang='lat' dir='ltr'><strong>natura</strong></span> 
     </span>
    </p>
   </div>
   <div class='ocr_carea' id='block_1_55' title="bbox 2196 2570 3751 2645">
    <p class='ocr_par' dir='ltr' id='par_1_55' title="bbox 2196 2570 3751 2645">
     <span class='ocr_line' id='line_1_55' title="bbox 2196 2570 3751 2645; baseline -0.017 -1"><span class='ocrx_word' id='word_1_412' title='bbox 2196 2605 2294 2645; x_wconf 90' lang='lat' dir='ltr'><strong>sua</strong></span> <span class='ocrx_word' id='word_1_413' title='bbox 2327 2584 2710 2645; x_wconf 89' lang='lat' dir='ltr'><strong>immortalem,</strong></span> <span class='ocrx_word' id='word_1_414' title='bbox 2759 2580 2808 2634; x_wconf 92' lang='lat' dir='ltr'><strong>ei</strong></span> <span class='ocrx_word' id='word_1_415' title='bbox 2858 2593 2886 2631; x_wconf 87' lang='lat' dir='ltr'><strong>a</strong></span> <span class='ocrx_word' id='word_1_416' title='bbox 2935 2584 3129 2630; x_wconf 87' lang='lat' dir='ltr'><strong>natura</strong></span> <span class='ocrx_word' id='word_1_417' title='bbox 3178 2588 3276 2628; x_wconf 91' lang='lat' dir='ltr'><strong>sua</strong></span> <span class='ocrx_word' id='word_1_418' title='bbox 3320 2573 3514 2626; x_wconf 84' lang='lat' dir='ltr'><strong>adesse</strong></span> <span class='ocrx_word' id='word_1_419' title='bbox 3566 2570 3751 2628; x_wconf 84' lang='lat' dir='ltr'><strong>vivere,</strong></span> 
     </span>
    </p>
   </div>
   <div class='ocr_carea' id='block_1_56' title="bbox 2197 2661 3751 2744">
    <p class='ocr_par' dir='ltr' id='par_1_56' title="bbox 2197 2661 3751 2744">
     <span class='ocr_line' id='line_1_56' title="bbox 2197 2661 3751 2744; baseline -0.018 -7"><span class='ocrx_word' id='word_1_420' title='bbox 2197 2682 2331 2737; x_wconf 88' lang='lat' dir='ltr'><strong>nihil</strong></span> <span class='ocrx_word' id='word_1_421' title='bbox 2358 2680 2504 2734; x_wconf 89' lang='lat' dir='ltr'><strong>aliud</strong></span> <span class='ocrx_word' id='word_1_422' title='bbox 2536 2675 2825 2744; x_wconf 84' lang='lat' dir='ltr'><strong>signiﬁcet,</strong></span> <span class='ocrx_word' id='word_1_423' title='bbox 2860 2686 3022 2741; x_wconf 88' lang='lat' dir='ltr'><strong>quam</strong></span> <span class='ocrx_word' id='word_1_424' title='bbox 3047 2681 3166 2723; x_wconf 87' lang='lat' dir='ltr'><strong>eam</strong></span> <span class='ocrx_word' id='word_1_425' title='bbox 3196 2673 3319 2735; x_wconf 90' lang='lat' dir='ltr'><strong>post</strong></span> <span class='ocrx_word' id='word_1_426' title='bbox 3341 2661 3591 2733; x_wconf 88' lang='lat' dir='ltr'><strong>corporis</strong></span> <span class='ocrx_word' id='word_1_427' title='bbox 3624 2673 3751 2712; x_wconf 88' lang='lat' dir='ltr'><strong>mor-</strong></span> 
     </span>
    </p>
   </div>
   <div class='ocr_carea' id='block_1_57' title="bbox 2201 2756 3753 2845">
    <p class='ocr_par' dir='ltr' id='par_1_57' title="bbox 2201 2756 3753 2845">
     <span class='ocr_line' id='line_1_57' title="bbox 2201 2756 3753 2845; baseline -0.018 -13"><span class='ocrx_word' id='word_1_428' title='bbox 2201 2787 2310 2831; x_wconf 92' lang='lat' dir='ltr'><strong>tem</strong></span> <span class='ocrx_word' id='word_1_429' title='bbox 2344 2772 2659 2845; x_wconf 88' lang='lat' dir='ltr'><strong>aliquandiu</strong></span> <span class='ocrx_word' id='word_1_430' title='bbox 2690 2767 3041 2839; x_wconf 90' lang='lat' dir='ltr'><strong>superstitem</strong></span> <span class='ocrx_word' id='word_1_431' title='bbox 3081 2776 3345 2827; x_wconf 86' lang='lat' dir='ltr'><strong>manere,</strong></span> <span class='ocrx_word' id='word_1_432' title='bbox 3385 2768 3443 2814; x_wconf 92' lang='lat' dir='ltr'><strong>et</strong></span> <span class='ocrx_word' id='word_1_433' title='bbox 3488 2756 3753 2826; x_wconf 86' lang='lat' dir='ltr'><strong>separatim</strong></span> 
     </span>
    </p>
   </div>
   <div class='ocr_carea' id='block_1_58' title="bbox 2203 2843 3753 2930">
    <p class='ocr_par' dir='ltr' id='par_1_58' title="bbox 2203 2843 3753 2930">
     <span class='ocr_line' id='line_1_58' title="bbox 2203 2843 3753 2930; baseline -0.017 -9"><span class='ocrx_word' id='word_1_434' title='bbox 2203 2868 2273 2923; x_wconf 85' lang='lat' dir='ltr'><strong>ab</strong></span> <span class='ocrx_word' id='word_1_435' title='bbox 2304 2882 2371 2921; x_wconf 85' lang='lat' dir='ltr'><strong>eo</strong></span> <span class='ocrx_word' id='word_1_436' title='bbox 2399 2843 2581 2918; x_wconf 82' lang='lat' dir='ltr'><strong>vivere</strong></span> <span class='ocrx_word' id='word_1_437' title='bbox 2614 2874 2793 2930; x_wconf 85' lang='lat' dir='ltr'><strong>posse.</strong></span> <span class='ocrx_word' id='word_1_438' title='bbox 2823 2855 2891 2911; x_wconf 84' lang='lat' dir='ltr'><strong>Et</strong></span> <span class='ocrx_word' id='word_1_439' title='bbox 2923 2866 3103 2909; x_wconf 85' lang='lat' dir='ltr'><strong>tamen</strong></span> <span class='ocrx_word' id='word_1_440' title='bbox 3140 2853 3231 2906; x_wconf 87' lang='lat' dir='ltr'><strong>ﬁdi</strong></span> <span class='ocrx_word' id='word_1_441' title='bbox 3260 2849 3581 2920; x_wconf 82' lang='lat' dir='ltr'><strong>interpretis</strong></span> <span class='ocrx_word' id='word_1_442' title='bbox 3602 2843 3753 2900; x_wconf 82' lang='lat' dir='ltr'><strong>oﬁicio</strong></span> 
     </span>
    </p>
   </div>
   <div class='ocr_carea' id='block_1_59' title="bbox 2201 2939 3754 3021">
    <p class='ocr_par' dir='ltr' id='par_1_59' title="bbox 2201 2939 3754 3021">
     <span class='ocr_line' id='line_1_59' title="bbox 2201 2939 3754 3021; baseline -0.019 -5"><span class='ocrx_word' id='word_1_443' title='bbox 2201 2959 2449 3016; x_wconf 82' lang='lat' dir='ltr'><strong>functum</strong></span> <span class='ocrx_word' id='word_1_444' title='bbox 2476 2971 2536 3010; x_wconf 91' lang='lat' dir='ltr'><strong>se</strong></span> <span class='ocrx_word' id='word_1_445' title='bbox 2559 2968 2680 3010; x_wconf 78' lang='lat' dir='ltr'><strong>esse</strong></span> <span class='ocrx_word' id='word_1_446' title='bbox 2706 2950 2971 3021; x_wconf 83' lang='lat' dir='ltr'><strong>gloriatur</strong></span> <span class='ocrx_word' id='word_1_447' title='bbox 2994 2944 3300 3001; x_wconf 84' lang='lat' dir='ltr'><strong>Dodwellus</strong></span> <span class='ocrx_word' id='word_1_448' title='bbox 3323 2944 3369 3007; x_wconf 66' lang='lat'><strong>9,</strong></span> <span class='ocrx_word' id='word_1_449' title='bbox 3394 2939 3754 3011; x_wconf 76' lang='lat' dir='ltr'><strong>depravatique</strong></span> 
     </span>
    </p>
   </div>
   <div class='ocr_carea' id='block_1_60' title="bbox 2203 3028 3753 3114">
    <p class='ocr_par' dir='ltr' id='par_1_60' title="bbox 2203 3028 3753 3114">
     <span class='ocr_line' id='line_1_60' title="bbox 2203 3028 3753 3114; baseline -0.018 -9"><span class='ocrx_word' id='word_1_450' title='bbox 2203 3048 2393 3105; x_wconf 69' lang='lat' dir='ltr'><strong>Ireuaai</strong></span> <span class='ocrx_word' id='word_1_451' title='bbox 2418 3046 2603 3114; x_wconf 91' lang='lat' dir='ltr'><strong>inique</strong></span> <span class='ocrx_word' id='word_1_452' title='bbox 2633 3040 2968 3112; x_wconf 89' lang='lat' dir='ltr'><strong>postulatum</strong></span> <span class='ocrx_word' id='word_1_453' title='bbox 2995 3052 3055 3093; x_wconf 91' lang='lat' dir='ltr'><strong>se</strong></span> <span class='ocrx_word' id='word_1_454' title='bbox 3085 3032 3477 3102; x_wconf 86' lang='lat' dir='ltr'><strong>conqueritur;</strong></span> <span class='ocrx_word' id='word_1_455' title='bbox 3505 3043 3606 3100; x_wconf 87' lang='lat' dir='ltr'><strong>qua</strong></span> <span class='ocrx_word' id='word_1_456' title='bbox 3627 3028 3685 3080; x_wconf 88' lang='lat' dir='ltr'><strong>de</strong></span> <span class='ocrx_word' id='word_1_457' title='bbox 3708 3038 3753 3077; x_wconf 88' lang='lat' dir='ltr'><strong>re</strong></span> 
     </span>
    </p>
   </div>
   <div class='ocr_carea' id='block_1_61' title="bbox 2206 3115 3753 3207">
    <p class='ocr_par' dir='ltr' id='par_1_61' title="bbox 2206 3115 3753 3207">
     <span class='ocr_line' id='line_1_61' title="bbox 2206 3115 3753 3207; baseline -0.019 -9"><span class='ocrx_word' id='word_1_458' title='bbox 2206 3143 2443 3199; x_wconf 88' lang='lat' dir='ltr'><strong>lectores</strong></span> <span class='ocrx_word' id='word_1_459' title='bbox 2470 3136 2706 3207; x_wconf 87' lang='lat' dir='ltr'><strong>appellat</strong></span> <span class='ocrx_word' id='word_1_460' title='bbox 2731 3132 2966 3203; x_wconf 78' lang='lat' dir='ltr'><strong>iudices.</strong></span> <span class='ocrx_word' id='word_1_461' title='bbox 3010 3124 3467 3198; x_wconf 84' lang='lat' dir='ltr'><strong>Exspectabimus</strong></span> <span class='ocrx_word' id='word_1_462' title='bbox 3510 3119 3659 3191; x_wconf 87' lang='lat' dir='ltr'><strong>quale</strong></span> <span class='ocrx_word' id='word_1_463' title='bbox 3685 3115 3753 3169; x_wconf 87' lang='lat' dir='ltr'><strong>fu-</strong></span> 
     </span>
    </p>
   </div>
   <div class='ocr_carea' id='block_1_62' title="bbox 520 3206 2098 3311">
    <p class='ocr_par' dir='ltr' id='par_1_62' title="bbox 520 3226 2098 3311">
     <span class='ocr_line' id='line_1_62' title="bbox 520 3226 2098 3311; baseline -0.017 -5"><span class='ocrx_word' id='word_1_464' title='bbox 520 3266 630 3306; x_wconf 90' lang='lat' dir='ltr'><strong>non</strong></span> <span class='ocrx_word' id='word_1_465' title='bbox 657 3258 804 3304; x_wconf 89' lang='lat' dir='ltr'><strong>certe</strong></span> <span class='ocrx_word' id='word_1_466' title='bbox 832 3245 1066 3309; x_wconf 89' lang='lat' dir='ltr'><strong>animas,</strong></span> <span class='ocrx_word' id='word_1_467' title='bbox 1090 3256 1213 3311; x_wconf 66' lang='lat' dir='ltr'><strong>qua:</strong></span> <span class='ocrx_word' id='word_1_468' title='bbox 1244 3238 1387 3308; x_wconf 90' lang='lat' dir='ltr'><strong>quod</strong></span> <span class='ocrx_word' id='word_1_469' title='bbox 1424 3235 1588 3289; x_wconf 84' lang='lat' dir='ltr'><strong>ﬂatus</strong></span> <span class='ocrx_word' id='word_1_470' title='bbox 1615 3232 1741 3287; x_wconf 74' lang='lat' dir='ltr'><strong>vita:</strong></span> <span class='ocrx_word' id='word_1_471' title='bbox 1770 3231 1883 3284; x_wconf 89' lang='lat' dir='ltr'><strong>sint</strong></span> <span class='ocrx_word' id='word_1_472' title='bbox 1922 3226 2098 3282; x_wconf 86' lang='lat' dir='ltr'><strong>insuf-</strong></span> 
     </span>
    </p>
   </div>
   <div class='ocr_carea' id='block_1_63' title="bbox 2200 3206 3753 3311">
    <p class='ocr_par' dir='ltr' id='par_1_63' title="bbox 2207 3211 3753 3299">
     <span class='ocr_line' id='line_1_63' title="bbox 2207 3211 3753 3299; baseline -0.019 -9"><span class='ocrx_word' id='word_1_473' title='bbox 2207 3247 2389 3292; x_wconf 90' lang='lat' dir='ltr'><strong>turum</strong></span> <span class='ocrx_word' id='word_1_474' title='bbox 2440 3232 2512 3287; x_wconf 89' lang='lat' dir='ltr'><strong>sit</strong></span> <span class='ocrx_word' id='word_1_475' title='bbox 2562 3228 2905 3299; x_wconf 66' lang='lat' dir='ltr'><strong>Anglicanas,</strong></span> <span class='ocrx_word' id='word_1_476' title='bbox 2951 3230 3011 3278; x_wconf 91' lang='lat' dir='ltr'><strong>ut</strong></span> <span class='ocrx_word' id='word_1_477' title='bbox 3054 3229 3278 3286; x_wconf 90' lang='lat' dir='ltr'><strong>vocant,</strong></span> <span class='ocrx_word' id='word_1_478' title='bbox 3314 3216 3591 3280; x_wconf 70' lang='lat' dir='ltr'><strong>Ecclesiae,</strong></span> <span class='ocrx_word' id='word_1_479' title='bbox 3620 3211 3753 3280; x_wconf 84' lang='lat' dir='ltr'><strong>cujus</strong></span> 
     </span>
    </p>
   </div>
   <div class='ocr_carea' id='block_1_64' title="bbox 522 3319 2105 3399">
    <p class='ocr_par' dir='ltr' id='par_1_64' title="bbox 522 3319 2105 3399">
     <span class='ocr_line' id='line_1_64' title="bbox 522 3319 2105 3399; baseline -0.017 0"><span class='ocrx_word' id='word_1_480' title='bbox 522 3350 684 3399; x_wconf 75' lang='lat' dir='ltr'><strong>Datus</strong></span> <span class='ocrx_word' id='word_1_481' title='bbox 730 3356 760 3393; x_wconf 87' lang='lat' dir='ltr'><strong>a</strong></span> <span class='ocrx_word' id='word_1_482' title='bbox 815 3338 926 3392; x_wconf 93' lang='lat' dir='ltr'><strong>Deo</strong></span> <span class='ocrx_word' id='word_1_483' title='bbox 975 3337 1029 3390; x_wconf 91' lang='lat' dir='ltr'><strong>in</strong></span> <span class='ocrx_word' id='word_1_484' title='bbox 1085 3333 1281 3387; x_wconf 81' lang='lat' dir='ltr'><strong>faciem</strong></span> <span class='ocrx_word' id='word_1_485' title='bbox 1330 3327 1601 3389; x_wconf 90' lang='lat' dir='ltr'><strong>hominis,</strong></span> <span class='ocrx_word' id='word_1_486' title='bbox 1657 3343 1677 3377; x_wconf 76' lang='grc' dir='ltr'><strong>ι</strong></span> <span class='ocrx_word' id='word_1_487' title='bbox 1734 3319 2105 3391; x_wconf 90' lang='lat' dir='ltr'><strong>incorporales</strong></span> 
     </span>
    </p>
   </div>
   <div class='ocr_carea' id='block_1_65' title="bbox 523 3422 2100 3502">
    <p class='ocr_par' dir='ltr' id='par_1_65' title="bbox 523 3422 2100 3502">
     <span class='ocr_line' id='line_1_65' title="bbox 523 3422 2100 3502; baseline -0.015 -14"><span class='ocrx_word' id='word_1_488' title='bbox 523 3444 672 3495; x_wconf 87' lang='lat' dir='ltr'><strong>sunt,</strong></span> <span class='ocrx_word' id='word_1_489' title='bbox 704 3440 970 3502; x_wconf 90' lang='lat' dir='ltr'><strong>quantum</strong></span> <span class='ocrx_word' id='word_1_490' title='bbox 1004 3427 1073 3481; x_wconf 88' lang='lat' dir='ltr'><strong>ad</strong></span> <span class='ocrx_word' id='word_1_491' title='bbox 1108 3422 1574 3492; x_wconf 89' lang='lat' dir='ltr'><strong>comparationem</strong></span> <span class='ocrx_word' id='word_1_492' title='bbox 1607 3428 1925 3485; x_wconf 84' lang='lat' dir='ltr'><strong>corporum,</strong></span> <span class='ocrx_word' id='word_1_493' title='bbox 1953 3426 2055 3467; x_wconf 86' lang='lat' dir='ltr'><strong>nec</strong></span> <span class='ocrx_word' id='word_1_494' title='bbox 2078 3427 2100 3463; x_wconf 74' lang='grc' dir='ltr'><strong>ι</strong></span> 
     </span>
    </p>
   </div>
   <div class='ocr_carea' id='block_1_66' title="bbox 525 3503 2103 3597">
    <p class='ocr_par' dir='ltr' id='par_1_66' title="bbox 525 3503 2103 3597">
     <span class='ocr_line' id='line_1_66' title="bbox 525 3503 2103 3597; baseline -0.017 -16"><span class='ocrx_word' id='word_1_495' title='bbox 525 3527 751 3597; x_wconf 88' lang='lat' dir='ltr'><strong>proinde</strong></span> <span class='ocrx_word' id='word_1_496' title='bbox 785 3542 804 3575; x_wconf 75' lang='grc' dir='ltr'><strong>ι</strong></span> <span class='ocrx_word' id='word_1_497' title='bbox 839 3520 1102 3575; x_wconf 89' lang='lat' dir='ltr'><strong>mortales</strong></span> <span class='ocrx_word' id='word_1_498' title='bbox 1134 3523 1366 3587; x_wconf 90' lang='lat' dir='ltr'><strong>possunt</strong></span> <span class='ocrx_word' id='word_1_499' title='bbox 1396 3511 1528 3566; x_wconf 91' lang='lat' dir='ltr'><strong>dici.</strong></span> <span class='ocrx_word' id='word_1_500' title='bbox 1572 3528 1591 3561; x_wconf 74' lang='grc' dir='ltr'><strong>ι</strong></span> <span class='ocrx_word' id='word_1_501' title='bbox 1622 3506 1690 3561; x_wconf 85' lang='lat' dir='ltr'><strong>Et</strong></span> <span class='ocrx_word' id='word_1_502' title='bbox 1726 3514 1948 3575; x_wconf 88' lang='lat' dir='ltr'><strong>propter</strong></span> <span class='ocrx_word' id='word_1_503' title='bbox 1975 3503 2103 3563; x_wconf 83' lang='lat' dir='ltr'><strong>hoc.</strong></span> 
     </span>
    </p>
   </div>
   <div class='ocr_carea' id='block_1_67' title="bbox 527 3599 2107 3688">
    <p class='ocr_par' dir='ltr' id='par_1_67' title="bbox 527 3599 2107 3688">
     <span class='ocr_line' id='line_1_67' title="bbox 527 3599 2107 3688; baseline -0.018 -14"><span class='ocrx_word' id='word_1_504' title='bbox 527 3619 725 3688; x_wconf 91' lang='lat' dir='ltr'><strong>inquit,</strong></span> <span class='ocrx_word' id='word_1_505' title='bbox 759 3634 778 3667; x_wconf 83' lang='grc' dir='ltr'><strong>ι</strong></span> <span class='ocrx_word' id='word_1_506' title='bbox 817 3613 981 3669; x_wconf 83' lang='lat' dir='ltr'><strong>David</strong></span> <span class='ocrx_word' id='word_1_507' title='bbox 1010 3610 1087 3664; x_wconf 92' lang='lat' dir='ltr'><strong>ait</strong></span> <span class='ocrx_word' id='word_1_508' title='bbox 1120 3627 1132 3662; x_wconf 89' lang='lat'><strong>:</strong></span> <span class='ocrx_word' id='word_1_509' title='bbox 1166 3607 1233 3662; x_wconf 88' lang='lat' dir='ltr'><strong>Et</strong></span> <span class='ocrx_word' id='word_1_510' title='bbox 1271 3604 1450 3659; x_wconf 88' lang='lat' dir='ltr'><strong>anima</strong></span> <span class='ocrx_word' id='word_1_511' title='bbox 1491 3614 1613 3656; x_wconf 89' lang='lat' dir='ltr'><strong>mea</strong></span> <span class='ocrx_word' id='word_1_512' title='bbox 1646 3599 1721 3654; x_wconf 92' lang='lat' dir='ltr'><strong>illi</strong></span> <span class='ocrx_word' id='word_1_513' title='bbox 1754 3600 1938 3659; x_wconf 86' lang='lat' dir='ltr'><strong>vivet;</strong></span> <span class='ocrx_word' id='word_1_514' title='bbox 1983 3604 2107 3649; x_wconf 86' lang='lat' dir='ltr'><strong>tan-</strong></span> 
     </span>
    </p>
   </div>
   <div class='ocr_carea' id='block_1_68' title="bbox 527 3689 2108 3782">
    <p class='ocr_par' dir='ltr' id='par_1_68' title="bbox 527 3689 2108 3782">
     <span class='ocr_line' id='line_1_68' title="bbox 527 3689 2108 3782; baseline -0.016 -17"><span class='ocrx_word' id='word_1_515' title='bbox 527 3728 690 3782; x_wconf 86' lang='lat' dir='ltr'><strong>quam</strong></span> <span class='ocrx_word' id='word_1_516' title='bbox 733 3704 1027 3762; x_wconf 88' lang='lat' dir='ltr'><strong>immortali</strong></span> <span class='ocrx_word' id='word_1_517' title='bbox 1073 3698 1379 3757; x_wconf 88' lang='lat' dir='ltr'><strong>substantia</strong></span> <span class='ocrx_word' id='word_1_518' title='bbox 1424 3695 1543 3764; x_wconf 80' lang='lat' dir='ltr'><strong>eius</strong></span> <span class='ocrx_word' id='word_1_519' title='bbox 1586 3693 1909 3749; x_wconf 84' lang='lat' dir='ltr'><strong>exsistente.</strong></span> <span class='ocrx_word' id='word_1_520' title='bbox 1948 3707 1967 3740; x_wconf 75' lang='grc' dir='ltr'><strong>ι</strong></span> <span class='ocrx_word' id='word_1_521' title='bbox 2001 3689 2108 3741; x_wconf 92' lang='lat' dir='ltr'><strong>De-</strong></span> 
     </span>
    </p>
   </div>
   <div class='ocr_carea' id='block_1_69' title="bbox 528 3777 2111 3872">
    <p class='ocr_par' dir='ltr' id='par_1_69' title="bbox 528 3777 2111 3872">
     <span class='ocr_line' id='line_1_69' title="bbox 528 3777 2111 3872; baseline -0.018 -14"><span class='ocrx_word' id='word_1_522' title='bbox 528 3805 695 3872; x_wconf 90' lang='lat' dir='ltr'><strong>nique</strong></span> <span class='ocrx_word' id='word_1_523' title='bbox 741 3814 863 3869; x_wconf 90' lang='lat' dir='ltr'><strong>cap.</strong></span> <span class='ocrx_word' id='word_1_524' title='bbox 890 3796 982 3861; x_wconf 78' lang='lat' dir='ltr'><strong>I3,</strong></span> <span class='ocrx_word' id='word_1_525' title='bbox 1013 3808 1165 3848; x_wconf 89' lang='lat' dir='ltr'><strong>num.</strong></span> <span class='ocrx_word' id='word_1_526' title='bbox 1218 3792 1275 3852; x_wconf 83' lang='lat'><strong>5,</strong></span> <span class='ocrx_word' id='word_1_527' title='bbox 1307 3788 1502 3845; x_wconf 89' lang='lat' dir='ltr'><strong>scribit</strong></span> <span class='ocrx_word' id='word_1_528' title='bbox 1546 3799 1793 3845; x_wconf 88' lang='lat' dir='ltr'><strong>carnem,</strong></span> <span class='ocrx_word' id='word_1_529' title='bbox 1830 3798 1850 3833; x_wconf 68' lang='grc' dir='ltr'><strong>ς</strong></span> <span class='ocrx_word' id='word_1_530' title='bbox 1881 3795 2005 3834; x_wconf 90' lang='lat' dir='ltr'><strong>cum</strong></span> <span class='ocrx_word' id='word_1_531' title='bbox 2038 3777 2111 3831; x_wconf 84' lang='lat' dir='ltr'><strong>sit</strong></span> 
     </span>
    </p>
   </div>
   <div class='ocr_carea' id='block_1_70' title="bbox 530 3868 2109 3951">
    <p class='ocr_par' dir='ltr' id='par_1_70' title="bbox 530 3868 2109 3951">
     <span class='ocr_line' id='line_1_70' title="bbox 530 3868 2109 3951; baseline -0.017 -7"><span class='ocrx_word' id='word_1_532' title='bbox 530 3868 782 3945; x_wconf 81' lang='lat' dir='ltr'><strong>mortalis</strong></span> <span class='ocrx_word' id='word_1_533' title='bbox 811 3868 865 3941; x_wconf 87' lang='lat' dir='ltr'><strong>et</strong></span> <span class='ocrx_word' id='word_1_534' title='bbox 898 3880 1307 3951; x_wconf 89' lang='lat' dir='ltr'><strong>corruptibilis,</strong></span> <span class='ocrx_word' id='word_1_535' title='bbox 1354 3872 1720 3930; x_wconf 89' lang='lat' dir='ltr'><strong>immortalem</strong></span> <span class='ocrx_word' id='word_1_536' title='bbox 1762 3870 1877 3925; x_wconf 92' lang='lat' dir='ltr'><strong>ﬁeri</strong></span> <span class='ocrx_word' id='word_1_537' title='bbox 1918 3877 1972 3921; x_wconf 90' lang='lat' dir='ltr'><strong>et</strong></span> <span class='ocrx_word' id='word_1_538' title='bbox 2022 3868 2109 3919; x_wconf 90' lang='lat' dir='ltr'><strong>in-</strong></span> 
     </span>
    </p>
   </div>
   <div class='ocr_carea' id='block_1_71' title="bbox 531 3961 2112 4050">
    <p class='ocr_par' dir='ltr' id='par_1_71' title="bbox 531 3961 2112 4050">
     <span class='ocr_line' id='line_1_71' title="bbox 531 3961 2112 4050; baseline -0.016 -14"><span class='ocrx_word' id='word_1_539' title='bbox 531 3978 978 4050; x_wconf 86' lang='lat' dir='ltr'><strong>corruptibilcm;</strong></span> <span class='ocrx_word' id='word_1_540' title='bbox 1023 3990 1129 4028; x_wconf 91' lang='lat' dir='ltr'><strong>non</strong></span> <span class='ocrx_word' id='word_1_541' title='bbox 1177 3972 1476 4025; x_wconf 84' lang='lat' dir='ltr'><strong>secundum</strong></span> <span class='ocrx_word' id='word_1_542' title='bbox 1523 3965 1803 4036; x_wconf 87' lang='lat' dir='ltr'><strong>pr0priam</strong></span> <span class='ocrx_word' id='word_1_543' title='bbox 1850 3961 2112 4015; x_wconf 88' lang='lat' dir='ltr'><strong>substan-</strong></span> 
     </span>
    </p>
   </div>
   <div class='ocr_carea' id='block_1_72' title="bbox 535 4050 2111 4135">
    <p class='ocr_par' dir='ltr' id='par_1_72' title="bbox 535 4050 2111 4135">
     <span class='ocr_line' id='line_1_72' title="bbox 535 4050 2111 4135; baseline -0.014 -8"><span class='ocrx_word' id='word_1_544' title='bbox 535 4076 692 4135; x_wconf 87' lang='lat' dir='ltr'><strong>tiam,</strong></span> <span class='ocrx_word' id='word_1_545' title='bbox 736 4070 831 4124; x_wconf 89' lang='lat' dir='ltr'><strong>sed</strong></span> <span class='ocrx_word' id='word_1_546' title='bbox 877 4066 1178 4122; x_wconf 87' lang='lat' dir='ltr'><strong>secundum</strong></span> <span class='ocrx_word' id='word_1_547' title='bbox 1229 4061 1445 4117; x_wconf 83' lang='lat' dir='ltr'><strong>Domini</strong></span> <span class='ocrx_word' id='word_1_548' title='bbox 1488 4056 1865 4129; x_wconf 83' lang='lat' dir='ltr'><strong>Operationem</strong></span> <span class='ocrx_word' id='word_1_549' title='bbox 1926 4071 1940 4106; x_wconf 89' lang='lat'>:</span> <span class='ocrx_word' id='word_1_550' title='bbox 1992 4050 2111 4105; x_wconf 83' lang='lat' dir='ltr'><strong>ani-</strong></span> 
     </span>
    </p>
   </div>
   <div class='ocr_carea' id='block_1_73' title="bbox 536 4144 2111 4217">
    <p class='ocr_par' dir='ltr' id='par_1_73' title="bbox 536 4144 2111 4217">
     <span class='ocr_line' id='line_1_73' title="bbox 536 4144 2111 4217; baseline -0.014 0"><span class='ocrx_word' id='word_1_551' title='bbox 536 4177 678 4217; x_wconf 89' lang='lat' dir='ltr'><strong>mam</strong></span> <span class='ocrx_word' id='word_1_552' title='bbox 710 4174 840 4212; x_wconf 90' lang='lat' dir='ltr'><strong>vero</strong></span> <span class='ocrx_word' id='word_1_553' title='bbox 872 4155 1156 4211; x_wconf 88' lang='lat' dir='ltr'><strong>mortalem</strong></span> <span class='ocrx_word' id='word_1_554' title='bbox 1190 4168 1299 4207; x_wconf 92' lang='lat' dir='ltr'><strong>non</strong></span> <span class='ocrx_word' id='word_1_555' title='bbox 1336 4165 1482 4215; x_wconf 89' lang='lat' dir='ltr'><strong>esse,</strong></span> <span class='ocrx_word' id='word_1_556' title='bbox 1516 4167 1535 4200; x_wconf 74' lang='grc' dir='ltr'><strong>ι</strong></span> <span class='ocrx_word' id='word_1_557' title='bbox 1576 4160 1773 4213; x_wconf 87' lang='lat' dir='ltr'><strong>nempe</strong></span> <span class='ocrx_word' id='word_1_558' title='bbox 1811 4144 2111 4199; x_wconf 75' lang='lat' dir='ltr'><strong>secundum</strong></span> 
     </span>
    </p>
   </div>
   <div class='ocr_carea' id='block_1_74' title="bbox 534 4235 2109 4322">
    <p class='ocr_par' dir='ltr' id='par_1_74' title="bbox 534 4235 2109 4322">
     <span class='ocr_line' id='line_1_74' title="bbox 534 4235 2109 4322; baseline -0.015 -15"><span class='ocrx_word' id='word_1_559' title='bbox 534 4250 812 4322; x_wconf 86' lang='lat' dir='ltr'><strong>propriam</strong></span> <span class='ocrx_word' id='word_1_560' title='bbox 842 4244 1208 4302; x_wconf 89' lang='lat' dir='ltr'><strong>substantiam</strong></span> <span class='ocrx_word' id='word_1_561' title='bbox 1233 4281 1248 4307; x_wconf 92' lang='lat'><strong>,</strong></span> <span class='ocrx_word' id='word_1_562' title='bbox 1277 4250 1334 4296; x_wconf 90' lang='lat' dir='ltr'><strong>et</strong></span> <span class='ocrx_word' id='word_1_563' title='bbox 1372 4241 1424 4294; x_wconf 92' lang='lat' dir='ltr'><strong>in</strong></span> <span class='ocrx_word' id='word_1_564' title='bbox 1453 4239 1557 4294; x_wconf 88' lang='lat' dir='ltr'><strong>hoc</strong></span> <span class='ocrx_word' id='word_1_565' title='bbox 1597 4235 1819 4290; x_wconf 78' lang='lat' dir='ltr'><strong>diﬁ‘erre</strong></span> <span class='ocrx_word' id='word_1_566' title='bbox 1849 4248 1879 4287; x_wconf 89' lang='lat' dir='ltr'><strong>a</strong></span> <span class='ocrx_word' id='word_1_567' title='bbox 1923 4247 2109 4287; x_wconf 88' lang='lat' dir='ltr'><strong>carne.</strong></span> 
     </span>
    </p>
   </div>
   <div class='ocr_carea' id='block_1_75' title="bbox 534 4325 2113 4399">
    <p class='ocr_par' dir='ltr' id='par_1_75' title="bbox 534 4325 2113 4399">
     <span class='ocr_line' id='line_1_75' title="bbox 534 4325 2113 4399; baseline -0.013 0"><span class='ocrx_word' id='word_1_568' title='bbox 534 4342 731 4399; x_wconf 78' lang='lat' dir='ltr'><strong>Ouniia</strong></span> <span class='ocrx_word' id='word_1_569' title='bbox 761 4339 875 4393; x_wconf 56' lang='lat' dir='ltr'><strong>haec</strong></span> <span class='ocrx_word' id='word_1_570' title='bbox 906 4335 1091 4391; x_wconf 71' lang='lat' dir='ltr'><strong>lrenazi</strong></span> <span class='ocrx_word' id='word_1_571' title='bbox 1124 4348 1262 4397; x_wconf 68' lang='lat' dir='ltr'><strong>aevo,</strong></span> <span class='ocrx_word' id='word_1_572' title='bbox 1295 4339 1349 4384; x_wconf 91' lang='lat' dir='ltr'><strong>et</strong></span> <span class='ocrx_word' id='word_1_573' title='bbox 1377 4331 1581 4384; x_wconf 72' lang='lat' dir='ltr'><strong>Irenmo</strong></span> <span class='ocrx_word' id='word_1_574' title='bbox 1611 4329 1748 4399; x_wconf 83' lang='lat' dir='ltr'><strong>ipsi,</strong></span> <span class='ocrx_word' id='word_1_575' title='bbox 1776 4335 1832 4381; x_wconf 90' lang='lat' dir='ltr'><strong>et</strong></span> <span class='ocrx_word' id='word_1_576' title='bbox 1860 4325 2113 4382; x_wconf 90' lang='lat' dir='ltr'><strong>omnibus</strong></span> 
     </span>
    </p>
   </div>
   <div class='ocr_carea' id='block_1_76' title="bbox 537 4419 2114 4489">
    <p class='ocr_par' dir='ltr' id='par_1_76' title="bbox 537 4419 2114 4489">
     <span class='ocr_line' id='line_1_76' title="bbox 537 4419 2114 4489; baseline -0.011 0"><span class='ocrx_word' id='word_1_577' title='bbox 537 4435 657 4489; x_wconf 87' lang='lat' dir='ltr'><strong>aliis</strong></span> <span class='ocrx_word' id='word_1_578' title='bbox 697 4430 985 4487; x_wconf 85' lang='lat' dir='ltr'><strong>manifesta</strong></span> <span class='ocrx_word' id='word_1_579' title='bbox 1032 4435 1194 4483; x_wconf 90' lang='lat' dir='ltr'><strong>erant</strong></span> <span class='ocrx_word' id='word_1_580' title='bbox 1226 4443 1240 4479; x_wconf 91' lang='lat'><strong>:</strong></span> <span class='ocrx_word' id='word_1_581' title='bbox 1272 4432 1324 4478; x_wconf 92' lang='lat' dir='ltr'><strong>at</strong></span> <span class='ocrx_word' id='word_1_582' title='bbox 1355 4422 1637 4477; x_wconf 88' lang='lat' dir='ltr'><strong>Dodwello</strong></span> <span class='ocrx_word' id='word_1_583' title='bbox 1664 4420 1686 4452; x_wconf 82' lang='grc'>⁸</span> <span class='ocrx_word' id='word_1_584' title='bbox 1732 4422 1963 4475; x_wconf 88' lang='lat' dir='ltr'><strong>obscura</strong></span> <span class='ocrx_word' id='word_1_585' title='bbox 1995 4419 2114 4472; x_wconf 83' lang='lat' dir='ltr'><strong>visa</strong></span> 
     </span>
    </p>
   </div>
   <div class='ocr_carea' id='block_1_77' title="bbox 539 4510 2114 4588">
    <p class='ocr_par' dir='ltr' id='par_1_77' title="bbox 539 4510 2114 4588">
     <span class='ocr_line' id='line_1_77' title="bbox 539 4510 2114 4588; baseline -0.01 -9"><span class='ocrx_word' id='word_1_586' title='bbox 539 4535 685 4579; x_wconf 80' lang='lat' dir='ltr'><strong>sunt.</strong></span> <span class='ocrx_word' id='word_1_587' title='bbox 720 4523 797 4577; x_wconf 82' lang='lat' dir='ltr'><strong>Eo</strong></span> <span class='ocrx_word' id='word_1_588' title='bbox 828 4522 971 4576; x_wconf 90' lang='lat' dir='ltr'><strong>enim</strong></span> <span class='ocrx_word' id='word_1_589' title='bbox 1018 4520 1135 4588; x_wconf 89' lang='lat' dir='ltr'><strong>ipso</strong></span> <span class='ocrx_word' id='word_1_590' title='bbox 1183 4517 1324 4580; x_wconf 90' lang='lat' dir='ltr'><strong>loco,</strong></span> <span class='ocrx_word' id='word_1_591' title='bbox 1376 4529 1537 4583; x_wconf 85' lang='lat' dir='ltr'><strong>quem</strong></span> <span class='ocrx_word' id='word_1_592' title='bbox 1590 4514 1749 4568; x_wconf 91' lang='lat' dir='ltr'><strong>modo</strong></span> <span class='ocrx_word' id='word_1_593' title='bbox 1791 4510 2114 4565; x_wconf 88' lang='lat' dir='ltr'><strong>adduximus</strong></span> 
     </span>
    </p>
   </div>
   <div class='ocr_carea' id='block_1_78' title="bbox 539 4601 2112 4683">
    <p class='ocr_par' dir='ltr' id='par_1_78' title="bbox 539 4601 2112 4683">
     <span class='ocr_line' id='line_1_78' title="bbox 539 4601 2112 4683; baseline -0.01 -12"><span class='ocrx_word' id='word_1_594' title='bbox 539 4635 605 4671; x_wconf 83' lang='lat' dir='ltr'><strong>ex</strong></span> <span class='ocrx_word' id='word_1_595' title='bbox 639 4618 735 4671; x_wconf 89' lang='lat' dir='ltr'><strong>lib.</strong></span> <span class='ocrx_word' id='word_1_596' title='bbox 764 4631 821 4682; x_wconf 90' lang='lat' dir='ltr'><strong>v,</strong></span> <span class='ocrx_word' id='word_1_597' title='bbox 861 4627 986 4683; x_wconf 87' lang='lat' dir='ltr'><strong>cap.</strong></span> <span class='ocrx_word' id='word_1_598' title='bbox 1027 4610 1085 4675; x_wconf 74' lang='grc'><strong>4,</strong></span> <span class='ocrx_word' id='word_1_599' title='bbox 1122 4626 1177 4665; x_wconf 92' lang='lat' dir='ltr'><strong>n.</strong></span> <span class='ocrx_word' id='word_1_600' title='bbox 1228 4610 1282 4673; x_wconf 72' lang='lat'><strong>1,</strong></span> <span class='ocrx_word' id='word_1_601' title='bbox 1331 4607 1595 4671; x_wconf 89' lang='lat' dir='ltr'><strong>abutitur,</strong></span> <span class='ocrx_word' id='word_1_602' title='bbox 1636 4614 1697 4660; x_wconf 91' lang='lat' dir='ltr'><strong>ut</strong></span> <span class='ocrx_word' id='word_1_603' title='bbox 1743 4618 1933 4660; x_wconf 89' lang='lat' dir='ltr'><strong>recens</strong></span> <span class='ocrx_word' id='word_1_604' title='bbox 1981 4601 2112 4656; x_wconf 92' lang='lat' dir='ltr'><strong>illud</strong></span> 
     </span>
    </p>
   </div>
   <div class='ocr_carea' id='block_1_79' title="bbox 541 4694 2116 4777">
    <p class='ocr_par' dir='ltr' id='par_1_79' title="bbox 541 4694 2116 4777">
     <span class='ocr_line' id='line_1_79' title="bbox 541 4694 2116 4777; baseline -0.01 -16"><span class='ocrx_word' id='word_1_605' title='bbox 541 4725 604 4763; x_wconf 87' lang='lat' dir='ltr'><strong>ac</strong></span> <span class='ocrx_word' id='word_1_606' title='bbox 638 4708 862 4777; x_wconf 88' lang='lat' dir='ltr'><strong>impium</strong></span> <span class='ocrx_word' id='word_1_607' title='bbox 890 4710 1265 4759; x_wconf 91' lang='lat' dir='ltr'><strong>commentum</strong></span> <span class='ocrx_word' id='word_1_608' title='bbox 1305 4699 1632 4762; x_wconf 90' lang='lat' dir='ltr'><strong>conﬁrmet;</strong></span> <span class='ocrx_word' id='word_1_609' title='bbox 1663 4697 1877 4751; x_wconf 88' lang='lat' dir='ltr'><strong>animas</strong></span> <span class='ocrx_word' id='word_1_610' title='bbox 1906 4694 2116 4749; x_wconf 90' lang='lat' dir='ltr'><strong>scilicet</strong></span> 
     </span>
    </p>
   </div>
   <div class='ocr_carea' id='block_1_80' title="bbox 543 4789 2114 4869">
    <p class='ocr_par' dir='ltr' id='par_1_80' title="bbox 543 4789 2114 4869">
     <span class='ocr_line' id='line_1_80' title="bbox 543 4789 2114 4869; baseline -0.01 -12"><span class='ocrx_word' id='word_1_611' title='bbox 543 4803 811 4857; x_wconf 90' lang='lat' dir='ltr'><strong>humanas</strong></span> <span class='ocrx_word' id='word_1_612' title='bbox 834 4797 1110 4869; x_wconf 89' lang='lat' dir='ltr'><strong>spiritales</strong></span> <span class='ocrx_word' id='word_1_613' title='bbox 1151 4810 1260 4849; x_wconf 94' lang='lat' dir='ltr'><strong>non</strong></span> <span class='ocrx_word' id='word_1_614' title='bbox 1308 4807 1456 4857; x_wconf 89' lang='lat' dir='ltr'><strong>esse,</strong></span> <span class='ocrx_word' id='word_1_615' title='bbox 1500 4808 1603 4847; x_wconf 89' lang='lat' dir='ltr'><strong>nec</strong></span> <span class='ocrx_word' id='word_1_616' title='bbox 1645 4789 1873 4862; x_wconf 91' lang='lat' dir='ltr'><strong>proinde</strong></span> <span class='ocrx_word' id='word_1_617' title='bbox 1917 4799 2114 4843; x_wconf 85' lang='lat' dir='ltr'><strong>natura</strong></span> 
     </span>
    </p>
   </div>
   <div class='ocr_carea' id='block_1_81' title="bbox 543 4880 2116 4952">
    <p class='ocr_par' dir='ltr' id='par_1_81' title="bbox 543 4880 2116 4952">
     <span class='ocr_line' id='line_1_81' title="bbox 543 4880 2116 4952; baseline -0.008 -7"><span class='ocrx_word' id='word_1_618' title='bbox 543 4906 637 4945; x_wconf 88' lang='lat' dir='ltr'><strong>sua</strong></span> <span class='ocrx_word' id='word_1_619' title='bbox 664 4891 822 4943; x_wconf 89' lang='lat' dir='ltr'><strong>aliter</strong></span> <span class='ocrx_word' id='word_1_620' title='bbox 851 4885 1191 4942; x_wconf 88' lang='lat' dir='ltr'><strong>immortales</strong></span> <span class='ocrx_word' id='word_1_621' title='bbox 1211 4925 1226 4951; x_wconf 94' lang='lat'><strong>,</strong></span> <span class='ocrx_word' id='word_1_622' title='bbox 1257 4884 1361 4938; x_wconf 90' lang='lat' dir='ltr'><strong>nisi</strong></span> <span class='ocrx_word' id='word_1_623' title='bbox 1412 4890 1684 4952; x_wconf 89' lang='lat' dir='ltr'><strong>quatenus</strong></span> <span class='ocrx_word' id='word_1_624' title='bbox 1722 4896 1753 4934; x_wconf 87' lang='lat' dir='ltr'><strong>a</strong></span> <span class='ocrx_word' id='word_1_625' title='bbox 1791 4880 2116 4951; x_wconf 88' lang='lat' dir='ltr'><strong>corporibus</strong></span> 
     </span>
    </p>
   </div>
   <div class='ocr_carea' id='block_1_82' title="bbox 545 4973 2113 5050">
    <p class='ocr_par' dir='ltr' id='par_1_82' title="bbox 545 4973 2113 5050">
     <span class='ocr_line' id='line_1_82' title="bbox 545 4973 2113 5050; baseline -0.006 -15"><span class='ocrx_word' id='word_1_626' title='bbox 545 4992 809 5050; x_wconf 72' lang='lat' dir='ltr'><strong>separatae</strong></span> <span class='ocrx_word' id='word_1_627' title='bbox 843 4978 1158 5048; x_wconf 88' lang='lat' dir='ltr'><strong>aliquandiu</strong></span> <span class='ocrx_word' id='word_1_628' title='bbox 1207 4974 1535 5045; x_wconf 86' lang='lat' dir='ltr'><strong>superstites</strong></span> <span class='ocrx_word' id='word_1_629' title='bbox 1581 4981 1825 5038; x_wconf 91' lang='lat' dir='ltr'><strong>manent,</strong></span> <span class='ocrx_word' id='word_1_630' title='bbox 1874 4973 2113 5042; x_wconf 90' lang='lat' dir='ltr'><strong>quandiu</strong></span> 
     </span>
    </p>
   </div>
   <div class='ocr_carea' id='block_1_83' title="bbox 549 5066 2119 5139">
    <p class='ocr_par' dir='ltr' id='par_1_83' title="bbox 549 5066 2119 5139">
     <span class='ocr_line' id='line_1_83' title="bbox 549 5066 2119 5139; baseline -0.006 -13"><span class='ocrx_word' id='word_1_631' title='bbox 549 5072 805 5126; x_wconf 90' lang='lat' dir='ltr'><strong>nitnirum</strong></span> <span class='ocrx_word' id='word_1_632' title='bbox 836 5071 977 5125; x_wconf 91' lang='lat' dir='ltr'><strong>Deus</strong></span> <span class='ocrx_word' id='word_1_633' title='bbox 1009 5069 1337 5139; x_wconf 83' lang='lat' dir='ltr'><strong>superstites</strong></span> <span class='ocrx_word' id='word_1_634' title='bbox 1365 5080 1589 5121; x_wconf 88' lang='lat' dir='ltr'><strong>manere</strong></span> <span class='ocrx_word' id='word_1_635' title='bbox 1610 5066 1846 5121; x_wconf 91' lang='lat' dir='ltr'><strong>voluerit</strong></span> <span class='ocrx_word' id='word_1_636' title='bbox 1874 5083 1888 5120; x_wconf 89' lang='lat'>:</span> <span class='ocrx_word' id='word_1_637' title='bbox 1914 5080 2119 5132; x_wconf 85' lang='lat' dir='ltr'><strong>easque</strong></span> 
     </span>
    </p>
   </div>
   <div class='ocr_carea' id='block_1_84' title="bbox 546 5157 2123 5232">
    <p class='ocr_par' dir='ltr' id='par_1_84' title="bbox 546 5157 2123 5232">
     <span class='ocr_line' id='line_1_84' title="bbox 546 5157 2123 5232; baseline -0.005 -14"><span class='ocrx_word' id='word_1_638' title='bbox 546 5163 693 5218; x_wconf 88' lang='lat' dir='ltr'><strong>solas</strong></span> <span class='ocrx_word' id='word_1_639' title='bbox 725 5172 986 5232; x_wconf 88' lang='lat' dir='ltr'><strong>perpetua</strong></span> <span class='ocrx_word' id='word_1_640' title='bbox 1016 5160 1421 5214; x_wconf 88' lang='lat' dir='ltr'><strong>immortalitate</strong></span> <span class='ocrx_word' id='word_1_641' title='bbox 1472 5158 1702 5222; x_wconf 90' lang='lat' dir='ltr'><strong>donari,</strong></span> <span class='ocrx_word' id='word_1_642' title='bbox 1744 5157 1833 5211; x_wconf 92' lang='lat' dir='ltr'><strong>Dei</strong></span> <span class='ocrx_word' id='word_1_643' title='bbox 1864 5157 2037 5226; x_wconf 86' lang='lat' dir='ltr'><strong>gratia</strong></span> <span class='ocrx_word' id='word_1_644' title='bbox 2064 5164 2123 5210; x_wconf 88' lang='lat' dir='ltr'><strong>et</strong></span> 
     </span>
    </p>
   </div>
   <div class='ocr_carea' id='block_1_85' title="bbox 2207 3306 3750 3393">
    <p class='ocr_par' dir='ltr' id='par_1_85' title="bbox 2207 3306 3750 3393">
     <span class='ocr_line' id='line_1_85' title="bbox 2207 3306 3750 3393; baseline -0.017 -11"><span class='ocrx_word' id='word_1_645' title='bbox 2207 3341 2297 3382; x_wconf 90' lang='lat' dir='ltr'><strong>res</strong></span> <span class='ocrx_word' id='word_1_646' title='bbox 2337 3327 2557 3393; x_wconf 81' lang='lat' dir='ltr'><strong>agitur,</strong></span> <span class='ocrx_word' id='word_1_647' title='bbox 2604 3322 2671 3376; x_wconf 92' lang='lat' dir='ltr'><strong>de</strong></span> <span class='ocrx_word' id='word_1_648' title='bbox 2717 3317 2967 3374; x_wconf 86' lang='lat' dir='ltr'><strong>abnormi</strong></span> <span class='ocrx_word' id='word_1_649' title='bbox 3023 3314 3116 3369; x_wconf 89' lang='lat' dir='ltr'><strong>illa</strong></span> <span class='ocrx_word' id='word_1_650' title='bbox 3175 3311 3454 3381; x_wconf 86' lang='lat' dir='ltr'><strong>theologia</strong></span> <span class='ocrx_word' id='word_1_651' title='bbox 3500 3306 3750 3378; x_wconf 85' lang='lat' dir='ltr'><strong>judicium.</strong></span> 
     </span>
    </p>
   </div>
   <div class='ocr_carea' id='block_1_86' title="bbox 2205 3406 3753 3486">
    <p class='ocr_par' dir='ltr' id='par_1_86' title="bbox 2205 3406 3753 3486">
     <span class='ocr_line' id='line_1_86' title="bbox 2205 3406 3753 3486; baseline -0.02 -11"><span class='ocrx_word' id='word_1_652' title='bbox 2205 3420 2339 3474; x_wconf 84' lang='lat' dir='ltr'><strong>Eam</strong></span> <span class='ocrx_word' id='word_1_653' title='bbox 2369 3416 2460 3486; x_wconf 87' lang='lat' dir='ltr'><strong>qui</strong></span> <span class='ocrx_word' id='word_1_654' title='bbox 2485 3413 2679 3469; x_wconf 89' lang='lat' dir='ltr'><strong>solidis</strong></span> <span class='ocrx_word' id='word_1_655' title='bbox 2716 3409 3021 3464; x_wconf 87' lang='lat' dir='ltr'><strong>rationibus</strong></span> <span class='ocrx_word' id='word_1_656' title='bbox 3063 3406 3450 3474; x_wconf 88' lang='lat' dir='ltr'><strong>impugnaret,</strong></span> <span class='ocrx_word' id='word_1_657' title='bbox 3481 3412 3661 3454; x_wconf 89' lang='lat' dir='ltr'><strong>vereor</strong></span> <span class='ocrx_word' id='word_1_658' title='bbox 3698 3407 3753 3447; x_wconf 87' lang='lat' dir='ltr'><strong>ne</strong></span> 
     </span>
    </p>
   </div>
   <div class='ocr_carea' id='block_1_87' title="bbox 2208 3485 3753 3567">
    <p class='ocr_par' dir='ltr' id='par_1_87' title="bbox 2208 3485 3753 3567">
     <span class='ocr_line' id='line_1_87' title="bbox 2208 3485 3753 3567; baseline -0.016 -2"><span class='ocrx_word' id='word_1_659' title='bbox 2208 3485 2399 3566; x_wconf 86' lang='lat' dir='ltr'><strong>statim</strong></span> <span class='ocrx_word' id='word_1_660' title='bbox 2436 3506 2516 3561; x_wconf 91' lang='lat' dir='ltr'><strong>illi</strong></span> <span class='ocrx_word' id='word_1_661' title='bbox 2557 3504 2941 3559; x_wconf 86' lang='lat' dir='ltr'><strong>Terentianum</strong></span> <span class='ocrx_word' id='word_1_662' title='bbox 2972 3499 3101 3553; x_wconf 89' lang='lat' dir='ltr'><strong>illud</strong></span> <span class='ocrx_word' id='word_1_663' title='bbox 3148 3500 3581 3567; x_wconf 87' lang='lat' dir='ltr'><strong>impingeretur:</strong></span> <span class='ocrx_word' id='word_1_664' title='bbox 3625 3506 3642 3541; x_wconf 83' lang='lat' dir='ltr'><strong>t</strong></span> <span class='ocrx_word' id='word_1_665' title='bbox 3679 3485 3753 3541; x_wconf 77' lang='lat' dir='ltr'><strong>Ni-</strong></span> 
     </span>
    </p>
   </div>
   <div class='ocr_carea' id='block_1_88' title="bbox 2209 3593 3752 3668">
    <p class='ocr_par' dir='ltr' id='par_1_88' title="bbox 2209 3593 3752 3668">
     <span class='ocr_line' id='line_1_88' title="bbox 2209 3593 3752 3668; baseline -0.017 -11"><span class='ocrx_word' id='word_1_666' title='bbox 2209 3602 2318 3657; x_wconf 91' lang='lat' dir='ltr'><strong>hilo</strong></span> <span class='ocrx_word' id='word_1_667' title='bbox 2351 3601 2469 3668; x_wconf 85' lang='lat' dir='ltr'><strong>plus</strong></span> <span class='ocrx_word' id='word_1_668' title='bbox 2514 3611 2667 3668; x_wconf 86' lang='lat' dir='ltr'><strong>agas,</strong></span> <span class='ocrx_word' id='word_1_669' title='bbox 2710 3609 2873 3664; x_wconf 85' lang='lat' dir='ltr'><strong>quam</strong></span> <span class='ocrx_word' id='word_1_670' title='bbox 2916 3593 2959 3647; x_wconf 85' lang='lat' dir='ltr'><strong>si</strong></span> <span class='ocrx_word' id='word_1_671' title='bbox 3006 3593 3103 3647; x_wconf 87' lang='lat' dir='ltr'><strong>des</strong></span> <span class='ocrx_word' id='word_1_672' title='bbox 3152 3604 3398 3659; x_wconf 86' lang='lat' dir='ltr'><strong>operam,</strong></span> <span class='ocrx_word' id='word_1_673' title='bbox 3430 3598 3490 3642; x_wconf 88' lang='lat' dir='ltr'><strong>ut</strong></span> <span class='ocrx_word' id='word_1_674' title='bbox 3535 3599 3648 3638; x_wconf 90' lang='lat' dir='ltr'><strong>cum</strong></span> <span class='ocrx_word' id='word_1_675' title='bbox 3681 3594 3752 3633; x_wconf 86' lang='lat' dir='ltr'><strong>ra-</strong></span> 
     </span>
    </p>
   </div>
   <div class='ocr_carea' id='block_1_89' title="bbox 2210 3673 3752 3750">
    <p class='ocr_par' dir='ltr' id='par_1_89' title="bbox 2210 3673 3752 3750">
     <span class='ocr_line' id='line_1_89' title="bbox 2210 3673 3752 3750; baseline -0.019 -1"><span class='ocrx_word' id='word_1_676' title='bbox 2210 3697 2358 3750; x_wconf 89' lang='lat' dir='ltr'><strong>tione</strong></span> <span class='ocrx_word' id='word_1_677' title='bbox 2390 3690 2653 3747; x_wconf 87' lang='lat' dir='ltr'><strong>insanias.</strong></span> <span class='ocrx_word' id='word_1_678' title='bbox 2681 3709 2698 3742; x_wconf 78' lang='lat'><strong>)</strong></span> <span class='ocrx_word' id='word_1_679' title='bbox 2728 3687 2906 3743; x_wconf 89' lang='lat' dir='ltr'><strong>Unum</strong></span> <span class='ocrx_word' id='word_1_680' title='bbox 2926 3688 3250 3741; x_wconf 83' lang='lat' dir='ltr'><strong>observasse</strong></span> <span class='ocrx_word' id='word_1_681' title='bbox 3288 3680 3546 3743; x_wconf 77' lang='lat' dir='ltr'><strong>sufﬁciat,</strong></span> <span class='ocrx_word' id='word_1_682' title='bbox 3571 3673 3752 3732; x_wconf 88' lang='lat' dir='ltr'><strong>scilicet</strong></span> 
     </span>
    </p>
   </div>
   <div class='ocr_carea' id='block_1_90' title="bbox 2209 3769 3748 3855">
    <p class='ocr_par' dir='ltr' id='par_1_90' title="bbox 2209 3769 3748 3855">
     <span class='ocr_line' id='line_1_90' title="bbox 2209 3769 3748 3855; baseline -0.017 -15"><span class='ocrx_word' id='word_1_683' title='bbox 2209 3784 2409 3855; x_wconf 83' lang='lat' dir='ltr'><strong>duplex</strong></span> <span class='ocrx_word' id='word_1_684' title='bbox 2441 3778 2874 3837; x_wconf 89' lang='lat' dir='ltr'><strong>immortalitatis</strong></span> <span class='ocrx_word' id='word_1_685' title='bbox 2901 3789 3093 3845; x_wconf 86' lang='lat' dir='ltr'><strong>genus,</strong></span> <span class='ocrx_word' id='word_1_686' title='bbox 3130 3772 3272 3844; x_wconf 90' lang='lat' dir='ltr'><strong>quod</strong></span> <span class='ocrx_word' id='word_1_687' title='bbox 3307 3769 3609 3827; x_wconf 88' lang='lat' dir='ltr'><strong>Dodvvellus</strong></span> <span class='ocrx_word' id='word_1_688' title='bbox 3641 3775 3748 3817; x_wconf 87' lang='lat' dir='ltr'><strong>nus-</strong></span> 
     </span>
    </p>
   </div>
   <div class='ocr_carea' id='block_1_91' title="bbox 2209 3859 3748 3949">
    <p class='ocr_par' dir='ltr' id='par_1_91' title="bbox 2209 3859 3748 3949">
     <span class='ocr_line' id='line_1_91' title="bbox 2209 3859 3748 3949; baseline -0.018 -16"><span class='ocrx_word' id='word_1_689' title='bbox 2209 3893 2374 3949; x_wconf 89' lang='lat' dir='ltr'><strong>quam</strong></span> <span class='ocrx_word' id='word_1_690' title='bbox 2407 3874 2685 3941; x_wconf 88' lang='lat' dir='ltr'><strong>distinxit,</strong></span> <span class='ocrx_word' id='word_1_691' title='bbox 2719 3871 2813 3927; x_wconf 90' lang='lat' dir='ltr'><strong>sed</strong></span> <span class='ocrx_word' id='word_1_692' title='bbox 2836 3870 3020 3940; x_wconf 90' lang='lat' dir='ltr'><strong>potius</strong></span> <span class='ocrx_word' id='word_1_693' title='bbox 3056 3869 3129 3923; x_wconf 89' lang='lat' dir='ltr'><strong>ita</strong></span> <span class='ocrx_word' id='word_1_694' title='bbox 3158 3865 3430 3931; x_wconf 84' lang='lat' dir='ltr'><strong>confudit,</strong></span> <span class='ocrx_word' id='word_1_695' title='bbox 3456 3871 3515 3917; x_wconf 90' lang='lat' dir='ltr'><strong>ut</strong></span> <span class='ocrx_word' id='word_1_696' title='bbox 3552 3859 3748 3914; x_wconf 85' lang='lat' dir='ltr'><strong>alterum</strong></span> 
     </span>
    </p>
   </div>
   <div class='ocr_carea' id='block_1_92' title="bbox 2209 3945 3752 4040">
    <p class='ocr_par' dir='ltr' id='par_1_92' title="bbox 2209 3945 3752 4040">
     <span class='ocr_line' id='line_1_92' title="bbox 2209 3945 3752 4040; baseline -0.021 -15"><span class='ocrx_word' id='word_1_697' title='bbox 2209 3985 2309 4040; x_wconf 90' lang='lat' dir='ltr'><strong>pro</strong></span> <span class='ocrx_word' id='word_1_698' title='bbox 2340 3967 2515 4022; x_wconf 88' lang='lat' dir='ltr'><strong>altero</strong></span> <span class='ocrx_word' id='word_1_699' title='bbox 2545 3962 2817 4029; x_wconf 87' lang='lat' dir='ltr'><strong>habuerit,</strong></span> <span class='ocrx_word' id='word_1_700' title='bbox 2844 3960 3048 4015; x_wconf 88' lang='lat' dir='ltr'><strong>fontem</strong></span> <span class='ocrx_word' id='word_1_701' title='bbox 3079 3972 3331 4013; x_wconf 88' lang='lat' dir='ltr'><strong>errorum</strong></span> <span class='ocrx_word' id='word_1_702' title='bbox 3367 3953 3604 4010; x_wconf 89' lang='lat' dir='ltr'><strong>omnium</strong></span> <span class='ocrx_word' id='word_1_703' title='bbox 3633 3945 3752 4001; x_wconf 81' lang='lat' dir='ltr'><strong>illius</strong></span> 
     </span>
    </p>
   </div>
   <div class='ocr_carea' id='block_1_93' title="bbox 2209 4045 3751 4123">
    <p class='ocr_par' dir='ltr' id='par_1_93' title="bbox 2209 4045 3751 4123">
     <span class='ocr_line' id='line_1_93' title="bbox 2209 4045 3751 4123; baseline -0.019 -6"><span class='ocrx_word' id='word_1_704' title='bbox 2209 4075 2351 4117; x_wconf 87' lang='lat' dir='ltr'><strong>esse.</strong></span> <span class='ocrx_word' id='word_1_705' title='bbox 2379 4056 2773 4114; x_wconf 83' lang='lat' dir='ltr'><strong>Itnmortalitas</strong></span> <span class='ocrx_word' id='word_1_706' title='bbox 2815 4052 3015 4123; x_wconf 88' lang='lat' dir='ltr'><strong>quippe</strong></span> <span class='ocrx_word' id='word_1_707' title='bbox 3043 4049 3369 4112; x_wconf 91' lang='lat' dir='ltr'><strong>animarum,</strong></span> <span class='ocrx_word' id='word_1_708' title='bbox 3418 4045 3523 4100; x_wconf 87' lang='lat' dir='ltr'><strong>alia</strong></span> <span class='ocrx_word' id='word_1_709' title='bbox 3559 4048 3751 4094; x_wconf 78' lang='lat' dir='ltr'><strong>natura-</strong></span> 
     </span>
    </p>
   </div>
   <div class='ocr_carea' id='block_1_94' title="bbox 2212 4137 3747 4222">
    <p class='ocr_par' dir='ltr' id='par_1_94' title="bbox 2212 4137 3747 4222">
     <span class='ocr_line' id='line_1_94' title="bbox 2212 4137 3747 4222; baseline -0.023 -10"><span class='ocrx_word' id='word_1_710' title='bbox 2212 4158 2302 4222; x_wconf 91' lang='lat' dir='ltr'><strong>lis,</strong></span> <span class='ocrx_word' id='word_1_711' title='bbox 2339 4155 2443 4208; x_wconf 89' lang='lat' dir='ltr'><strong>alia</strong></span> <span class='ocrx_word' id='word_1_712' title='bbox 2499 4146 2954 4221; x_wconf 89' lang='lat' dir='ltr'><strong>supernaturalis.</strong></span> <span class='ocrx_word' id='word_1_713' title='bbox 3009 4144 3169 4198; x_wconf 87' lang='lat' dir='ltr'><strong>Prior</strong></span> <span class='ocrx_word' id='word_1_714' title='bbox 3219 4137 3548 4195; x_wconf 88' lang='lat' dir='ltr'><strong>substantiis</strong></span> <span class='ocrx_word' id='word_1_715' title='bbox 3588 4138 3747 4185; x_wconf 86' lang='lat' dir='ltr'><strong>natura</strong></span> 
     </span>
    </p>
   </div>
   <div class='ocr_carea' id='block_1_95' title="bbox 2211 4220 3748 4308">
    <p class='ocr_par' dir='ltr' id='par_1_95' title="bbox 2211 4220 3748 4308">
     <span class='ocr_line' id='line_1_95' title="bbox 2211 4220 3748 4308; baseline -0.021 -4"><span class='ocrx_word' id='word_1_716' title='bbox 2211 4262 2312 4305; x_wconf 88' lang='lat' dir='ltr'><strong>sua</strong></span> <span class='ocrx_word' id='word_1_717' title='bbox 2366 4220 2729 4308; x_wconf 84' lang='lat' dir='ltr'><strong>simplicibus,</strong></span> <span class='ocrx_word' id='word_1_718' title='bbox 2773 4249 2831 4293; x_wconf 88' lang='lat' dir='ltr'><strong>et</strong></span> <span class='ocrx_word' id='word_1_719' title='bbox 2877 4239 2944 4292; x_wconf 88' lang='lat' dir='ltr'><strong>ab</strong></span> <span class='ocrx_word' id='word_1_720' title='bbox 2992 4232 3141 4291; x_wconf 92' lang='lat' dir='ltr'><strong>omni</strong></span> <span class='ocrx_word' id='word_1_721' title='bbox 3198 4230 3430 4287; x_wconf 89' lang='lat' dir='ltr'><strong>materia</strong></span> <span class='ocrx_word' id='word_1_722' title='bbox 3484 4220 3748 4296; x_wconf 77' lang='lat' dir='ltr'><strong>segregans</strong></span> 
     </span>
    </p>
   </div>
   <div class='ocr_carea' id='block_1_96' title="bbox 2216 4312 3749 4409">
    <p class='ocr_par' dir='ltr' id='par_1_96' title="bbox 2216 4312 3749 4409">
     <span class='ocr_line' id='line_1_96' title="bbox 2216 4312 3749 4409; baseline -0.016 -17"><span class='ocrx_word' id='word_1_723' title='bbox 2216 4335 2439 4409; x_wconf 85' lang='lat' dir='ltr'><strong>propria</strong></span> <span class='ocrx_word' id='word_1_724' title='bbox 2471 4342 2593 4398; x_wconf 90' lang='lat' dir='ltr'><strong>est;</strong></span> <span class='ocrx_word' id='word_1_725' title='bbox 2627 4345 2734 4401; x_wconf 91' lang='lat' dir='ltr'><strong>qua</strong></span> <span class='ocrx_word' id='word_1_726' title='bbox 2776 4328 2977 4383; x_wconf 91' lang='lat' dir='ltr'><strong>nullius</strong></span> <span class='ocrx_word' id='word_1_727' title='bbox 3011 4324 3235 4381; x_wconf 89' lang='lat' dir='ltr'><strong>omnino</strong></span> <span class='ocrx_word' id='word_1_728' title='bbox 3288 4332 3486 4376; x_wconf 71' lang='lat' dir='ltr'><strong>creata:</strong></span> <span class='ocrx_word' id='word_1_729' title='bbox 3521 4317 3595 4373; x_wconf 88' lang='lat' dir='ltr'><strong>rei</strong></span> <span class='ocrx_word' id='word_1_730' title='bbox 3626 4312 3671 4365; x_wconf 84' lang='lat' dir='ltr'><strong>vi</strong></span> <span class='ocrx_word' id='word_1_731' title='bbox 3705 4316 3749 4360; x_wconf 78' lang='grc' dir='ltr'>ει</span> 
     </span>
    </p>
   </div>
   <div class='ocr_carea' id='block_1_97' title="bbox 2214 4403 3749 4485">
    <p class='ocr_par' dir='ltr' id='par_1_97' title="bbox 2214 4403 3749 4485">
     <span class='ocr_line' id='line_1_97' title="bbox 2214 4403 3749 4485; baseline -0.02 0"><span class='ocrx_word' id='word_1_732' title='bbox 2214 4403 2507 4485; x_wconf 77' lang='lat' dir='ltr'><strong>efﬁcientia</strong></span> <span class='ocrx_word' id='word_1_733' title='bbox 2538 4421 2759 4479; x_wconf 77' lang='lat' dir='ltr'><strong>dissolvi</strong></span> <span class='ocrx_word' id='word_1_734' title='bbox 2796 4431 2853 4475; x_wconf 91' lang='lat' dir='ltr'><strong>et</strong></span> <span class='ocrx_word' id='word_1_735' title='bbox 2881 4415 3157 4484; x_wconf 89' lang='lat' dir='ltr'><strong>exstingui</strong></span> <span class='ocrx_word' id='word_1_736' title='bbox 3205 4422 3457 4485; x_wconf 90' lang='lat' dir='ltr'><strong>possunt.</strong></span> <span class='ocrx_word' id='word_1_737' title='bbox 3509 4403 3749 4465; x_wconf 77' lang='lat' dir='ltr'><strong>Posterior</strong></span> 
     </span>
    </p>
   </div>
   <div class='ocr_carea' id='block_1_98' title="bbox 2148 4504 3745 4600">
    <p class='ocr_par' dir='ltr' id='par_1_98' title="bbox 2148 4504 3745 4600">
     <span class='ocr_line' id='line_1_98' title="bbox 2148 4504 3745 4600; baseline -0.016 -24"><span class='ocrx_word' id='word_1_738' title='bbox 2148 4545 2193 4600; x_wconf 76' lang='grc' dir='ltr'><strong>ο</strong></span> <span class='ocrx_word' id='word_1_739' title='bbox 2219 4519 2506 4575; x_wconf 88' lang='lat' dir='ltr'><strong>animabus</strong></span> <span class='ocrx_word' id='word_1_740' title='bbox 2558 4516 2733 4571; x_wconf 86' lang='lat' dir='ltr'><strong>beatis</strong></span> <span class='ocrx_word' id='word_1_741' title='bbox 2783 4511 3078 4582; x_wconf 87' lang='lat' dir='ltr'><strong>peculiaris</strong></span> <span class='ocrx_word' id='word_1_742' title='bbox 3110 4518 3229 4574; x_wconf 88' lang='lat' dir='ltr'><strong>est;</strong></span> <span class='ocrx_word' id='word_1_743' title='bbox 3266 4522 3374 4576; x_wconf 89' lang='lat' dir='ltr'><strong>qua</strong></span> <span class='ocrx_word' id='word_1_744' title='bbox 3432 4504 3539 4557; x_wconf 93' lang='lat' dir='ltr'><strong>Deo</strong></span> <span class='ocrx_word' id='word_1_745' title='bbox 3574 4507 3745 4553; x_wconf 82' lang='lat' dir='ltr'><strong>etcum</strong></span> 
     </span>
    </p>
   </div>
   <div class='ocr_carea' id='block_1_99' title="bbox 2219 4591 3744 4671">
    <p class='ocr_par' dir='ltr' id='par_1_99' title="bbox 2219 4591 3744 4671">
     <span class='ocr_line' id='line_1_99' title="bbox 2219 4591 3744 4671; baseline -0.022 0"><span class='ocrx_word' id='word_1_746' title='bbox 2219 4617 2327 4671; x_wconf 92' lang='lat' dir='ltr'><strong>Deo</strong></span> <span class='ocrx_word' id='word_1_747' title='bbox 2350 4623 2617 4668; x_wconf 69' lang='lat' dir='ltr'><strong>aeternum</strong></span> <span class='ocrx_word' id='word_1_748' title='bbox 2644 4608 2909 4669; x_wconf 88' lang='lat' dir='ltr'><strong>viventes,</strong></span> <span class='ocrx_word' id='word_1_749' title='bbox 2939 4603 3199 4659; x_wconf 89' lang='lat' dir='ltr'><strong>felicitate</strong></span> <span class='ocrx_word' id='word_1_750' title='bbox 3224 4613 3502 4669; x_wconf 88' lang='lat' dir='ltr'><strong>nunquam</strong></span> <span class='ocrx_word' id='word_1_751' title='bbox 3540 4591 3744 4649; x_wconf 77' lang='lat' dir='ltr'><strong>desitum</strong></span> 
     </span>
    </p>
   </div>
   <div class='ocr_carea' id='block_1_100' title="bbox 2217 4682 3745 4763">
    <p class='ocr_par' dir='ltr' id='par_1_100' title="bbox 2217 4682 3745 4763">
     <span class='ocr_line' id='line_1_100' title="bbox 2217 4682 3745 4763; baseline -0.022 -2"><span class='ocrx_word' id='word_1_752' title='bbox 2217 4707 2473 4761; x_wconf 83' lang='lat' dir='ltr'><strong>fruuntur</strong></span> <span class='ocrx_word' id='word_1_753' title='bbox 2506 4704 2558 4757; x_wconf 93' lang='lat' dir='ltr'><strong>in</strong></span> <span class='ocrx_word' id='word_1_754' title='bbox 2591 4700 2766 4756; x_wconf 70' lang='lat' dir='ltr'><strong>cmlis.</strong></span> <span class='ocrx_word' id='word_1_755' title='bbox 2804 4697 3105 4763; x_wconf 87' lang='lat' dir='ltr'><strong>Utramque</strong></span> <span class='ocrx_word' id='word_1_756' title='bbox 3140 4692 3360 4763; x_wconf 88' lang='lat' dir='ltr'><strong>quidem</strong></span> <span class='ocrx_word' id='word_1_757' title='bbox 3404 4690 3495 4746; x_wconf 91' lang='lat' dir='ltr'><strong>Dei</strong></span> <span class='ocrx_word' id='word_1_758' title='bbox 3547 4682 3745 4756; x_wconf 86' lang='lat' dir='ltr'><strong>gratiam</strong></span> 
     </span>
    </p>
   </div>
   <div class='ocr_carea' id='block_1_101' title="bbox 2217 4781 3747 4864">
    <p class='ocr_par' dir='ltr' id='par_1_101' title="bbox 2217 4781 3747 4864">
     <span class='ocr_line' id='line_1_101' title="bbox 2217 4781 3747 4864; baseline -0.016 -12"><span class='ocrx_word' id='word_1_759' title='bbox 2217 4814 2342 4853; x_wconf 91' lang='lat' dir='ltr'><strong>esse</strong></span> <span class='ocrx_word' id='word_1_760' title='bbox 2366 4796 2470 4851; x_wconf 91' lang='lat' dir='ltr'><strong>dici</strong></span> <span class='ocrx_word' id='word_1_761' title='bbox 2508 4802 2707 4864; x_wconf 88' lang='lat' dir='ltr'><strong>potest,</strong></span> <span class='ocrx_word' id='word_1_762' title='bbox 2736 4791 2831 4845; x_wconf 91' lang='lat' dir='ltr'><strong>sed</strong></span> <span class='ocrx_word' id='word_1_763' title='bbox 2866 4789 3077 4842; x_wconf 90' lang='lat' dir='ltr'><strong>diversa</strong></span> <span class='ocrx_word' id='word_1_764' title='bbox 3116 4800 3342 4855; x_wconf 87' lang='lat' dir='ltr'><strong>prorsus</strong></span> <span class='ocrx_word' id='word_1_765' title='bbox 3382 4781 3619 4840; x_wconf 87' lang='lat' dir='ltr'><strong>ratione;</strong></span> <span class='ocrx_word' id='word_1_766' title='bbox 3646 4782 3747 4842; x_wconf 80' lang='lat' dir='ltr'><strong>p05-</strong></span> 
     </span>
    </p>
   </div>
   <div class='ocr_carea' id='block_1_102' title="bbox 2222 4872 3750 4947">
    <p class='ocr_par' dir='ltr' id='par_1_102' title="bbox 2222 4872 3750 4947">
     <span class='ocr_line' id='line_1_102' title="bbox 2222 4872 3750 4947; baseline -0.014 -10"><span class='ocrx_word' id='word_1_767' title='bbox 2222 4886 2504 4947; x_wconf 76' lang='lat' dir='ltr'><strong>teriorem,</strong></span> <span class='ocrx_word' id='word_1_768' title='bbox 2543 4880 2637 4935; x_wconf 92' lang='lat' dir='ltr'><strong>Dei</strong></span> <span class='ocrx_word' id='word_1_769' title='bbox 2685 4888 2744 4932; x_wconf 90' lang='lat' dir='ltr'><strong>ut</strong></span> <span class='ocrx_word' id='word_1_770' title='bbox 2779 4876 3020 4932; x_wconf 88' lang='lat' dir='ltr'><strong>auctoris</strong></span> <span class='ocrx_word' id='word_1_771' title='bbox 3048 4876 3237 4945; x_wconf 75' lang='lat' dir='ltr'><strong>gratiae</strong></span> <span class='ocrx_word' id='word_1_772' title='bbox 3286 4888 3351 4928; x_wconf 87' lang='lat' dir='ltr'><strong>ac</strong></span> <span class='ocrx_word' id='word_1_773' title='bbox 3393 4875 3643 4927; x_wconf 91' lang='lat' dir='ltr'><strong>bonorum</strong></span> <span class='ocrx_word' id='word_1_774' title='bbox 3673 4872 3750 4913; x_wconf 73' lang='lat' dir='ltr'><strong>stl-</strong></span> 
     </span>
    </p>
   </div>
   <div class='ocr_carea' id='block_1_103' title="bbox 2222 4963 3745 5046">
    <p class='ocr_par' dir='ltr' id='par_1_103' title="bbox 2222 4963 3745 5046">
     <span class='ocr_line' id='line_1_103' title="bbox 2222 4963 3745 5046; baseline -0.012 -15"><span class='ocrx_word' id='word_1_775' title='bbox 2222 4974 2690 5046; x_wconf 86' lang='lat' dir='ltr'><strong>pernaturalium,</strong></span> <span class='ocrx_word' id='word_1_776' title='bbox 2738 4970 3135 5040; x_wconf 88' lang='lat' dir='ltr'><strong>promissisque</strong></span> <span class='ocrx_word' id='word_1_777' title='bbox 3192 4967 3347 5032; x_wconf 85' lang='lat' dir='ltr'><strong>suis,</strong></span> <span class='ocrx_word' id='word_1_778' title='bbox 3405 4963 3529 5035; x_wconf 80' lang='lat' dir='ltr'><strong>quia</strong></span> <span class='ocrx_word' id='word_1_779' title='bbox 3569 4964 3745 5013; x_wconf 70' lang='lat' dir='ltr'><strong>summe</strong></span> 
     </span>
    </p>
   </div>
   <div class='ocr_carea' id='block_1_104' title="bbox 2223 5053 3745 5133">
    <p class='ocr_par' dir='ltr' id='par_1_104' title="bbox 2223 5053 3745 5133">
     <span class='ocr_line' id='line_1_104' title="bbox 2223 5053 3745 5133; baseline -0.018 -12"><span class='ocrx_word' id='word_1_780' title='bbox 2223 5083 2389 5123; x_wconf 84' lang='lat' dir='ltr'><strong>verax</strong></span> <span class='ocrx_word' id='word_1_781' title='bbox 2420 5076 2527 5133; x_wconf 87' lang='lat' dir='ltr'><strong>est,</strong></span> <span class='ocrx_word' id='word_1_782' title='bbox 2563 5063 2825 5120; x_wconf 89' lang='lat' dir='ltr'><strong>inviolate</strong></span> <span class='ocrx_word' id='word_1_783' title='bbox 2844 5060 3071 5124; x_wconf 89' lang='lat' dir='ltr'><strong>stantis;</strong></span> <span class='ocrx_word' id='word_1_784' title='bbox 3097 5059 3359 5130; x_wconf 85' lang='lat' dir='ltr'><strong>priorem,</strong></span> <span class='ocrx_word' id='word_1_785' title='bbox 3385 5058 3476 5113; x_wconf 89' lang='lat' dir='ltr'><strong>Dei</strong></span> <span class='ocrx_word' id='word_1_786' title='bbox 3512 5062 3565 5107; x_wconf 89' lang='lat' dir='ltr'><strong>ut</strong></span> <span class='ocrx_word' id='word_1_787' title='bbox 3585 5053 3745 5103; x_wconf 89' lang='lat' dir='ltr'><strong>aucto-</strong></span> 
     </span>
    </p>
   </div>
   <div class='ocr_carea' id='block_1_105' title="bbox 2228 5131 3747 5223">
    <p class='ocr_par' dir='ltr' id='par_1_105' title="bbox 2228 5131 3747 5223">
     <span class='ocr_line' id='line_1_105' title="bbox 2228 5131 3747 5223; baseline -0.013 -12"><span class='ocrx_word' id='word_1_788' title='bbox 2228 5160 2303 5214; x_wconf 89' lang='lat' dir='ltr'><strong>ris</strong></span> <span class='ocrx_word' id='word_1_789' title='bbox 2338 5131 2569 5223; x_wconf 69' lang='lat' dir='ltr'><strong>naturaa,</strong></span> <span class='ocrx_word' id='word_1_790' title='bbox 2605 5153 2699 5223; x_wconf 88' lang='lat' dir='ltr'><strong>qui</strong></span> <span class='ocrx_word' id='word_1_791' title='bbox 2728 5161 2785 5207; x_wconf 89' lang='lat' dir='ltr'><strong>ut</strong></span> <span class='ocrx_word' id='word_1_792' title='bbox 2825 5166 2914 5207; x_wconf 91' lang='lat' dir='ltr'><strong>res</strong></span> <span class='ocrx_word' id='word_1_793' title='bbox 2948 5159 3163 5206; x_wconf 88' lang='lat' dir='ltr'><strong>creatas</strong></span> <span class='ocrx_word' id='word_1_794' title='bbox 3195 5150 3366 5203; x_wconf 89' lang='lat' dir='ltr'><strong>libere</strong></span> <span class='ocrx_word' id='word_1_795' title='bbox 3399 5142 3652 5203; x_wconf 88' lang='lat' dir='ltr'><strong>condidit,</strong></span> <span class='ocrx_word' id='word_1_796' title='bbox 3683 5131 3747 5187; x_wconf 75' lang='lat' dir='ltr'><strong>sic</strong></span> 
     </span>
    </p>
   </div>
   <div class='ocr_carea' id='block_1_106' title="bbox 619 5256 3746 5356">
    <p class='ocr_par' dir='ltr' id='par_1_106' title="bbox 619 5256 3746 5356">
     <span class='ocr_line' id='line_1_106' title="bbox 619 5256 3746 5356; baseline -0.009 -24"><span class='ocrx_word' id='word_1_797' title='bbox 619 5276 1091 5356; x_wconf 54' lang='lat' dir='ltr'><strong>f_An_Epiitola:y</strong></span> <span class='ocrx_word' id='word_1_798' title='bbox 1125 5275 1414 5356; x_wconf 62' lang='lat' dir='ltr'><strong>discourse,</strong></span> <span class='ocrx_word' id='word_1_799' title='bbox 1447 5282 1580 5335; x_wconf 88' lang='lat' dir='ltr'><strong>etc.,</strong></span> <span class='ocrx_word' id='word_1_800' title='bbox 1604 5272 1742 5356; x_wconf 47' lang='lat' dir='ltr'><strong>in:8‘,</strong></span> <span class='ocrx_word' id='word_1_801' title='bbox 1779 5271 1935 5356; x_wconf 64' lang='lat' dir='ltr'><strong>i796.</strong></span> <span class='ocrx_word' id='word_1_802' title='bbox 1965 5269 2066 5356; x_wconf 75' lang='lat' dir='ltr'><strong>Id.,</strong></span> <span class='ocrx_word' id='word_1_803' title='bbox 2098 5271 2138 5321; x_wconf 87' lang='grc' dir='ltr'><em>Α</em></span> <span class='ocrx_word' id='word_1_804' title='bbox 2172 5266 2761 5356; x_wconf 64' lang='lat' dir='ltr'><strong>preliminaryaefenee</strong></span> <span class='ocrx_word' id='word_1_805' title='bbox 2783 5266 2846 5336; x_wconf 79' lang='lat' dir='ltr'><strong>of</strong></span> <span class='ocrx_word' id='word_1_806' title='bbox 2879 5266 2963 5319; x_wconf 85' lang='lat' dir='ltr'><strong>the</strong></span> <span class='ocrx_word' id='word_1_807' title='bbox 3002 5261 3321 5356; x_wconf 47' lang='lat' dir='ltr'><strong>Epigtolgrg!’</strong></span> <span class='ocrx_word' id='word_1_808' title='bbox 3348 5256 3746 5356; x_wconf 40' lang='grc' dir='ltr'><strong>αἰθέρι-τελιιῖ</strong></span> 
     </span>
    </p>
   </div>
   <div class='ocr_carea' id='block_1_107' title="bbox 551 5326 3745 5415">
    <p class='ocr_par' dir='ltr' id='par_1_107' title="bbox 551 5326 3745 5415">
     <span class='ocr_line' id='line_1_107' title="bbox 551 5326 3745 5415; baseline -0.009 -10"><span class='ocrx_word' id='word_1_809' title='bbox 551 5326 1340 5415; x_wconf 13' lang='lat' dir='ltr'><strong>ﬁliiﬁlii:leieVSEripture&#39;s</strong></span> <span class='ocrx_word' id='word_1_810' title='bbox 1369 5326 1591 5397; x_wconf 58' lang='lat' dir='ltr'><strong>account</strong></span> <span class='ocrx_word' id='word_1_811' title='bbox 1614 5346 1673 5412; x_wconf 76' lang='lat' dir='ltr'><strong>of</strong></span> <span class='ocrx_word' id='word_1_812' title='bbox 1691 5326 1777 5396; x_wconf 78' lang='lat' dir='ltr'><strong>tlie</strong></span> <span class='ocrx_word' id='word_1_813' title='bbox 1818 5342 2020 5395; x_wconf 86' lang='lat' dir='ltr'><strong>eternal</strong></span> <span class='ocrx_word' id='word_1_814' title='bbox 2053 5326 2292 5392; x_wconf 62' lang='lat' dir='ltr'><strong>rewards</strong></span> <span class='ocrx_word' id='word_1_815' title='bbox 2332 5355 2393 5391; x_wconf 92' lang='lat' dir='ltr'><strong>or</strong></span> <span class='ocrx_word' id='word_1_816' title='bbox 2416 5326 2829 5409; x_wconf 40' lang='lat' dir='ltr'><strong>puisishinents;</strong></span> <span class='ocrx_word' id='word_1_817' title='bbox 2860 5346 2993 5399; x_wconf 88' lang='lat' dir='ltr'><strong>etc.,</strong></span> <span class='ocrx_word' id='word_1_818' title='bbox 3026 5326 3159 5397; x_wconf 82' lang='lat' dir='ltr'><strong>iit-8,</strong></span> <span class='ocrx_word' id='word_1_819' title='bbox 3188 5326 3345 5387; x_wconf 77' lang='grc' dir='ltr'><strong>Πυίς.</strong></span> <span class='ocrx_word' id='word_1_820' title='bbox 3422 5333 3442 5363; x_wconf 74' lang='grc'><strong><em>⁵</em></strong></span> <span class='ocrx_word' id='word_1_821' title='bbox 3466 5326 3613 5389; x_wconf 87' lang='lat' dir='ltr'><strong>Ibid.,</strong></span> <span class='ocrx_word' id='word_1_822' title='bbox 3642 5330 3745 5388; x_wconf 63' lang='lat' dir='ltr'><strong>pas.</strong></span> 
     </span>
    </p>
   </div>
   <div class='ocr_carea' id='block_1_108' title="bbox 554 5422 924 5486">
    <p class='ocr_par' dir='ltr' id='par_1_108' title="bbox 554 5422 924 5486">
     <span class='ocr_line' id='line_1_108' title="bbox 554 5422 924 5486; baseline -0.022 -11"><span class='ocrx_word' id='word_1_823' title='bbox 554 5422 657 5476; x_wconf 65' lang='lat'><strong>186</strong></span> <span class='ocrx_word' id='word_1_824' title='bbox 688 5429 743 5473; x_wconf 86' lang='lat' dir='ltr'><strong>et</strong></span> <span class='ocrx_word' id='word_1_825' title='bbox 774 5432 924 5486; x_wconf 66' lang='lat' dir='ltr'><strong>seqq,</strong></span> 
     </span>
    </p>
   </div>
   <div class='ocr_carea' id='block_1_109' title="bbox 623 5504 2103 5581">
    <p class='ocr_par' dir='ltr' id='par_1_109' title="bbox 623 5504 2103 5581">
     <span class='ocr_line' id='line_1_109' title="bbox 623 5504 2103 5581; baseline -0.007 -16"><span class='ocrx_word' id='word_1_826' title='bbox 623 5516 700 5581; x_wconf 80' lang='grc' dir='ltr'><strong>(α)</strong></span> <span class='ocrx_word' id='word_1_827' title='bbox 740 5510 846 5581; x_wconf 81' lang='lat' dir='ltr'><strong>For</strong></span> <span class='ocrx_word' id='word_1_828' title='bbox 890 5509 1048 5563; x_wconf 85' lang='lat' dir='ltr'><strong>vvhen</strong></span> <span class='ocrx_word' id='word_1_829' title='bbox 1092 5508 1228 5581; x_wconf 65' lang='lat' dir='ltr'><strong>they</strong></span> <span class='ocrx_word' id='word_1_830' title='bbox 1258 5523 1374 5579; x_wconf 81' lang='lat' dir='ltr'><strong>say,</strong></span> <span class='ocrx_word' id='word_1_831' title='bbox 1431 5507 1572 5581; x_wconf 84' lang='lat' dir='ltr'><strong>&#39;I‘bat</strong></span> <span class='ocrx_word' id='word_1_832' title='bbox 1620 5506 1774 5581; x_wconf 74' lang='lat' dir='ltr'><strong>those</strong></span> <span class='ocrx_word' id='word_1_833' title='bbox 1805 5504 1981 5571; x_wconf 84' lang='lat' dir='ltr'><strong>things</strong></span> <span class='ocrx_word' id='word_1_834' title='bbox 2011 5518 2103 5555; x_wconf 88' lang='lat' dir='ltr'><strong>are</strong></span> 
     </span>
    </p>
   </div>
   <div class='ocr_carea' id='block_1_110' title="bbox 553 5576 2108 5662">
    <p class='ocr_par' dir='ltr' id='par_1_110' title="bbox 553 5576 2108 5662">
     <span class='ocr_line' id='line_1_110' title="bbox 553 5576 2108 5662; baseline -0.007 -27"><span class='ocrx_word' id='word_1_835' title='bbox 553 5576 963 5662; x_wconf 38' lang='lat' dir='ltr'><strong>quickepeddhx</strong></span> <span class='ocrx_word' id='word_1_836' title='bbox 992 5580 1080 5632; x_wconf 87' lang='lat' dir='ltr'><strong>the</strong></span> <span class='ocrx_word' id='word_1_837' title='bbox 1104 5576 1335 5659; x_wconf 44' lang='lat' dir='ltr'><strong>.Fa&#39;ther,</strong></span> <span class='ocrx_word' id='word_1_838' title='bbox 1379 5579 1561 5662; x_wconf 54' lang='lat' dir='ltr'><strong>yhieh</strong></span> <span class='ocrx_word' id='word_1_839' title='bbox 1597 5576 1671 5630; x_wconf 87' lang='lat' dir='ltr'><strong>all</strong></span> <span class='ocrx_word' id='word_1_840' title='bbox 1709 5589 1873 5662; x_wconf 72' lang='lat' dir='ltr'><strong>agree</strong></span> <span class='ocrx_word' id='word_1_841' title='bbox 1900 5584 1955 5625; x_wconf 89' lang='lat' dir='ltr'><strong>to</strong></span> <span class='ocrx_word' id='word_1_842' title='bbox 1978 5588 2108 5625; x_wconf 90' lang='lat' dir='ltr'><strong>con-</strong></span> 
     </span>
    </p>
   </div>
   <div class='ocr_carea' id='block_1_111' title="bbox 556 5645 2101 5707">
    <p class='ocr_par' dir='ltr' id='par_1_111' title="bbox 556 5645 2101 5707">
     <span class='ocr_line' id='line_1_111' title="bbox 556 5645 2101 5707; baseline -0.007 -2"><span class='ocrx_word' id='word_1_843' title='bbox 556 5645 703 5705; x_wconf 80' lang='lat' dir='ltr'><strong>tinue</strong></span> <span class='ocrx_word' id='word_1_844' title='bbox 753 5653 806 5704; x_wconf 92' lang='lat' dir='ltr'><strong>in</strong></span> <span class='ocrx_word' id='word_1_845' title='bbox 859 5645 1000 5703; x_wconf 73' lang='lat' dir='ltr'><strong>their</strong></span> <span class='ocrx_word' id='word_1_846' title='bbox 1030 5648 1304 5702; x_wconf 85' lang='lat' dir='ltr'><strong>existence</strong></span> <span class='ocrx_word' id='word_1_847' title='bbox 1339 5648 1479 5700; x_wconf 79' lang='lat' dir='ltr'><strong>alter</strong></span> <span class='ocrx_word' id='word_1_848' title='bbox 1513 5650 1695 5707; x_wconf 84' lang='lat' dir='ltr'><strong>death,</strong></span> <span class='ocrx_word' id='word_1_849' title='bbox 1726 5645 1858 5699; x_wconf 89' lang='lat' dir='ltr'><strong>such</strong></span> <span class='ocrx_word' id='word_1_850' title='bbox 1907 5660 1968 5696; x_wconf 84' lang='lat' dir='ltr'><strong>as</strong></span> <span class='ocrx_word' id='word_1_851' title='bbox 2012 5646 2101 5694; x_wconf 91' lang='lat' dir='ltr'><strong>the</strong></span> 
     </span>
    </p>
   </div>
   <div class='ocr_carea' id='block_1_112' title="bbox 553 5712 2108 5790">
    <p class='ocr_par' dir='ltr' id='par_1_112' title="bbox 553 5712 2108 5790">
     <span class='ocr_line' id='line_1_112' title="bbox 553 5712 2108 5790; baseline -0.007 -14"><span class='ocrx_word' id='word_1_852' title='bbox 553 5723 731 5790; x_wconf 85' lang='lat' dir='ltr'><strong>spirit,</strong></span> <span class='ocrx_word' id='word_1_853' title='bbox 757 5722 860 5790; x_wconf 84' lang='lat' dir='ltr'><strong>and</strong></span> <span class='ocrx_word' id='word_1_854' title='bbox 890 5722 979 5772; x_wconf 89' lang='lat' dir='ltr'><strong>the</strong></span> <span class='ocrx_word' id='word_1_855' title='bbox 1009 5718 1283 5790; x_wconf 80' lang='lat' dir='ltr'><strong>sou_l_._au_d</strong></span> <span class='ocrx_word' id='word_1_856' title='bbox 1319 5720 1406 5771; x_wconf 85' lang='lat' dir='ltr'><strong>the</strong></span> <span class='ocrx_word' id='word_1_857' title='bbox 1444 5716 1791 5790; x_wconf 8' lang='lat' dir='ltr'><strong>Iikegthiugs,</strong></span> <span class='ocrx_word' id='word_1_858' title='bbox 1819 5724 1925 5768; x_wconf 89' lang='lat' dir='ltr'><strong>etc.</strong></span> <span class='ocrx_word' id='word_1_859' title='bbox 1966 5712 2108 5766; x_wconf 82' lang='lat' dir='ltr'><strong>Who</strong></span> 
     </span>
    </p>
   </div>
   <div class='ocr_carea' id='block_1_113' title="bbox 557 5784 2118 5863">
    <p class='ocr_par' dir='ltr' id='par_1_113' title="bbox 557 5784 2118 5863">
     <span class='ocr_line' id='line_1_113' title="bbox 557 5784 2118 5863; baseline -0.006 -18"><span class='ocrx_word' id='word_1_860' title='bbox 557 5784 671 5863; x_wconf 72' lang='lat' dir='ltr'><strong>(the</strong></span> <span class='ocrx_word' id='word_1_861' title='bbox 694 5784 874 5845; x_wconf 74' lang='lat' dir='ltr'><strong>Maker</strong></span> <span class='ocrx_word' id='word_1_862' title='bbox 906 5791 965 5843; x_wconf 75' lang='grc' dir='ltr'>οι·</span> <span class='ocrx_word' id='word_1_863' title='bbox 991 5789 1079 5843; x_wconf 85' lang='lat' dir='ltr'><strong>the</strong></span> <span class='ocrx_word' id='word_1_864' title='bbox 1103 5786 1316 5859; x_wconf 87' lang='lat' dir='ltr'><strong>World)</strong></span> <span class='ocrx_word' id='word_1_865' title='bbox 1355 5788 1608 5855; x_wconf 86' lang='lat' dir='ltr'><strong>pretends</strong></span> <span class='ocrx_word' id='word_1_866' title='bbox 1642 5798 1696 5840; x_wconf 89' lang='lat' dir='ltr'><strong>to</strong></span> <span class='ocrx_word' id='word_1_867' title='bbox 1718 5784 1937 5839; x_wconf 39' lang='lat' dir='ltr'><strong>&#39;euliven</strong></span> <span class='ocrx_word' id='word_1_868' title='bbox 1967 5784 2118 5836; x_wconf 85' lang='lat' dir='ltr'><strong>those</strong></span> 
     </span>
    </p>
   </div>
   <div class='ocr_carea' id='block_1_114' title="bbox 2214 5476 3749 5579">
    <p class='ocr_par' dir='ltr' id='par_1_114' title="bbox 2214 5476 3749 5579">
     <span class='ocr_line' id='line_1_114' title="bbox 2214 5476 3749 5579; baseline -0.013 -25"><span class='ocrx_word' id='word_1_869' title='bbox 2214 5499 2631 5579; x_wconf 26' lang='lat' dir='ltr'><strong>thingsuwhielt</strong></span> <span class='ocrx_word' id='word_1_870' title='bbox 2671 5499 2739 5569; x_wconf 89' lang='lat' dir='ltr'><strong>by</strong></span> <span class='ocrx_word' id='word_1_871' title='bbox 2766 5498 2916 5579; x_wconf 76' lang='lat' dir='ltr'><strong>_their_</strong></span> <span class='ocrx_word' id='word_1_872' title='bbox 2956 5514 3082 5579; x_wconf 64' lang='lat' dir='ltr'><strong>ovvn</strong></span> <span class='ocrx_word' id='word_1_873' title='bbox 3134 5505 3330 5579; x_wconf 76' lang='lat' dir='ltr'><strong>nature</strong></span> <span class='ocrx_word' id='word_1_874' title='bbox 3378 5495 3603 5579; x_wconf 52' lang='lat' dir='ltr'><strong>survive</strong></span> <span class='ocrx_word' id='word_1_875' title='bbox 3630 5476 3749 5579; x_wconf 58' lang='lat' dir='ltr'><strong>diei:</strong></span> 
     </span>
    </p>
   </div>
   <div class='ocr_carea' id='block_1_115' title="bbox 2214 5550 3747 5633">
    <p class='ocr_par' dir='ltr' id='par_1_115' title="bbox 2214 5550 3747 5633">
     <span class='ocr_line' id='line_1_115' title="bbox 2214 5550 3747 5633; baseline -0.009 -9"><span class='ocrx_word' id='word_1_876' title='bbox 2548 5550 3118 5633; x_wconf 15' lang='lat' dir='ltr'><strong>virotitltheir-bodieis,</strong></span> <span class='ocrx_word' id='word_1_877' title='bbox 3138 5550 3261 5621; x_wconf 75' lang='lat' dir='ltr'><strong>and</strong></span> <span class='ocrx_word' id='word_1_878' title='bbox 3297 5582 3393 5620; x_wconf 87' lang='lat' dir='ltr'><strong>are</strong></span> <span class='ocrx_word' id='word_1_879' title='bbox 3424 5556 3634 5632; x_wconf 78' lang='lat' dir='ltr'><strong>capable</strong></span> <span class='ocrx_word' id='word_1_880' title='bbox 3648 5550 3747 5633; x_wconf 44' lang='grc' dir='ltr'><em>,ηιμ</em></span> 
     </span>
    </p>
   </div>
   <div class='ocr_carea' id='block_1_116' title="bbox 2211 5615 3747 5720">
    <p class='ocr_par' dir='ltr' id='par_1_116' title="bbox 2211 5615 3747 5720">
     <span class='ocr_line' id='line_1_116' title="bbox 2211 5615 3747 5720; baseline -0.006 -27"><span class='ocrx_word' id='word_1_881' title='bbox 2211 5641 2356 5720; x_wconf 64' lang='lat' dir='ltr'><strong>their</strong></span> <span class='ocrx_word' id='word_1_882' title='bbox 2392 5654 2512 5720; x_wconf 79' lang='lat' dir='ltr'><strong>own</strong></span> <span class='ocrx_word' id='word_1_883' title='bbox 2562 5650 2771 5705; x_wconf 87' lang='lat' dir='ltr'><strong>nature,</strong></span> <span class='ocrx_word' id='word_1_884' title='bbox 2818 5639 2879 5693; x_wconf 84' lang='lat' dir='ltr'><strong>of</strong></span> <span class='ocrx_word' id='word_1_885' title='bbox 2907 5615 3618 5720; x_wconf 46' lang='lat' dir='ltr'><strong>s‘éﬁr‘éiétyj&#39;etc.</strong></span> <span class='ocrx_word' id='word_1_886' title='bbox 3661 5615 3747 5673; x_wconf 53' lang='grc' dir='ltr'><strong>ΤΑ(</strong></span> 
     </span>
    </p>
   </div>
   <div class='ocr_carea' id='block_1_117' title="bbox 2218 5709 3146 5779">
    <p class='ocr_par' dir='ltr' id='par_1_117' title="bbox 2218 5709 3146 5779">
     <span class='ocr_line' id='line_1_117' title="bbox 2218 5709 3146 5779; baseline -0.003 -15"><span class='ocrx_word' id='word_1_887' title='bbox 2218 5710 2533 5776; x_wconf 82' lang='lat' dir='ltr'><strong>Scripture‘s</strong></span> <span class='ocrx_word' id='word_1_888' title='bbox 2575 5720 2831 5776; x_wconf 84' lang='lat' dir='ltr'><strong>account,</strong></span> <span class='ocrx_word' id='word_1_889' title='bbox 2861 5723 2981 5779; x_wconf 82' lang='lat' dir='ltr'><strong>pag.</strong></span> <span class='ocrx_word' id='word_1_890' title='bbox 3018 5709 3146 5763; x_wconf 77' lang='grc'><strong>186.</strong></span> 
     </span>
    </p>
   </div>
  </div>
