3924 6354
172 420 266 479 361

1075 409 1532 468 DISSERTATIO
1570 410 1662 474 lll,
1705 410 1794 465 DE
1831 410 2090 465 lREN/El
2128 410 2498 466 DOCTRINA.

3309 415 3417 471 562

174 533 581 606 sapientissimis
621 531 833 606 legibus
867 547 897 586 a
941 545 1000 586 se
1052 532 1363 586 constitutis
1415 532 1701 585 immutabi
1762 537 1807 590 Α
1838 530 1952 583 vult
1990 553 2000 584 :
2037 547 2144 584 uno
2209 533 2373 585 verbo
2429 545 2610 585 rerum
2659 539 2968 585 creatarum
3029 532 3417 589 immortalita-

174 633 286 686 liter
317 629 536 692 affixus,
565 626 733 680 libere
768 635 968 689 tamen,
993 634 1301 689 conservat,
1337 639 1402 676 co
1429 625 1590 678 modo
1617 640 1726 692 quo

171 721 480 778 conservari
525 718 762 788 postulat
793 733 879 785 ea,
922 733 1082 786 quam
1133 714 1362 785 singulis
1400 715 1599 768 indidit
1645 730 1741 768 na-

172 824 300 868 tura.
351 813 636 866 Posterior
678 809 813 863 nulli
856 811 1024 878 magis
1058 809 1236 862 debita
1276 816 1393 872 est,
1431 823 1594 877 quam
1627 808 1738 876 ipsa

168 905 328 976 gratia
363 905 803 973 supernaturalis
851 915 946 971 per
979 917 1139 970 quam
1195 902 1538 970 acquiritur:
1588 902 1739 970 prior

167 1000 255 1053 etsi
292 997 550 1051 absolute
586 997 860 1066 loquendo
888 1012 995 1051 non
1032 995 1204 1064 magis
1229 992 1410 1048 debita
1451 993 1540 1054 sit,
1570 1007 1733 1061 quam

167 1089 267 1158 ipsa
294 1088 550 1153 creatio;
587 1088 692 1142 hac
736 1096 918 1141 tamen
961 1085 1130 1141 semei
1169 1085 1467 1154 supposita,
1504 1084 1584 1138 sic
1619 1084 1736 1137 ani-

165 1182 338 1234 tnabus
372 1180 423 1232 vi
463 1180 643 1248 legum
678 1193 706 1230 a
733 1177 842 1232 Deo
875 1177 1286 1232 constitutarum
1327 1175 1506 1230 debita
1537 1184 1642 1241 est,
1677 1187 1734 1230 ut

162 1273 342 1326 iisdem
369 1269 590 1338 legibus
618 1268 1031 1322 immortalitate
1064 1267 1351 1332 donentur,
1377 1266 1580 1334 quibus
1602 1280 1732 1319 con—

163 1365 389 1425 duntur;
441 1362 581 1414 adeo
638 1367 695 1413 ut
749 1373 810 1412 ea
861 1358 1114 1411 frustrari
1171 1371 1446 1425 nunquam
1491 1356 1725 1424 possint,

162 1458 251 1510 nisi
277 1456 425 1508 Deus
464 1454 680 1522 legibus
711 1452 824 1506 suis
859 1448 1197 1504 naturalibus
1231 1447 1441 1512 deesse,
1469 1457 1524 1502 et
1560 1449 1729 1518 impe-

160 1537 286 1601 ritus
318 1545 547 1611 artifex,
586 1543 799 1611 sibique
846 1556 1035 1610 parum
1077 1549 1335 1594 constans
1370 1556 1490 1596 esse
1526 1557 1728 1612 suppo-

162 1648 328 1692 natur.
365 1637 446 1690 Eo
485 1651 653 1691 sensu
681 1636 820 1688 ratio
849 1633 1132 1687 animabus
1164 1633 1334 1686 indita
1369 1643 1426 1687 et
1458 1637 1726 1690 naturalis

160 1734 252 1788 est,
276 1733 329 1778 et
363 1723 462 1777 Dei
498 1722 674 1792 gratia
705 1736 720 1775 :
752 1722 924 1791 gratia
968 1723 1184 1792 quidem
1213 1761 1228 1787 ,
1269 1723 1394 1791 quia
1430 1722 1573 1777 Deus
1609 1725 1726 1778 ani-

159 1834 264 1872 mas
300 1816 572 1871 facultate
607 1815 973 1885 cognoscendi
1019 1814 1278 1884 praeditas
1323 1826 1516 1884 sponte
1559 1831 1622 1870 ac
1666 1817 1725 1871 li-

1848 632 1954 675 tem
2001 622 2300 690 precariam
2343 637 2488 686 esse,
2522 637 2561 693 a.
2590 621 2701 698 Deo
2738 633 3018 692 acceptam
3049 664 3065 688 ,
3099 635 3156 680 et
3193 623 3286 678 uni
3317 627 3413 684 Dei

1843 713 2105 767 voluntati
2131 723 2406 784 acceptam
2437 713 2813 780 referendam,
2852 715 2905 769 in
2939 718 3166 772 nihilum
3206 720 3411 775 reditu-

1846 824 2053 872 rarum,
2084 812 2222 864 unde
2245 810 2403 864 initio
2425 821 2602 864 ortum
2639 823 2991 881 acceperunt,
3027 815 3128 868 nisi
3160 813 3254 869 Dei
3285 830 3414 884 ope,

1843 912 1929 964 eo,
1972 914 2080 962 quo
2115 915 2278 968 supra
2315 899 2695 969 explicuimus,
2722 901 2882 956 modo
2905 912 3362 960 conservarentur
3395 923 3410 960 :

1842 1006 2153 1060 quanquam
2196 992 2400 1045 eaedem
2430 992 2560 1061 ipsa:
2591 1002 2785 1047 natura
2825 994 3186 1063 immortales,
3224 997 3410 1052 incor-

1839 1091 2121 1152 ruptaeque
2151 1084 2280 1149 sint,
2306 1085 2350 1138 si
2385 1085 2562 1154 legum
2607 1086 2675 1139 ab
2708 1095 2934 1140 auctore
2966 1096 3174 1142 naturae
3207 1090 3413 1145 consti-

1838 1183 2079 1228 tutarum
2118 1175 2256 1228 ratio
2296 1176 2582 1240 habeatur,
2613 1184 2668 1230 et
2701 1191 2824 1230 cum
2859 1177 3132 1234 efficiente
3175 1195 3233 1234 re
3261 1194 3412 1235 com-

1834 1274 2115 1333 parentur,
2151 1279 2270 1335 quae
2312 1267 2454 1320 nulla
2493 1277 2611 1333 est,
2655 1282 2684 1321 a
2722 1282 2825 1336 qua
2865 1270 3074 1337 possint
3113 1271 3408 1341 exstingui.

1842 1373 1861 1405 ‹
1899 1355 2142 1421 Discant,
2191 1358 2285 1421 ait,
2347 1360 2600 1427 quoniam
2653 1362 2770 1417 sine
2821 1361 2978 1415 initio
3021 1369 3078 1415 et
3119 1361 3238 1416 sine
3278 1362 3408 1429 fine,

1831 1461 1960 1500 vere
2008 1455 2062 1500 et
2109 1463 2325 1518 semper
2373 1450 2514 1505 idem
2556 1460 2612 1507 et
2645 1453 2837 1508 eodem
2885 1453 3046 1507 modo
3075 1468 3132 1508 se
3177 1453 3407 1519 habens,

1831 1537 1978 1591 solus
2011 1547 2094 1592 est
2125 1537 2287 1600 Deus,
2325 1541 2416 1609 qui
2443 1549 2525 1595 est
2547 1544 2792 1596 omnium
2829 1543 3109 1597 Dominus.
3147 1543 3278 1610 Quae
3307 1561 3406 1600 au-

1832 1639 1937 1681 tem
1965 1640 2091 1684 sunt
2127 1631 2196 1684 ab
2227 1630 2319 1684 illo
2351 1632 2564 1698 omnia,
2609 1648 2943 1703 quaecunque
2982 1633 3124 1690 facta
3172 1644 3322 1700 sunt,
3351 1645 3408 1691 et

1830 1719 1985 1783 fiunt,
2013 1720 2228 1775 initium
2254 1722 2476 1792 quidem
2502 1738 2661 1778 suum
2693 1725 2969 1795 accipiunt
3013 1727 3402 1795 generationis,

1831 1818 1888 1864 et
1919 1825 2017 1879 per
2041 1811 2143 1866 hoc
2169 1813 2427 1868 inferiora
2463 1823 2592 1869 sunt
2621 1816 2690 1869 ab
2721 1829 2819 1880 eo,
2852 1817 2944 1885 qui
2982 1831 3046 1870 ea
3075 1814 3230 1882 fecit,
3262 1830 3403 1885 quo-

160 1909 302 1973 bere,
332 1908 600 1977 nullaque
636 1907 964 1964 necessitate
1017 1907 1244 1960 adaCtus
1281 1921 1470 1961 creare
1517 1908 1726 1972 voluit;
1758 1890 1801 1945 Β
1832 1901 1978 1955 niam
2016 1919 2120 1957 non
2151 1913 2276 1958 Sunt
2311 1904 2581 1973 ingenita;
2615 1916 2967 1976 perseverant
3000 1915 3180 1962 autem
3225 1916 3278 1963 et
3305 1921 3404 1962 ex-

161 2002 414 2055 naturalis
462 2016 621 2066 vero,
673 2001 797 2070 quia
832 2014 895 2053 ea
934 2009 1018 2055 est
1059 1999 1365 2054 animarum
1403 2010 1622 2062 natura,
1671 2009 1729 2055 ut

160 2095 290 2148 nulla
325 2109 449 2148 esse
485 2093 683 2162 possit,
720 2108 839 2162 qure
866 2093 1074 2148 ratione
1107 2093 1330 2161 praedita
1369 2107 1475 2146 non
1514 2093 1603 2147 sit.
1635 2091 1724 2148 Sic

158 2188 308 2242 facile
337 2187 693 2256 explicantur
744 2186 893 2240 varia
951 2195 1260 2239 sanctorum
1308 2184 1530 2238 Patrum
1577 2186 1727 2238 testi-

157 2275 348 2339 monia,
388 2289 627 2343 quorum
657 2274 762 2327 alia
793 2273 1006 2325 animas
1028 2272 1231 2341 gratia,
1269 2269 1372 2324 alia
1401 2280 1594 2322 natura
1627 2269 1728 2322 im-

157 2365 407 2419 mortales
437 2380 562 2419 esse
594 2373 862 2418 statuunt.
918 2361 988 2416 Ut
1033 2361 1179 2416 enim
1234 2361 1506 2424 omittam,
1570 2359 1722 2428 plura

155 2475 258 2512 non
290 2459 354 2511 de
378 2457 519 2520 alia,
555 2470 718 2523 quam
769 2456 836 2509 de
887 2458 1044 2509 beata
1101 2452 1509 2507 immortalitate
1569 2450 1725 2504 intel-

153 2550 240 2620 ligi
277 2565 465 2618 posse;
504 2559 800 2616 utrumque
829 2562 1018 2601 verum
1047 2555 1128 2600 est
1152 2585 1166 2609 ,
1196 2559 1359 2598 sensu
1395 2559 1520 2597 mox
1550 2543 1723 2612 expli-

149 2653 270 2697 cato
314 2661 327 2695 :
379 2641 616 2710 perinde
670 2649 837 2707 atque
882 2652 1069 2691 verum
1123 2645 1207 2690 est
1260 2635 1469 2689 animas
1525 2644 1723 2687 natura

149 2732 304 2785 simul
365 2738 423 2784 et
483 2728 662 2798 gratia
719 2727 982 2782 facultate
1049 2724 1412 2796 cognoscendi
1467 2726 1724 2794 praeditas

145 2837 282 2878 esse.
306 2821 784 2888 Quemadmodum
832 2830 1014 2875 autem
1059 2834 1126 2874 ex
1171 2833 1235 2874 eo
1279 2817 1424 2887 quod
1474 2819 1618 2872 Deus
1665 2827 1722 2872 ut

145 2924 334 2968 auctor
364 2924 581 2967 naturae
616 2910 981 2981 cognoscendi
1005 2909 1314 2966 facultatem
1343 2909 1512 2964 libere
1545 2919 1602 2964 et
1630 2909 1725 2963 be-

147 3003 320 3057 neﬁcii
357 3003 484 3059 loco
511 3002 803 3055 animabus
830 3000 1111 3065 indiderit,
1150 2999 1342 3056 inferri
1371 3014 1478 3053 non
1517 3005 1722 3068 potest,

143 3110 258 3149 eam
287 3097 585 3152 animabus
624 3093 885 3150 humanis
919 3092 1224 3148 naturalem
1265 3107 1369 3146 non
1401 3105 1552 3156 esse;
1593 3087 1720 3158 quia

144 3188 376 3242 animam
410 3187 657 3257 aliquam
688 3201 809 3241 esse
854 3194 1144 3256 repugnat,
1184 3199 1307 3254 quae
1334 3184 1579 3255 cogitare
1614 3195 1719 3236 non
1746 3220 1790 3279 ο

145 3279 343 3348 possit;
392 3279 478 3333 sic
529 3277 737 3348 pariter
787 3275 915 3330 licet
961 3275 1105 3330 Deus
1151 3283 1212 3330 ut
1271 3284 1460 3330 auctor
1511 3280 1720 3327 natura:

147 3373 350 3428 animas
399 3378 626 3428 nostras
678 3368 1099 3425 immortalitate
1127 3368 1300 3423 libere
1331 3367 1521 3431 donet,
1550 3380 1616 3420 ex
1655 3379 1722 3420 eo

144 3465 385 3522 concludi
412 3479 521 3520 non
553 3473 758 3534 potest,
785 3477 905 3519 eam
935 3477 1042 3518 non
1069 3477 1193 3518 esse
1217 3462 1526 3517 animarum
1555 3467 1719 3513 natu-

147 3574 251 3612 ram
297 3567 363 3613 ut
414 3554 765 3611 immortales
816 3553 961 3619 sint,
1016 3553 1144 3622 quia
1178 3563 1406 3623 prorsus
1454 3556 1722 3620 repugnat

144 3652 374 3708 animam
407 3651 670 3718 ‘aliquam
718 3645 979 3702 facultate
1019 3644 1383 3715 cognoscendi
1432 3643 1719 3715 praeditam

143 3755 276 3807 esse,
300 3755 427 3812 quae
466 3737 735 3810 spiritalis
769 3751 876 3793 non
900 3737 994 3805 sit,
1028 3736 1262 3807 simplex
1292 3744 1457 3805 atque
1491 3735 1720 3788 immor-

143 3834 278 3887 talis.

206 3926 328 3980 105.
376 3923 537 3992 Quod
575 3923 744 3994 igitur
773 3921 1014 3976 lrenaeus
1056 3920 1151 3976 lib.
1188 3934 1250 3984 η,
1287 3934 1338 3974 c.
1382 3918 1472 3984 '54,
1512 3933 1566 3972 η.
1599 3916 1653 3982 2,
1682 3918 1716 3972 5

141 4027 190 4069 et
222 4018 278 4079 4,
316 4016 537 4079 statuit,
572 4016 790 4068 animas
839 4022 895 4068 et
941 4011 1166 4082 spiritus
1215 4030 1232 4062 ι
1274 4025 1627 4080 perseverare
1661 4019 1716 4062 et

139 4109 351 4161 extendi
402 4109 456 4161 in
503 4105 896 4175 longitudinem
932 4102 1255 4158 saeculorum
1289 4099 1583 4155 secundum
1618 4113 1715 4151 vo-

139 4199 404 4252 luntatem
443 4197 672 4251 factoris
705 4195 822 4260 Dei,
869 4207 1222 4262 perseverare
1259 4192 1617 4262 quoadusque
1649 4202 1711 4241 ea

140 4290 277 4346 Deus
311 4300 372 4345 et
400 4303 526 4343 esse
549 4296 606 4342 et
632 4300 984 4355 perseverare
1011 4283 1268 4346 voluerit,
1293 4301 1312 4334 ι
1341 4281 1518 4350 iisque
1540 4281 1708 4334 vitam

140 4385 267 4448 dari,
300 4402 320 4434 ε
354 4398 464 4436 non
494 4395 562 4436 ex
593 4388 805 4441 natura,
838 4381 931 4432 sed
959 4376 1258 4432 secundum
1291 4374 1381 4427 Dei
1405 4371 1659 4443 gratiam,
1687 4389 1705 4421 ι

139 4487 292 4545 supra
339 4473 508 4528 dictis
553 4484 658 4524 non
698 4473 981 4538 repugnat.
1035 4465 1249 4520 Etenim
1297 4477 1569 4532 occupans
1613 4461 1710 4515 ob-

1831 1992 2127 2046 tenduntur
2165 1994 2218 2047 in
2269 1995 2660 2065 longitudinem
2709 1995 3051 2065 saculorum,
3104 2000 3402 2052 secundum

1826 2085 2160 2141 voluntatem
2192 2087 2416 2144 factoris
2444 2088 2537 2143 Dei
2566 2105 2580 2143 :
2624 2090 2698 2144 ita
2725 2098 2784 2143 ut
2820 2090 2900 2145 sic
2932 2090 3087 2145 initio
3113 2089 3402 2157 tierent,et

1827 2184 2035 2243 postea,
2062 2185 2121 2229 ut
2149 2177 2277 2240 sint,
2315 2179 2394 2233 eis
2423 2179 2607 2234 donat.
2635 2180 2744 2236 Deo
2775 2181 2962 2252 itaque
2995 2183 3164 2236 vitam
3195 2191 3248 2238 et
3276 2195 3402 2253 per—

1827 2275 2041 2335 petuam
2077 2268 2540 2336 perseverantiam
2574 2270 2816 2325 donante
2839 2311 2854 2335 ,
2891 2273 3041 2341 capit
3087 2281 3141 2327 et
3184 2274 3399 2330 anilitas

1832 2358 1990 2428 (idem
2031 2360 2093 2413 de
2138 2360 2411 2428 spiritibus
2456 2361 2613 2430 paulo
2661 2373 2783 2416 ante
2823 2363 2981 2432 dixit)
3023 2363 3258 2433 primum
3291 2378 3399 2416 non

1835 2451 2161 2506 exsistentes
2213 2453 2408 2507 dehinc
2441 2469 2808 2522 perseverare,
2857 2469 2978 2508 cum
3027 2468 3120 2509 eas
3170 2455 3310 2508 Deus
3349 2463 3406 2508 et

1827 2562 1950 2602 esse
1979 2557 2028 2601 et.
2055 2547 2351 2602 subsistere
2381 2548 2632 2602 voluerit.
2668 2546 2968 2617 Principari
2994 2547 3138 2601 enim
3166 2546 3324 2601 debet
3350 2547 3406 2601 in

1827 2640 2080 2694 omnibus
2115 2649 2167 2693 et
2199 2639 2466 2693 dominari
2499 2641 2750 2695 voluntas
2782 2638 2911 2704 Dei;
2946 2639 3155 2709 reliqua
3215 2647 3401 2692 autem

1828 2731 2013 2784 omnia
2050 2731 2177 2784 huic
2202 2732 2392 2785 cedere
2429 2739 2483 2786 et
2514 2733 2731 2787 subdita
2766 2745 2909 2796 esse,
2945 2740 2996 2786 et
3031 2730 3086 2784 in
3117 2729 3400 2784 servitium

1821 2818 2021 2874 dedita.
2054 2839 2072 2872 ι
2099 2819 2300 2875 Eadem
2325 2821 2546 2875 omnino
2576 2822 2770 2891 repetit
2796 2821 2890 2875 lib.
2925 2836 2999 2886 tv,
3034 2835 3083 2875 c.
3114 2819 3207 2886 '58,
3248 2835 3306 2874 ιι.
3340 2821 3394 2874 ’5.

1897 2903 2076 2976 [CLV]
2120 2905 2242 2959 106.
2270 2903 2382 2961 Nec
2413 2906 2687 2976 negotium
2713 2908 2968 2976 cuiquam
2999 2909 3272 2967 facessere
3301 2915 3397 2968 de-

1822 2996 1939 3061 bet,
1970 2996 2115 3066 quod
2159 2995 2253 3076 lib.
2288 3011 2327 3050 ιι
2369 2997 2488 3063 cit.,
2530 3011 2652 3066 cap.
2683 2997 2774 3064 54,
2804 3014 2858 3052 n.
2887 2998 2943 3065 5,
2976 2999 3206 3057 innuere
3244 3004 3398 3060 vide-

1824 3097 1930 3155 tur,
1961 3101 1992 3141 a
2031 3085 2194 3141 Patre
2229 3087 2473 3144 omnium
2507 3089 2702 3142 donari
2739 3107 2758 3142 ι
2807 3090 2862 3144 in
2907 3091 3166 3148 saeculum
3207 3097 3394 3152 saeculi

1822 3178 2291 3252 perseverantiam
2320 3179 2405 3235 bis
2427 3180 2518 3250 qui
2550 3181 2686 3237 salvi
2716 3181 2871 3244 ﬁunt,
2908 3201 2929 3237 ι
2956 3184 3113 3255 quasi
3154 3186 3208 3241 in
3245 3187 3394 3244 nihi-

1822 3266 1934 3320 lum
1980 3265 2183 3321 abituri
2218 3276 2407 3323 essent
2434 3266 2666 3336 spiritus
2691 3280 2746 3326 et
2784 3272 2984 3329 anime
3013 3285 3392 3343 peccatorum.

1827 3375 1847 3410 ι
1878 3357 1996 3413 Non
2026 3358 2174 3415 enim
2207 3372 2276 3413 ex
2312 3359 2490 3423 nobis,
2516 3359 2618 3428 ait,
2648 3377 2827 3433 neque
2865 3379 2932 3419 ex
2974 3375 3162 3422 nostra
3195 3377 3394 3424 natura

1821 3451 1934 3506 vita
1965 3449 2082 3519 est;
2115 3452 2210 3509 sed
2238 3453 2539 3509 secundum
2567 3455 2802 3522 gratiam
2833 3456 2930 3514 Dei
2960 3459 3143 3515 datur.
3174 3460 3242 3516 Et
3269 3461 3394 3518 ideo

1821 3545 1914 3613 qui
1943 3547 2244 3601 servaverit
2270 3546 2455 3601 datum
2485 3545 2630 3615 vitae,
2659 3556 2715 3603 et
2745 3551 2952 3620 gratias
2987 3553 3162 3622 egerit
3185 3554 3260 3620 ei,
3298 3557 3393 3626 qui

1821 3637 2101 3706 praestitit,
2136 3638 2373 3703 accipiet
2397 3645 2453 3692 et
2493 3637 2549 3692 in
2589 3640 2846 3695 saeculum
2889 3643 3071 3699 saeculi
3097 3644 3394 3717 longitudi-

1820 3743 1944 3782 nem
1970 3728 2203 3783 dierum.
2233 3727 2337 3794 Qui
2372 3741 2553 3784 autem
2585 3732 2847 3800 abiecerit
2884 3749 3028 3801 eam,
3054 3745 3112 3792 et
3144 3738 3392 3808 ingratus

1818 3820 2094 3874 exstiterit
2131 3819 2356 3884 factori,
2389 3819 2461 3873 ob
2501 3821 2604 3875 hoc
2638 3824 2782 3891 quod
2817 3823 2999 3880 factus
3037 3836 3144 3893 est,
3185 3836 3240 3883 ct
3279 3844 3390 3884 non

1819 3911 2138 3978 cognoverit
2165 3925 2290 3965 eum
2316 3912 2407 3981 qui
2433 3923 2676 3982 praastat,
2704 3915 2818 3984 ipse
2839 3929 2898 3971 se
2926 3917 3103 3987 privat
3127 3919 3178 3973 in
3212 3933 3391 3976 sacco.

1817 4002 1928 4054 lum
1985 4002 2166 4056 saeculi
2223 4005 2650 4071 perseverantia.
2700 4025 2720 4058 ι
2771 4005 2868 4062 His
2923 4008 3070 4063 enim
3113 4012 3392 4081 significat

1817 4091 2072 4156 lrenieus,
2105 4106 2166 4148 ut
2205 4109 2271 4148 ex
2301 4104 2414 4150 toto
2438 4106 2694 4152 contextu
2737 4101 3010 4156 sermonis
3048 4101 3242 4171 liquet,
3279 4104 3389 4160 im-

1817 4186 1958 4254 pios,
1992 4203 2010 4236 ι
2050 4187 2144 4254 qui
2190 4187 2243 4240 in
2283 4188 2496 4242 modica
2533 4192 2820 4260 temporali
2855 4193 2964 4247 vita
2993 4194 3188 4264 ingrati
3217 4197 3390 4251 exsti-

1818 4287 2002 4332 terunt
2031 4278 2164 4346 Deo,
2191 4279 2286 4349 qni
2306 4294 2424 4334 eam
2454 4281 2731 4349 praestitit,
2757 4282 2907 4351 juste
2929 4300 3038 4339 non
3065 4301 3386 4356 recepturos

1817 4371 1886 4422 ah
1912 4384 1978 4424 eo
1999 4371 2052 4424 in
2078 4371 2338 4424 sarculum
2365 4371 2551 4425 saeculi
2585 4373 2983 4442 longitudinem
3015 4375 3387 4446 dierum,qu:e

1814 4462 2110 4514 Secundum
2152 4462 2383 4531 gratiam
2437 4463 2531 4518 Dei
2572 4449 2750 4529 da'tur,
2790 4484 2810 4518 ι
2838 4481 3067 4537 quaeque
3109 4469 3224 4523 sola
3252 4477 3385 4524 vera

134 4566 453 4635 jectionem,
484 4578 608 4633 qua:
648 4562 750 4616 sibi
786 4577 815 4615 a
849 4559 1123 4615 Gnosticis
1144 4556 1376 4626 proponi
1419 4554 1706 4624 potuisset,
1740 4562 1786 4620 ι)
1815 4554 2196 4609 immortalitas
2222 4569 2307 4610 est
2336 4574 2350 4621 ;
2385 4559 2480 4612 sed
2516 4567 2778 4612 :eternam
2811 4559 2917 4613 sibi
2950 4569 3206 4626 mortem,
3233 4576 3383 4616 sem-

143 4675 161 4708 ε
197 4675 303 4713 non
338 4669 506 4726 posse
533 4653 748 4708 animas
775 4666 894 4718 eas,
931 4665 1052 4721 qua:
1092 4649 1254 4718 paulo
1284 4657 1410 4703 ante
1443 4661 1563 4701 esse
1594 4660 1709 4700 coe-

138 4753 331 4820 perint,
362 4750 418 4803 in
452 4747 680 4803 multum
721 4745 981 4812 temporis
1009 4755 1381 4814 perseverare,
1419 4739 1511 4793 sed
1547 4753 1709 4807 opor-

140 4851 243 4898 tere
265 4857 370 4896 eas
406 4849 502 4894 aut
535 4837 889 4895 innascibiles
923 4850 1067 4900 esse,
1100 4843 1159 4888 ut
1194 4834 1303 4888 sint
1336 4830 1705 4895 immortales;

137 4934 215 4986 vel
256 4934 303 4986 si
351 4930 726 5000 generationis
771 4927 987 4981 initium
1030 4924 1374 4993 acceperint,
1415 4937 1537 4976 cum
1591 4921 1708 4988 ipso

139 5037 365 5095 corpore
401 5022 576 5086 mori;
611 5039 630 5072 ι
671 5020 962 5090 respondet
987 5018 1038 5072 id
1070 5016 1404 5071 discriminis
1436 5016 1579 5068 inter
1613 5013 1706 5067 Dei

139 5127 186 5170 et
230 5117 549 5170 animarum
609 5127 673 5168 ac
705 5113 990 5182 spirituum
1025 5107 1490 5163 immortalitatem
1537 5105 1710 5158 inter.

139 5219 288 5271 esse,
353 5204 502 5273 quod
555 5202 697 5257 Deus
744 5201 891 5256 solus
929 5198 1394 5253 immortalitatem
1442 5195 1643 5249 habeat
1675 5209 1706 5248 a

137 5315 187 5352 se
217 5302 363 5370 ipso,
391 5311 494 5352 nec
527 5310 648 5351 eam
684 5295 937 5363 cuiquam
983 5292 1137 5346 alteri
1171 5291 1401 5356 debeat,
1435 5289 1528 5358 qui
1566 5290 1707 5343 hanc

136 5393 201 5454 ei,
237 5393 288 5446 si
339 5389 496 5454 velit,
543 5387 759 5443 auferre
789 5387 1000 5455 possit;
1045 5384 1195 5440 solus
1239 5382 1704 5437 immortalitatem

137 5483 331 5537 habeat
389 5480 822 5544 immutabilem,
875 5478 1120 5547 nullique
1185 5475 1556 5532 vicissitudini
1606 5475 1706 5528 ob-

138 5577 386 5638 noxiam;
418 5583 614 5628 cetera
656 5587 789 5626 vero
839 5584 1174 5639 qnazcunque
1221 5577 1406 5624 creata
1455 5575 1619 5631 sunt,
1657 5566 1702 5620 si

138 5664 466 5720 immortalia
493 5665 624 5729 sint,
671 5663 1126 5718 immortalitatem
1168 5661 1261 5715 Dei
1295 5660 1557 5714 beneﬁcio
1585 5672 1702 5711 sor-

139 5754 226 5807 tita
259 5771 408 5820 esse,
433 5770 630 5825 eaque,
656 5754 784 5809 licet
820 5762 1169 5826 perseverent
1198 5754 1252 5806 in
1274 5761 1566 5814 aeternum,
1595 5764 1699 5803 non

140 5852 310 5902 tamen
336 5847 409 5902 ita
451 5861 826 5918 perseverare,
863 5845 963 5900 nisi
1012 5847 1138 5915 quia
1175 5843 1316 5900 Deus
1349 5855 1702 5912 perseverare

444 5943 723 6003 Parnoc.
773 5938 892 5999 Gn.
933 5938 1068 5999 ΥΠ.

1809 4645 2077 4714 piternam
2105 4646 2361 4700 videlicet
2396 4663 2425 4701 a
2461 4649 2590 4713 Deo,
2630 4649 2900 4717 beataque
2922 4651 3032 4704 vita
3074 4654 3380 4721 separatio-

1810 4752 1935 4791 nem
1982 4738 2372 4794 accersituros.
2415 4738 2520 4794 Ubi
2552 4741 2698 4794 enim
2743 4741 3002 4796 disseruit
3037 4742 3273 4800 lt‘ettams
3313 4746 3383 4799 de

1810 4829 2046 4884 naturali
2077 4831 2392 4901 angelorum
2423 4841 2478 4888 et
2505 4834 2816 4889 animarum
2845 4835 3270 4903 immortalitate,
3311 4840 3382 4894 ad

1810 4919 2038 4974 alteram
2069 4921 2506 4977 immortalitatis
2537 4925 2798 4993 speciem,
2828 4940 2951 4994 qua:
2981 4942 3078 4996 per
3112 4943 3380 4998 superna-

1813 5012 2046 5067 turalem
2074 5013 2169 5067 Dei
2201 5015 2439 5084 gratiam
2479 5017 2810 5086 acquiritur,
2842 5019 3022 5087 iisque
3047 5019 3319 5075 duntaxat
3346 5037 3380 5075 a

1811 5107 1974 5162 Patre
2012 5108 2255 5161 omnium
2289 5108 2544 5174 donatur,
2576 5110 2671 5179 qui
2715 5111 2850 5164 salvi
2877 5110 3037 5177 fiunt,
3065 5114 3284 5180 transit,
3308 5116 3376 5168 ad

1809 5199 2047 5268 priorem
2089 5197 2286 5252 iterum
2326 5213 2482 5254 num.
2531 5201 2784 5271 sequenti
2830 5216 2957 5256 mox
2992 5203 3293 5258 rediturus.
3321 5202 3376 5257 Id

1809 5299 1989 5344 autem
2029 5303 2154 5343 esse
2190 5290 2409 5360 utrique
2433 5306 2724 5347 commune
2751 5295 2954 5348 merito
2989 5294 3202 5360 statuit,
3228 5295 3377 5364 quod

1811 5393 2042 5452 utraque
2075 5383 2169 5437 Dei
2202 5383 2476 5437 voluntati
2516 5395 2738 5453 accepta
2770 5384 3055 5442 referenda
3085 5385 3196 5451 sit;
3221 5387 3375 5456 prior

1807 5477 2050 5546 quidem,
2079 5475 2173 5530 Dei
2215 5483 2275 5528 ut
2317 5475 2559 5530 auctoris
2595 5485 2830 5543 naturai,
2871 5478 3145 5548 posterior
3172 5477 3265 5534 Dei
3314 5485 3376 5530 ut

1806 5566 2049 5620 auctoris
2071 5567 2258 5634 gratia:
2287 5583 2302 5619 :
2334 5581 2457 5620 cum
2503 5567 2608 5622 hoc
2633 5577 2817 5624 tamen
2847 5569 3192 5632 discrimine.
3225 5565 3374 5636 quod

1806 5658 1956 5727 prior
2005 5657 2417 5722 immortalitas,
2458 5659 2505 5713 si
2560 5658 2911 5727 sempiterna:
2955 5657 3238 5714 felicitatis
3294 5656 3373 5710 sit

1805 5763 2017 5814 exsors,
2049 5763 2196 5802 mors
2224 5749 2403 5815 potius
2433 5764 2594 5817 quam
2632 5749 2741 5804 vita
2773 5752 2846 5806 sit
2882 5751 3177 5807 censenda.
3207 5747 3372 5812 Nam,

1803 5851 1862 5896 ut
1887 5842 2092 5896 ootime
2116 5840 2190 5894 ait
2225 5841 2319 5898 lib.
2346 5856 2422 5908 iv,
2455 5855 2503 5896 c.
2526 5840 2617 5909 20,
2645 5858 2700 5898 n.
2723 5844 2786 5898 5:
2821 5862 2841 5896 ι
2882 5843 3149 5910 Quinam
3179 5841 3368 5895 vivere

3016 5936 3090 5998 12
