3924 6354
217 477 315 532 563

1113 469 1568 534 msssn'rarto
1608 470 1696 545 ιιι,
1730 474 1819 532 DE
1855 478 2111 537 meum
2152 472 2520 544 Docrnma.‘

3345 490 3454 553 366

217 598 453 662 dentius,
501 597 661 667 quasi
705 612 771 651 ex
810 596 869 654 S.
909 598 1171 652 antistitis
1206 611 1389 652 meme
1422 598 1581 653 malis
1617 612 1783 668 ange-
1809 602 1858 659 Α
1888 600 2104 668 quidem
2129 602 2451 658 essentiales
2470 614 2761 669 vocantur,
2785 605 3017 679 theologi
3047 607 3160 665 fere
3181 612 3453 679 sentiunt;

218 693 277 745 lis
303 700 423 760 post
451 702 735 758 peccatum
758 705 1015 746 concessa
1045 691 1209 746 fuerit
1236 693 1299 746 ad
1326 693 1778 761 resipiscendum,

214 784 256 837 si
284 784 614 847 voluissem,
642 783 920 851 aliquanta
962 783 1227 850 temporis
1261 798 1437 839 mora.
1472 784 1626 838 llauc
1660 787 1783 855 qui-

214 876 327 927 dem
385 876 719 929 sententiam
783 887 1028 930 veterum
1093 877 1302 947 aliquot
1358 879 1529 932 fuisse
1578 879 1783 933 'scribit

208 964 489 1019 Nemesins
522 967 879 1036 philosophus
912 967 1281 1034 Christianus,
1318 968 1415 1024 lib.
1449 970 1564 1024 IDe
1604 970 1781 1024 homi-

210 1056 286 1109 nis
312 1058 516 1125 opiﬁc.,
544 1071 667 1126 cap.
699 1059 751 1111 1.
786 1059 843 1113 1n
879 1059 1130 1113 eamdem
1174 1060 1327 1115 abire
1371 1061 1625 1114 videntur
1670 1059 1777 1113 Da-

209 1164 493 1203 mascenus
518 1150 615 1203 lib.
653 1164 715 1214 ιι,
745 1167 796 1205 c.
822 1150 878 1215 4,
907 1162 961 1206 et
989 1151 1265 1220 Rupertus
1299 1152 1598 1207 Tuitiensis
1636 1154 1729 1207 lib.
1761 1168 1778 1208 ι

207 1241 281 1294 De
298 1242 517 1295 victoria
558 1241 715 1296 Verbi
747 1242 866 1305 Dei,
897 1259 1017 1310 cap.
1042 1243 1133 1309 21,
1169 1254 1223 1298 et
1244 1245 1337 1299 lib.
1363 1261 1423 1300 ιιι
1449 1245 1528 1299 De
1546 1247 1773 1316 glori/ie.

208 1330 389 1387 Trinit.
422 1348 551 1403 cap.
581 1335 614 1389 9
644 1343 698 1388 et
729 1334 816 1387 10.
859 1333 971 1389 Nec
1007 1334 1108 1389 alia
1137 1336 1386 1392 Cassiani
1415 1337 1517 1391 fuit
1564 1340 1775 1409 Opinio,

206 1425 519 1492 qniCollat.
547 1426 603 1490 8,
637 1442 688 1481 c.
732 1426 819 1493 10,
865 1426 1060 1496 duplex
1107 1430 1160 1483 in
1199 1431 1537 1487 daemonibus
1584 1449 1781 1503 pecca-

208 1528 311 1572 tum
336 1520 626 1574 exstitisse
648 1520 781 1581 vult.
815 1523 1128 1590 superbiam
1156 1524 1369 1577 scilicet
1403 1534 1457 1578 et
1489 1524 1773 1591 invidiam,

204 1626 265 1665 ac
296 1614 515 1667 nonnisi
552 1626 675 1683 post
718 1623 1017 1669 secundum
1070 1630 1190 1671 esse
1235 1616 1494 1685 dejectos.
1530 1618 1633 1671 Sed
1668 1627 1774 1671 tam

206 1708 615 1775 improbabilem
671 1725 914 1777 sensum,
959 1724 1121 1780 quem
1172 1714 1353 1766 cwteri
1399 1712 1590 1767 Patres
1644 1712 1771 1780 reji-

206 1799 369 1863 ciunt,
398 1815 509 1854 nec
532 1800 776 1855 admittit
803 1803 964 1862 ratio.
1003 1801 1151 1856 solus
1179 1803 1231 1856 in
1267 1803 1449 1857 lrenaai
1484 1820 1605 1858 mox
1640 1803 1776 1859 allec

204 1890 336 1956 galis
386 1891 581 1945 verbis
646 1893 1033 1948 animadvertit
1084 1893 1481 1949 Feuardentius
1529 1914 1543 1950 :
1595 1897 1775 1951 nullus

204 1980 371 2043 alius,
415 1980 525 2034 nisi
574 1982 681 2034 vim
726 1982 916 2036 iisdem
960 1982 1199 2050 inferat,
1243 1985 1555 2054 perspiciet.
1591 1986 1777 2055 Longe

203 2069 422 2135 certius,
454 2069 717 2123 Irenaeum
759 2073 1121 2137 existimasse,
1164 2074 1216 2127 in
1268 2075 1371 2129 hoc
1408 2074 1646 2129 eluxisse
1681 2078 1773 2132 Dei

202 2161 552 2229 patientiam,
590 2162 735 2232 quod
767 2164 1045 2219 daamonas
1074 2177 1201 2221 ante
1241 2167 1595 2222 novissimum
1622 2170 1770 2239 judi-

202 2255 273 2309 cii
304 2256 449 2309 diem
483 2255 705 2310 vindice
748 2256 839 2310 illo
887 2258 1014 2327 igne
1054 2260 1290 2312 cremari
1332 2259 1585 2313 noluerit.
1630 2260 1771 2326 Quin

203 2348 342 2401 enim
381 2348 505 2403 haec
538 2348 611 2402 sit
643 2348 885 2404 auctoris
923 2351 1093 2405 nostri
1125 2353 1415 2417 sententia,
1448 2353 1633 2422 negari
1666 2370 1771 2407 non

201 2448 375 2510 potest
405 2454 419 2490 :
446 2455 569 2495 eam
606 2441 875 2510 siquidem
915 2442 1198 2511 conceptis
1240 2442 1426 2497 verbis
1463 2444 1515 2498 in
1558 2444 1773 2499 Justino

200 2532 392 2599 probat
426 2530 529 2587 lib.
566 2547 621 2597 v,
650 2551 700 2587 c.
729 2532 822 2598 26,
863 2548 919 2588 ιι.
953 2532 1011 2601 2,
1044 2535 1154 2587 imo
1188 2550 1313 2589 cum
1349 2537 1540 2591 eodem
1572 2538 1775 2591 asserit

200 2623 485 2689 Satanam,
536 2635 667 2681 ante
710 2626 912 2681 Christi
948 2628 1279 2693 adventum,
1320 2630 1389 2684 de
1436 2631 1770 2700 sempiterna

197 2716 554 2772 damnatione
577 2732 675 2773 sua
705 2734 813 2773 non
841 2719 975 2774 adeo
1000 2727 1207 2775 certum
1233 2722 1419 2785 fuisse,
1439 2722 1568 2793 quin
1596 2723 1774 2780 adhuc

197 2822 317 2876 spes
349 2808 539 2878 aliqua
570 2810 882 2866 obtinenda:
913 2827 1011 2882 per
1047 2810 1200 2865 illum
1239 2812 1433 2869 salutis
1467 2814 1769 2883 affulgeret,

197 2910 360 2967 atque
386 2900 600 2956 idcirco
634 2902 876 2957 nondum
913 2903 1241 2958 immanitati
1269 2919 1401 2969 suae,
1433 2915 1489 2960 et
1519 2907 1574 2961 ln
1602 2908 1767 2962 Deum

194 2994 489 3063 protervia:
537 2994 693 3048 frena
737 2994 976 3050 laxasse.
1013 3013 1032 3046 ι
1064 2993 1234 3062 Bene,
1278 2998 1474 3068 inquit,
1523 2999 1772 3056 Justinus

194 3086 363 3150 dixit,
406 3086 673 3157 quoniam
724 3097 851 3140 ante
893 3087 1112 3141 Domini
1156 3088 1447 3145 adventum
1490 3107 1770 3163 nunquam

193 3194 358 3234 ausus
385 3190 475 3234 est
508 3179 746 3234 Satanas
775 3178 1154 3250 blasphemare
1182 3181 1373 3246 Deum,
1409 3187 1606 3255 quippe
1628 3204 1769 3244 non—

1884 707 1991 745 non
2014 704 2096 746 est
2129 704 2311 748 tamen
2344 696 2567 759 erroris,
2605 697 2804 751 nedum
2835 699 3058 755 haeresis
3089 703 3454 768 accusandus.

1884 785 1977 853 qui
2017 797 2226 840 asserat
2258 787 2555 851 diabolum,
2595 797 2649 841 et
2673 789 2790 857 ejus
2817 791 3064 860 angelos,
3100 795 3339 850 nondum
3366 812 3459 851 ex-

1885 886 2061 930 tremo
2083 893 2148 932 ac
2177 893 2395 933 summo
2423 880 2694 949 supplicio
2726 881 2989 949 cruciari,
3014 884 3129 938 sive
3170 885 3313 954 ignis
3338 886 3457 941 efﬁ-

1882 968 2139 1022 cientiam
2202 970 2475 1038 experiri,
2530 971 2583 1023 in
2640 986 2747 1039 qua
2788 972 3155 1031 damnationis
3206 977 3454 1044 illorum,

1882 1059 2027 1128 quod
2056 1062 2122 1113 ad
2167 1074 2410 1125 sensum,
2446 1069 2501 1114 et
2534 1062 2945 1132 perpessionem
2989 1066 3207 1133 attinet,
3240 1083 3455 1124 summa

1884 1153 2189 1206 consistit.»
2222 1151 2361 1207 Hinc
2386 1152 2445 1208 S.
2464 1152 2703 1209 Thomas
2734 1172 2748 1209 ι
2776 1172 2853 1225 p.,
2882 1172 2939 1226 q.
2964 1157 3054 1223 64,
3088 1170 3195 1214 art.
3223 1160 3278 1226 4,
3306 1162 3373 1216 ad
3393 1162 3451 1230 ι,

1884 1259 2004 1298 cum
2053 1259 2171 1298 eam
2212 1257 2699 1301 commemorasset
2744 1249 3079 1317 opinionem,
3126 1267 3233 1307 non
3256 1254 3457 1323 probat

1882 1336 2136 1402 quidem;
2200 1338 2293 1391 sed
2351 1338 2399 1391 ei
2447 1337 2647 1396 nullam
2703 1340 2935 1410 imponit
2981 1344 3190 1400 erroris
3238 1356 3448 1403 notam.

1879 1425 2087 1480 Probat
2142 1441 2277 1482 vero
2312 1427 2639 1495 Cajetanus,
2674 1439 2730 1484 et
2781 1431 3157 1501 amplectitur,
3204 1435 3258 1491 in
3291 1437 3455 1495 Com-

1886 1517 2172 1572 mentariis
2214 1518 2280 1570 ad
2330 1533 2454 1588 cap.
2494 1534 2534 1573 ιι
2581 1521 2831 1575 secunda:
2870 1523 3125 1593 Epistola:
3169 1525 3228 1582 S.
3278 1527 3450 1585 Petri.

1884 1625 1902 1658 ι
1958 1605 2129 1672 Quam
2182 1606 2425 1675 Cajetani
2483 1609 2851 1677 sententiam,
2898 1628 2918 1663 ι
2968 1612 3121 1667 addit
3171 1613 3452 1683 Petavius,

1885 1718 1903 1749 ‹
1946 1699 2239 1754 Catholicae
2278 1699 2399 1754 ﬁdei
2425 1702 2755 1755 contrariam
2796 1718 2900 1757 non
2931 1717 3074 1768 esse,
3098 1714 3308 1761 certum
3342 1718 3449 1763 est.

1879 1786 2014 1842 Nam
2046 1804 2222 1860 neque
2252 1790 2562 1861 Scriptura,
2595 1804 2771 1859 neque
2792 1791 3083 1847 concilium
3113 1792 3283 1847 ullum
3314 1794 3451 1850 hac-

1881 1890 2039 1936 tenus
2070 1883 2277 1947 docuit,
2301 1884 2577 1938 daemones
2616 1894 2863 1939 extrema
2897 1886 2985 1940 illa
3027 1887 3295 1959 supplicia
3325 1904 3452 1960 per-

1877 1976 2009 2045 peti,
2036 1991 2157 2044 qua:
2193 1987 2382 2045 parata
2411 1976 2478 2031 iis
2510 1976 2811 2045 essejudex
2852 1980 2967 2047 ipse
2997 1981 3147 2034 dicit.
3192 1999 3213 2035 ι
3245 1980 3455 2039 Viderit

1877 2083 2007 2137 ergo
2034 2068 2105 2121 cl.
2138 2067 2395 2133 Grabius,
2426 2086 2495 2124 an
2527 2070 2612 2126 vel
2634 2071 2930 2135 eruditum,
2961 2070 3046 2127 vel
3089 2074 3288 2130 sinceri
3319 2090 3452 2130 can-

1876 2162 2021 2217 doris
2047 2161 2321 2215 hominem
2350 2164 2592 2229 deceret,
2616 2165 2669 2219 in
2688 2164 2800 2219 suis
2825 2166 2894 2220 ad
2938 2164 3034 2221 lib.
3064 2185 3079 2222 ι
3106 2168 3296 2224 Ιτειιωί
3326 2184 3448 2239 cap.

1877 2254 1968 2316 10,
2000 2253 2072 2308 al.
2099 2253 2158 2318 4,
2194 2254 2676 2323 Adnotationibns,
2704 2256 3002 2313 Romanam
3033 2258 3336 2315 Ecclesiam
3365 2278 3453 2319 re-

1876 2344 2238 2412 prehendere,
2272 2346 2439 2415 quod,
2483 2346 2682 2416 inquit,
2715 2367 2733 2401 ι
2772 2358 2831 2402 ιιι
2878 2349 2932 2404 in
2979 2349 3122 2415 aliis,
3169 2353 3243 2408 ita
3288 2363 3345 2409 et
3392 2355 3450 2411 in

1876 2437 2006 2502 hoc,
2038 2454 2066 2491 a
2097 2436 2197 2491 SS.
2240 2432 2494 2504 Patrum,
2540 2438 2895 2510 ipsorumque
2941 2444 3024 2497 sui
3070 2442 3449 2514 fundatorum.

1877 2528 2025 2584 Petri
2078 2540 2137 2585 et
2193 2529 2343 2585 Pauli
2401 2532 2681 2587 sententia
2731 2534 3070 2591 discesserit.
3118 2556 3139 2590 ι
3186 2537 3453 2598 Crederet

1874 2622 2056 2691 quivis
2085 2623 2199 2677 haec
2231 2620 2434 2691 legens,
2474 2639 2599 2678 mox
2648 2626 2911 2694 exposita:
2949 2637 3193 2684 veterum
3225 2638 3449 2688 semen-

1877 2712 1987 2778 tite,
2035 2721 2224 2782 aperte
2271 2710 2601 2781 suﬂ‘ragatos
2651 2728 2774 2769 esse
2810 2712 3035 2771 Petrum
3088 2726 3144 2772 et
3191 2716 3448 2787 Paulum,

1874 2819 2104 2873 eamque
2121 2820 2150 2858 a
2178 2803 2421 2861 Romana
2450 2805 2691 2861 Ecclesia
2711 2815 2900 2876 aperte
2921 2808 3234 2865 damnatam
3254 2811 3446 2881 fuisse,

1872 2897 1959 2953 vel
1981 2898 2313 2953 solemnibus
2334 2898 2690 2955 conciliorum
2717 2900 2835 2970 ejus
2861 2900 3092 2957 decretis
3120 2906 3447 2973 comproba-

1877 3002 1983 3045 tam
2034 2991 2356 3045 hodiernam
2396 2988 2784 3061 plerorutnque
2813 2992 3188 3065 theologorum
3221 3004 3446 3052 senten-

1875 3082 2005 3137 tiam
2043 3101 2056 3135 :
2086 3082 2228 3151 quod
2260 3097 2425 3152 quam
2455 3082 2750 3138 abhorreat
2778 3099 2808 3137 a
2843 3099 2993 3151 vero,
3025 3085 3313 3142 evidenter
3342 3088 3443 3143 de-

1871 3184 2181 3229 monstrant
2218 3190 2339 3245 quae
2380 3176 2544 3229 modo
2588 3175 2857 3245 diximus;
2894 3177 3033 3232 vidit
3067 3186 3124 3233 et
3154 3179 3269 3249 ipse
3299 3179 3444 3236 Cra.

193 3272 315 3325 dum
346 3271 534 3326 sciens
564 3272 973 3327 damnationem
1002 3288 1186 3341 suam;
1214 3278 1470 3345 quoniam
1495 3286 1549 3333 et
1585 3279 1638 3333 in
1668 3296 1765 3349 pa-

1872 3270 2016 3334 bius,
2052 3269 2144 3339 qui
2174 3284 2365 3339 parum
2411 3267 2516 3322 sibi
2565 3278 2847 3338 constans,
2879 3269 2948 3324 ad
2980 3285 3104 3340 cap.
3133 3271 3228 3336 26,
3252 3272 3348 3327 lib.
3381 3286 3440 3338 v,

194 3362 415 3428 rabolis,
450 3371 510 3416 et
536 3362 838 3432 ailegoriis,
874 3379 903 3418 a
941 3365 1223 3434 prophetis
1250 3367 1316 3423 de
1348 3383 1415 3423 eo
1443 3370 1524 3425 sic
1560 3370 1763 3425 dictum

190 3462 286 3510 est.
320 3455 455 3509 Post
498 3464 683 3510 autem
732 3457 1020 3511 adventum
1053 3458 1289 3523 Domini,
1324 3475 1390 3515 ex
1423 3462 1767 3519 sermonibus

191 3543 386 3600 Christi
411 3554 471 3599 et
504 3546 881 3615 apostolorum
907 3548 1024 3618 ejus
1061 3549 1277 3607 discens
1304 3552 1590 3608 manifeste
1638 3570 1769 3625 quo-

192 3635 327 3691 niam
376 3638 526 3708 ignis
570 3649 810 3693 mternus
844 3643 891 3695 ei
924 3655 1266 3711 praeparatus
1298 3654 1404 3709 est,
1435 3658 1501 3698 ex
1529 3661 1627 3701 sua
1666 3662 1766 3701 vo-

192 3729 393 3785 luntate
423 3730 747 3787 abscedenti
776 3748 804 3785 a
836 3732 970 3799 Deo,
1004 3743 1060 3789 et
1098 3735 1351 3790 omnibus
1378 3739 1470 3807 qui
1503 3738 1621 3793 sine
1644 3751 1764 3807 pte-

191 3824 422 3879 nitentia
459 3836 822 3895 perseverant
862 3826 916 3879 in
963 3828 1273 3897 apostasia;
1323 3844 1421 3899 per
1455 3832 1764 3901 hujusmodi

190 3914 439 3973 homines
496 3917 840 3989 (Gnosticos)
879 3917 1216 3989 blasphemat
1255 3936 1379 3977 eum
1429 3920 1622 3990 Deum,
1670 3927 1763 3995 qui

185 4007 448 4075 judicium
515 4011 799 4079 importat,
861 4012 1020 4081 quasi
1065 4011 1179 4080 jam
1236 4016 1653 4081 condemnatus,
1710 4028 1765 4072 et

188 4114 473 4171 peccatum
507 4118 619 4157 sua:
653 4106 942 4174 apostasia:
968 4107 1233 4161 conditori
1280 4123 1379 4163 suo
1417 4111 1669 4179 imputat,
1709 4122 1764 4167 et

188 4210 289 4249 non
333 4210 451 4251 sua!
483 4195 754 4249 voluntati
795 4204 849 4249 et
885 4196 1194 4261 sententiae,
1234 4216 1252 4249 ι
1286 4207 1393 4253 etc.
1425 4198 1602 4255 Citata
1643 4203 1765 4271 qui-

188 4289 305 4342 dem
332 4290 406 4345 ab
443 4288 657 4343 lreneo
685 4286 885 4342 Justini
915 4290 1108 4354 verba,
1136 4291 1188 4344 in
1224 4291 1291 4347 iis
1321 4307 1440 4361 qua:
1472 4304 1763 4363 supersunt

186 4379 342 4447 hujus
394 4378 680 4449 operibus,
737 4393 843 4432 non
888 4390 1146 4434 exstant:
1187 4390 1242 4434 at
1291 4383 1565 4439 daemonas
1620 4385 1762 4455 ignis

186 4489 373 4541 ptenas
397 4473 642 4527 nondum
672 4472 909 4541 experiri
945 4474 1108 4526 tradit
1132 4475 1183 4528 in
1220 4484 1449 4545 utraque
1475 4478 1757 4547 Apologia.

186 4567 286 4623 Nec
329 4583 399 4622 ea
440 4567 719 4623 sententia
762 4564 950 4621 lrenzei
989 4568 1254 4622 duntaxat
1290 4578 1341 4622 et
1385 4569 1585 4625 Justini
1634 4587 1760 4641 pro-

185 4662 292 4728 pria
322 4661 457 4727 fuit,
490 4660 588 4714 sed
621 4661 763 4731 inter
790 4658 892 4714 SS.
926 4659 1143 4726 Patres,
1180 4676 1411 4731 quorum
1449 4664 1758 4718 testimonia

188 4754 352 4809 refert
383 4753 650 4807 Petavius
699 4752 797 4808 lib.
825 4768 887 4807 ιιι
926 4752 999 4806 De
1041 4753 1244 4822 angelis
1291 4770 1412 4823 cap.
1436 4756 1490 4821 4,
1528 4757 1762 4813 maxime

185 4844 500 4902 communis
521 4843 759 4898 exstitit.
787 4840 1058 4896 Nimirum
1092 4842 1179 4897 his
1222 4844 1426 4911 verbis,
1464 4860 1493 4899 a
1541 4844 1762 4902 Christo

182 4939 365 5006 judice
394 4937 449 4991 in
483 4936 791 4991 novissimo
818 4936 904 4990 die
937 4934 1300 5005 proferendis,
1338 4938 1507 4991 innixi
1535 4950 1551 4991 :
1578 4937 1762 4993 Disce-

188 5032 281 5086 dite
314 5044 354 5084 α
379 5044 485 5095 me,
514 5028 807 5088 maledicti,
834 5028 887 5080 in
916 5029 1085 5097 ignem
1114 5039 1389 5095 internum,
1419 5031 1509 5098 qui
1537 5041 1755 5098 paratus

185 5132 253 5173 est
278 5122 502 5174 diabolo
535 5130 584 5173 et
618 5120 817 5189 angelis
865 5121 979 5190 ejus
1008 5122 1093 5186 “;
1132 5122 1374 5176 sentiunt
1401 5131 1603 5176 aeterna
1640 5123 1762 5191 qui-

185 5212 295 5267 dem
328 5214 446 5283 jam
482 5222 670 5283 parata
720 5227 841 5267 esse
885 5213 1222 5268 daemonibus
1261 5214 1532 5280 incendia,
1580 5216 1644 5269 iis
1680 5228 1761 5269 ta-

183 5320 297 5360 men
339 5305 464 5359 illos
505 5304 749 5360 nondum
775 5304 1101 5369 excruciari,
1132 5306 1226 5360 sed
1258 5306 1310 5359 in
1349 5306 1760 5374 exspectatione

184 5399 365 5452 adhuc
393 5412 537 5463 esse,
573 5400 702 5451 dum
732 5395 919 5465 judicii
950 5398 1065 5455 dies
1091 5399 1366 5454 adveniat.

245 5489 377 5546 109.
411 5487 542 5544 Haec
566 5498 747 5543 autem
784 5506 804 5540 ι
840 5498 1086 5543 veterum
1117 5490 1359 5558 opinion
1388 5491 1465 5545 ait
1494 5492 1748 5546 doctissi~

181 5600 292 5641 mus
322 5583 589 5640 Petavius
616 5585 805 5639 eodem
840 5583 975 5640 libro
998 5592 1053 5640 et
1081 5586 1275 5654 capite,
1307 5585 1335 5657 ς
1370 5588 1455 5648 19,
1482 5585 1553 5640 20
1576 5596 1631 5641 et
1653 5587 1745 5653 2i,

186 5692 204 5727 ι
236 5677 341 5731 etsi
383 5676 488 5731 hoc
516 5684 768 5745 tempore
806 5686 1023 5747 recepta
1079 5693 1184 5733 non
1220 5687 1340 5743 est;
1373 5678 1497 5748 quia
1547 5679 1748 5733 daemo-

183 5783 270 5823 nes
293 5769 670 5824 damnationis
697 5782 810 5824 suae
832 5783 1022 5839 ptenas
1055 5785 1242 5827 omnes
1272 5770 1601 5840 expendere,
1627 5784 1748 5841 qua:

269 5930 318 5966 ⁸³
341 5930 539 5990 Hatth.
580 5945 713 5998 xxv,
743 5929 831 5985 41.

1868 3362 2273 3417 adnotationem
2312 3362 2662 3416 Fenardentii
2693 3363 3011 3429 asserentis,
3052 3378 3175 3421 eam
3197 3375 3442 3423 veterum

1869 3460 2197 3513 sententiam
2226 3476 2255 3512 a
2287 3458 2438 3513 nullo
2485 3458 2725 3515 concilio
2770 3460 3036 3517 hactenus
3078 3465 3444 3533 proscriptam

1874 3551 2068 3615 fuisse,
2099 3550 2269 3605 refert
2297 3559 2351 3605 et
2373 3550 2591 3605 silentio
2617 3566 2716 3606 suo
2742 3552 2959 3621 probat.

1940 3644 2064 3698 110.
2098 3643 2352 3713 Ejusdem
2386 3642 2556 3712 iniqui
2594 3643 2759 3697 animi
2789 3643 2934 3698 aliud
2958 3644 3025 3703 ,in
3052 3644 3469 3716 eoipso,quod'

1867 3751 2016 3791 nunc
2064 3744 2487 3805 pertractamus,
2525 3745 2848 3805 argumento
2888 3737 2955 3791 de
2997 3736 3226 3806 angelis,
3256 3738 3441 3808 speci-

1867 3844 1991 3883 men
2042 3827 2158 3881 edit
2198 3825 2461 3881 Crahius.
2498 3825 2705 3881 Scribit
2748 3826 2988 3882 lrenaeus
3022 3828 3118 3883 lib.
3152 3844 3217 3892 ιι.
3254 3844 3307 3886 c.
3344 3830 3439 3897 32,

1867 3936 1927 3974 n.
1959 3919 2015 3983 5,
2047 3918 2353 3973 Ecclesiam
2391 3936 2410 3970 ι
2450 3933 2554 3973 nec
2586 3919 3026 3975 invocationibus
3064 3920 3326 3991 angelicis
3357 3921 3443 3976 fa-

1866 4027 1993 4068 cere
2015 4011 2245 4080 aliquid,
2275 4025 2375 4065 nec
2405 4010 2892 4091 incantationibus,
2920 4025 3022 4066 nec
3042 4012 3250 4082 reliqua
3273 4027 3440 4083 prava

1866 4105 2228 4170 curiositate;
2256 4105 2349 4159 sed
2380 4104 2597 4170 munde,
2634 4110 2688 4157 et
2716 4117 2873 4172 pure,
2913 4111 2969 4179 et
2995 4104 3285 4160 manifeste
3312 4120 3441 4160 ora-

1869 4198 2045 4252 tiones
2068 4197 2394 4265 dirigentem
2425 4196 2493 4249 ad
2523 4193 2836 4259 Dominum,
2873 4195 2965 4264 qui
2992 4196 3173 4250 omnia
3200 4196 3353 4265 fecit,
3384 4186 3464 4252 et'

1864 4304 2065 4343 nomen
2098 4288 2311 4342 Domini
2338 4286 2513 4341 nostri
2543 4285 2675 4341 Jesu
2699 4285 2901 4341 Christi
2928 4286 3297 4354 invocantem,
3328 4288 3440 4344 vit"

1867 4392 2007 4436 tutes
2034 4381 2101 4434 ad
2136 4379 2403 4434 utilitates
2436 4378 2741 4445 hominum,
2770 4378 2864 4432 sed
2910 4392 3017 4432 non
3048 4377 3118 4432 ad
3158 4378 3436 4433 seducttou

1864 4486 1987 4526 nem
2010 4470 2298 4540 perlicere.
2330 4488 2350 4521 ι
2380 4467 2639 4537 Quisquis
2663 4476 2836 4522 totum
2862 4467 2965 4522 hoc
2993 4476 3182 4537 caput,
3209 4483 3273 4523 ac
3293 4484 3436 4538 praei

1864 4564 2063 4619 cedens
2094 4573 2302 4617 attente
2332 4560 2546 4631 legerit,
2578 4560 2825 4615 advertet
2854 4558 2945 4613 hie
2972 4558 3234 4614 Ecclesia:
3262 4561 3434 4615 mira-

1863 4657 1983 4712 cula
2015 4657 2395 4711 haereticorum
2430 4653 2725 4724 praestigiis
2764 4650 2965 4720 opponi
2993 4667 3007 4704 :
3033 4649 3251 4720 aliaque
3280 4652 3436 4722 puris

1862 4760 1918 4805 et
1939 4748 2153 4804 mundis
2170 4747 2531 4808 orationibus,
2557 4752 2613 4798 et
2635 4742 2963 4798 invocationi
2988 4742 3192 4797 nomini
3218 4740 3433 4798 Domini

1861 4843 2031 4898 nostri
2059 4838 2190 4894 Jesu
2226 4838 2427 4895 Christi
2457 4836 2659 4902 tribui;
2696 4835 2802 4889 alia
2839 4848 2970 4889 vero
3010 4835 3318 4890 daemonum
3350 4837 3436 4891 ina

1860 4934 2275 4999 vacationibus,
2322 4928 2792 4986 incantationibus
2830 4934 2883 4982 et
2926 4926 3156 4997 magicis
3197 4928 3432 4983 artibus.

1860 5030 1973 5086 Hoc
2012 5026 2186 5097 ipsum
2222 5034 2306 5079 est
2346 5024 2493 5093 quod
2528 5037 2649 5090 cap.
2682 5019 3012 5091 praecedenti
3049 5017 3226 5074 fusius
3261 5034 3434 5089 expoe

1859 5128 2067 5182 suerat,
2098 5134 2128 5172 a
2162 5115 2495 5171 Simonianis
2526 5122 2583 5169 et
2614 5110 3089 5180 Carpocratianis,
3119 5129 3138 5162 ι
3178 5119 3235 5165 et
3259 5112 3305 5167 si
3336 5112 3430 5181 qui

1859 5213 1949 5268 alii
1982 5211 2217 5265 virtutes
2257 5206 2472 5274 onerari
2509 5205 2802 5271 ,dicuntur,
2838 5217 2947 5257 non
2985 5202 3039 5257 in
3073 5203 3280 5259 virtute
3308 5202 3430 5267 Dei,

1856 5318 2034 5374 neque
2072 5302 2126 5356 in
2158 5301 2426 5363 veritate,
2468 5298 2563 5353 sed
2610 5296 2667 5350 in
2702 5294 3007 5364 perniciem
3053 5302 3104 5349 et
3155 5308 3427 5361 errorem,

1854 5412 1954 5467 per
1981 5395 2223 5467 magicas
2256 5390 2551 5454 elusiones,
2576 5395 2633 5443 et
2660 5386 2915 5442 universa
2934 5384 3129 5441 fraude
3166 5385 3306 5456 apud
3332 5401 3429 5443 eos

1855 5502 2121 5550 errorem,
2149 5494 2203 5539 et
2239 5480 2634 5546 seductionem,
2675 5484 2731 5531 et
2772 5476 3045 5546 magicam
3079 5473 3427 5545 phantasiam

1859 5583 1913 5636 in
1940 5578 2219 5650 speculatu
2249 5574 2533 5630 hominum
2560 5569 2726 5641 impie
2765 5568 2885 5624 ﬁeri
2916 5586 2929 5622 :
2956 5582 3054 5623 eos
3081 5565 3277 5621 fraude
3308 5566 3434 5620 uni-

1855 5687 2034 5736 versa,
2077 5679 2134 5724 et
2165 5665 2598 5738 adinspiratione
2638 5661 2980 5732 apostatica,
3015 5667 3072 5715 et
3107 5656 3432 5728 operatione

1860 5763 2211 5833 daemoniaca,
2245 5769 2301 5818 et
2330 5760 2713 5832 phantasmate
2748 5749 3067 5809 idololatrias
3110 5764 3209 5820 per
3243 5747 3431 5804 omnia
