3924 6354
469 345 564 403 371

1278 336 1874 399 DISSERTATIONES
1901 335 2202 391 ΡΒΑΞἫᾸΞ
2237 335 2304 390 1N
2338 334 2596 390 IRENEI
2630 330 2900 389 LIBROS.

3587 322 3687 383 372

469 465 730 535 geusibns
776 478 899 520 eum
951 462 1325 534 displicerent,
1374 467 1648 521 struenda:
1696 465 1898 519 Irenaeo
1946 478 2036 516 ea-
2064 462 2202 520 Alis
2233 462 2351 517 labe
2398 461 2714 515 maculatos.
2749 457 2996 511 Viderint
3016 469 3146 525 ergo
3186 452 3277 523 qui
3323 458 3432 506 tarn
3477 446 3686 503 disertis

470 557 691 612 lumnim
718 558 933 612 occasio
958 557 1190 614 fuerunt.

544 650 669 705 115.
715 649 826 704 Nec
878 659 1055 705 tamen
1110 652 1301 706 merita
1367 650 1629 704 bonorum
1680 662 1902 716 operum
1959 647 2033 700 ita

470 740 646 798 libero
674 741 901 798 arbitrio
931 743 1170 797 vindicat
1197 742 1256 798 S.
1285 744 1493 805 doctor,
1532 751 1592 795 ut
1625 741 1811 811 gratiae
1840 741 2035 794 divina:

472 833 854 888 necessitatem
902 835 1180 889 excludat.
1222 836 1335 889 lmo
1388 843 1593 887 tantam
1650 846 1771 885 esse
1831 839 2037 883 natura:

472 927 728 979 humana:
759 935 987 993 peccato
1003 926 1248 993 originali
1268 925 1470 981 vitiatas
1487 922 1889 993 corruptionem
1914 920 2035 988 jure

471 1015 672 1072 merito
723 1017 1023 1081 contendit,
1056 1028 1116 1073 ut
1153 1018 1359 1072 nullum
1417 1018 1541 1073 boni
1587 1017 1769 1086 operis
1800 1014 2034 1068 fructum

472 1121 702 1176 usquam
729 1108 945 1163 editura
967 1110 1058 1176 sit,
1084 1110 1188 1165 nisi
1222 1109 1423 1165 Christi
1452 1109 1625 1180 gratia
1648 1116 1871 1163 sanetur
1894 1114 1947 1160 et
1968 1106 2035 1158 ad

471 1201 740 1269 agendum
785 1203 1092 1257 roboratur.
1142 1202 1262 1257 Lib.
1293 1218 1376 1266 ιιι,
1413 1217 1461 1257 c.
1503 1202 1597 1265 22,
1632 1217 1690 1255 n.
1729 1200 1783 1264 4,
1823 1198 2032 1263 scribit,

475 1308 496 1341 ι
537 1290 705 1345 Evam
747 1291 1150 1347 inobedientem
1182 1292 1459 1354 factam,et
1514 1293 1640 1353 sibi,
1690 1302 1746 1344 et
1783 1291 2035 1344 universo

472 1383 658 1451 generi
715 1382 953 1438 humano
982 1400 1200 1439 causam
1232 1384 1433 1439 laetam
1463 1399 1585 1439 esse
1615 1384 1829 1446 mortis,
1866 1402 1884 1435 ι
1929 1398 2032 1437 non

472 1474 787 1544 temporalis
820 1475 1117 1541 modo,sed
1150 1487 1462 1539 etreternaa,
1483 1486 1544 1530 ut
1572 1491 1638 1531 ex
1671 1481 1844 1529 altero
1884 1490 2034 1529 com-

471 1565 779 1634 parationis
832 1565 1080 1621 membro
1115 1567 1405 1638 perspicue
1436 1574 1585 1636 patet
1618 1584 1631 1620 :
1688 1584 1707 1617 ι
1746 1565 1970 1619 Mariam
2010 1582 2029 1614 ι

470 1664 651 1711 autem
713 1674 733 1708 ι
767 1656 1136 1724 obedientem,
1171 1668 1227 1714 et
1268 1658 1397 1723 sibi,
1455 1666 1511 1712 et
1545 1657 1800 1711 universo
1849 1658 2032 1726 generi

471 1748 712 1803 humano
740 1764 966 1803 causam
998 1750 1198 1804 factam
1220 1764 1341 1804 esse
1374 1749 1613 1804 salutis.»
1636 1748 1800 1802 Addit
1823 1757 2032 1817 postea,

472 1840 617 1907 quod
656 1857 675 1891 t
706 1839 1099 1909 primogenitus
1125 1850 1460 1896 mortuorum
1483 1850 1642 1894 natus
1668 1840 1951 1903 Dominus,
1982 1849 2036 1893 et

473 1930 527 1985 in
562 1930 739 1985 sinum
780 1946 936 1987 suum
969 1932 1237 2000 recipiens
1274 1932 1533 2001 pristinos
1557 1940 1775 2000 patres,
1810 1944 2037 1999 regene~

475 2020 619 2075 ravit
643 2036 741 2077 eos
775 2023 828 2077 in
860 2022 1030 2077 vitam
1075 2023 1195 2087 Dei,
1221 2022 1334 2091 ipse
1373 2022 1585 2076 initium
1628 2022 1923 2076 viventium
1956 2020 2038 2074 fa-

474 2117 615 2174 ctus,
637 2110 889 2178 quoniam
910 2112 1079 2166 Adam
1098 2111 1311 2165 initium
1337 2112 1682 2166 morientium
1705 2112 1879 2166 factus
1900 2121 2033 2169 est»

476 2200 612 2256 Tum
654 2203 747 2259 lib.
778 2218 834 2270 v,
877 2220 930 2261 c.
964 2206 1018 2271 1,
1058 2222 1113 2261 n.
1145 2209 1201 2274 5,
1244 2208 1439 2275 docet,
1476 2228 1497 2262 ι
1537 2210 1750 2263 Patrem
1795 2210 2037 2263 omnium

379 2295 389 2306 '
472 2306 762 2364 operatum
818 2312 940 2353 esse
983 2300 1410 2358 incarnationem
1453 2301 1574 2357 Filii
1625 2304 1731 2367 sui,
1762 2312 1813 2357 et
1842 2319 2037 2359 novam

475 2389 779 2444 ostendisse
809 2391 1217 2459 generationem
1262 2410 1277 2447 :
1332 2394 1409 2448 uti
1459 2398 1913 2459 quemadmodum
1945 2413 2042 2465 per

475 2477 717 2546 priorem
752 2483 1159 2550 generationem
1191 2494 1421 2540 mortem
1456 2486 1927 2551 haereditavimus,
1962 2489 2043 2543 sic

476 2580 577 2635 per
633 2572 1046 2640 generationem
1098 2574 1241 2630 hanc
1284 2574 1733 2632 haereditaremus
1786 2579 1973 2632 vitam.
2016 2598 2036 2632 ι

476 2657 631 2726 Quod
668 2667 726 2717 et
766 2662 821 2719 in
866 2663 976 2720 ﬁne
1003 2667 1197 2735 capitis
1235 2669 1455 2739 repetit.
1480 2669 1546 2725 Et
1572 2685 1691 2739 cap.
1721 2671 1811 2736 14,
1840 2688 1896 2725 n.
1929 2672 1979 2733 1,
2006 2673 2042 2726 2

475 2760 532 2807 et
555 2753 614 2819 5,
640 2753 917 2811 Christum
950 2759 1232 2815 Dominum
1270 2778 1289 2812 ι
1322 2761 1563 2816 salvasse
1594 2763 1647 2817 in
1670 2764 1962 2833 semetipso
1987 2765 2041 2819 in

478 2843 588 2902 ﬁne
622 2846 755 2903 illud
785 2849 930 2919 quod
958 2850 1197 2919 perierat
1243 2852 1295 2905 in
1329 2853 1596 2923 principio
1638 2854 1690 2908 in
1728 2854 1918 2909 Adam.
1942 2854 2043 2911 Ju-

477 2944 622 2993 Itam
651 2952 869 2995 carnem
918 2941 1356 2999 reconciliavisse
1392 2959 1510 2999 eam
1542 2961 1761 3002 carnem
1783 2987 1799 3010 ,
1834 2964 1953 3017 quae
1989 2950 2041 3003 in

479 3039 705 3098 peccato
759 3030 1118 3099 detinebatur,
1178 3041 1233 3088 et
1293 3035 1349 3087 in
1411 3035 1705 3090 amicitiam
1755 3039 2043 3096 adduxisse

480 3120 611 3178 Deo.
650 3138 670 3175 ι
720 3119 826 3176 Per
857 3120 1129 3177 Christum
1166 3143 1185 3179 ι
1222 3126 1633 3181 reconciliatum
1678 3126 1848 3183 fuisse
1907 3130 2032 3193 Deo,
2065 3146 2107 3203 ο

479 3212 624 3282 quod
644 3229 741 3283 per
758 3215 1241 3283 transgressionem
1274 3214 1477 3270 factum
1501 3215 1681 3271 fuerat
1705 3218 2038 3277 inimicum.»

480 3305 691 3371 Quibus
734 3309 987 3364 omnibus
1023 3310 1265 3379 ‘gemina
1323 3319 1451 3366 sunt
1505 3328 1627 3383 quae
1680 3314 1896 3381 scribit,
1929 3324 2043 3371 tum

482 3396 579 3452 lib.
602 3413 679 3463 tv,
716 3413 771 3454 c.
806 3398 861 3464 2,
888 3416 944 3455 n.
978 3400 1011 3453 7
1040 3420 1054 3455 :
1092 3420 1111 3453 ι
1146 3402 1262 3457 Νοη
1294 3403 1452 3458 aliter
1477 3406 1674 3461 salvari
1709 3410 1953 3464 homines
1980 3411 2049 3465 ab

482 3489 707 3559 antiqua
753 3491 1026 3560 serpentis
1076 3492 1252 3562 plaga,
1295 3495 1396 3547 nisi
1438 3496 1660 3550 credant
1697 3498 1748 3552 in
1780 3513 1928 3562 eum,
1954 3500 2046 3568 qui

482 3579 781 3635 secundum
841 3581 1249 3641 similitudinem
1302 3588 1484 3641 carnis
1537 3589 1748 3657 peccati
1796 3591 1849 3643 in
1905 3590 2048 3657 ligno

486 3670 735 3742 martyrii
768 3670 1050 3730 exaltatur
1072 3689 1101 3733 a
1129 3683 1295 3740 terra,
1320 3686 1371 3730 et
1401 3678 1580 3732 omnia
1605 3680 1772 3733 trahit
1796 3681 1861 3733 ad
1894 3695 1971 3741 se,
1995 3688 2050 3733 et

478 3762 732 3817 vrvilicat
784 3772 1068 3819 mortuos:
1101 3783 1119 3817 ›
1147 3774 1266 3824 tum
1301 3783 1421 3836 quae
1456 3768 1550 3826 lib.
1581 3783 1635 3834 v,
1668 3784 1718 3825 c.
1773 3770 1863 3837 16,
1895 3788 1950 3825 n.
1990 3772 2047 3838 2,

484 3861 582 3919 att,
622 3871 641 3907 α
672 3853 840 3910 Deum
874 3855 926 3910 in
959 3856 1134 3927 primo
1165 3858 1381 3927 quidem
1402 3860 1575 3922 Adam
1601 3877 1701 3917 nos
1735 3863 2049 3929 offendisse,

485 3961 593 4002 non
620 3945 887 4003 facientes
923 3950 1040 4018 ejus
1083 3960 1445 4021 praeceptum;
1488 3954 1540 4007 in
1573 3958 1811 4012 secundo
1867 3968 2051 4014 autem

485 4039 659 4100 Adam
691 4041 1072 4098 reconciliatos
1100 4057 1199 4097 nos
1223 4043 1410 4109 fuisse,
1441 4045 1759 4103 ohedientes
1786 4064 1956 4119 usque
1982 4052 2050 4106 ad

488 4142 716 4193 mortem
754 4131 946 4188 factos.
984 4134 1169 4204 Neque
1198 4136 1344 4191 enim
1387 4136 1544 4193 alteri
1579 4139 1793 4192 cuidam
1833 4156 2053 4198 eramus

487 4224 783 4301 debitores,
816 4225 909 4281 sed
943 4225 1022 4280 illi
1070 4226 1224 4296 cujus
1258 4237 1311 4283 et
1353 4239 1681 4300 praeceptum
1725 4234 2051 4303 transgressi

487 4315 863 4377 fueramusab
888 4318 1064 4385 initio;
1089 4337 1108 4373 ι
1175 4329 1288 4375 tum
1307 4335 1427 4391 cap.
1456 4321 1546 4390 54,
1578 4339 1635 4380 n.
1666 4323 1723 4387 2,
1765 4343 1784 4376 ‹
1827 4340 2053 4395 percus~

484 4426 605 4467 sum
625 4426 745 4467 esse
772 4411 1045 4468 hominem
1078 4412 1233 4468 initio
1278 4414 1329 4467 in
1357 4413 1530 4469 Adam
1571 4416 1998 4482 iuobedientem;
2028 4438 2047 4470 ι

2139 552 2327 606 lrenaai
2359 551 2682 607 testimoniis
2732 550 2842 603 vim
2885 542 3127 617 apertam
3170 544 3485 605 inferentes,
3510 554 3575 596 ea
3613 539 3686 592 sic

2143 643 2366 697 eludere
2404 641 2643 703 student,
2678 647 2739 693 ut
2779 639 3036 692 Irenaeum
3070 636 3310 703 aliosque
3360 632 3521 687 trium
3549 629 3689 698 prio-

2137 751 2256 788 rum
2288 733 2604 788 sazculorum
2636 731 2823 786 Patres
2871 730 3183 784 meminisse
3224 727 3446 795 quidem
3490 720 3685 793 peccati

2136 809 2423 893 originalis
2472 836 2780 893 pmnarum,
2807 823 2902 877 sed
2947 835 3050 875 non
3105 819 3345 887 ejusdem
3401 825 3583 870 reatus
3637 824 3688 865 et

2137 914 2544 984 culpantemere
2569 913 2931 976 contendant;
2966 911 3202 965 viderint
3254 922 3320 961 au
3356 905 3559 960 clarius
3608 903 3684 956 vel

2135 1004 2204 1058 ab
2228 1005 2346 1072 ipso
2374 1004 2678 1073 Augustino
2708 1003 2877 1057 asseri
2909 1002 3176 1071 potuisset
3219 997 3428 1067 peccati
3460 995 3687 1066 origina-

2136 1096 2203 1150 lis
2228 1104 2413 1150 reatus
2443 1105 2498 1148 et
2529 1094 2765 1149 macula.
2793 1094 2934 1160 Quid
2960 1092 3101 1162 quod
3142 1092 3282 1146 idem
3310 1088 3546 1143 lrenaeus
3574 1084 3689 1138 hinc

2136 1203 2260 1244 cum
2290 1187 2591 1256 Augustino
2623 1185 2936 1250 concludat,
2970 1183 3295 1253 baptismum
3328 1178 3578 1233 omnibus
3600 1176 3689 1231 ho-

2135 1278 2391 1341 minibus,
2413 1289 2467 1331 et
2497 1278 2628 1345 ipsis
2657 1274 2901 1357 parvulis
2923 1285 2979 1329 ct
3001 1272 3302 1328 infantibus
3331 1265 3687 1323 necessarium

2134 1386 2274 1434 esse,
2300 1379 2359 1423 ut
2377 1386 2471 1440 per
2495 1384 2618 1423 eum
2652 1367 2879 1438 regeniti
2906 1366 3147 1436 pristinae
3171 1361 3545 1435 generationis
3572 1374 3688 1413 sor-

2135 1464 2229 1518 des
2258 1462 2517 1519 ahluant?
2545 1479 2565 1513 t
2606 1459 2830 1525 Omnes,
2862 1462 2937 1513 ait
2978 1458 3070 1513 lib.
3101 1474 3162 1522 ll,
3198 1472 3247 1512 c.
3270 1455 3362 1518 22,
3402 1453 3551 1509 venit
3601 1466 3689 1520 per

2133 1557 2482 1624 semetipsum
2511 1553 2720 1608 salvare
2748 1553 2998 1609 Christus
3040 1569 3055 1604 :
3089 1564 3302 1612 omnes,
3331 1548 3573 1616 inquam,
3606 1545 3689 1611 qui

2134 1665 2231 1720 per
2259 1665 2384 1703 eum
2414 1656 2774 1702 renascuntur
2801 1645 2853 1699 in
2888 1644 3076 1707 Deum,
3108 1641 3366 1707 infantes,
3391 1648 3447 1693 et
3496 1651 3688 1708 parvu-

2139 1742 2241 1805 lus,
2265 1750 2321 1794 et
2363 1754 2582 1810 pueros,
2613 1747 2668 1792 et
2713 1737 2963 1804 juvenes,
2997 1743 3051 1789 et
3091 1734 3353 1788 seniores.
3381 1750 3401 1783 ι
3428 1730 3492 1783 Et
3523 1729 3614 1783 lib.
3638 1743 3687 1791 ν,

2067 1802 2112 1862 Β
2142 1848 2191 1887 e.
2231 1802 2324 1895 15,
2436 1830 2507 1884 5:
2546 1847 2564 1879 ι
2588 1827 2653 1882 Et
2685 1802 2937 1896 quoniam
2970 1825 3022 1878 in
3055 1824 3140 1878 illa
3169 1821 3548 1891 plasmatione,
3576 1833 3690 1887 qua:

2138 1920 2434 1976 secundum
2488 1918 2660 1972 Adam
2691 1916 2817 1981 fuit,
2852 1916 2905 1971 in
2934 1914 3367 1985 transgressione
3397 1910 3569 1965 factus
3600 1911 3688 1963 he-

2140 2027 2251 2074 mo,
2310 2010 2589 2077 indigebat
2639 2008 2855 2061 lavacro
2896 2005 3363 2074 regenerationis;
3414 2012 3687 2072 postquam

2139 2106 2318 2161 linivit
2375 2104 2669 2174 (Christus)
2716 2103 2887 2156 lutum
2934 2116 3097 2170 super
3149 2099 3338 2155 oculos
3389 2097 3506 2165 ejus
3553 2095 3688 2166 (creci

2140 2198 2277 2268 nati)
2300 2196 2437 2251 dixit
2470 2196 2519 2250 ei
2546 2212 2560 2249 :
2600 2192 2739 2247 Vade
2764 2193 2818 2245 in
2845 2190 3068 2257 Siloam,
3088 2199 3134 2244 et
3169 2189 3350 2243 lavare
3372 2186 3615 2251 "',simul
3642 2194 3689 2240 et

2141 2287 2579 2360 plasmationem,
2621 2295 2676 2340 et
2718 2299 2874 2347 eam,
2926 2297 3047 2351 qum
3100 2289 3184 2336 est
3241 2295 3337 2350 per
3404 2279 3687 2342 lavacrum,

2142 2380 2610 2453 regenerationem
2635 2377 2927 2432 restituens
2959 2375 3029 2429 ei.
3067 2372 3133 2427 Et
3166 2380 3392 2443 propter
3421 2369 3522 2423 hoc
3566 2368 3690 2421 lotus

2141 2478 2291 2533 venit
2320 2475 2535 2541 videns,
2559 2481 2698 2527 utet
2728 2484 2887 2526 suum
2909 2474 3265 2539 cognosceret
3289 2465 3688 2535 plasmatoretn,

2142 2578 2197 2625 et
2238 2569 2473 2623 disceret
2508 2567 2671 2621 homo
2694 2578 2843 2626 eum,
2869 2560 2959 2630 qui
2995 2557 3215 2613 donavit
3250 2556 3298 2610 ei
3326 2555 3518 2608 vitam.
3554 2569 3572 2603 ο
3610 2549 3691 2603 Di-

2144 2671 2290 2716 serta
2319 2668 2495 2714 estea
2546 2656 2686 2710 ratio
2717 2671 2732 2709 :
2758 2652 2972 2720 Iudiget
3010 2650 3227 2704 lavacro
3278 2640 3691 2717 regenerationis

2144 2755 2325 2813 homo,
2360 2748 2486 2818 quia
2530 2747 2582 2801 in
2638 2743 3077 2814 transgressione
3122 2739 3301 2795 factus
3335 2753 3435 2793 seu
3496 2734 3691 2805 genitus

2143 2854 2249 2900 est.
2280 2842 2360 2896 Ad
2386 2841 2438 2895 id
2465 2854 2596 2908 ergo
2627 2835 2993 2891 necessarium
3017 2846 3139 2888 esse
3168 2831 3500 2901 baptismum
3522 2825 3692 2881 existi-

2144 2936 2313 2990 mavit
2341 2934 2597 2995 Irenaeus,
2632 2939 2691 2983 ut
2723 2943 2819 2998 per
2844 2941 2967 2982 eum
2990 2924 3251 2979 liberetur
3282 2923 3447 2977 homo
3474 2935 3502 2973 a
3528 2927 3691 2973 trans-

2146 3024 2441 3099 gressionis
2469 3034 2644 3085 reatu,
2673 3034 2831 3090 quem
2862 3018 2915 3072 in
2942 3016 3111 3070 Adam
3136 3013 3437 3068 contraxit.

2209 3115 2414 3192 [CLIX]
2445 3114 2562 3168 116.
2593 3112 2943 3179 Consequens
2969 3114 3109 3171 erat,
3142 3112 3203 3158 ut
3235 3102 3325 3171 qui
3351 3096 3688 3192 hominem

2145 3187 2353 3269 Adamo
2370 3219 2666 3270 mortuum,
2684 3204 2899 3258 miserm
2914 3198 3185 3255 addictum
3204 3187 3692 3257 servituti,vinculis

2147 3304 2532 3366 constrictum,
2571 3314 2635 3353 ac
2666 3295 2859 3351 lethali
2911 3293 3142 3347 vulnere
3193 3288 3498 3343 sauciatum
3536 3296 3690 3352 agnu-

2146 3404 2317 3461 verat,
2379 3393 2571 3463 gratia:
2625 3390 2839 3450 divinze,
2890 3400 3051 3456 quam
3099 3396 3194 3451 per
3231 3380 3437 3436 Christi
3493 3376 3692 3430 redem-

2138 3478 2341 3557 ptoris,
2375 3462 2440 3540 ac
2486 3481 2795 3537 liberatoris
2828 3477 2996 3533 nostri
3038 3474 3229 3529 merita
3270 3470 3429 3525 nobis
3460 3462 3685 3557 impertio

2148 3555 2237 3632 tur
2266 3578 2428 3642 Deus,
2478 3590 2585 3644 qua
2635 3574 3028 3634 instauremur,
3061 3580 3333 3627 sanentur,
3370 3572 3428 3617 et
3470 3560 3534 3614 ad
3563 3555 3691 3612 obti-

2150 3668 2382 3722 neudam
2408 3680 2505 3736 per
2538 3666 2675 3719 bona
2707 3647 2870 3731 opera
2900 3660 3065 3713 vitam
3112 3667 3374 3711 mteruam
3429 3652 3571 3706 vires
3612 3660 3692 3700 ca-

2148 3761 2385 3831 piamus,
2419 3756 2797 3811 necessitatem
2842 3751 3092 3815 sentiret,
3117 3736 3690 3831 przcdicaretque._Ea-:

2148 3826 2371 3922 propter
2404 3851 2563 3903 toties
2606 3844 2858 3901 asserit”
2905 3839 3268 3896 necessariam
3328 3836 3496 3890 fuisse
3540 3826 3689 3885 Verbi

2151 3945 2318 4006 divini
2342 3940 2796 4002 incarnationem,
2827 3956 2845 3989 ‹
2879 3945 2938 3990 ut
2983 3932 3222 3989 hominis
3249 3931 3528 4000 antiquam
3559 3923 3694 3994 plas-

2152 4040 2445 4093 mationem
2473 4035 2525 4088 in
2558 4048 2617 4088 se
2649 4030 3056 4100 recapitularet,
3085 4024 3366 4080 occideret
3400 4027 3689 4086 peccatum,

2152 4137 2443 4187 evacuaret
2473 4134 2723 4191 mortem,
2784 4131 2838 4177 et
2896 4120 3203 4174 viviﬁcaret
3254 4115 3550 4169 hominem.
3583 4128 3599 4161 ι
3644 4106 3692 4160 ld

2153 4221 2418 4292 siquidem
2450 4218 2562 4282 lex,
2597 4215 2723 4268 licet
2755 4214 2900 4266 bona
2950 4219 3006 4263 et
3060 4205 3397 4279 spiritualis,
3451 4208 3696 4275 praestare

2152 4330 2260 4375 non
2296 4316 2570 4384 potuerat;
2612 4311 2797 4374 utpote
2828 4317 2947 4371 quae
2984 4320 3000 4353 ι
3045 4296 3477 4354 manifestaverit
3505 4298 3708 4347 tanturn-

2154 4406 2313 4461 modo
2357 4410 2663 4474 peccatum,
2716 4412 2822 4451 non
2873 4392 3237 4449 interemerit.
3273 4409 3292 4443 ›
3333 4389 3472 4444 ilinc
3531 4388 3696 4439 monet

484 4510 602 4561 tum
643 4499 984 4571 deniqueme
1005 4500 1215 4571 longior
1243 4502 1504 4571 sim,eap.
1526 4503 1615 4567 19,
1641 4505 1739 4558 η.1
1767 4520 1781 4557 :
1806 4522 1824 4555 ι
1850 4476 2053 4571 Quem-
2084 4485 2129 4539 Ῑ)
2158 4499 2430 4554 hominem
2460 4494 2522 4558 ’⁸,
2560 4501 2619 4546 ιιι
2651 4510 2669 4543 ‹
2720 4497 3014 4560 cognoscat
3057 4484 3406 4553 semetipsum
3457 4476 3693 4571 quoniam

487 4593 777 4650 admodum
810 4592 1092 4649 astrictum
1119 4602 1198 4648 est
1234 4594 1393 4650 morti
1429 4609 1601 4665 genus
1637 4596 1930 4650 humanum
1958 4611 2056 4666 per

488 4684 773 4753 virginem,
802 4685 1039 4740 salvatur
1094 4701 1192 4756 per
1220 4687 1482 4758 virginem
1512 4706 1525 4742 :
1558 4703 1710 4758 :equa
1743 4688 1900 4743 lance
1946 4690 2057 4744 dis-

486 4777 699 4846 posita,
731 4777 1010 4847 virginalis
1042 4777 1406 4853 inobedientia
1440 4793 1538 4848 per
1568 4779 1887 4851 virginalem
1920 4782 2053 4836 obe—

488 4868 775 4925 dientiam.
823 4871 1015 4927 Adhuc
1070 4871 1216 4927 enim
1261 4872 1575 4941 protoplasti
1614 4883 1897 4941 peccatum
1959 4890 2056 4944 per

488 4960 884 5029 eorreptionem
918 4960 1259 5031 primogeniti
1294 4962 1727 5023 emendationem
1756 4962 2054 5032 accipiens,

488 5060 546 5107 et
576 5053 849 5121 serpentis
874 5053 1158 5122 prudentia
1190 5054 1401 5110 devicta
1433 5056 1486 5109 in
1510 5056 1774 5112 columbae
1798 5057 2058 5126 simplici—

492 5153 626 5211 tate,
653 5143 887 5199 vinculis
911 5155 1092 5205 autem
1128 5146 1234 5206 illis
1266 5147 1540 5211 resolutis,
1571 5162 1669 5216 per
1695 5162 1816 5216 quze
1852 5148 2057 5218 alligati

489 5251 713 5291 eramus
764 5237 951 5292 morti.
994 5258 1014 5290 ›
1073 5237 1242 5304 Quem
1274 5241 1633 5305 posteriorem
1676 5240 1873 5301 locum,
1905 5250 1966 5295 ut
2006 5249 2060 5296 et

490 5343 616 5384 eum
638 5343 799 5399 quem
823 5342 890 5383 ex
919 5329 1014 5387 lib.
1052 5345 1130 5396 tv,
1163 5346 1213 5385 c.
1252 5332 1339 5393 11,
1371 5333 1530 5389 modo
1561 5332 1905 5396 adduximus,
1928 5330 2060 5385 alle-

490 5419 639 5489 gavit
673 5417 1007 5489 Augustinus
1049 5419 1145 5474 lib.
1183 5437 1199 5475 ι
1281 5433 1419 5476 cont.
1463 5421 1751 5487 Julian,e.
1798 5422 1856 5487 5,
1887 5430 1945 5475 ut
1993 5437 2058 5477 ex

490 5509 768 5563 constanti
808 5507 1029 5564 Patrum
1066 5511 1353 5567 traditione
1399 5513 1651 5582 probaret
1680 5521 1871 5566 contra
1902 5511 2058 5566 Pela-

492 5598 703 5671 gianos,
731 5600 881 5655 nasci
912 5614 1104 5660 omnes
1133 5603 1263 5657 Adae
1300 5613 1545 5675 posteros
1571 5605 1781 5673 peccati
1809 5604 2053 5673 origina-

476 5788 485 5823 ι
566 5778 633 5817 ’⁸⁸
670 5777 806 5842 Joan
864 5797 942 5851 rx,
976 5781 1062 5838 11.
1145 5784 1184 5817 ’⁷
1225 5782 1392 5851 lren.,
1426 5781 1518 5839 lib.
1551 5800 1636 5852 lli,
1664 5799 1711 5839 c.
1745 5783 1831 5851 i8,
1862 5799 1914 5841 ιι.
1943 5782 1993 5843 7η

2157 4588 2402 4646 mortalis
2430 4595 2485 4641 et
2516 4583 2764 4638 inﬁrmus
2789 4588 2890 4645 est;
2925 4596 2943 4630 ι
2988 4584 3042 4631 et
3074 4576 3216 4646 quod
3254 4592 3272 4625 ι
3325 4574 3495 4645 gloria
3539 4564 3695 4624 homi-

2157 4684 2262 4746 nis,
2314 4679 2490 4743 Deus;
2546 4671 2913 4744 operatiouis-
2944 4667 3058 4738 (sic
3111 4665 3263 4736 lego)
3314 4679 3445 4719 vero
3501 4659 3611 4723 Dei,
3649 4661 3697 4707 et

2156 4770 2335 4831 omnis
2385 4767 2664 4835 sapientiae
2723 4762 2857 4832 ejus,
2913 4767 2971 4814 et
3019 4758 3237 4812 virtutis
3288 4751 3693 4827 receptaculum,

2156 4865 2342 4919 homo.
2370 4855 2859 4927 Quemadmodum,
2892 4851 3063 4917 addit,
3098 4850 3341 4905 medicus
3396 4849 3450 4903 in
3487 4846 3587 4908 his,
3616 4836 3695 4907 qui

2157 4961 2447 5024 argrotant,
2476 4948 2761 5020 probatur;
2791 4945 2871 4999 sic
2904 4953 2958 4999 et
2986 4944 3128 4997 Deus
3162 4942 3214 4996 in
3252 4939 3557 4995 hominibus
3592 4948 3696 4988 mn-

2160 5023 2475 5103 nil‘estatur.
2504 5042 2847 5110 Quapropter
2875 5046 2929 5091 et
2958 5035 3161 5091 Paulus
3213 5035 3290 5088 ait
3313 5035 3353 5066 ¹⁹
3392 5051 3406 5087 :
3450 5023 3693 5086 Conclusit

2158 5146 2332 5192 autent
2358 5135 2499 5190 Deus
2542 5132 2720 5187 omnia
2771 5131 2824 5183 in
2848 5128 3234 5193 incredulitate,
3264 5138 3317 5180 ut
3358 5125 3579 5180 omnium
3611 5116 3696 5171 mi-

2159 5242 2413 5293 sereatur,
2455 5240 2559 5280 non
2585 5225 2651 5279 de
2680 5220 3058 5293 spiritualibus
3078 5218 3347 5274 Eonibus
3379 5219 3557 5272 dicens
3585 5211 3693 5269 hoc,

2161 5320 2255 5375 sed
2282 5319 2350 5373 de
2381 5317 2624 5385 homine,
2658 5316 2747 5389 qui
2778 5314 2877 5368 fuit
2913 5312 3235 5367 inobediens
3282 5310 3416 5372 Deo,
3445 5320 3496 5364 et
3531 5301 3693 5374 proje-

2166 5420 2288 5465 ctus
2315 5410 2383 5465 de
2410 5409 2838 5472 immortalitate,
2865 5405 3061 5459 dehinc
3105 5401 3529 5458 misericordiam
3578 5408 3693 5448 cuu-

2164 5509 2386 5559 secutus
2418 5510 2524 5569 est,
2556 5516 2653 5571 per
2688 5498 2884 5562 Filium
2907 5496 2999 5551 Dei
3021 5510 3160 5558 eam,
3186 5510 3307 5565 quae
3324 5504 3407 5549 est
3430 5491 3493 5547 ad
3519 5490 3693 5559 ipsum.

2162 5595 2474 5669 percipiens
2504 5592 2873 5663 adoptionem.
2902 5606 2921 5640 ›
2959 5586 3097 5642 Hinc
3123 5586 3452 5643 inﬁrmitatis
3472 5584 3693 5639 humana!

2088 5780 2317 5858 "_lbid..
2348 5794 2467 5847 cap.
2498 5777 2590 5848 20,
2624 5793 2677 5834 n.
2710 5775 2763 5832 2.
2839 5774 2880 5808 ¹⁹
2909 5771 3069 5831 Rom.
3095 5786 3171 5833 χι.
3209 5769 3299 5828 52.
