3924 6354
194 345 302 400 373

1134 331 1593 392 DlSSERTATlO
1630 329 1716 395 Ill,
1751 328 1839 383 DE
1871 325 2124 383 IRENIEI
2159 320 2522 380 DOCTRINA.

3316 309 3426 368 374

185 457 425 511 conscius
473 455 656 520 docet,
694 455 981 508 Dominum
1029 469 1150 510 esse
1203 471 1222 506 ‹
1258 453 1348 521 qui
1396 452 1572 506 salvat
1626 467 1744 506 nos.
1779 459 1823 514 Α
1858 451 2020 504 homo
2051 449 2144 501 llat
2180 445 2351 499 Patri.
2379 441 2435 496 in
2467 436 2761 510 praeteritis
2784 433 2928 489 enim
2957 431 3313 502 temporibus,
3340 431 3423 483 di-

188 553 250 604 Et
276 558 486 618 propter
503 549 624 612 hoc,
646 547 821 617 inquit
843 549 910 612 ὀ,
938 547 1141 600 Paulus
1164 546 1540 600 inﬁrmitatem
1564 547 1742 598 homi-

186 644 270 694 nis
291 641 640 702 annuntians,
669 638 748 690 ait
770 638 813 668 "
839 658 852 692 :
877 637 1039 691 Miser
1065 655 1158 707 ego
1175 639 1354 700 homo,
1372 637 1486 706 quis
1514 653 1594 688 me
1619 636 1748 688 libe-

189 733 315 782 rabit
345 733 405 782 de
427 745 653 798 corpore
680 731 859 782 mortis
887 729 1041 797 hujus
1067 731 1091 784 ?
1125 729 1325 783 Deinde
1355 727 1524 782 infert
1553 728 1748 781 libera-

192 835 351 874 torem
393 821 633 874 :Cratia
671 821 799 874 Jesu
824 820 1020 872 Christi
1061 819 1270 872 Domini
1312 821 1569 876 nostri....
1611 819 1744 886 lloc,

186 914 430 981 quoniam
465 930 572 967 non
605 929 634 965 a
661 914 838 975 nobis,
866 911 958 964 sed
985 926 1013 962 a
1070 911 1161 963 Dei
1212 910 1524 976 adjumento
1559 909 1750 963 habui-

187 1021 300 1059 mus
323 1006 546 1058 salvari.
578 1024 595 1055 ι
625 1004 764 1057 Hinc
788 1003 1020 1071 denique
1046 1004 1201 1057 docet
1224 1004 1450 1057 missum
1479 1019 1505 1054 a
1531 1003 1751 1058 Christo

186 1100 440 1165 Spiritum
478 1110 726 1152 sanctum
753 1102 820 1164 ε’,
858 1118 878 1150 ‹
915 1100 1004 1168 qui
1040 1113 1142 1151 nos
1173 1105 1392 1164 aptaret
1429 1094 1560 1149 Deo.
1596 1094 1753 1150 Sicut

185 1190 322 1242 enim
349 1189 414 1243 de
444 1189 611 1242 arido
657 1188 838 1243 tritico
893 1204 1074 1243 massa
1104 1203 1212 1241 una
1263 1185 1380 1240 ﬁeri
1413 1200 1517 1238 non
1579 1194 1756 1254 potest

187 1280 300 1335 sine
331 1281 583 1341 humore.
624 1296 799 1348 neque
828 1295 967 1333 unus
1012 1280 1206 1348 panis:
1244 1278 1316 1332 ila
1351 1293 1449 1334 nec
1477 1292 1574 1332 nos
1602 1276 1754 1331 multi

188 1387 346 1424 unum
371 1371 494 1424 ﬁeri
528 1371 583 1423 in
616 1371 838 1423 Christo
881 1368 1006 1424 Jesu
1054 1379 1393 1436 poteramus,
1449 1368 1566 1421 sine
1588 1381 1754 1434 aqua,

188 1479 300 1531 quae
324 1463 388 1516 de
422 1463 568 1517 caelo
596 1473 702 1517 est.
736 1463 800 1515 Et
832 1465 968 1516 sicut
999 1463 1145 1515 arida
1181 1472 1349 1524 terra,
1379 1461 1422 1515 si
1451 1475 1556 1514 non
1586 1459 1759 1528 perci-

188 1555 292 1623 piat
323 1555 636 1615 humorem.
672 1570 780 1606 non
819 1552 1143 1618 fructiﬁcat;
1191 1553 1271 1607 sic
1300 1561 1352 1606 et
1379 1566 1504 1614 nos,
1549 1551 1754 1620 lignum

189 1644 391 1697 aridum
426 1644 765 1697 exsistentes
816 1643 1074 1711 primum,
1130 1656 1406 1710 nunquam
1451 1639 1759 1694 fructiﬁca-

192 1751 369 1789 remus
403 1739 603 1799 vitam,
635 1736 752 1788 sine
777 1749 1011 1803 superna
1047 1734 1354 1789 voluntaria
1384 1733 1588 1802 pluvia.
1620 1732 1759 1786 Cor-

190 1843 316 1896 pora
343 1828 494 1881 enim
533 1836 721 1880 nostra
749 1842 847 1895 per
889 1827 1164 1880 lavacrum
1198 1827 1369 1893 illam,
1420 1841 1540 1895 quae
1573 1835 1658 1880 est
1687 1826 1751 1879 ad

191 1920 674 1986 incorruptionem,
701 1919 962 1971 unitatem
984 1929 1334 1986 acceperunt;
1358 1918 1552 1972 animae
1577 1927 1756 1972 autem

193 2023 281 2077 per
327 2009 622 2079 Spiritum.
694 2006 845 2062 Unde
896 2016 951 2062 et
997 2018 1224 2074 utraque
1271 2008 1602 2070 necessaria,
1634 2023 1758 2061 cum

195 2113 422 2170 utraque
450 2101 746 2170 proﬁciunt
775 2099 827 2152 in
859 2099 1028 2157 vitam
1059 2100 1173 2158 Dei,
1210 2100 1505 2154 miserante
1535 2101 1761 2155 Domino

197 2204 398 2256 nostno,
441 2209 461 2244 ι
499 2201 609 2245 etc.
642 2191 709 2244 Et
751 2199 941 2259 postea
969 2192 1053 2244 ":
1092 2208 1110 2241 t
1142 2189 1485 2260 Quapropter
1514 2206 1762 2246 necessa-

201 2287 302 2339 rius
328 2284 486 2338 nobis
519 2292 610 2336 est
639 2297 730 2336 ros
760 2282 878 2349 Dei,
903 2292 959 2336 ut
991 2298 1098 2336 non
1127 2285 1534 2347 comburamur,
1585 2299 1762 2353 neque

197 2375 508 2430 infructuosi
531 2373 850 2436 efﬁciamur,
881 2383 930 2426 et
965 2374 1054 2427 ubi
1082 2383 1454 2428 accusatorem
1481 2376 1761 2440 habemus,

197 2468 297 2520 illic
349 2468 652 2520 habeamus
683 2473 737 2519 et
763 2463 1137 2533 paracletum-:
1173 2466 1592 2519 commendante
1653 2465 1755 2518 Do-

197 2557 335 2610 mino
371 2556 604 2626 Spiritui
644 2564 837 2609 sancto
858 2568 1020 2608 suum
1043 2555 1345 2616 hominem,
1373 2555 1464 2623 qui
1497 2554 1764 2609 inciderat

198 2649 247 2702 in
279 2650 548 2714 latrones,
583 2649 670 2702 cui
701 2648 818 2716 ipse
840 2647 1096 2703 misertus
1117 2655 1222 2712 est,
1245 2658 1299 2702 et
1323 2647 1510 2717 ligavit
1538 2647 1762 2700 vulnera

195 2741 324 2807 ejus,
366 2743 502 2795 dans
525 2740 636 2795 duo
691 2739 912 2793 denaria
960 2739 1189 2809 regalia,
1248 2748 1310 2795 ut
1361 2754 1456 2809 per
1501 2740 1763 2810 Spiritum

196 2835 483 2906 itmginem
513 2844 571 2888 et
596 2834 1013 2904 inscriptionem
1047 2835 1225 2890 Patris
1248 2845 1303 2890 et
1330 2833 1455 2889 Filii
1489 2837 1767 2906 accipien-

199 2936 289 2987 tes.
315 2926 721 2981 fructiﬁcemus
751 2927 1018 2981 creditura
1047 2929 1202 2982 nobis
1228 2928 1534 2993 denarium,
1581 2929 1766 2982 multi-

197 3015 444 3084 plicatum
473 3017 705 3072 Domino
744 3029 1184 3073 annumerantes.
1216 3036 1235 3070 ι

1850 543 2080 596 ccbatur
2137 538 2354 607 quidem
2385 531 2676 588 secundum
2722 528 3016 598 imaginem
3069 523 3165 577 Dei
3215 521 3420 575 factum

1851 646 1972 685 esse
2005 630 2308 690 hominem,
2370 640 2476 679 non
2520 631 2701 677 autem
2760 617 3194 673 ostendebatur:
3239 631 3257 664 ι
3297 611 3424 679 quia

1852 722 2106 778 videlicet
2129 718 2298 774 oculis
2322 733 2425 771 non
2446 716 2806 769 exhibebatur
2843 712 3018 780 ipsum
3059 708 3422 774 archetypum

1852 827 1908 870 et
1935 812 2244 883 exemplar,
2298 823 2488 877 nempe
2522 804 2761 860 Verbum
2792 805 3039 859 divinum
3090 800 3271 862 imago
3323 792 3428 848 Pa.

1855 908 1977 973 tris,
2009 914 2063 959 et
2115 904 2403 958 character
2455 899 2774 952 substantiae
2825 895 2962 964 ejus,
3011 893 3077 947 ad
3130 891 3306 960 cujus,
3363 902 3429 939 ac

1854 998 2085 1070 proinde
2134 996 2202 1050 ad
2263 993 2434 1062 ipsius
2485 991 2690 1056 Patris,
2743 989 3103 1042 imitationem
3180 979 3429 1036 conditus

1858 1091 2035 1146 fuerat
2069 1089 2254 1150 homo,
2291 1095 2349 1138 ut
2405 1097 2532 1136 mox
2581 1079 2804 1148 exponit
2854 1079 3109 1130 lrenzeus.
3171 1091 3190 1124 ι
3241 1071 3430 1125 Adhuc

1856 1182 2028 1243 enim,
2057 1179 2260 1241 subdit,
2290 1173 2562 1229 invisibile
2613 1179 2731 1226 erat
2763 1167 3025 1231 Verbum,
3049 1165 3202 1234 cujus
3231 1176 3430 1217 secun-

1859 1279 1988 1329 dum
2017 1272 2309 1340 imaginem
2358 1267 2534 1322 factus
2586 1264 2784 1318 fuerat.
2819 1261 3048 1329 Propter
3080 1259 3186 1312 hoc
3243 1263 3428 1308 autem

1843 1377 1911 1451 et
1935 1363 2350 1421 similitudinem
2402 1358 2561 1413 facile
2599 1355 2801 1410 amisit.
2840 1351 3066 1418 Quando
3098 1358 3273 1403 autem
3302 1361 3433 1400 caro

1861 1439 2097 1513 Verbum
2127 1456 2217 1510 Dei
2253 1455 2459 1507 factum
2493 1457 2596 1512 est,
2649 1457 2887 1515 utraque
2945 1439 3324 1503 conﬁrmavit;
3377 1446 3436 1490 et

1861 1549 2154 1617 imaginem
2215 1543 2358 1598 enim
2410 1540 2653 1596 ostendit
2702 1552 2912 1600 veram,
2971 1535 3086 1602 ipse
3141 1533 3244 1586 hoc
3299 1529 3437 1583 ﬁens

1863 1643 2003 1713 quod
2033 1651 2150 1695 erat
2185 1639 2361 1708 imago
2419 1635 2557 1703 ejus,
2606 1643 2660 1688 et
2718 1628 3134 1686 similitudinem
3192 1625 3437 1678 formans

1864 1733 2124 1796 restituit,
2171 1728 2513 1786 consimilem
2576 1725 2788 1780 faciens
2847 1719 3123 1775 hominem
3176 1714 3438 1770 invisibili

1863 1827 2008 1882 Patri
2045 1840 2140 1895 per
2198 1821 2416 1877 visibile
2464 1818 2726 1873 Verbum.
2770 1833 2789 1866 ι
2829 1813 2994 1883 Cujus
3057 1809 3159 1864 loci
3219 1823 3438 1863 sensum

1865 1920 2281 1990 haudquaquam
2337 1912 2570 1968 assecuti
2609 1906 3106 1980 Magdeburgenses
3133 1903 3204 1967 ",
3241 1902 3441 1956 misere

1866 2010 2162 2080 implicant.
2200 2006 2271 2062 Ut
2303 2006 2446 2059 enim
2479 2000 2672 2056 lrentei
2700 1995 3070 2054 calumniandi
3117 2007 3306 2048 ansam
3340 1992 3441 2046 ha-

1864 2104 2051 2166 beant,
2085 2099 2292 2167 ﬁngunt
2324 2097 2497 2166 ipsum
2544 2091 2770 2152 dixisse,
2820 2089 2876 2141 1°
2911 2106 2928 2138 t
2979 2084 3270 2140 Hominem
3329 2097 3440 2137 non

1865 2211 1987 2251 esse
2035 2191 2309 2249 conditum
2346 2188 2412 2241 ad
2446 2185 2738 2254 imaginem
2792 2180 2924 2245 Dei;
2979 2177 3074 2232 sed
3130 2173 3443 2246 oportuisse

1868 2289 1986 2342 ﬁeri
2017 2283 2314 2340 secundum
2343 2277 2635 2347 imaginem
2682 2273 2801 2338 Dei,
2855 2277 3073 2338 accepta
3133 2265 3444 2338 cognitione

1866 2379 1992 2433 boni
2029 2385 2080 2430 et
2107 2374 2259 2428 mali.
2298 2390 2316 2423 ›
2359 2368 2526 2438 Cujus
2550 2365 2771 2434 quidem
2811 2358 3215 2418 criminationis
3251 2359 3443 2410 absur-

1867 2471 2011 2525 ditas
2037 2465 2198 2522 simul
2222 2474 2276 2519 et
2299 2463 2508 2517 falsitas
2543 2458 2625 2512 vel
2656 2472 2724 2510 ex
2753 2471 2815 2510 eo
2845 2455 2981 2521 ipso,
3014 2466 3175 2521 quem
3204 2451 3272 2506 ad
3301 2464 3445 2504 mar.

1868 2562 2044 2630 ginem
2068 2558 2234 2612 citant
2259 2554 2396 2618 loco,
2430 2565 2550 2620 cap.
2575 2547 2828 2604 videlicet
2861 2544 2952 2608 58,
2987 2543 3124 2599 alias
3161 2541 3250 2607 76,
3278 2558 3335 2595 n.
3383 2541 3442 2607 4,

1869 2649 2154 2722 perspicue
2213 2647 2648 2708 demonstratur,
2720 2637 2810 2692 ubi
2872 2637 3079 2691 diserte
3153 2633 3446 2697 asseritur,

1869 2745 2036 2799 Deum
2067 2759 2085 2792 ι
2117 2739 2326 2795 similes
2349 2736 2450 2791 sibi
2477 2750 2587 2790 sua:
2606 2731 2891 2803 potestatis
2913 2731 3163 2784 homines
3189 2727 3440 2791 fecisse,i

1870 2848 1951 2902 et,
1986 2855 2003 2888 ι
2040 2833 2349 2904 oportuisse
2392 2827 2512 2882 ﬁeri
2559 2824 2831 2879 hominem
2890 2821 3193 2878 secundum
3248 2819 3445 2888 imagi-

1871 2945 1993 2985 nem
2024 2939 2078 2982 et
2106 2923 2519 2981 similitudinem
2565 2917 2690 2980 Dei,
2722 2915 3001 2986 agnitione
3051 2922 3280 2982 accepta
3316 2909 3445 2964 boni

1871 3032 1926 3078 et
1954 3019 2115 3084 mali;
2155 3035 2174 3069 ι
2211 3015 2262 3069 id
2291 3023 2398 3076 est,
2445 3019 2507 3064 ut
2547 3009 2664 3077 ipse
2720 3007 2907 3061 eadem
2942 3005 3189 3072 periodo,
3233 3011 3286 3056 et
3331 3010 3446 3055 toto

262 3105 380 3159 il7.
409 3105 573 3172 Quod
616 3106 703 3160 hic
726 3106 859 3160 dicit
885 3107 1144 3173 lrenmus,
1173 3114 1290 3178 ’per
1327 3107 1586 3177 Spiritum
1632 3109 1766 3163 ima-
1793 3128 1836 3185 ρ
1869 3129 1932 3169 eo
1961 3111 2138 3180 capite
2178 3106 2440 3176 explicat,
2474 3101 2789 3171 priusquam
2823 3098 3013 3150 intima
3080 3094 3174 3149 Dei
3209 3091 3446 3185 visione,

199 3196 369 3263 ginem
402 3207 460 3250 et
512 3197 928 3266 inscriptionem
976 3197 1154 3253 Patris
1203 3208 1261 3254 et
1323 3199 1445 3253 Filii
1491 3203 1768 3270 accepisse

200 3301 309 3350 nos,
343 3302 414 3340 ex
442 3286 511 3340 iis
537 3285 716 3340 lucem
753 3287 971 3355 accipit,
999 3302 1116 3356 qua:
1167 3288 1330 3342 habet
1379 3290 1534 3344 initio
1571 3292 1766 3359 capitis

200 3379 491 3446 sequentis,
533 3397 552 3430 ε
588 3378 786 3433 Filium
813 3378 907 3432 Dei
957 3380 1230 3434 hominem
1267 3380 1495 3448 factum,
1548 3383 1764 3450 longam

200 3469 473 3524 hominum
506 3471 910 3539 expositionem
937 3472 989 3524 in
1021 3487 1078 3526 se
1114 3472 1230 3539 ipso
1256 3474 1674 3542 recapitulasse;
1708 3485 1767 3529 ut

198 3562 330 3626 quod
365 3561 782 3630 perdideramus
805 3562 856 3614 in
879 3563 1072 3626 Adam,
1099 3563 1152 3619 id
1183 3575 1286 3628 est,
1320 3567 1614 3620 secundum
1642 3568 1770 3619 ima-

203 3652 368 3716 ginem
403 3663 462 3706 et
512 3653 930 3709 similitudinem
979 3670 1101 3710 esse
1148 3659 1266 3722 Dei,
1318 3659 1496 3712 hocin
1546 3658 1769 3714 Christo

199 3747 312 3802 Jesu
341 3749 738 3818 reciperernus.
775 3767 793 3800 ι
829 3748 884 3802 ld
913 3749 1164 3804 nimirum
1193 3753 1478 3806 constituit
1510 3752 1767 3816 lrenaaus,

199 3843 334 3908 quod
365 3843 436 3896 ab
484 3840 609 3894 aliis
655 3839 911 3895 Patribus
969 3842 1228 3912 deinceps
1289 3844 1611 3899 afﬁrmatum
1660 3862 1768 3901 non

201 3934 358 3987 semel
387 3933 649 4001 legimus,
682 3935 967 4002 imaginem
993 3944 1045 3988 et
1069 3935 1480 3990 similitudinem
1514 3937 1630 4003 Dei,
1667 3939 1767 3992 ho-

205 4026 322 4080 mini
346 4026 590 4096 primum
619 4026 973 4097 insculptum,
1009 4027 1202 4080 deinde
1232 4042 1361 4082 vero
1409 4031 1617 4097 peccati
1647 4030 1769 4086 labe

204 4119 564 4175 deformatam
598 4129 654 4174 et
683 4129 1018 4188 corruptam,
1059 4134 1088 4172 a
1120 4118 1260 4174 Filio
1291 4119 1390 4173 Dei
1417 4122 1768 4176 instauratam

204 4221 253 4264 et
287 4213 552 4266 refectam
587 4211 778 4278 fuisse;
808 4221 863 4266 et
889 4212 1008 4266 ideo
1035 4226 1180 4273 eum,
1227 4212 1317 4281 qui
1349 4220 1434 4266 est
1464 4213 1639 4284 imago
1669 4214 1770 4268 Pa-

207 4303 317 4369 tris,
352 4315 410 4358 et
445 4305 740 4359 character
768 4305 1087 4359 substantiae
1113 4305 1277 4368 illius,
1335 4320 1558 4359 carnem
1586 4322 1771 4361 susce-

206 4395 358 4462 pisse,
389 4404 456 4449 ut
486 4396 552 4448 ad
581 4395 993 4450 instaurandam
1023 4395 1111 4450 Dei
1150 4395 1378 4465 eﬁigiem
1411 4395 1585 4464 ipsum
1612 4399 1765 4452 adhi-

1871 3200 2200 3258 immortalis
2224 3208 2279 3252 et
2308 3193 2679 3264 impeccabilis
2724 3192 2881 3244 ﬁeret
2905 3189 3090 3251 homo,
3139 3183 3450 3254 oportuisse

1872 3309 1932 3351 ut
1990 3297 2137 3349 ineo
2168 3292 2234 3346 ad
2268 3289 2558 3357 imaginem
2586 3295 2641 3339 et
2696 3281 3102 3338 similitudinem
3155 3276 3250 3330 Dei
3311 3291 3476 3348 con-5

1869 3391 2116 3451 deretur,
2154 3383 2297 3452 quod
2331 3378 2610 3451 agnitione
2635 3384 2856 3443 accepta
2885 3372 3010 3427 boni
3046 3380 3101 3425 et
3126 3369 3277 3433 mali,
3311 3368 3448 3422 liber

1869 3495 1936 3535 ac
1965 3495 2076 3535 suae
2105 3472 2396 3548 potestatis
2428 3479 2592 3525 esset.
2632 3487 2651 3520 ι
2697 3468 2896 3520 Deinde
2928 3485 2945 3517 ι
2983 3465 3191 3534 ﬁngunt
3237 3480 3254 3512 ι
3291 3476 3347 3515 et
3379 3461 3446 3514 de

1871 3571 2106 3641 imagine
2136 3557 2761 3630 admodumpericulose
2790 3555 3051 3609 Irenaeum
3095 3552 3270 3622 loqui,
3318 3565 3446 3605 cum

1870 3664 2104 3719 afﬁrmat
2132 3659 2261 3714 illud
2287 3657 2514 3718 dictum,
2572 3649 2860 3702 Faciamus
2909 3646 3170 3700 hominem
3196 3642 3265 3696 ad
3306 3643 3444 3695 ima-

1872 3761 2040 3829 ginem
2087 3762 2136 3808 et
2182 3747 2585 3806 similitudinem
2614 3741 2942 3803 nostram”,
2991 3736 3326 3808 pertinuisse
3377 3735 3445 3787 ad

1871 3827 2175 3909 Christum,
2208 3841 2300 3913 qui
2330 3849 2482 3894 certo
2525 3845 2772 3904 tempore
2816 3833 2978 3886 homo
3013 3828 3148 3894 ﬁeri,
3184 3827 3444 3894 illamque

1873 3940 2164 4010 imaginem
2195 3941 2584 4003 reprzcsentare
2620 3923 2894 3980 debuerit.
2930 3922 3070 3975 Ante
3099 3919 3306 3988 lapsum
3346 3916 3449 3986 igi-

1873 4008 2294 4096 tttr,'ltominem
2324 4021 2544 4092 quidem
2585 4017 2791 4070 dictum
2827 4028 2948 4068 esse
2978 4010 3270 4081 imaginem
3324 4008 3446 4070 Dei,

1872 4127 1966 4180 sed
2005 4139 2109 4177 non
2141 4130 2452 4180 ostensum;
2494 4113 2618 4183 quia
2654 4110 2824 4164 Filius
2885 4105 2974 4159 Dei
3012 4104 3253 4158 nundum
3287 4101 3449 4155 homo

1873 4217 2051 4271 factus
2078 4213 2261 4268 fuerit.
2297 4229 2317 4263 ι
2356 4207 2490 4262 Tum
2515 4207 2692 4258 locum
2743 4197 3049 4271 proferunt,
3073 4209 3232 4264 quem
3284 4190 3444 4261 paulo

1873 4319 2001 4365 ante
2027 4307 2372 4362 adduximus.
2411 4298 2573 4368 Atqui
2631 4310 2729 4350 nec
2762 4307 2826 4346 eo
2881 4289 3005 4355 loci,
3060 4302 3160 4341 nec
3225 4284 3435 4351 uspiam

1875 4401 2000 4456 alibi
2035 4398 2227 4453 scribit
2253 4396 2508 4456 lrcnaeus,
2569 4387 2697 4444 illud
2731 4385 2934 4438 dictum
2968 4399 2981 4434 :
3038 4376 3325 4432 Faciamus
3347 4369 3444 4422 lto-

207 4487 418 4541 beretur
445 4488 804 4557 archetypum
838 4496 894 4541 et
935 4487 1232 4556 exemplar,
1259 4485 1413 4555 cujus
1465 4487 1770 4544 imitatione
1802 4467 1846 4523 Ῑ)
1875 4488 2066 4540 minem
2095 4482 2162 4538 ad
2194 4480 2475 4550 imaginem
2503 4487 2551 4532 et
2576 4473 2979 4532 similitudinem
3008 4478 3243 4557 nostram
3272 4501 3287 4524 ,
3321 4473 3448 4557 per:

207 4582 495 4646 pristinum
531 4579 582 4632 in
607 4590 806 4634 statum
841 4595 936 4649 per
960 4581 1151 4634 eadem
1183 4581 1509 4634 lineamenta
1545 4581 1774 4637 reduce-

208 4681 366 4727 retur.
395 4672 516 4726 Hoc
548 4671 859 4738 planissime
885 4671 1117 4738 explicat
1145 4682 1336 4726 auctor
1380 4684 1564 4726 noster
1587 4673 1684 4726 lib.
1714 4687 1767 4737 v,

207 4775 250 4816 c.
282 4762 366 4828 l6,
396 4779 462 4815 η.
493 4762 517 4814 l
548 4773 602 4815 et
649 4761 703 4825 2,
751 4761 840 4815 ubi
872 4761 1025 4823 dicit,
1077 4767 1320 4814 eamdem
1380 4760 1473 4814 Dei
1527 4775 1769 4822 manum,

200 4853 425 4908 Verbum
460 4854 668 4907 scilicet
699 4852 962 4917 divinum,
991 4866 1084 4921 per
1109 4867 1273 4921 quam
1299 4853 1365 4904 ad
1396 4852 1688 4920 imaginem
1719 4860 1771 4903 et

210 4945 620 4998 similitudinem
661 4943 749 4998 Dei
774 4943 974 4997 conditi
1007 4959 1218 5009 sumus,
1264 4961 1282 4994 ‹
1322 4942 1388 4996 ab
1420 4944 1573 4996 initio
1604 4956 1772 5010 usque

211 5034 257 5086 in
307 5037 476 5090 ﬁnem
513 5035 753 5088 formare
805 5050 926 5100 nos,
973 5044 1029 5089 et
1085 5045 1347 5104 coaptare
1397 5035 1452 5088 in
1499 5036 1688 5100 vitam,
1721 5042 1776 5086 et

212 5129 391 5182 adesse
429 5127 680 5195 plasmati
710 5142 831 5191 suo,
884 5136 936 5181 et
980 5127 1244 5196 perﬁcere
1297 5125 1434 5179 illud
1472 5127 1770 5179 secundum

213 5219 499 5290 imaginem
533 5229 589 5273 et
635 5219 1045 5274 similitudinem
1095 5218 1210 5272 Dei.
1249 5216 1398 5271 Tunc
1456 5225 1634 5270 autem
1669 5218 1770 5271 hoc

214 5315 446 5370 Verbum
475 5325 751 5370 ostensum
783 5324 888 5379 est,
927 5336 945 5368 ι
984 5317 1036 5369 id
1071 5324 1152 5369 est
1180 5315 1472 5369 visibiliter
1501 5315 1769 5384 apparuit,

219 5427 232 5455 ι
257 5408 472 5476 quando
497 5409 660 5462 homo
691 5408 921 5463 Verbum
951 5409 1044 5461 Dei
1068 5407 1267 5461 factum
1296 5415 1400 5471 est,
1424 5406 1775 5474 semetipsum

215 5500 435 5565 homini,
465 5511 518 5555 et
549 5501 827 5555 hominem
857 5500 1176 5569 sibimetipsi
1208 5498 1518 5552 assimilans
1546 5515 1558 5551 :
1593 5505 1651 5551 ut
1679 5511 1774 5567 per

219 5606 349 5656 eam,
381 5609 500 5662 qua:
545 5602 630 5647 est
668 5591 735 5645 ad
788 5590 983 5645 Filium
1038 5589 1472 5653 similitudinem,
1502 5588 1775 5657 pretiosus

273 5711 314 5741 "
347 5708 507 5771 lrcn.,
534 5709 633 5776 li_b.
667 5721 748 5767 tn,
781 5721 898 5774 cap.
939 5705 1024 5776 i8,
1054 5721 1105 5758 n.
1136 5705 1188 5776 ἦ.

216 5778 256 5810 ⁸⁸
283 5781 434 5835 Cant.
462 5797 522 5849 ιι,
550 5774 672 5848 cap.
702 5776 753 5830 ι.
832 5778 876 5811 ’⁸
913 5775 1047 5831 Cen.
1083 5791 1118 5842 1,
1149 5774 1242 5830 36.

1269 5706 1308 5736 ²¹
1339 5703 1494 5760 ltum.
1528 5719 1622 5770 vn,
1649 5701 1739 5764 21,
1766 5700 1856 5755 ‘25.

1881 4583 2112 4637 tmuisse
2143 4578 2209 4631 ad
2237 4573 2536 4630 Christum;
2574 4581 2674 4620 nec
2705 4578 2770 4618 eo
2793 4561 2918 4624 loci,
2947 4572 3048 4611 nec
3082 4553 3295 4622 uspiam
3318 4550 3446 4604 alibi

1878 4675 2036 4735 dixit,
2076 4681 2203 4724 ante
2253 4668 2488 4736 lapsum,
2521 4658 2792 4714 hominem
2841 4651 3059 4720 quidem
3091 4648 3295 4703 dictum
3329 4657 3462 4697 esse-

1880 4765 2170 4833 imaginem
2198 4758 2314 4823 Dei,
2347 4755 2441 4809 sed
2469 4766 2577 4805 non
2604 4756 2907 4802 ostensum.

1952 4851 2075 4906 H8.
2109 4848 2305 4902 Verum
2331 4842 2547 4913 quidem
2580 4844 2680 4899 est,
2710 4834 2998 4895 Irenazum,
3026 4842 3147 4883 cum
3202 4833 3456 4880 veterum

1883 4960 1990 5000 non
2042 4944 2251 5012 paucis,
2281 4938 2423 4991 inter
2466 4933 2757 5002 imaginem
2786 4926 2881 4981 Dei
2915 4923 2968 4977 in
3002 4920 3242 5012 homine,
3275 4932 3338 5012 ac
3369 4916 3446 5012 si-

1883 5005 2246 5089 militudinem
2279 5023 2623 5084 distinxisse;
2676 5016 2833 5086 quasi
2889 5013 2994 5066 alia
3040 5011 3114 5067 sit
3167 5005 3445 5076 imaginis,

1881 5125 1983 5180 alia
2017 5118 2390 5177 similitudinis
2422 5113 2584 5167 ratio.
2633 5108 2928 5177 Imaginem
2986 5109 3167 5155 autem
3217 5097 3448 5153 collocat

1881 5219 1936 5272 in
1970 5227 2157 5277 carne,
2194 5226 2308 5274 seu,
2347 5216 2405 5261 ut
2435 5202 2579 5273 loqui
2607 5210 2777 5264 amat,
2801 5198 2856 5252 in
2881 5194 3167 5265 plasmate.
3194 5210 3218 5243 ε
3246 5190 3440 5253 Caro”

1881 5307 2053 5376 inquit
2081 5305 2177 5358 lib.
2215 5317 2268 5365 v,
2300 5316 2349 5355 c.
2384 5297 2439 5359 6,
2473 5313 2525 5349 n.
2578 5295 2628 5361 1,
2685 5300 2766 5345 est
2826 5290 3090 5359 plasmata
3141 5283 3440 5376 secundum

1881 5373 2171 5466 imaginem
2209 5392 2325 5445 Dei.
2363 5408 2381 5440 ι
2433 5387 2498 5441 Ει
2539 5396 2721 5456 postea
2755 5402 2769 5439 :
2807 5401 2824 5435 ι
2859 5383 2916 5438 Si
2967 5376 3203 5435 defuerit
3247 5373 3448 5466 animae

1882 5465 2136 5559 Spiritus,
2163 5482 2412 5536 animalis
2433 5488 2516 5534 est
2543 5492 2689 5542 vere,
2713 5478 2804 5547 qui
2833 5484 2915 5531 est
2939 5472 3097 5536 talis;
3122 5482 3176 5523 et
3206 5465 3444 5522 carnalis

1883 5572 2551 5644 derelictus,imperfectus
2580 5571 2705 5637 erit,
2742 5569 3035 5638 imaginem
3081 5562 3296 5635 quidem
3344 5558 3446 5612 ha-

1935 5701 1976 5732 "
2003 5698 2163 5764 lrcn.,
2196 5695 2286 5753 lib.
2314 5711 2395 5760 ιιι,
2442 5709 2560 5768 cap.
2601 5693 2684 5759 l7,
2715 5707 2772 5749 ιιι
2794 5690 2848 5746 2.
2929 5688 3085 5746 "id-
3116 5688 3272 5752 ibid.,
3305 5701 3358 5740 n.
3400 5681 3478 5736 ’ἂι
