3924 6354
510 324 621 384 575

1330 325 1931 384 DlSSERTATlONES
1963 325 2267 383 PRAEVIE
2300 326 2368 383 IN
2402 327 2661 386 [BENE]
2692 328 2956 395 LIBROS

3643 332 3735 389 376

513 452 659 507 hens
690 448 745 505 in
782 449 1075 521 plasmate,
1126 447 1543 505 similitudinem
1596 465 1727 504 vero
1772 464 1879 503 non
1940 464 2097 505 assn-
2124 453 2169 511 A
2199 464 2292 519 ne,
2358 466 2524 522 quam
2569 453 2639 509 ab
2685 424 2957 524 imagine.
2984 449 3275 523 distinguit
3322 448 3572 513 lrenmus,
3609 449 3734 506 illam

511 557 667 596 mens
695 557 792 612 per
818 540 1111 612 Spiritum,
1155 560 1173 593 ι
1207 549 1313 596 etc.
1352 541 1511 607 Quod
1538 554 1669 595 vero
1715 541 1804 595 hic
1847 556 2091 606 carnem,

509 649 606 688 seu
638 634 912 689 carnalem
945 646 999 690 et
1023 633 1311 690 animalem
1335 632 1609 688 hominem
1633 633 1931 686 secundum
1960 634 2096 688 ima-

508 729 689 795 ginem
735 726 831 781 Dei
871 727 1148 784 conditum
1183 724 1365 798 [CLX]
1396 725 1548 788 dicit,
1580 724 1633 779 id
1677 738 1797 793 cap.
1827 725 1895 779 16
1933 725 2093 795 paulo

511 824 636 871 ante
659 814 830 871 citato
845 815 1052 871 clarius
1071 816 1375 886 esplicans,
1393 815 1669 871 hominem
1702 815 1904 870 factum
1932 828 2094 871 vocat

505 909 808 963 secundum
852 908 1142 979 imaginem
1174 908 1358 975 Verbi,
1388 924 1498 965 non
1550 919 1818 979 quatenus
1867 923 2089 963 carnem

505 1001 906 1070 assumpsit,_/et
936 1001 1190 1057 Christus
1218 1011 1327 1067 est,
1363 1003 1459 1058 sed
1504 1012 1777 1071 quatenus
1840 1001 2080 1056 Verbum

503 1100 605 1155 est,
640 1102 695 1148 et
721 1092 896 1149 Filius
922 1094 1037 1156 Dei,
1073 1103 1133 1148 ut
1160 1110 1227 1150 ex
1262 1111 1424 1166 supra
1462 1096 1652 1151 relatis
1682 1094 1867 1150 verbis
1896 1094 2084 1164 liquet.

504 1184 658 1252 Quod
690 1188 963 1256 posterius
993 1188 1419 1259 haudquaquam
1473 1198 1739 1258 repugnat
1786 1188 2082 1257 prioribus.

501 1275 636 1331 Cum
661 1276 807 1331 enim
843 1276 1081 1333 Verbum
1114 1280 1187 1334 sit
1240 1280 1621 1335 substantialis
1673 1283 1849 1351 imago
1879 1280 2084 1345 Patris,

501 1371 774 1426 hominem
811 1372 879 1427 ad
920 1372 1213 1442 imaginem
1262 1370 1423 1427 Verbi
1474 1372 1751 1427 conditum
1802 1386 1946 1437 esse,
2002 1382 2086 1427 est

498 1461 774 1516 hominem
810 1464 1108 1520 secundum
1137 1463 1430 1534 imaginem
1470 1462 1566 1518 Dei
1601 1462 1805 1518 factum
1837 1478 1982 1527 esse,
2023 1473 2083 1517 ut

491 1554 609 1625 jam
636 1554 897 1612 diximus.
920 1554 1095 1611 Porro
1126 1555 1178 1610 in
1212 1555 1283 1611 iis
1323 1556 1579 1611 omnibus
1608 1556 1743 1611 locis
1788 1556 2079 1628 imaginem

502 1646 595 1702 Dei
627 1648 708 1702 sic
742 1662 908 1703 carne
963 1646 1156 1703 definit
1184 1645 1448 1717 lrenaeus,
1508 1657 1567 1704 ut
1599 1660 1781 1706 tamen
1838 1652 2078 1706 animam

496 1754 607 1794 non
636 1738 913 1807 excludat,
942 1747 1000 1793 ut
1027 1753 1095 1795 ex
1132 1741 1249 1809 ipsa
1278 1740 1517 1798 lectione
1550 1751 1730 1811 patet;
1766 1746 1864 1800 sed
1914 1745 2079 1799 nimi-

490 1846 616 1887 tum
663 1832 717 1887 id
742 1831 879 1898 vult,
928 1833 1179 1903 quamvis
1214 1833 1418 1891 homini
1451 1846 1671 1908 propter
1697 1840 1935 1895 animam
1977 1855 2080 1912 po-

491 1923 766 1979 tissimum
800 1923 1093 1980 conveniat
1125 1939 1247 1983 csse
1277 1927 1571 1997 imaginem
1601 1928 1720 1993 Dei,
1743 1944 1867 1986 esse
1895 1939 2077 1986 tamen

491 2022 551 2072 ot
572 2015 627 2072 in
656 2028 891 2088 corpore
911 2016 1194 2087 proprium
1222 2019 1506 2089 quiddam,
1538 2023 1692 2093 culus
1713 2026 1887 2096 gratia
1921 2025 2076 2081 dica-

492 2114 586 2162 tur
610 2106 680 2162 ad
706 2106 997 2179 imaginem
1024 2108 1120 2165 Dei
1143 2124 1266 2167 esse
1297 2111 1508 2169 fictum.
1548 2113 1690 2182 Quid
1719 2125 1902 2173 autem
1944 2116 2076 2174 illud

487 2197 584 2262 sit,
611 2196 733 2255 fuse
762 2199 1004 2271 explicat
1027 2208 1144 2257 toto
1174 2200 1317 2260 libro
1345 2218 1400 2267 v,
1436 2203 1528 2261 ubi
1554 2205 1919 2275 demonstrat,
1948 2224 2076 2265 cor-

488 2303 594 2360 pus
621 2302 653 2345 a
678 2286 861 2347 Verbo
892 2291 1287 2362 instauratum,
1321 2309 1444 2362 seu,
1470 2305 1533 2351 ut
1575 2296 1780 2369 passim
1808 2297 2073 2369 loquitur,

484 2382 544 2437 in
575 2380 810 2438 Verbum
845 2384 1293 2454 recapitulatnm,
1323 2402 1355 2443 a
1388 2396 1565 2445 morte
1600 2400 1656 2445 et
1690 2391 2069 2462 corruptione,

485 2472 597 2538 cui,
657 2475 824 2547 primi
852 2476 1092 2534 hominis
1145 2488 1391 2552 peccato,
1451 2482 1747 2539 obnoxium
1789 2495 1935 2552 erat,
1990 2487 2071 2542 sic

484 2565 825 2621 vindicatum
877 2566 969 2635 iri,
1000 2576 1061 2624 ut
1116 2571 1346 2640 perenni
1394 2571 1527 2639 vita,
1592 2573 1967 2647 incorruptela
2017 2588 2073 2632 et

485 2656 659 2728 gloria
678 2657 731 2713 in
748 2661 1153 2717 resurrectione
1171 2662 1456 2732 donatum,
1481 2664 1577 2722 Dei
1605 2667 2067 2724 immortalitatem

482 2754 890 2823 quodammodo
951 2756 1179 2811 referat.
1227 2774 1247 2808 ι
1291 2755 1373 2825 Si,
1422 2759 1503 2814 ait
1549 2773 1601 2815 c.
1638 2758 1693 2825 7,
1744 2776 1800 2817 n.
1834 2762 1887 2830 1,
1922 2779 2070 2820 nunc

479 2847 677 2919 pignus
727 2849 993 2906 habentes
1041 2850 1361 2917 clamamus,
1406 2853 1578 2921 Abba,
1628 2853 1795 2910 Pater
1818 2858 1897 2921 ¹⁶;
1936 2858 2069 2928 quid

481 2940 578 2995 ﬁet
613 2942 836 3010 quando
861 2951 1214 3009 resurgentes
1248 2943 1393 2999 facie
1418 2946 1485 2998 ad
1514 2945 1711 3002 faciem
1759 2949 2067 3005 videbimus

480 3045 643 3099 eum;
682 3032 902 3102 quando
926 3034 1110 3088 omnia
1141 3034 1385 3088 membra
1422 3035 1704 3094 aflluenter
1746 3040 2067 3095 exsultatio-

2198 542 2386 611 ntiquc
2418 544 2471 597 in
2504 544 2683 597 anima
2717 545 2951 614 reponit,
2982 542 3091 610 vel,
3118 551 3176 596 ut
3197 543 3401 606 verius,
3427 541 3738 596 accuratius-

2197 650 2305 704 qne
2332 636 2544 704 loquar,
2576 634 2629 690 in
2679 636 2899 690 homine
2945 636 3086 703 ipso,
3136 644 3405 704 quatenus
3452 632 3538 688 tali
3584 632 3736 687 forma

2197 728 2341 783 illius
2367 738 2559 782 natura
2615 729 2992 794 constituitur;
3033 727 3128 783 sed
3183 741 3287 781 non
3322 726 3508 780 eadem
3559 725 3736 793 ubique

2196 820 2432 875 ratione.
2462 820 2595 875 Cum
2628 820 2773 874 enim
2799 820 2995 890 duplex
3042 818 3280 873 hominis
3327 825 3503 871 status
3525 817 3736 884 spectari

2193 913 2388 982 possit,
2419 912 2689 966 naturalis
2747 912 3022 976 videlicet,
3081 922 3134 966 et
3168 908 3735 980 supernaturalis;pro

2193 1005 2409 1059 diversa
2438 1005 2723 1075 utriusque
2757 1005 2995 1072 ratione,
3025 1004 3298 1059 diversam
3348 1002 3509 1057 etiam
3565 1001 3737 1056 simili-

2192 1096 2397 1151 tudinis
2425 1098 2690 1154 rationem
2722 1097 3029 1168 assignavit
3082 1106 3276 1151 auctor
3321 1102 3528 1150 noster.
3574 1092 3737 1149 Donec

2191 1187 2431 1243 hominis
2456 1198 2662 1244 statum
2694 1188 3005 1244 naturalem
3044 1188 3311 1256 respexit,
3359 1186 3476 1255 ejus
3498 1201 3611 1240 cum
3640 1185 3735 1241 Deo

2188 1281 2595 1338 similitudinem
2645 1282 2701 1338 in
2734 1282 3098 1353 cognoscendi
3131 1281 3205 1347 vi,
3239 1290 3294 1335 et
3320 1280 3491 1335 libere
3543 1278 3734 1350 quidvis

2186 1375 2425 1445 eligendi
2450 1372 2713 1431 facultate
2735 1374 2898 1428 sitam
2930 1389 3055 1429 esse
3081 1372 3291 1436 docuit,
3317 1380 3376 1424 ut
3404 1370 3499 1425 lib.
3522 1386 3592 1435 ιν,
3615 1384 3658 1425 c.
3684 1369 3732 1436 ὁ,

2184 1478 2242 1517 n.
2270 1463 2323 1526 2,
2352 1472 2404 1517 et
2435 1478 2556 1533 cap.
2582 1462 2671 1527 57,
2699 1480 2754 1517 n.
2783 1463 2841 1517 4.
2875 1463 3010 1517 Cum
3041 1478 3169 1519 vero
3193 1461 3468 1517 hominem
3514 1460 3565 1514 in
3609 1470 3731 1515 statu

2183 1554 2587 1623 supernaturali
2635 1554 3032 1618 consideravit,
3068 1554 3229 1623 hujus
3260 1568 3387 1608 cum
3430 1552 3536 1607 Deo
3563 1551 3735 1607 simili-

2184 1645 2424 1701 tudinem
2449 1646 2634 1717 pasuit
2662 1647 2713 1701 in
2746 1661 2808 1701 ea
2861 1646 3217 1716 perfectione,
3263 1660 3427 1714 quam
3478 1645 3666 1713 accipit
3704 1658 3731 1696 a

2183 1738 2388 1808 Spiritu
2416 1750 2605 1797 sancto
2637 1741 2690 1795 in
2715 1755 2775 1796 se
2802 1741 3160 1804 inhabitante,
3189 1753 3288 1808 per
3308 1753 3470 1809 quam
3498 1738 3555 1791 fit
3590 1736 3734 1807 spiri-

2183 1834 2346 1889 tualis
2375 1835 2559 1899 immo,
2609 1833 2869 1897 mundus,
2918 1832 3028 1888 Deo
3078 1833 3288 1893 vivens,
3315 1841 3375 1887 et
3404 1846 3433 1885 a
3463 1830 3733 1899 cupiditate

2179 1924 2386 1991 carnis,
2414 1932 2868 1995 terrenarumque
2898 1938 3078 1978 rerum
3110 1917 3332 1986 affectu,
3357 1932 3614 1991 quantum
3642 1921 3731 1975 hu-

2178 2032 2340 2073 mana
2370 2017 2639 2087 fragilitas
2666 2016 2819 2083 sinit,
2848 2014 2988 2071 liber
3014 2023 3071 2070 et
3096 2028 3288 2086 purus.
3316 2013 3395 2068 De
3418 2027 3481 2068 ea
3523 2011 3732 2067 hominis

2176 2108 2517 2181 perfectione
2545 2110 2668 2166 fuse
2699 2105 2921 2163 disserit
2963 2104 3060 2161 lib.
3091 2119 3146 2170 v,
3185 2118 3236 2159 c.
3264 2102 3319 2169 6,
3353 2114 3411 2158 ct
3451 2118 3625 2173 seqq.,
3652 2100 3730 2156 ubi

2177 2203 2418 2260 ostendit
2448 2201 2552 2257 tria
2591 2200 2659 2256 ad
2690 2195 3165 2270 supernaturalem
3197 2196 3440 2252 hominis
3464 2193 3730 2265 perfectio-

2175 2313 2300 2355 nem
2326 2296 2399 2351 ita
2430 2291 2661 2364 requiri,
2686 2299 2748 2346 ut
2790 2291 2836 2346 si
2865 2304 3035 2345 unum
3079 2287 3243 2354 desit,
3277 2286 3555 2357 perfectus
3587 2286 3731 2341 homo

2174 2403 2297 2446 esse
2322 2403 2429 2443 non
2456 2385 2633 2457 possit
2664 2397 2681 2439 :
2706 2396 2930 2439 carnem
2966 2380 3241 2445 videlicet,
3275 2380 3518 2435 animam
3548 2388 3600 2434 et
3625 2376 3731 2447 Spi-

2173 2483 2341 2538 ritum
2375 2485 2647 2534 sanctum.
2686 2494 2707 2529 α
2740 2474 2847 2530 Per
2870 2489 3069 2531 manus
3092 2473 3297 2540 Patris,
3329 2493 3352 2528 ι
3388 2472 3562 2543 inquit
3604 2488 3653 2527 n.
3682 2471 3727 2535 l,

2174 2572 2228 2629 id
2251 2582 2356 2639 est,
2407 2589 2428 2625 ‹
2465 2586 2563 2642 per
2591 2570 2789 2627 Filium
2811 2581 2867 2625 et
2887 2568 3151 2640 Spiritum
3176 2566 3240 2620 fit
3263 2567 3431 2622 homo
3453 2565 3727 2621 secundum

2172 2665 2582 2723 similitudinem
2633 2663 2749 2733 Dei,
2797 2663 2893 2719 sed
2937 2676 3046 2717 non
3077 2676 3207 2731 pars
3234 2660 3503 2715 hominis.
3549 2657 3724 2714 Anima

2171 2768 2353 2816 autem
2382 2768 2438 2816 et
2460 2757 2703 2830 Spiritus
2732 2770 2861 2828 pars
2884 2755 3122 2811 hominis
3148 2768 3271 2809 esse
3298 2760 3549 2821 possunt,
3585 2750 3728 2805 homo

2169 2864 2351 2910 autem
2382 2867 2733 2924 nequaquam
2779 2868 2795 2905 :
2842 2849 3120 2922 perfectus
3154 2854 3337 2903 autem
3377 2847 3560 2907 homo,
3591 2856 3725 2898 com-

2168 2948 2356 3004 mistio
2401 2956 2458 3001 et
2488 2944 2751 3000 adunatio
2775 2952 2860 2997 est
2886 2942 3084 2997 animm
3115 2939 3451 2995 assumentis
3486 2935 3727 3007 Spiritum

2169 3042 2374 3109 Patris,
2425 3048 2480 3095 ct
2506 3038 2739 3092 admista
2784 3037 2834 3090 ei
2862 3035 3041 3101 carni,
3091 3048 3215 3103 qua:
3244 3041 3329 3087 est
3362 3031 3622 3101 plasmata
3651 3040 3727 3081 se-

480 3122 569 3179 nis
598 3122 861 3195 hymnum
889 3125 1237 3193 protulerint,
1264 3126 1626 3197 glorificantia
1654 3144 1799 3193 eum,
1829 3131 1923 3200 qui
1951 3146 2069 3185 sus-
2092 3153 2134 3210 ρ
2171 3132 2405 3187 cundum
2443 3128 2737 3200 imaginem
2773 3126 2890 3182 Dei.
2928 3124 3164 3194 PrOpter
3190 3120 3334 3190 quod
3374 3128 3429 3174 et
3458 3114 3725 3188 Apostolus

480 3214 737 3270 citaverit
762 3231 826 3272 ea
880 3232 948 3272 ex
978 3218 1232 3284 mortuis,
1281 3228 1338 3272 et
1390 3228 1650 3275 aeternam
1684 3221 1853 3275 vitam
1890 3222 2064 3278 dona-

478 3305 646 3360 verit?
697 3304 755 3361 Si
799 3308 945 3362 enim
995 3309 1193 3379 pignus
1256 3311 1625 3380 complectens
1664 3313 1943 3367 hominem
2005 3314 2060 3368 in

481 3399 859 3471 semetipsum,
884 3401 999 3472 jam
1053 3402 1186 3457 facit
1223 3402 1407 3460 dicere
1443 3421 1457 3458 :
1494 3404 1664 3465 Abba,
1697 3403 1904 3473 Patcr;
1934 3408 2065 3478 quid

480 3488 649 3546 faciet
682 3490 938 3546 universa
968 3492 1212 3563 Spiritus
1234 3494 1433 3564 gratia,
1465 3510 1587 3565 qua:
1625 3496 1940 3552 hominibus
1971 3502 2067 3553 da-

477 3578 629 3635 bitur
650 3596 681 3636 a
704 3581 861 3636 Deo?
886 3582 1108 3639 Similes
1138 3599 1239 3640 nos
1259 3584 1309 3640 ei
1342 3584 1562 3652 efficiet,
1607 3595 1662 3642 et
1696 3588 1945 3659 perficiet
1968 3604 2065 3644 vo-

477 3670 690 3729 luntate
732 3671 950 3737 Patris;
996 3672 1197 3730 efficiet
1238 3675 1384 3730 enim
1429 3675 1711 3733 hominem
1762 3661 2061 3736 secundum

480 3764 778 3833 imaginem
807 3774 862 3821 et
895 3767 1315 3824 similitudinem
1345 3769 1464 3827 llei.
1504 3790 1523 3823 ο
1555 3771 1768 3828 Similia
1800 3774 1907 3829 alia
1940 3774 2058 3830 loca

474 3856 681 3927 passim
720 3867 1039 3913 occurrunt.
1066 3859 1134 3914 Et
1168 3860 1250 3916 his
1286 3861 1638 3918 illustrantur
1682 3879 1745 3919 ea
1775 3881 1899 3937 quae
1926 3868 2062 3922 scri-

472 3946 577 4014 bit,
601 3962 729 4018 cap.
761 3949 845 4016 16,
874 3968 929 4005 n.
961 3951 1015 4014 2,
1042 3961 1172 4007 ante
1203 3951 1369 4009 Verbi
1396 3953 1564 4010 divini
1601 3956 2059 4025 incarnationem,

477 4044 760 4101 hominem
793 4046 1016 4114 quidem
1043 4046 1342 4101 secundum
1394 4048 1686 4117 imaginem
1718 4048 1810 4105 Dei
1870 4053 2061 4107 condi-

474 4146 595 4193 tum
632 4138 760 4206 dici,
798 4154 905 4193 non
937 4148 1119 4193 tamen
1151 4142 1391 4206 ostendi,
1420 4142 1597 4196 donec
1623 4159 1643 4192 ‹
1684 4140 1910 4197 Verbum
1933 4163 2059 4202 caro

477 4232 768 4303 factum",
802 4231 939 4288 ficus
962 4234 1104 4304 quod
1127 4244 1248 4291 erat
1277 4234 1455 4306 imago
1484 4236 1621 4306 ejus,
1656 4237 1946 4305 imaginem
1964 4254 2057 4295 os-

477 4326 728 4382 tenderet
753 4341 964 4381 veram.
987 4345 1005 4378 i
1033 4326 1293 4392 Quamvis
1324 4329 1468 4383 enim
1501 4332 1663 4385 homo
1691 4333 1759 4387 ab
1786 4333 1944 4387 initio
1971 4348 2059 4388 se-

471 4420 711 4476 cundum
745 4418 1037 4486 imaginem
1067 4418 1373 4491 Dei'factus
1400 4422 1581 4490 fuerit,
1611 4439 1677 4480 ea
1712 4436 1891 4482 tamen
1919 4427 2059 4481 ima-

2169 3225 2245 3279 ait
2272 3242 2286 3279 :
2312 3222 2643 3293 Sapientiam
2669 3218 3087 3290 loquimurinter
3106 3214 3368 3285 perfectos
3392 3213 3458 3276 ²⁹;
3484 3210 3728 3281 perfectos

2170 3318 2357 3374 dicens
2381 3331 2496 3380 eos,
2529 3316 2619 3383 qui
2647 3320 3012 3383 perceperunt
3040 3308 3304 3380 Spiritum
3339 3306 3465 3371 Dei,
3490 3314 3543 3360 et
3562 3302 3723 3359 omni-

2168 3411 2271 3466 bus
2299 3410 2502 3480 linguis
2528 3407 2829 3478 loquuntur
2854 3420 2955 3476 per
2996 3404 3260 3474 Spiritum
3311 3402 3437 3466 Dei,
3480 3396 3726 3470 quemad-

2167 3503 2391 3559 modum
2422 3510 2476 3556 et
2505 3500 2620 3569 ipse
2647 3498 2994 3568 loquebatur.
3031 3514 3051 3549 ι
3085 3495 3155 3549 Et
3184 3502 3376 3565 postea
3419 3510 3434 3549 :
3472 3511 3491 3545 ι
3530 3491 3586 3546 Si
3617 3488 3728 3545 sub-

2165 3593 2425 3649 stantiam
2462 3591 2617 3647 tollat
2651 3591 2853 3659 aliquis
2875 3586 3077 3651 carnis,
3115 3587 3169 3641 id
3215 3593 3300 3641 est
3329 3584 3630 3655 plasmatis,
3674 3590 3723 3635 et

2167 3687 2313 3743 nude
2344 3687 2520 3755 ipsum
2556 3683 2733 3739 solum
2760 3681 3014 3751 spiritum
3045 3678 3331 3748 intelligat,
3360 3678 3477 3750 jam
3508 3692 3609 3732 non
3632 3674 3727 3744 spi-

2166 3775 2377 3831 ritualis
2406 3775 2570 3828 homo
2601 3780 2706 3838 est,
2735 3771 2880 3841 quod
2911 3779 2996 3826 est
3022 3769 3152 3837 tale,
3179 3768 3273 3825 sed
3305 3770 3536 3838 spiritus
3566 3766 3724 3822 homi-

2166 3866 2277 3930 nis,
2305 3873 2398 3918 aut
2427 3863 2670 3933 Spiritus
2700 3862 2818 3916 Dei.
2851 3860 2989 3916 Cum
3019 3868 3199 3914 autem
3221 3860 3457 3930 Spiritus
3485 3861 3569 3915 hic
3596 3873 3726 3914 com-

2165 3960 2359 4014 mistus
2383 3957 2577 4011 animae
2614 3955 2798 4009 unitur
2830 3954 3107 4024 plasmati,
3167 3964 3395 4023 propter
3429 3953 3724 4010 effusionem

2165 4046 2425 4118 Spiritus,
2463 4046 2765 4116 spiritualis
2799 4054 2854 4100 et
2882 4044 3160 4115 perfectus
3197 4045 3359 4099 homo
3409 4046 3583 4100 factus
3622 4053 3722 4107 est;

2162 4153 2219 4197 et
2253 4143 2343 4197 hic
2369 4152 2478 4208 est,
2505 4141 2600 4210 qui
2652 4139 2953 4195 secundum
2989 4139 3284 4208 imaginem
3315 4149 3373 4194 et
3422 4138 3724 4195 similitudi-

2164 4250 2286 4290 nem
2316 4232 2493 4288 factus
2513 4241 2599 4286 est
2625 4232 2744 4287 Dei.
2779 4230 2836 4285 Si
2896 4238 3079 4285 autem
3108 4229 3348 4285 defuerit
3385 4231 3581 4285 anima:
3610 4226 3723 4293 Spi-

2161 4331 2321 4398 ritus,
2354 4329 2606 4383 animalis
2627 4336 2714 4383 cst
2753 4341 2906 4392 vere,
2934 4327 3025 4397 qui
3058 4336 3144 4381 est
3202 4327 3349 4391 talis,
3399 4337 3457 4382 et
3504 4324 3722 4383 carnalis

2162 4422 2451 4478 derelictus
2486 4417 2837 4486 imperfectus
2865 4420 2969 4473 erit
3003 4435 3018 4472 :
3047 4418 3343 4489 imaginem
3375 4419 3596 4489 quidem
3636 4418 3722 4471 ha-

473 4512 618 4585 ginis
646 4514 785 4568 ratio
810 4522 930 4585 post
972 4515 1407 4569 incarnationem
1458 4516 1615 4587 longe
1665 4518 1868 4575 clarius
1901 4521 2058 4575 cfl‘ul-
2089 4509 2133 4565 Ῐ)
2163 4517 2296 4571 hens
2326 4517 2377 4569 in
2405 4515 2688 4586 plasmate,
2719 4512 3132 4569 similitudinem
3162 4529 3292 4569 vero
3314 4529 3421 4569 non
3453 4524 3721 4568 assumens

471 4611 567 4673 sit,
599 4625 760 4678 quam
784 4617 912 4665 ante
939 4627 954 4664 :
988 4610 1170 4668 Verbo
1221 4610 1424 4681 quippe
1446 4626 1669 4666 carnem
1714 4626 2053 4683 assumentc,

468 4716 593 4773 quae
617 4703 909 4773 aliquando
939 4712 1319 4759 resnrrectura
1350 4711 1492 4769 erat,
1524 4720 1624 4760 nec
1652 4706 1706 4759 in
1738 4709 2052 4777 corruptio-

470 4808 596 4849 nem
633 4809 878 4864 cessura,
914 4809 981 4851 eo
1002 4796 1208 4851 veritas
1233 4794 1490 4866 imaginis
1520 4796 1866 4853 manifestius
1893 4815 2049 4855 com-

467 4886 698 4956 probata
730 4897 835 4954 est,
862 4903 970 4955 quo
996 4888 1307 4944 certissima
1332 4887 1446 4956 jam
1476 4902 1601 4956 spes
1642 4886 1744 4943 fuit
1802 4900 2047 4945 nostram

467 4991 711 5039 carnem,
746 4978 896 5034 illius
917 4979 1069 5034 carni
1103 4979 1196 5050 qui
1223 4980 1616 5049 primogenitus
1645 4978 1745 5035 fuit
1776 4980 1827 5035 in
1859 4982 2047 5038 multis

466 5066 752 5132 fratribus,
784 5077 839 5123 et
874 5070 1128 5139 primitiae
1154 5071 1538 5127 dormientium
1569 5083 1733 5142 atque
1760 5088 2050 5143 resurgen-

470 5159 611 5215 tium
671 5159 852 5217 factus
900 5172 1004 5227 est,
1039 5164 1586 5231 consubstantialem,
1642 5174 1697 5221 et
1742 5166 1912 5235 ipsam
1948 5168 2050 5224 ali-

467 5252 691 5320 quando
724 5268 825 5325 per
848 5269 973 5311 eum
1020 5271 1051 5311 a
1093 5260 1444 5328 corruptiOne
1479 5258 1866 5313 vindicandam
1898 5274 2045 5325 esse,

468 5356 537 5398 ac
566 5342 1039 5402 immortalitatem
1068 5358 1486 5405 consecuturam
1516 5367 1530 5404 :
1571 5368 1590 5402 t
1627 5361 1686 5405 ut
1721 5366 1843 5407 cum
1873 5367 2045 5423 appa-

470 5436 665 5502 ruerit,
698 5437 919 5507 usimiles
974 5439 1026 5496 ei
1078 5441 1273 5509 simus,
1310 5462 1331 5497 ι
1383 5452 1442 5497 ut
1506 5442 1750 5514 loquitur
1805 5442 2047 5503 Joannes

468 5528 749 5601 apostolus
776 5531 841 5585 ³⁸.

540 5620 664 5675 119.
701 5621 854 5690 Quod
884 5627 1081 5682 attinet
1108 5627 1175 5682 ad
1206 5627 1616 5687 similitudinem
1647 5632 1742 5687 Dei
1777 5634 1829 5687 in
1859 5631 2040 5686 homi-

2163 4625 2260 4681 per
2282 4607 2564 4678 Spiritum,
2585 4627 2604 4660 ι
2627 4616 2734 4665 etc.
2765 4605 2866 4662 Ubi
2885 4607 3026 4676 quod
3053 4604 3316 4677 Spiritum
3343 4616 3722 4675 sanctumpar—

2163 4714 2268 4758 tem
2294 4702 2533 4757 hominis
2554 4711 2734 4769 vocat,
2762 4700 3137 4757 difﬁcultatem
3164 4702 3366 4757 habere
3392 4717 3502 4757 non
3531 4706 3717 4769 potest.

2158 4798 2347 4867 Neque
2369 4797 2536 4863 enim,
2571 4806 2631 4850 ut
2658 4796 2927 4851 orationis
2953 4804 3242 4851 contextus
3286 4807 3480 4865 aperte
3512 4796 3719 4851 demon-

2158 4900 2319 4957 strat,
2354 4891 2421 4943 de
2454 4889 2672 4943 homine
2709 4888 2762 4941 in
2791 4897 2934 4943 statu
2967 4888 3225 4955 naturali,
3280 4904 3375 4944 seu
3412 4891 3479 4944 de
3525 4889 3589 4943 iis
3611 4884 3718 4955 qui-

2155 4987 2257 5041 bus
2291 4985 2528 5040 essentia
2562 4985 2820 5049 hominis,
2846 4993 3115 5053 quatenus
3163 4984 3324 5039 homo
3373 4994 3481 5049 est,
3527 4978 3717 5039 consti-

2154 5079 2345 5144 tuitur,
2379 5077 2469 5132 hic
2497 5078 2723 5132 disserit
2754 5088 2947 5133 auctor
2988 5088 3194 5143 noster;
3222 5079 3316 5132 sed
3351 5077 3419 5132 de
3468 5078 3535 5133 iis
3589 5078 3716 5129 dun-

2153 5179 2330 5233 taxat,
2362 5184 2482 5239 qua:
2525 5169 2835 5225 necessaria
2879 5178 3007 5224 sunt
3054 5180 3114 5224 ut
3161 5169 3425 5237 spiritalis
3457 5182 3523 5223 ac
3549 5164 3714 5239 perfe-

2152 5266 2276 5313 ctus
2302 5258 2353 5310 in
2378 5271 2580 5328 genere
2601 5258 2999 5327 supernaturali
3027 5259 3136 5313 fiat.
3164 5258 3349 5329 Neque
3370 5259 3421 5313 in
3449 5259 3503 5314 id
3535 5260 3715 5313 absur-

2154 5353 2343 5409 ditatis
2372 5368 2546 5421 genus
2566 5353 2825 5425 delapsus
2865 5362 2973 5419 est,
3001 5363 3059 5409 ut
3085 5354 3424 5409 existimaret
3451 5352 3710 5409 hominem
3778 5383 3782 5387 ι

2153 5445 2316 5501 istum
2341 5462 2403 5502 ex
2454 5447 2570 5519 ipsa
2604 5448 2841 5519 Spiritus
2877 5448 3054 5503 sancti
3105 5449 3410 5504 substantia
3469 5458 3705 5517 tanquam

2153 5555 2219 5595 ex
2248 5548 2405 5610 parte
2442 5542 2661 5612 proprie
2703 5543 2847 5599 dicta
2890 5544 3169 5615 componi,
3210 5544 3437 5615 perinde
3468 5550 3626 5612 atque
3646 5552 3702 5595 ex

2152 5648 2383 5705 corpore
2424 5645 2479 5691 et
2502 5637 2684 5692 anima
2720 5637 3104 5708 componitur,
3143 5638 3234 5710 qui
3268 5636 3501 5709 Spiritus
3541 5636 3705 5692 sancti

543 5779 590 5814 ⁸⁸
625 5781 784 5840 Rom.
817 5802 936 5855 vin,
971 5788 1055 5844 15.
1135 5791 1177 5824 ³⁷
1208 5788 1367 5848 Joan.
1404 5807 1441 5857 l,
1487 5791 1571 5848 ll.
1650 5793 1695 5825 "
1732 5790 1751 5847 Ι
1788 5791 1943 5851 Joan.
1982 5809 2064 5861 ιιι,

2229 5794 2273 5827 ²⁹
2326 5793 2346 5851 l
2375 5795 2501 5853 Cor.
2535 5810 2596 5864 n,
2623 5794 2677 5852 6.
