3924 6354
225 350 320 409 377
1162 337 1628 398 DISSERTATIO
1659 339 1750 408 lli,
1785 337 1789 393 ἶ

1896 333 2151 393 ῙΒΕΝΑΕΙ
2182 332 2553 392 DOCTRINA.

3373 335 3475 392 578

225 471 439 544 gratiam
473 473 527 521 et
550 465 693 521 dona
725 463 1040 537 intelligere
1064 477 1125 520 se
1156 464 1449 519 manifeste
1478 462 1779 532 signiﬁcat;
1811 467 1860 524 Α
1887 460 2109 532 querela
2165 456 2550 521 servaverint;
2587 453 2705 519 Dei,
2737 451 2790 508 id
2819 461 2906 508 est
2949 452 3098 508 illam
3136 467 3259 523 qua:
3284 464 3370 508 cst
3410 457 3477 508 ad

225 582 332 637 quae
361 562 575 633 quidem
606 560 654 615 si
701 567 911 630 partem
949 558 1190 613 hominis
1221 556 1487 626 spiritalis
1530 555 1785 625 appellet,

225 674 318 714 non
345 656 446 710 alia
477 655 693 708 ratione
723 663 933 722 partem
967 665 1090 706 esse
1119 649 1254 714 vult,
1284 664 1449 718 quam
1498 663 1604 717 qua
1656 649 1788 702 cha-

226 753 368 813 ritas,
397 746 642 816 iustitia,
689 743 984 814 etc.,justi
1017 742 1255 796 hominis
1303 749 1488 810 partes
1535 755 1657 797 esse
1705 740 1789 794 di-

224 852 426 905 cuntur;
472 848 658 907 partes
688 837 897 892 scilicet
953 834 1253 905 improprie
1307 834 1486 898 dieue,
1542 835 1667 905 quia
1701 835 1789 888 his

222 931 563 1001 qualitatibus
617 926 922 997 completur
965 927 1128 980 homo
1177 941 1243 980 ac
1289 926 1596 995 perficitur.
1651 925 1789 980 llinc

221 1022 437 1076 lrenaaus
460 1020 611 1090 quod
643 1020 798 1073 initio
831 1017 1031 1086 capitis
1057 1025 1439 1086 proposuerat,
1469 1016 1630 1083 paulo
1654 1031 1792 1071 enu-

221 1115 432 1171 cleatius
462 1113 667 1168 deinde
703 1110 1006 1180 explicans,
1055 1123 1278 1163 carnem
1314 1108 1532 1180 quidem
1568 1117 1623 1162 et
1663 1109 1788 1162 ani-

221 1223 344 1263 mam
375 1217 567 1276 partes
618 1207 856 1262 hominis
903 1215 1098 1273 vocat;
1145 1220 1251 1258 non
1300 1213 1482 1257 autem
1522 1201 1787 1272 Spiritum

221 1308 474 1356 sanctum.
516 1314 536 1348 ι
574 1297 636 1352 Si
661 1299 805 1366 quis,
834 1298 933 1360 ait,
959 1297 1112 1351 tollat
1137 1295 1451 1364 imaginem,
1485 1302 1541 1348 et
1567 1302 1788 1362 spernat

220 1389 428 1460 plasma,
482 1387 598 1456 jam
629 1404 736 1443 non
770 1387 1044 1442 hominem
1078 1386 1387 1456 intelligere
1433 1393 1632 1453 potest,
1694 1383 1788 1438 sed

221 1491 302 1535 aut
337 1489 558 1549 partem
612 1479 850 1549 aliquam
901 1479 1165 1542 hominis,
1235 1477 1321 1531 vel
1378 1477 1523 1530 aliud
1583 1475 1789 1544 aliquid

222 1589 399 1647 praeter
456 1575 765 1630 hominem.
826 1573 1014 1642 Neque
1062 1574 1206 1627 enim
1265 1570 1552 1641 plasmatio
1604 1571 1791 1624 carnis

221 1670 319 1738 ipsa
372 1667 683 1722 secundum
732 1681 790 1720 se
820 1665 982 1719 homo
1014 1663 1289 1734 perfectus
1312 1672 1426 1728 est;
1459 1663 1552 1718 sed
1589 1677 1790 1730 corpus

221 1759 462 1826 hominis,
499 1769 555 1813 et
596 1773 722 1827 pars
768 1757 1026 1812 hominis.
1065 1755 1252 1826 Neque
1305 1756 1449 1810 enim
1503 1763 1561 1809 et
1608 1755 1787 1808 anima

1896 554 2085 618 Deum,
2125 551 2284 606 ﬁdem
2321 557 2632 611 servantes,
2679 554 2736 600 et
2758 560 2880 601 eam
2919 561 3041 615 quae
3070 553 3153 600 est
3179 547 3246 600 ad
3295 549 3479 613 proxi-

1895 659 2045 700 mum
2091 643 2362 711 justitiam
2413 638 2818 695 custodientes.
2851 657 2871 690 ι
2924 637 2991 691 Et
3038 637 3216 692 adhuc
3276 637 3481 691 clarius

1892 754 2012 809 cap.
2045 738 2099 803 9,
2134 755 2189 792 n.
2219 737 2239 791 l
2274 753 2290 790 :
2328 753 2347 786 ‹
2379 735 2522 789 Sunt
2556 735 2686 798 tria,
2711 733 2910 801 inquit,
2947 747 3015 786 ex
3038 731 3259 800 quibus,
3287 746 3482 800 quem-

1890 831 2180 885 admodum
2242 829 2606 893 ostendimus,
2669 825 2948 895 perfectus
3007 825 3172 878 homo
3238 835 3478 884 constat,

1890 937 2077 986 carne,
2105 921 2311 984 anima,
2340 931 2396 974 et
2425 918 2632 989 Spiritu
2664 936 2680 972 :
2707 926 2760 972 et
2783 918 2955 971 altero
2978 916 3198 987 quidem
3234 916 3483 970 salvaute

1890 1027 1943 1071 et
1976 1015 2267 1086 figurante,
2293 1012 2383 1082 qui
2411 1020 2496 1066 est
2524 1010 2785 1081 Spiritus;
2823 1010 2995 1063 altero
3025 1008 3170 1076 quod
3200 1009 3394 1061 unitur
3417 1017 3477 1060 et

1890 1105 2176 1167 formatur,
2197 1106 2340 1173 quod
2360 1114 2442 1158 est
2472 1118 2600 1158 caro
2635 1121 2647 1156 :
2679 1103 2732 1157 id
2766 1117 2897 1156 vero
2932 1102 3076 1170 quod
3104 1101 3248 1154 inter
3269 1097 3477 1170 [CLXI]

1891 1199 2007 1252 haec
2029 1207 2112 1252 est
2139 1199 2268 1261 duo,
2303 1199 2448 1266 quod
2481 1204 2566 1250 est
2596 1196 2780 1248 anima
2815 1211 2830 1250 :
2876 1211 2997 1264 qua:
3026 1193 3322 1262 aliquando
3353 1192 3481 1260 qui-

1892 1290 2016 1345 dem
2042 1291 2382 1358 subsequens
2402 1287 2692 1357 Spiritum,
2717 1288 2959 1343 elevatur
2975 1290 3044 1342 ab
3066 1303 3130 1341 eo
3148 1304 3162 1347 ς
3188 1287 3481 1356 aliquando

1891 1392 2073 1436 autem
2110 1383 2462 1436 consentiens
2491 1383 2666 1446 cauti,
2703 1382 2908 1436 decidit
2942 1381 2994 1434 in
3055 1388 3308 1433 terrenas
3340 1394 3476 1433 con-

1892 1477 2285 1545 cupiscentias.
2317 1474 2598 1544 Quotquot
2624 1491 2758 1544 ergo
2782 1475 2833 1527 id
2866 1475 3011 1544 quod
3063 1474 3236 1527 salvat
3274 1482 3330 1527 et
3365 1471 3480 1524 for-

1894 1581 2024 1633 mat,
2074 1579 2129 1622 et
2184 1569 2450 1622 unitatem
2509 1584 2614 1622 non
2678 1569 2903 1629 habent,
2950 1568 3003 1619 hi
3055 1573 3473 1633 consequenter

1891 1669 2052 1714 erunt
2083 1667 2139 1713 et
2170 1660 2520 1714 vocabuntur
2562 1673 2696 1712 caro
2744 1667 2799 1711 et
2854 1658 3101 1726 sanguis,
3152 1657 3357 1724 quippe
3385 1657 3479 1724 qui

1892 1769 1997 1806 non
2032 1752 2236 1805 habent
2262 1751 2530 1820 Spiritum
2580 1751 2674 1805 Dei
2729 1751 2782 1803 in
2815 1763 2943 1804 se...
2977 1748 3257 1816 Quotquot
3301 1757 3484 1801 autem

220 1854 318 1923 ipsa
367 1851 678 1907 secundum
729 1863 788 1902 se
816 1849 1012 1912 homo;
1063 1847 1158 1902 sed
1197 1848 1377 1901 anima
1415 1845 1680 1910 hominis,
1734 1853 1790 1898 et
1820 1834 1863 1887 Β
1895 1843 2091 1896 timent
2122 1844 2316 1904 Deum,
2361 1850 2421 1896 et
2458 1843 2697 1896 credunt
2728 1842 2781 1893 in
2814 1842 3110 1894 adventum
3165 1839 3290 1894 Filii
3342 1839 3483 1905 ejus,

219 1962 326 2018 pars
355 1945 630 2000 hominis.
665 1944 851 2012 Neque
884 1940 1124 2011 Spiritus
1145 1939 1346 2005 homo;
1378 1938 1614 2006 Spiritus
1635 1937 1786 1991 enim

219 2049 264 2093 et
288 2053 387 2093 non
428 2039 602 2092 homo
631 2045 881 2090 vocatur.
921 2049 940 2084 ι
975 2029 1078 2086 Ubi
1110 2029 1378 2100 Spiritum
1400 2027 1512 2098 jam
1541 2043 1648 2083 nou
1685 2027 1784 2080 ho-

1893 1943 1946 1989 et
1981 1949 2078 2004 per
2115 1935 2274 1988 fidem
2309 1935 2658 1989 constituunt
2692 1935 2742 1988 in
2771 1933 3036 1988 cordibus
3062 1935 3176 1987 suis
3213 1932 3481 2002 Spiritum

1891 2026 2008 2091 Dei;
2038 2029 2092 2082 hi
2126 2027 2265 2083 tales
2287 2027 2434 2096 juste
2468 2028 2722 2083 homines
2747 2028 3019 2094 dicentur,
3080 2035 3134 2081 et
3169 2027 3377 2092 mundi,
3427 2035 3485 2080 et

221 2131 362 2186 minis
396 2137 620 2199 partem
653 2125 913 2198 appellat,
967 2127 1064 2182 sed
1115 2121 1265 2177 aliud
1309 2121 1520 2190 aliquid
1587 2128 1789 2190 praeter
1883 2118 2388 2190 spirituales;quia
2416 2119 2623 2174 habent
2649 2119 2918 2190 Spiritum
2940 2120 3143 2185 Patris,
3177 2120 3267 2189 qui
3293 2134 3490 2173 emun-

220 2234 509 2286 hominem,
539 2219 808 2289 Spiritum
837 2217 1070 2273 scilicet.
1103 2215 1241 2271 Tum
1270 2214 1404 2284 quid
1460 2228 1558 2284 per
1612 2211 1791 2280 Spiri-
1887 2209 1981 2264 dat
2012 2209 2290 2265 hominem
2318 2218 2373 2264 et
2396 2209 2649 2266 sublevat
2684 2211 2738 2264 in
2773 2211 2943 2265 vitam
2982 2211 3101 2267 Dei.
3152 2230 3172 2263 ι
3209 2211 3340 2277 Quae
3373 2209 3482 2266 nisi

220 2321 316 2366 tum
361 2310 672 2379 intelligat,
722 2307 929 2363 clarius
989 2305 1172 2360 adhuc
1223 2317 1524 2372 exponens,
1578 2301 1730 2356 addit
1771 2317 1786 2356 :
1888 2300 1956 2354 de
2008 2299 2249 2369 Spiritus
2306 2303 2487 2360 sancti
2539 2302 2718 2373 gratia
2767 2311 2824 2358 et
2876 2303 3039 2359 donis
3086 2302 3322 2374 intelligi
3376 2317 3486 2358 non

223 2403 502 2459 «Perfecti
534 2402 724 2472 igitur,
773 2400 864 2469 qui
907 2409 964 2454 et
1019 2396 1286 2468 Spiritum
1341 2397 1392 2451 in
1427 2411 1486 2450 se
1525 2409 1789 2466 perseve-
1890 2402 2148 2463 possunt.

219 2506 410 2551 notem
452 2493 762 2551 habuerint
798 2492 914 2559 Dei,
941 2497 998 2545 et
1026 2490 1242 2545 animas
1292 2495 1350 2544 et
1398 2502 1634 2558 corpora
1671 2486 1794 2541 sine

1397 2695 2089 2848 ARTICULUS
2157 2757 2285 2844 Χ.

1024 2952 1117 3012 De
1160 2949 1527 3012 animarum
1574 2955 1803 3012 natura
1852 2954 1915 3012 et
1959 2954 2128 3011 statu
2172 2956 2315 3028 post
2359 2955 2656 3012 mortem.

280 3232 389 3288 l20.
436 3233 575 3288 Cum
613 3233 790 3303 angeli
815 3242 868 3288 et
899 3233 1095 3289 animae
1129 3236 1384 3292 humana:
1426 3238 1614 3295 eadem
1664 3241 1780 3297 fere
1808 3242 1854 3306 C
1886 3237 2120 3303 animas,
2152 3239 2364 3307 corpori
2392 3240 2445 3293 in
2477 3255 2584 3308 quo
2621 3251 2770 3306 sunt,
2797 3241 2878 3294 sic
2908 3240 3111 3309 aptari,
3147 3249 3207 3294 ut
3235 3238 3480 3309 ejusdem

215 3329 277 3383 ait
302 3331 460 3395 ratio,
503 3330 569 3383 de
604 3330 890 3398 utriusque
923 3340 1116 3384 natura
1150 3332 1292 3388 idem
1320 3336 1493 3388 sensit
1527 3337 1785 3396 lrenazus.

215 3419 679 3482 Quemadmodum
709 3422 854 3476 enim
909 3422 1134 3489 angelos
1163 3440 1230 3478 ex
1260 3428 1488 3480 materia
1538 3429 1790 3487 subtilis-

215 3512 333 3565 sima
367 3521 669 3567 concretos
697 3527 819 3567 esse
844 3515 1218 3581 existimavit;
1253 3518 1332 3571 sic
1361 3526 1417 3572 et
1441 3519 1652 3575 animas
1687 3523 1790 3577 hu-

217 3619 387 3659 manas
427 3619 502 3659 ex
541 3607 731 3659 eadem
779 3607 1007 3661 materia
1060 3609 1391 3679 compositas
1433 3627 1556 3668 esse
1596 3615 1788 3670 voluit.

218 3694 311 3751 llas
355 3697 589 3766 quidem
643 3697 862 3765 spiritus
889 3707 942 3752 et
973 3700 1330 3768 incorporale:
1358 3717 1464 3756 non
1499 3706 1665 3759 semel
1693 3720 1790 3759 vo-

218 3796 312 3853 cat,
334 3787 432 3842 lib.
464 3787 779 3856 przesertim
805 3802 858 3851 v,
890 3802 937 3842 c.
967 3788 1000 3842 6
1032 3798 1087 3843 et
1119 3789 1172 3854 7,
1203 3791 1296 3846 sed
1322 3808 1430 3862 quo
1460 3810 1646 3858 sensu,
1671 3807 1791 3851 sta-

218 3881 300 3934 tim
334 3889 456 3951 ipse
483 3880 762 3950 explicat:
797 3897 817 3932 ‹
855 3879 1226 3950 lncorporales
1268 3887 1486 3950 animm,
1523 3888 1599 3940 ait
1642 3904 1689 3943 c.
1736 3889 1787 3956 7,

218 3985 266 4024 η.
293 3971 342 4029 1.
374 3980 649 4042 quantum
682 3971 749 4025 ad
781 3975 1244 4039 comparationem
1307 3976 1621 4031 mortalium
1670 3994 1792 4034 cor-

215 4077 425 4131 porum;
471 4083 493 4116 ι
544 4063 748 4132 quibus
804 4064 1092 4120 manifeste
1140 4066 1436 4137 significat,
1481 4070 1719 4138 animas,
1745 4074 1788 4127 si

216 4157 418 4226 quidem
457 4173 590 4211 cum
630 4157 951 4226 corporibus
996 4159 1368 4226 conferantur,
1419 4163 1792 4233 incorporales

216 4261 342 4312 esse,
367 4247 506 4318 quia
543 4247 761 4302 illorum
800 4250 1030 4304 materia
1081 4253 1340 4318 crassior,
1376 4253 1571 4307 harum
1617 4255 1793 4309 subti-

215 4337 431 4406 uorest;
463 4354 527 4393 re
561 4348 742 4393 tamen
778 4349 832 4394 et
857 4340 1106 4397 absolute
1133 4344 1482 4413 incorporeas
1514 4362 1618 4401 non
1645 4361 1788 4404 esse.

216 4429 353 4496 Quod
386 4439 445 4486 et
476 4431 768 4499 sequentia
799 4431 1144 4495 conﬁrmant,
1173 4434 1373 4503 quibus
1404 4437 1598 4505 probat
1627 4454 1693 4492 ex
1729 4440 1792 4495 iis

215 4526 458 4580 omnibus
506 4526 708 4595 quibus
769 4534 861 4578 aut
911 4528 1288 4592 constituitur,
1354 4538 1449 4582 aut
1507 4531 1791 4598 perﬁcitur

216 4614 381 4680 homo,
417 4631 650 4670 carnem
687 4616 855 4671 solam
884 4617 1168 4672 mortalem
1194 4633 1334 4682 esse,
1389 4635 1495 4674 non
1525 4621 1789 4677 animam:

221 4706 418 4764 «flatus
447 4718 539 4763 est
568 4709 717 4762 enim
765 4710 908 4777 vitae,
967 4725 1031 4764 ac
1075 4711 1304 4780 proinde
1356 4712 1722 4778 immortalis;
1762 4733 1783 4768 ι

217 4818 375 4871 neque
425 4807 598 4858 etiam
664 4803 927 4873 Spiritum
980 4815 1266 4866 sanctum,
1320 4820 1430 4874 quo
1487 4807 1792 4876 completur

219 4896 387 4963 homo,
423 4906 486 4952 ut
505 4896 776 4966 spiritalis
802 4898 925 4965 ﬁat;
968 4916 986 4948 ι
1018 4898 1411 4968 incompositus
1446 4912 1530 4954 est
1558 4903 1703 4956 enim
1737 4914 1790 4958 et

217 4992 432 5060 simplex
466 4990 722 5060 spiritus,
772 4993 861 5060 qui
919 4991 1116 5045 resolvi
1182 5009 1288 5047 non
1341 5005 1540 5064 potest,
1576 5007 1632 5052 et
1673 4998 1790 5068 ipse

219 5082 309 5136 vita
339 5093 424 5138 est
444 5097 662 5145 eorum,
692 5083 783 5150 qui
833 5085 1136 5154 percipiunt
1183 5085 1357 5141 illum.
1399 5106 1419 5139 ι
1458 5087 1558 5143 Ubi
1597 5090 1792 5147 latissi-

219 5190 353 5229 mum
382 5175 688 5230 discrimen
718 5176 859 5229 inter
900 5176 1162 5245 Spiritum
1194 5187 1249 5232 et
1301 5179 1540 5235 animam
1587 5185 1740 5252 ponit
1770 5202 1786 5239 :

217 5265 356 5321 illum
393 5268 767 5323 immortalem
804 5281 924 5323 esse
953 5272 1167 5339 probat,
1220 5273 1363 5340 quod
1399 5273 1792 5345 incompositus

217 5362 282 5418 sit
310 5371 367 5418 et
393 5361 654 5432 simplex,
691 5376 791 5415 nec
826 5362 1021 5416 resolvi
1074 5364 1245 5432 possit
1281 5382 1294 5418 :
1332 5366 1491 5434 hujus
1526 5384 1658 5424 vero
1692 5370 1792 5424 im-

217 5457 598 5511 mortalitatem
631 5470 739 5508 non
767 5469 829 5509 ea
860 5456 1071 5511 ratione
1122 5455 1300 5523 fulcit,
1331 5475 1452 5529 quae
1479 5470 1659 5517 tamen
1695 5480 1791 5535 ge-

219 5549 370 5603 nuina
406 5549 727 5618 spirituum,
784 5548 838 5603 in
889 5564 1088 5619 genere
1144 5560 1542 5621 spectatorum,
1600 5556 1789 5612 incor-

221 5641 599 5711 ruptibilitatis
648 5641 793 5695 ratio
843 5652 946 5707 est,
977 5643 1071 5697 sed
1114 5643 1332 5698 aliunde
1385 5646 1553 5713 petit;
1607 5661 1672 5701 ex
1723 5664 1789 5704 eo

218 5734 486 5798 nimirum,
515 5733 669 5806 quod
718 5729 878 5788 flatus
907 5734 1031 5788 vita:
1081 5735 1171 5790 sit.
1219 5735 1286 5788 Et
1340 5738 1470 5791 hinc
1518 5738 1660 5793 forte
1705 5751 1790 5796 est

219 5827 352 5897 Quod
388 5828 484 5885 lib.
520 5845 580 5897 ll,
612 5843 665 5885 c.
701 5827 787 5897 l9,
828 5829 962 5894 n.7,
996 5838 1048 5887 et
1072 5843 1190 5900 cap.
1225 5829 1314 5898 '54,
1366 5847 1420 5887 u.
1469 5833 1518 5902 l,
1559 5835 1785 5905 scribat,

1895 3330 2134 3384 habeant
2159 3331 2427 3399 ﬁguram;
2466 3330 2576 3384 imo
2607 3341 2660 3383 et
2704 3339 2826 3400 post
2861 3341 3090 3384 mortem
3137 3348 3157 3381 ι
3201 3333 3487 3384 characte-

1895 3437 2010 3475 rem
2042 3421 2308 3490 corporis,
2346 3422 2398 3474 in
2425 3437 2536 3490 quo
2569 3421 2734 3474 etiam
2768 3422 3114 3491 adaptantur,
3166 3423 3486 3477 custodiant

1895 3516 2170 3578 eumdem,
2228 3515 2580 3584 habeantque
2627 3516 2870 3570 hominis
2910 3517 3160 3585 figuram,
3217 3525 3274 3570 ut
3315 3516 3483 3569 etiam

1893 3619 2317 3678 cognoscantur.
2355 3627 2373 3660 ι
2418 3609 2737 3677 Quanquam
2774 3618 2972 3670 tamen,
3020 3617 3078 3660 nt
3129 3608 3181 3660 in
3227 3607 3372 3660 notis
3414 3607 3483 3661 ad

1892 3701 2253 3769 posteriorem
2307 3702 2452 3755 hunc
2505 3699 2685 3754 locum
2739 3700 3004 3763 diximus,
3053 3698 3185 3753 nihil
3233 3699 3484 3753 absolute

1893 3801 2052 3859 cogat
2101 3793 2216 3847 haec
2267 3795 2333 3846 de
2366 3801 2518 3846 certa
2567 3792 2800 3860 quadam
2853 3790 3049 3862 ﬁgura,
3094 3791 3483 3859 corporeisque

1893 3884 2036 3936 notis
2065 3883 2351 3937 animabus
2383 3881 2670 3950 impressis
2703 3880 3077 3950 interpretari.
3115 3879 3331 3933 Tenues
3360 3881 3485 3948 qui~

1893 3975 2012 4031 dem
2073 3975 2386 4029 maleriales
2435 3975 2798 4038 substantias,
2855 3973 3043 4042 quales
3102 3973 3317 4026 animas
3362 3985 3483 4025 esse

1892 4066 2409 4130 crediditlrenmus,
2441 4066 2507 4118 ad
2543 4080 2761 4129 eorum,
2788 4064 2991 4135 quibus
3028 4065 3240 4127 insunt,
3289 4079 3486 4132 corpo-

1894 4174 2016 4212 rum
2051 4157 2274 4226 ﬁguram
2308 4172 2429 4212 sese
2453 4173 2801 4225 componere,
2845 4158 3308 4226 quemadmodum
3341 4171 3482 4224 aqua

1891 4251 2060 4314 vasis,
2113 4251 2165 4303 in
2229 4249 2370 4319 quod
2422 4249 2747 4314 infunditur,
2811 4249 3040 4319 figuram
3100 4249 3279 4303 induit
3341 4248 3483 4317 (qum

1894 4343 1953 4398 S.
1994 4342 2234 4397 doctoris
2280 4341 2621 4409 comparatio
2674 4341 2778 4410 est)
2823 4342 2985 4396 facile
3035 4341 3397 4409 intelligitur:
3428 4348 3483 4392 at

1895 4435 2115 4490 easdem
2149 4433 2507 4497 substantias,
2541 4433 2743 4486 nullius
2773 4449 2838 4488 ex
2871 4450 2989 4488 sese
3018 4433 3203 4502 ﬁgura:
3235 4443 3478 4496 tenaces,

1895 4542 2100 4586 certam
2134 4541 2318 4586 tamen
2362 4530 2954 4600 ﬁguram,eertumquc
2987 4544 3315 4598 corporeum
3350 4527 3482 4581 elia-

1899 4633 2194 4686 ractercm,
2219 4632 2342 4692 post
2375 4637 2526 4676 suam
2556 4637 2585 4675 a
2615 4636 2846 4691 corpore
2890 4621 3313 4690 separatiouem,
3350 4636 3482 4673 con-

1898 4725 2107 4772 stanter
2135 4716 2375 4769 retinere
2421 4730 2618 4785 posse,
2668 4714 2760 4783 qui
2801 4713 2902 4766 sibi
2943 4713 2993 4765 in
3044 4713 3285 4766 animum
3319 4712 3480 4764 indu-

1901 4823 2024 4863 cere
2049 4809 2289 4878 potuerit
2312 4807 2572 4872 lrenaaus,
2602 4808 2686 4861 vir
2713 4807 2856 4861 acris
2887 4804 3103 4875 judicii,
3151 4805 3294 4858 haud
3322 4803 3483 4859 facile

1898 4901 2165 4970 percipiet
2210 4902 2522 4971 quisquam.
2571 4900 2782 4953 Mallem
2829 4913 2958 4968 ergo
2999 4913 3122 4952 eum
3175 4896 3482 4950 animarum

1901 4995 2280 5047 characterem
2308 5001 2363 5046 et
2390 4993 2618 5062 ﬁguram
2650 4991 2922 5058 explicare
2950 4991 3014 5044 de
3056 4999 3210 5044 certo
3246 4989 3481 5058 quodam

1897 5085 2090 5140 ordine
2137 5093 2191 5139 et
2243 5085 2432 5139 habitu
2469 5085 2537 5138 ad
2585 5098 2806 5151 corpus,
2860 5097 3021 5152 quem
3077 5091 3200 5152 post
3249 5091 3480 5135 mortem

1900 5187 2143 5244 servant,
2176 5188 2228 5234 et
2257 5193 2364 5248 quo
2412 5194 2441 5230 a
2473 5177 2795 5231 substantiis
2849 5177 3131 5245 angelicis,
3191 5175 3258 5230 ad
3311 5175 3478 5229 infor-

1901 5270 2160 5326 mandum
2218 5285 2416 5339 corpus
2462 5268 2879 5338 haudquaquam
2913 5269 3225 5334 destinatis,
3277 5266 3477 5322 distin-

1902 5376 2158 5438 guantur.
2193 5362 2427 5420 Consule
2452 5371 2612 5417 notas
2647 5364 2699 5416 in
2734 5363 2878 5417 hunc
2902 5362 3105 5417 locum.

1974 5457 2099 5513 121.
2143 5456 2282 5523 Quin
2308 5456 2622 5510 Irenazus’in
2655 5456 2721 5511 iis
2751 5471 2871 5526 quae
2905 5465 3014 5508 tum
3046 5455 3108 5508 de
3139 5451 3479 5524 angelorum,

1904 5561 2015 5607 tum
2067 5553 2134 5607 de
2188 5553 2497 5606 animarum
2545 5553 2909 5606 humanarum
2957 5560 3151 5604 natura
3198 5548 3394 5614 sensit,
3447 5563 3482 5602 a

1901 5660 2049 5701 sana:
2080 5656 2135 5700 et
2185 5644 2544 5716 philosophia:
2573 5653 2629 5698 et
2660 5646 2942 5716 theologire
2996 5643 3202 5714 legibus
3253 5641 3479 5696 aberra-

1897 5738 2060 5803 verit,
2091 5737 2276 5808 negari
2305 5753 2408 5791 non
2432 5745 2631 5809 potest.
2675 5737 2782 5793 Sed
2809 5753 2962 5793 error
2982 5747 3086 5804 est,
3136 5747 3194 5791 ut
3231 5735 3481 5808 pluribus

1902 5831 2144 5903 antiquis
2179 5831 2431 5888 l’atribus
2463 5833 2790 5899 communis,
2838 5831 2917 5889 sic
2951 5831 3201 5889 munibus
3239 5844 3307 5886 eo
3341 5829 3478 5884 faci-
