3924 6354
464 344 573 401 579

1262 337 1871 396 DISSERTATIONES
1905 333 2213 391 PREVIE
2253 335 2319 391 IN
2362 334 2617 391 IRENEI
2650 331 2917 388 LIBROS.

3516 336 3708 411 ,διο

463 458 570 516 lius
593 458 1011 525 condonandas,
1044 474 1154 530 quo
1191 456 1517 529 quaestione
1544 475 1651 514 non
1702 459 1837 514 adeo
1881 473 2047 512 accu-
2077 461 2124 517 Α
2151 455 2394 509 Primum
2429 462 2532 519 est,
2582 451 2847 507 Irenaeum
2878 449 2958 505 sic
3001 449 3069 504 ad
3113 447 3544 505 Millenariorum
3588 467 3705 507 sen-

464 560 583 604 rate
608 548 802 619 priori,
831 556 993 617 atque
1018 549 1309 617 posteriori
1333 563 1447 603 asvo
1467 548 1740 609 discussa,
1778 546 2041 614 judicium

462 659 618 697 suum
671 642 910 697 nondum
964 640 1372 710 interposuerat
1430 641 1698 695 Ecclesia.
1730 638 1877 692 Idem
1925 637 2042 691 fere

461 733 750 787 dicendum
781 735 848 787 de
879 732 1073 797 altero,
1110 746 1218 801 quo
1254 748 1376 787 cum
1405 732 1683 786 veteribus
1710 744 1815 784 non
1854 731 2041 799 paucis

460 824 720 892 deceptus
749 832 854 889 est,
879 838 1070 879 errore
1102 824 1166 877 de
1189 833 1337 876 statu
1364 823 1672 877 animarmn
1705 828 2035 880 sanctarum,

460 915 707 981 corporis
764 914 997 969 vinculis
1055 914 1378 978 solutarum,
1430 928 1569 983 quas
1618 914 1805 967 statim
1857 913 2039 967 divino

459 1016 762 1074 conspectu
797 1005 1059 1061 fruituras
1088 1007 1142 1059 in
1192 1008 1391 1059 caelum
1424 1003 1590 1072 recipi
1636 1004 1868 1073 negavit.
1902 1003 2037 1057 Eum

458 1096 675 1164 quidem
706 1097 775 1151 ab
798 1097 1120 1153 hocerrore
1162 1109 1394 1166 purgare
1429 1095 1592 1149 nixus
1633 1104 1717 1149 est
1749 1094 2036 1147 Bellarmi-

458 1200 585 1247 tius,
620 1185 714 1238 lib.
754 1200 771 1238 ι
800 1185 875 1238 De
901 1195 1070 1240 sanet.
1096 1184 1356 1238 beatitud.
1394 1199 1445 1242 c.
1486 1184 1543 1249 4,
1572 1185 1667 1239 sed
1712 1196 1936 1254 prorsus
1964 1184 2041 1238 in-

458 1273 692 1329 feliciter
722 1290 735 1327 :
766 1281 877 1327 tam
914 1286 1104 1344 aperta
1145 1274 1413 1345 siquidem
1470 1275 1658 1329 Irencei
1718 1277 1904 1343 opinio
1930 1286 2033 1342 est,

457 1367 861 1434 posterioribus
889 1382 987 1420 sex
1023 1366 1142 1420 libri
1174 1367 1672 1436 quintipapitibus,
1712 1375 1772 1419 ut
1820 1382 1939 1420 eam
1968 1367 2036 1421 ad

455 1466 727 1526 receptam
761 1459 919 1512 hodie
950 1458 1002 1511 in
1038 1467 1151 1512 tota
1204 1458 1448 1513 Ecclesia
1500 1458 1770 1513 catholica
1810 1468 2034 1513 senten-

454 1549 588 1603 tiam
635 1563 896 1604 revelare
953 1550 1110 1614 velle,
1146 1550 1371 1605 laterem
1424 1552 1651 1605 crudum
1708 1550 1893 1605 lavare
1940 1552 2032 1607 sit.

454 1642 755 1712 Eapropter
812 1642 1198 1713 Hieronymus,
1257 1644 1350 1713 qui
1384 1642 1568 1699 ἰηιηωί
1602 1645 1806 1713 scripta
1846 1645 2033 1700 sedula

454 1749 619 1788 manu
646 1742 979 1797 versaverat,
1016 1734 1212 1802 cuique
1257 1746 1545 1804 perspecta
1582 1744 1702 1790 erat
1750 1734 1809 1789 S.
1844 1738 2036 1792 docto-

2147 543 2372 598 tentiam
2428 544 2747 605 accessisse,
2810 547 2869 594 ut
2918 553 2948 592 a
2979 537 3225 594 Cerinthi
3271 540 3558 608 impietate
3594 556 3708 611 pro-

2144 634 2231 689 cul
2293 635 2599 689 recesserit.
2656 634 2756 688 Hic
2821 633 3018 701 quippe
3074 631 3506 695 Millenariorum
3558 648 3707 700 cory-

2143 728 2328 795 phaaus
2360 724 2657 790 ell‘uticbat,
2682 723 2912 778 Eusebio
2958 730 3116 785 teste,
3146 722 3237 777 lib.
3260 738 3319 776 ιιι
3369 722 3512 777 Hist.
3546 740 3593 778 c.
3622 725 3704 790 28,

2143 827 2267 889 post
2295 819 2545 873 humana:
2577 818 2757 872 carnis
2788 816 3243 871 resurrectionem
3272 814 3517 869 futurum
3543 824 3706 870 terre-

2142 924 2272 963 num
2306 909 2507 963 Christi
2534 922 2786 977 regnum,
2817 916 2872 962 et
2896 903 3286 975 Hierosolymis
3318 906 3569 960 homines
3596 920 3708 960 car-

2142 1000 2228 1054 nis
2254 998 2669 1067 cupiditatibus,
2705 1012 2768 1053 ac
2799 996 3136 1066 voluptatum
3173 995 3451 1051 illecebris
3477 997 3707 1050 servien-

2144 1099 2250 1155 tes,
2288 1090 2435 1144 mille
2459 1104 2631 1145 annos
2655 1090 2707 1143 in
2741 1089 3055 1158 nuptiarum
3090 1087 3244 1142 festis
3295 1095 3354 1141 et
3399 1086 3707 1141 celebritate

2140 1192 2583 1251 consumptnros.
2620 1181 2792 1248 Quam
2829 1181 3158 1249 impietatem
3199 1179 3540 1232 exhorruere
3572 1192 3706 1232 sem-

2139 1286 2236 1341 per
2264 1270 2519 1326 Ecclesize
2542 1271 2771 1338 Patres;
2810 1284 2915 1325 nou
2951 1270 3026 1323 ita
3061 1283 3191 1324 vero
3242 1269 3442 1337 dogma
3491 1268 3704 1324 alterius

2140 1364 2570 1419 Millenariorum
2643 1362 2981 1431 antesignani
3061 1360 3269 1430 Papiae,
3341 1359 3593 1425 Joannis,
3652 1370 3703 1415 ut

2140 1457 2336 1513 scribit
2368 1456 2622 1521 lrenaeus,
2663 1473 2681 1507 ι
2716 1454 3002 1519 auditoris,
3042 1452 3323 1523 Polycarpt
3362 1463 3547 1508 autem
3577 1468 3701 1508 con—

2138 1549 2471 1615 tubernalis,
2516 1566 2535 1601 ι
2567 1548 2658 1617 qui
2681 1547 2928 1603 Cerintbi
2964 1546 3154 1601 deliria
3185 1548 3266 1601 sic
3300 1544 3537 1610 recoxit,
3560 1559 3703 1599 recu-

2140 1636 2345 1705 ditque,
2378 1646 2436 1691 ut
2470 1644 2681 1705 tempus
2708 1635 2843 1690 illud
2889 1634 3036 1689 mille
3081 1649 3352 1690 annorum
3408 1634 3702 1704 transigen-

2139 1729 2265 1782 dum
2301 1737 2445 1783 esset
2500 1728 2553 1781 in
2608 1727 2817 1782 deliciis
2869 1726 3229 1797 spiritalibus,
3262 1726 3524 1798 qualibus
3573 1727 3698 1781 allici

452 1830 530 1882 ris
558 1841 736 1891 meus,
765 1842 888 1881 eum
922 1827 1067 1881 inter
1122 1827 1419 1883 Chiliastas
1472 1838 1582 1883 tum
1628 1830 1682 1884 in
1718 1828 1951 1900 Prolego
1980 1834 2026 1887 iu

2131 1819 2307 1887 justos
2341 1836 2403 1875 ac
2428 1834 2590 1890 puros
2617 1819 2868 1874 homines
2899 1820 3079 1875 decet.
3106 1819 3371 1886 Quamvis
3396 1820 3485 1873 hic
3518 1819 3699 1888 Papias

453 1919 548 1974 lib.
579 1934 714 1972 xvut
761 1920 812 1973 in
846 1917 1062 1983 Isaiam,
1091 1929 1202 1974 tum
1234 1920 1360 1975 alibi
1404 1936 1691 1976 recensere
1722 1939 1827 1978 non
1872 1926 2031 1979 dubi-

455 2016 553 2062 tat.
601 2008 668 2063 Et
714 2024 902 2064 revera
947 2009 1184 2077 ingenue
1231 2009 1396 2065 fateri
1433 2013 1713 2077 debemus,
1741 2012 2031 2083 Irenaeum,

451 2100 580 2154 dum
608 2102 789 2155 acrius
819 2102 1122 2157 insectatur
1168 2101 1480 2169 Gnosticos,
1518 2107 1778 2175 tingentes
1810 2110 2033 2176 Spirita-

452 2189 583 2246 lium
624 2207 846 2246 suorum
874 2193 1107 2256 animas,
1145 2194 1325 2249 statim
1351 2203 1411 2248 ut
1444 2210 1475 2249 a
1509 2210 1739 2266 corpore
1767 2199 2034 2254 discesse-

452 2282 561 2336 rint
586 2282 665 2335 ire
687 2283 753 2337 ad
788 2293 1038 2348 matrem,
1067 2284 1151 2338 vel
1181 2284 1247 2339 ad
1278 2300 1424 2351 eum,
1450 2301 1611 2355 quem
1646 2290 2033 2345 comminisce-

450 2373 653 2427 bantur
676 2374 907 2435 Patrem,
935 2390 1099 2430 carne
1125 2377 1342 2431 interim
1369 2390 1631 2433 aeternum
1656 2380 2029 2447 dissolvenda,

452 2465 506 2520 in
538 2466 765 2520 alteram
799 2468 976 2537 ipsum
1003 2479 1306 2524 extremam
1355 2473 1683 2527 sententiam
1730 2475 1904 2529 abire.
1934 2473 2033 2528 Ne-

448 2566 545 2626 gat
607 2560 805 2629 quippe
864 2561 1135 2629 justorum
1188 2563 1399 2617 animas
1455 2564 1640 2619 statim
1693 2574 1816 2633 post
1868 2580 2026 2620 suum

446 2662 688 2716 corpore
744 2648 1050 2703 discessum
1121 2649 1302 2704 divino
1373 2662 1670 2720 conspectu
1728 2654 1873 2716 frui;
1934 2654 2029 2709 sed

451 2756 476 2790 ς
512 2739 665 2795 abire
702 2758 722 2792 ι
758 2740 875 2794 vult
902 2759 922 2792 ι
958 2741 1009 2794 ἰιι
1045 2741 1367 2796 invisibilem
1414 2742 1592 2797 locum
1634 2745 1915 2799 delinitum
1946 2748 2027 2800 eis

448 2846 480 2883 a
515 2829 647 2894 Deo,
675 2841 733 2887 et
766 2832 838 2887 ibi
882 2848 1053 2903 usque
1082 2834 1149 2887 ad
1185 2834 1641 2889 resurrectionem
1678 2838 2027 2904 commorari,

446 2923 782 2979 sustinentes
806 2926 1300 2993 resurrectionem;
1349 2934 1472 2995 post
1526 2926 1857 2995 recipientes
1906 2944 2030 2982 cor-

450 3029 608 3083 pora,
632 3024 687 3068 et
714 3014 954 3082 perfecte
980 3025 1351 3082 resurgentes,
1384 3018 1487 3070 hoc
1517 3024 1619 3080 est,
1646 3018 2025 3085 corporaliter,

2138 1913 2220 1966 vir
2245 1921 2491 1977 csset,ut
2513 1914 2589 1967 ait
2618 1914 2885 1967 Eusebius
2917 1912 3011 1966 lib.
3045 1927 3105 1966 ιιι
3151 1912 3371 1975 Ilist.,c.
3394 1911 3699 1981 59,«σφόδρα

2137 2003 2365 2073 σμικρὸς
2396 2002 2470 2055 ὢν
2502 2002 2592 2054 τὸν
2617 2000 2769 2066 νοῦν,
2853 2000 3112 2055 mediocri
3145 2000 3437 2053 admodum
3476 1999 3697 2067 ingenio,

2135 2106 2194 2150 ut
2230 2111 2295 2149 ex
2324 2096 2543 2165 scriptis
2567 2094 2711 2148 illius
2743 2091 3018 2160 conjicere
3064 2092 3212 2157 licet,
3255 2110 3277 2141 ›
3327 2090 3422 2160 qui
3463 2090 3601 2145 male
3627 2091 3699 2143 in-

2137 2188 2372 2243 tellectis
2413 2185 2783 2256 apostolorum
2836 2183 3265 2248 narrationibus,
3319 2198 3425 2238 nec
3474 2182 3557 2243 iis,
3591 2197 3698 2251 qua:

2137 2292 2340 2335 arcano
2362 2279 2596 2347 quodam
2627 2291 2788 2332 sensu
2823 2285 2877 2330 et
2902 2275 3139 2344 exempli
3172 2288 3341 2329 causa
3389 2272 3459 2326 ab
3492 2272 3592 2326 illis
3623 2273 3697 2326 di-

2132 2371 2416 2434 cebantur,
2476 2369 2612 2423 satis
2663 2365 3088 2430 animadversis,
3139 2363 3293 2434 plura
3359 2361 3558 2415 fabulis
3586 2376 3698 2431 pro-

2132 2458 2283 2530 piora
2337 2461 2493 2516 libris
2517 2460 2630 2515 suis
2654 2459 2905 2523 inseruit,
2932 2467 3323 2524 terrenumque
3353 2454 3485 2509 illud
3509 2453 3694 2509 Christi

2132 2567 2357 2623 regnum
2411 2561 2752 2606 commentus
2803 2558 2923 2616 est;
2978 2550 3121 2619 quod
3183 2559 3366 2602 tamen
3423 2560 3452 2599 a
3505 2546 3697 2600 Joanne

2130 2643 2395 2716 Apostolo
2432 2642 2715 2697 institutus
2766 2651 2935 2708 esset,
2972 2639 3221 2710 pluribus
3263 2650 3391 2709 post
3423 2641 3591 2710 ipsum
3614 2652 3696 2692 ec-

2133 2737 2452 2796 clesiasticis
2475 2735 2859 2807 scriptoribus,
2895 2736 3132 2791 hominis
3158 2736 3543 2790 auctoritatem
3586 2732 3695 2800 plus

2130 2845 2284 2900 aequo
2309 2833 2579 2897 reveritis,
2614 2846 2678 2887 ac
2711 2829 2918 2886 Irenaeo
2947 2833 3000 2884 in
3035 2831 3244 2901 primis,
3274 2829 3523 2899 ejusdem
3549 2842 3692 2883 erro-

2131 2923 2208 2977 ris
2240 2922 2587 2978 occasionem
2622 2921 2877 2991 praebuit.
2930 2920 3085 2976 Alios
3124 2923 3394 2990 quosdam
3430 2919 3694 2990 presbyte-

2128 3029 2256 3083 ros,
2330 3012 2559 3068 Joannis
2585 3013 2902 3081 discipulos,
2951 3011 3192 3079 ejusdem
3244 3011 3526 3081 opinionis
3573 3024 3689 3080 pro-

445 3108 904 3175 quemadmodum
930 3116 984 3161 et
1008 3108 1266 3162 Dominus
1299 3109 1620 3173 resurrexit,
1656 3109 1735 3164 sic
1770 3122 2026 3167 venturas
2052 3150 2094 3207 Ο
2130 3117 2482 3179 pugnatores,
2533 3109 2625 3162 sed
2685 3106 2926 3174 ejusdem
2978 3106 3234 3176 ponderis
3281 3107 3557 3171 homines,
3592 3120 3693 3160 me-

448 3197 506 3250 in
540 3207 889 3267 conspectum
923 3199 1038 3255 Dei.
1079 3219 1097 3252 ι
1135 3199 1267 3263 Imo,
1301 3200 1445 3269 quod
1488 3200 1650 3268 paulo
1700 3203 1873 3271 magis
1916 3212 2025 3256 slu-

448 3288 710 3357 pendum,
756 3304 850 3343 eos
891 3290 1057 3344 etiam
1087 3303 1117 3342 e
1155 3292 1473 3355 catholicis,
1509 3292 1600 3362 qui
1633 3306 1794 3348 secus
1832 3295 2026 3350 sentie-

449 3379 605 3441 bant,
638 3380 847 3433 erroris
885 3396 1117 3451 arguere
1151 3397 1256 3435 non
1287 3382 1521 3446 dubitat,
1560 3384 1717 3451 quasi
1756 3386 1851 3453 qui
1882 3403 1901 3436 ι
1932 3402 2025 3440 su-

450 3471 905 3541 pergrederentur
935 3474 1183 3528 ordinem
1230 3476 1590 3541 promotionis
1631 3478 1937 3547 justorum,
1969 3489 2024 3534 et

448 3575 631 3618 motus
654 3565 1021 3620 meditationis
1073 3584 1092 3618 ι
1150 3568 1224 3636 (id
1272 3577 1374 3630 est,
1412 3570 1843 3639 exercitationis)
1891 3588 1910 3621 ι
1954 3574 2020 3626 ad

450 3650 871 3720 incorruptelam
924 3653 1261 3721 ignorarent,
1318 3657 1606 3713 haereticos
1644 3673 1838 3714 sensus
1879 3662 1931 3714 in
1960 3676 2021 3716 se

450 3739 733 3796 habentes.
768 3762 785 3794 ι
815 3742 968 3808 Quos
994 3760 1059 3797 ex
1091 3759 1156 3797 eo
1202 3745 1421 3810 refellit,
1472 3750 1614 3816 quod
1665 3750 1889 3805 minime
1929 3754 2023 3806 dc-

446 3842 573 3887 ecat
606 3833 809 3889 Christi
833 3836 1131 3907 discipulos
1156 3839 1307 3906 prius
1338 3839 1390 3893 in
1420 3840 1621 3894 coelum
1657 3846 2025 3901 conscendere

448 3941 615 3995 quam
646 3928 903 3997 magister
956 3930 1071 3999 ipse
1112 3932 1443 3987 ascenderit.
1506 3951 1525 3984 ι
1562 3933 1865 3999 Quomodo
1895 3952 2023 4005 ergo

450 4015 714 4084 magister
743 4027 931 4072 noster
962 4035 1066 4074 non
1098 4021 1282 4075 statim
1312 4021 1534 4078 evolans
1566 4026 1720 4090 abiit,
1746 4028 1839 4081 sed
1865 4029 2026 4084 susti-

450 4123 590 4164 nens
613 4109 896 4165 delinitum
931 4126 960 4165 a
993 4111 1159 4167 Patre
1192 4116 1619 4171 resurrectionis
1647 4131 1758 4171 sua:
1786 4128 2020 4187 tempus,

448 4209 576 4272 post
609 4201 846 4256 triduum
885 4217 1174 4275 resurgens
1202 4216 1513 4276 assumptus
1552 4219 1676 4274 est;
1718 4212 1797 4269 sic
1831 4222 1885 4265 et
1925 4228 2023 4267 nos

449 4291 722 4348 sustinere
760 4294 1015 4351 debemus
1065 4297 1346 4353 delinitum
1382 4316 1410 4354 a
1444 4300 1551 4355 Deo
1608 4303 2024 4358 resurrectionis

448 4392 649 4438 nostra:
703 4392 935 4456 tempus,
980 4396 1035 4442 et
1082 4388 1163 4444 sic
1207 4402 1557 4459 resurgentes
1594 4395 1820 4459 assumi,
1866 4406 2023 4463 quot-

2128 3212 2307 3254 morat
2340 3201 2594 3255 lrenaeus.
2624 3200 2686 3254 2ο
2727 3200 2931 3253 Horum
2979 3199 3268 3255 sententiae
3320 3198 3592 3253 calculum
3621 3198 3692 3252 sic

2125 3292 2327 3360 adjecit
2392 3290 2450 3347 S.
2513 3293 2727 3358 doctor,
2779 3302 2838 3347 ut
2891 3290 3091 3347 terreni
3144 3290 3290 3344 illius
3324 3288 3528 3344 Christi
3556 3288 3690 3357 regni

2128 3391 2341 3451 tempus
2401 3382 2650 3451 nuspiam
2680 3380 2980 3446 definierit,
3030 3394 3129 3434 nec
3184 3380 3358 3447 mille,
3411 3388 3505 3433 aut
3556 3386 3690 3433 certo

2128 3475 2307 3544 aliquo
2340 3490 2609 3528 annorum
2638 3489 2868 3530 numero
2898 3475 3445 3543 circumscripserit;
3492 3476 3595 3529 imo
3632 3486 3690 3525 ne

2127 3567 2293 3621 semel
2337 3566 2555 3635 quidem
2618 3568 2905 3635 protulerit
2957 3566 3240 3637 vulgatum
3294 3567 3449 3620 illum
3493 3569 3690 3633 Apoca-

2126 3657 2338 3726 lypseos
2372 3656 2547 3709 lecum
2579 3671 2593 3709 :
2631 3674 2649 3707 ι
2686 3658 2857 3710 Erunt
2888 3657 3199 3711 sacerdotes
3250 3655 3346 3711 Dei
3382 3668 3438 3712 et
3480 3654 3686 3717 Christi,

2125 3757 2181 3801 et
2222 3748 2523 3816 regnabunt
2570 3764 2693 3801 cum
2744 3748 2837 3802 illo
2867 3749 3015 3803 mille
3053 3750 3250 3815 annis;
3301 3769 3319 3803 ι
3360 3766 3470 3819 quo
3503 3758 3687 3808 tamen,

2126 3854 2221 3893 ceu
2258 3838 2633 3905 fundamento,
2662 3840 3010 3908 potissimum
3066 3841 3345 3896 nitebatur
3373 3839 3687 3895 Millenario—

2124 3946 2244 3984 rum
2281 3933 2570 3986 sententia.
2612 3933 2675 3987 3°
2712 3933 2766 3987 ld
2802 3934 3139 3988 discriminis
3187 3935 3523 3988 constituere
3547 3930 3685 3984 vide-

2127 4032 2216 4077 tur
2244 4023 2384 4077 inter
2426 4034 2744 4094 martyrum,
2779 4025 3119 4095 aliorumque
3152 4024 3431 4093 justorum
3467 4023 3681 4082 animas,

2125 4113 2313 4166 utilia:
2340 4114 2601 4181 singulari
2653 4118 3012 4185 praerogativa
3068 4116 3253 4170 statim
3306 4115 3600 4170 ascendant
3624 4110 3684 4164 ad

2126 4204 2365 4272 Patrem,
2424 4221 2488 4261 ac
2535 4205 2757 4276 proinde
2799 4206 2851 4259 in
2893 4206 3091 4263 caelum
3156 4207 3537 4276 recipiantur;
3571 4203 3681 4257 alia:

2123 4315 2255 4355 vero
2284 4314 2474 4353 omnes
2530 4300 2598 4353 ad
2646 4299 2940 4353 invisibilia
2992 4299 3108 4354 loca
3145 4303 3368 4366 abeant,
3412 4312 3680 4371 corporum

2124 4391 2588 4444 resurrectionem
2646 4400 3049 4457 exspectantes.
3110 4409 3127 4441 ι
3183 4389 3447 4455 Ecclesia,
3524 4386 3682 4455 inquit

448 4486 580 4545 quot
636 4476 894 4533 Dominus
956 4481 1023 4533 ad
1075 4480 1176 4533 hoc
1243 4482 1433 4551 dignos
1496 4483 1778 4537 habuerit.
1826 4505 1843 4537 ι
1882 4484 2017 4540 Tres

2131 4479 2220 4535 lib.
2244 4495 2318 4543 tv,
2351 4495 2401 4536 c.
2437 4482 2526 4546 55,
2560 4497 2613 4535 ιι.
2647 4480 2699 4545 9,
2726 4479 2955 4534 omniiin
2989 4479 3145 4543 loco,
3171 4482 3242 4535 ob
3273 4496 3393 4535 eam
3424 4493 3579 4550 quam
3598 4476 3682 4528 ha-

445 4571 674 4639 proiude
719 4573 1023 4626 animarum
1058 4583 1371 4627 sanctarum
1399 4575 1562 4630 veluti
1596 4578 1862 4631 stationes
1910 4579 2014 4633 dis-

448 4661 649 4732 tingnit
694 4661 976 4719 Irenarus:
1020 4666 1250 4735 primam
1300 4667 1351 4721 in
1396 4667 1511 4721 loco
1559 4672 1795 4737 quodam
1832 4671 2019 4725 invisi-

446 4753 568 4818 hili,
594 4754 646 4807 in
671 4770 779 4822 quo
809 4756 1042 4811 detineri
1075 4771 1167 4811 eas
1212 4759 1493 4812 contendit
1548 4761 1615 4813 ad
1675 4763 2022 4815 resurrectio-

446 4845 730 4915 nisusque
758 4858 1004 4917 tempus;
1043 4850 1270 4904 alteram
1314 4851 1368 4904 in
1414 4858 1626 4904 terrena
1681 4850 2016 4905 llierusalcm

449 4936 753 4991 instaurata
793 4948 847 4994 et
879 4952 1157 5008 renovata,
1205 4943 1287 4996 vel
1321 4943 1374 4995 in
1415 4944 1670 5011 paradiso
1726 4946 2014 5009 terrestri;

448 5027 502 5081 in
537 5027 733 5097 quibus
764 5031 863 5084 sub
894 5032 1122 5101 imperio
1154 5043 1210 5087 et
1252 5036 1645 5104 gubernatione
1690 5034 1916 5101 Christi,
1970 5038 2020 5089 in

446 5133 659 5173 summa
709 5121 910 5189 quiete,
960 5137 1023 5176 ac
1082 5127 1443 5179 secundarum
1496 5142 1677 5180 rerum
1737 5126 2017 5181 alllnentia

446 5209 703 5277 degentes
748 5228 767 5260 ι
811 5222 1227 5282 crescentesque
1277 5230 1344 5269 ex
1391 5216 1601 5270 visione
1652 5217 1887 5285 Domini,
1922 5235 2021 5288 per

448 5299 622 5368 ipsum
674 5314 990 5357 assuescent
1041 5320 1237 5372 capere
1277 5306 1503 5375 gloriam
1564 5308 1655 5361 Dci
1716 5308 1931 5372 Patris;
1988 5328 2005 5360 ι

449 5393 665 5444 tertiam
696 5392 910 5447 demum
957 5394 1009 5447 in
1052 5410 1217 5463 regno
1262 5398 1546 5463 cmlorum,
1601 5400 1656 5452 in
1713 5416 1820 5469 quo
1852 5400 2019 5469 ipsius

449 5484 629 5540 Patris
661 5498 949 5558 conspectu
973 5501 1232 5545 aeternum
1264 5492 1531 5548 fruentur.
1570 5493 1642 5547 Ea
1676 5510 1807 5550 vero
1839 5496 2020 5550 omnia

449 5577 685 5634 Irenzeus
708 5583 980 5651 congestis
1004 5584 1241 5656 undique
1293 5589 1587 5658 Scripturce
1643 5604 1815 5644 sacrae
1861 5589 2021 5643 testi-

450 5670 669 5737 tnoniis,
705 5688 803 5741 pro
837 5674 979 5728 virili
1016 5692 1113 5731 sua
1150 5683 1380 5749 probare
1412 5683 1626 5736 nititur.

520 5761 750 5835 [CLXII]
786 5765 903 5821 122.
931 5765 1174 5837 Quatuor
1200 5780 1375 5828 tamen
1404 5773 1491 5829 hic
1525 5773 1800 5830 observari
1834 5771 2014 5828 velim.

2126 4574 2216 4627 bet
2247 4589 2373 4643 erga
2396 4573 2563 4628 Deum
2584 4573 3362 4638 dilectionem,multitudinem
3398 4581 3677 4638 martyrum

2125 4665 2180 4717 in
2216 4663 2363 4718 omni
2408 4674 2646 4733 tempore
2682 4664 2962 4734 praemittit
2990 4664 3055 4718 ad
3077 4662 3315 4719 Patrem.
3354 4681 3374 4715 ι
3409 4663 3463 4717 Si
3495 4667 3679 4728 marty-

2125 4770 2211 4810 res
2258 4756 2663 4825 prmmittuntur
2714 4757 2781 4810 ad
2824 4755 3067 4821 Patrem,
3105 4755 3320 4809 exteris
3362 4768 3491 4823 ergo
3533 4749 3680 4819 justis

2139 4857 2405 4916 praeeunt,
2443 4848 2531 4918 qui
2566 4849 2716 4917 prius
2763 4848 2890 4902 illuc
2924 4863 3029 4901 non
3067 4846 3423 4916 perveniunt,
3449 4857 3600 4913 quam
3628 4838 3676 4892 in

2128 4947 2344 4993 terreno
2361 4938 2559 4993 Christi
2582 4953 2744 5005 regno
2767 4958 2783 4988 ι
2811 4954 2876 4993 ex
2897 4940 3102 4994 visione
3117 4937 3353 5003 Domini,
3375 4953 3466 5008 per
3484 4936 3670 5003 ipsum!

2125 5031 2385 5097 paulatim
2443 5050 2462 5083 ι
2518 5032 2857 5086 assueverint
2914 5046 3110 5101 capere
3167 5030 3397 5101 gloriam
3440 5025 3669 5083 Patris.»

2131 5124 2195 5176 4°
2222 5121 2447 5177 Demum
2468 5123 2685 5178 cmteris
2717 5123 2969 5178 omnibus
2994 5122 3213 5194 gravius
3244 5132 3349 5187 est,
3369 5119 3507 5189 quod
3525 5113 3675 5185 signi-

2128 5216 2289 5270 ﬁcare
2318 5216 2530 5270 videtur
2553 5213 2807 5281 lrcnaeus,
2840 5228 2946 5268 non
2992 5229 3182 5269 omnes
3235 5214 3424 5268 beatos
3469 5210 3519 5263 in
3546 5206 3670 5261 casio

2124 5305 2357 5369 futuros,
2377 5307 2467 5360 sed
2487 5305 2695 5375 aliquos
2714 5307 2764 5359 in
2783 5305 2944 5372 C(BIO,
2964 5305 3175 5374 aliquos
3196 5307 3247 5359 in
3268 5303 3533 5373 paradiso,
3551 5297 3671 5353 alios

2126 5399 2178 5451 in
2212 5398 2431 5452 civitate
2469 5414 2605 5452 nova
2663 5398 3039 5462 Hierusalem;
3090 5412 3280 5451 omnes
3335 5405 3535 5458 tamen,
3566 5386 3670 5442 ubi-

2125 5504 2339 5557 cunque
2368 5489 2586 5557 fuerint,
2625 5490 2720 5545 Dei
2756 5500 3050 5560 chSpcctu
3087 5491 3368 5544 l‘ruituros.
3401 5507 3418 5540 ι
3455 5486 3670 5540 Practer-

2124 5593 2306 5647 cunte,
2365 5584 2461 5650 ait,
2514 5586 2682 5655 figura
2735 5586 2858 5649 hac,
2913 5592 2970 5637 ct
3027 5592 3289 5637 renovato
3337 5578 3575 5639 homine,
3619 5578 3667 5623 et

2124 5677 2339 5744 vigente
2368 5675 2435 5731 ad
2469 5678 2915 5749 incorruptelam,
2952 5687 3010 5732 ut
3044 5694 3150 5732 non
3190 5676 3361 5746 possit
3389 5674 3498 5743 jam
3532 5675 3667 5720 vetc-

2126 5786 2361 5842 rascere,
2396 5773 2498 5829 erit
2536 5774 2732 5831 coelum
2760 5788 2979 5839 novum,
3010 5782 3063 5828 ct
3095 5781 3242 5827 terra
3278 5784 3434 5833 nova,
3477 5764 3525 5819 in
3558 5758 3662 5831 qui'
