3924 6354
195 312 291 368 38!

703 310 815 369 ΡΒ.
853 312 1156 370 WALCHII
1194 313 1283 369 DE
1320 312 1721 371 AUTHENTIA
1759 314 1769 369 1

1874 313 2114 373 BORUM
2146 312 2403 370 ΙΒΕΝᾸΞΙ
2440 311 2601 369 ADV.
2638 308 2910 367 HERES.

3321 304 3429 362 δεῖ

198 430 291 482 bus
317 442 487 482 novus
520 432 897 499 perseverabit
930 432 1115 501 homo,
1147 448 1364 504 semper
1405 449 1542 489 nova
1574 432 1763 489 eonfa-
1790 437 1839 496 Α
1864 433 2053 489 lrenmi
2105 448 2324 489 errores
2371 430 2674 501 probando,
2727 442 2870 494 eam,
2918 437 3080 496 quam
3110 423 3168 479 S.
3200 422 3424 492 martyri

198 519 381 573 bulans
404 517 541 574 Deo.
568 520 636 575 Et
666 522 922 591 quoniam
958 526 1074 578 haec
1102 538 1315 593 semper
1336 526 1760 594 perseverabunt

197 610 303 665 sine
333 608 463 677 fine,
514 608 687 665 lsaias
738 612 814 666 ait
859 613 959 678 sic,
1019 624 1126 669 etc.
1180 613 1247 667 Et
1302 614 1757 684 quemadmodum

197 702 491 772 presbyteri
524 703 732 768 dicunt,
770 714 900 761 tunc
936 707 1028 776 qui
1064 706 1210 777 digni
1250 707 1455 762 fuerint
1499 708 1759 764 ccelorum

197 796 629 861 conversatione,
684 797 815 853 illuc
862 800 1194 866 transibunt,
1240 800 1291 854 id
1318 808 1423 865 est,
1455 800 1509 855 in
1553 800 1757 869 crelos;

197 885 276 939 alii
305 894 419 940 tute
447 888 689 955 paradisi
732 889 938 945 deliciis
975 899 1229 956 utentur;
1280 891 1372 945 alii
1425 900 1604 945 autem
1640 907 1763 962 spe-

197 976 499 1032 ciositatetn
561 979 805 1034 civitatis
852 980 1256 1049 possidebunt:
1304 982 1510 1052 ubique
1576 992 1759 1038 autem

200 1066 326 1121 Deus
376 1067 692 1131 videbitur,
750 1080 807 1125 et
855 1072 1315 1140 quemadmodum
1392 1073 1541 1141 digni
1601 1081 1764 1129 erunt

200 1162 437 1215 ridentes
463 1175 613 1216 eum.
646 1163 777 1217 Esse
801 1174 980 1217 autem
1013 1164 1325 1218 distantiam
1369 1166 1511 1220 hanc
1537 1166 1759 1221 habita-

202 1250 350 1303 tionis
373 1265 572 1307 eorum
608 1254 702 1323 qui
728 1263 947 1308 centum
978 1254 1462 1322 fructificaverunt,
1495 1265 1550 1311 et
1573 1271 1763 1312 eorum

201 1344 281 1412 qui
305 1346 618 1415 sexaginta,
651 1356 707 1401 et
739 1362 926 1402 eorum
956 1347 1051 1417 qui
1086 1346 1338 1416 triginta;
1386 1365 1615 1419 quorum
1645 1350 1765 1419 qui-

202 1436 310 1489 dam
334 1436 389 1491 in
426 1438 630 1493 caelum
658 1448 1027 1505 assumentur,
1058 1440 1150 1494 alii
1184 1441 1238 1495 in
1263 1442 1518 1509 paradiso
1540 1456 1767 1497 conver-

200 1526 478 1594 sabuntur,
513 1528 606 1583 alii
655 1529 707 1583 in
739 1530 961 1585 civitate
1001 1530 1414 1595 inhabitabunt;
1449 1541 1503 1587 et
1547 1542 1768 1602 propter

202 1618 297 1673 hoc
325 1619 535 1675 dixisse
588 1619 903 1685 Dominum,
964 1620 1161 1677 multas
1195 1636 1317 1677 esse
1354 1622 1493 1691 apud
1549 1621 1765 1678 Patrem

204 1712 525 1767 mansiones.
569 1731 589 1765 ι
618 1712 752 1767 Mira
781 1714 897 1768 htec
931 1723 986 1768 et
1017 1712 1231 1768 insolita
1280 1713 1554 1782 parabolae
1599 1716 1767 1770 semi-

204 1802 391 1866 nantis,
422 1810 483 1855 et
511 1803 791 1857 variarum
828 1804 879 1857 in
913 1802 1083 1857 altera
1119 1804 1231 1858 vita
1279 1804 1627 1859 mansionum
1667 1822 1766 1861 ex-

203 1894 449 1965 plicatio;
475 1894 595 1948 haec
618 1895 762 1948 enim
791 1893 979 1949 referri
1006 1895 1071 1950 ad
1099 1895 1325 1950 alteram
1355 1896 1548 1962 vitam,
1576 1911 1669 1950 seu
1697 1897 1764 1951 ad

206 1983 655 2037 resurrectionem
687 1985 1003 2050 secundam,
1033 1996 1322 2055 postquam
1352 1985 1626 2041 innovatis
1652 1988 1764 2057 jam

205 2074 331 2127 caelo
371 2083 426 2128 et
465 2082 617 2127 terra
677 2074 818 2130 Deus
866 2076 1157 2131 manifeste
1185 2077 1454 2131 videbitur
1511 2094 1539 2131 a
1570 2080 1765 2147 beatis,

204 2164 456 2219 orationis
523 2174 820 2221 contextus
875 2169 1162 2238 perspicue
1225 2167 1589 2223 demonstrat.
1662 2169 1767 2225 Sed

206 2254 321 2323 ista,
349 2266 407 2312 ut
438 2269 497 2312 et
528 2258 638 2313 alia
681 2276 801 2330 quze
842 2260 1027 2325 retuli,
1083 2262 1219 2316 ηαξνί
1276 2269 1424 2327 sunt,
1471 2277 1607 2332 quos
1635 2277 1767 2317 con-

207 2350 363 2403 traxit
419 2349 667 2406 lrenaaus
723 2366 793 2406 ex
842 2351 1010 2406 nimia
1058 2352 1112 2406 iu
1156 2352 1399 2408 seniores
1433 2353 1575 2418 illos,
1630 2368 1769 2422 quos

206 2437 490 2496 identidem
525 2442 679 2506 citat,
716 2444 1087 2512 veneratione,
1129 2452 1185 2499 et
1227 2444 1429 2499 acriori
1481 2446 1769 2500 hzereticos

206 2530 551 2600 impugnandi
580 2533 781 2590 studio.

271 2622 387 2678 123.
431 2623 651 2679 Dudum
685 2625 954 2681 exsolevit
978 2640 1044 2681 ea
1077 2627 1281 2682 terreni
1329 2628 1534 2684 Christi
1566 2628 1767 2694 fabula,

204 2720 259 2768 nt
277 2724 429 2769 vocat
460 2715 849 2787 Hieronymus.
880 2715 1031 2771 Hanc
1061 2725 1241 2771 tamen
1268 2718 1383 2773 suis
1418 2734 1449 2774 e
1485 2718 1772 2775 ruderibus

205 2808 489 2862 excitatam
524 2810 835 2863 instaurare
886 2809 1082 2863 nititur
1117 2810 1188 2864 cl.
1245 2810 1511 2879 Grabius;
1551 2829 1660 2867 non
1691 2812 1774 2866 di-

204 2907 346 2953 recte
401 2900 649 2969 quidem,
688 2902 834 2956 nulla
882 2903 1151 2971 siquidem
1195 2913 1516 2974 argumenta
1564 2921 1682 2960 eam
1720 2906 1772 2960 in

202 3005 309 3046 rem
341 2992 557 3061 profert
588 3010 604 3047 :
637 2994 792 3063 ecqui
821 2994 1068 3064 proferre
1101 3006 1299 3066 posset,
1328 2998 1430 3052 nisi
1453 2998 1771 3063 straminea,

202 3093 260 3137 ut
283 3084 392 3151 ipse
425 3083 723 3153 loquitur?
754 3085 861 3140 Sed
910 3088 1030 3157 pias
1077 3094 1131 3141 et
1172 3088 1414 3143 eruditas
1465 3088 1770 3145 doctissimi

1861 526 2043 580 intulit
2072 524 2349 593 injuriam,
2383 532 2460 577 tot
2487 523 2706 578 fictitios
2751 521 2805 574 in
2847 514 3287 573 adnotationibus
3314 514 3428 568 suis

1862 616 2207 686 impingendo
2231 612 2624 682 compensare?
2643 611 2815 677 Quam
2842 624 2997 678 aequa
3020 602 3425 674 compensatio!

1862 707 2197 777 dignissima,
2233 721 2352 774 quae
2398 704 2692 761 Grabianis
2738 702 2882 757 notis
2908 698 3219 755 coronidem
3252 696 3427 764 impo-

1863 807 2038 856 neret.
2081 798 2309 867 Operam
2358 797 2550 851 lusisse
2587 808 2671 848 me
2719 802 2993 862 putarem,
3049 790 3093 846 si
3150 789 3248 842 has
3286 785 3429 841 serio

1863 892 2188 948 refellendas
2256 891 2612 959 susciperem.
2664 887 3047 944 Chiliastarum
3110 878 3429 936 ratiuncula:

1861 993 1987 1039 sunt
2019 998 2155 1053 quas
2182 982 2273 1037 alii
2316 990 2429 1036 tum
2472 990 2710 1044 veteres,
2766 989 2877 1033 tum
2934 974 3263 1030 recentiores
3321 970 3430 1038 jam

1862 1076 2080 1146 penitus
2132 1075 2541 1138 contriverunt;
2590 1082 2647 1127 et
2695 1072 2742 1126 si
2798 1069 2851 1123 id
2896 1068 2963 1122 ab
2998 1068 3079 1121 eis
3130 1064 3431 1135 praestitum

1865 1175 2023 1237 neget
2046 1165 2299 1231 Grabius,
2334 1166 2456 1221 ideo
2501 1171 2681 1232 negat,
2735 1163 2861 1231 quia
2896 1158 2981 1213 vel
3017 1158 3194 1225 legere
3218 1154 3429 1224 'piguit,

1864 1265 1951 1319 vel
2014 1262 2197 1315 animo
2247 1257 2358 1327 jam
2407 1256 2663 1311 invisibili
2716 1254 2811 1307 illo
2866 1250 3256 1306 Chiliastarutn
3311 1244 3433 1299 loco

1866 1355 2155 1412 oberrante
2178 1351 2328 1420 legit.
2362 1348 2417 1403 Id
2448 1360 2632 1404 tamen
2658 1360 2688 1397 a
2722 1345 2798 1399 cl.
2826 1343 2946 1396 viro
2978 1335 3432 1396 dissimulandum

1866 1462 1975 1502 non
2004 1451 2141 1507 erat,
2170 1444 2249 1499 sic
2280 1443 2330 1496 in
2363 1455 2484 1496 eam
2517 1439 2716 1493 abiisse
2745 1433 3069 1490 sententiam
3118 1427 3302 1484 saeculi
3346 1440 3434 1480 sea

1867 1536 2027 1592 eundi
2062 1535 2276 1598 Patres,
2308 1532 2400 1603 qui
2436 1532 2503 1585 de
2526 1539 2672 1585 statu
2700 1528 3007 1583 animarum
3048 1528 3173 1592 post
3202 1528 3433 1573 mortem

1868 1628 2161 1698 quidquam
2192 1623 2412 1692 scriptis
2437 1622 2616 1675 adhuc
2647 1617 3039 1689 superstitibus
3068 1613 3432 1681 reliquerunt,

1872 1717 2177 1773 utcandide
2206 1714 2515 1769 monuerint
2537 1711 2781 1767 Justinus
2818 1710 2870 1763 in
2895 1707 3118 1775 Dialogo
3148 1720 3265 1758 cum
3295 1700 3433 1771 Try-

1800 1828 1841 1882 Β
1870 1806 2037 1873 phone
2079 1818 2200 1873 pag.
2243 1802 2368 1867 306,
2416 1801 2552 1855 edit.
2607 1799 2935 1854 Morellianae
2980 1796 3153 1851 Paris.
3192 1791 3353 1855 1656,
3382 1801 3438 1846 et
3495 1806 3510 1825 ι

1868 1896 2103 1950 Ιτειιαευε
2139 1911 2299 1965 capp.
2334 1894 2398 1947 51
2432 1902 2487 1946 et
2526 1891 2618 1957 52,
2657 1892 2787 1947 huic
2826 1902 3157 1960 repugnasse
3212 1884 3439 1947 πολλοὺς

1866 1991 1960 2045 καὶ
1989 1989 2096 2043 τῶν
2119 1988 2220 2059 τῆς
2252 1987 2495 2059 καθαρᾶς
2524 1988 2616 2039 καὶ
2642 1983 2894 2045 εὐσεϐοῦς
2926 1982 3092 2035 ὄντων
3112 1977 3440 2052 χριστιανῶν

1866 2081 2111 2154 γνώμης,
2146 2101 2163 2133 t
2200 2081 2394 2136 multos
2448 2082 2610 2135 etiam
2661 2094 2692 2135 e
2737 2076 3088 2139 Christianis,
3145 2073 3235 2143 qui
3288 2086 3441 2142 pum

1867 2180 2077 2247 piaeque
2107 2174 2578 2240 suutsententize;
2615 2192 2633 2226 ι
2667 2171 2773 2235 vel,
2826 2180 2885 2223 nt
2916 2170 3157 2239 loquitur
3182 2168 3439 2232 Irenaeus,

1874 2286 1894 2321 t
1930 2268 2189 2336 quosdam
2222 2281 2286 2321 ex
2315 2266 2401 2321 his
2430 2265 2523 2335 qui
2556 2271 2818 2333 putantur
2858 2270 3006 2316 recte
3053 2258 3373 2313 credidisse.
3415 2274 3437 2310 ι

1870 2360 1915 2414 Α
1950 2361 2196 2430 pluribus
2231 2360 2487 2428 deinceps
2515 2366 2708 2427 aperte
2746 2356 3067 2425 impugnata
3099 2367 3222 2406 cum
3251 2350 3440 2413 fuerit,

1869 2451 2043 2508 liceta
2075 2450 2424 2521 quibusdam,
2459 2462 2557 2504 nec
2591 2446 2920 2517 ignobilibus
2963 2441 3222 2498 Ecclesia:
3263 2440 3442 2494 Patri-

1870 2544 1974 2599 bus
2010 2551 2372 2613 propugnata,
2401 2539 2688 2611 praevaluit
2711 2552 2928 2608 semper
2962 2535 3016 2589 id
3058 2533 3203 2605 quod
3239 2530 3351 2601 jam
3387 2530 3442 2585 itt

1872 2632 2114 2688 Ecclesia
2143 2631 2411 2687 catholica
2440 2630 2650 2685 obtinet
2677 2629 2895 2697 dogma.

1943 2724 2067 2779 124.
2110 2722 2217 2779 Sed
2251 2723 2469 2777 tandem
2522 2720 2650 2775 huic
2686 2716 3052 2772 dissertatioui
3093 2713 3216 2769 finis
3269 2713 3447 2782 itupo-

1872 2816 2103 2870 nendus.
2140 2813 2452 2868 Brevioretn
2480 2826 2601 2868 esse
2623 2811 2939 2877 voluissem,
2992 2809 3036 2863 si
3072 2806 3339 2861 licuisset.
3373 2802 3445 2856 At

1874 2910 2176 2980 longiorem
2202 2908 2453 2963 fecerunt
2492 2917 2605 2962 tum
2632 2906 2902 2960 intricata:
2955 2903 3196 2958 locorum
3240 2897 3443 2953 multo-

1875 3021 1994 3059 rum
2024 3002 2389 3066 difﬁcultates,
2420 3015 2537 3069 qua:
2559 2997 2905 3068 paucioribus
2949 2995 3129 3049 verbis
3180 2989 3444 3047 elucidari

1876 3096 2159 3152 commode
2210 3109 2319 3149 non
2377 3099 2665 3163 poterant;
2717 3099 2829 3142 tum
2885 3088 3204 3156 importuna:
3250 3082 3443 3135 Prote-

201 3174 545 3231 Feuardentii
582 3184 741 3232 notas
760 3180 1098 3244 exscribens,
1139 3196 1235 3236 eas
1280 3181 1481 3249 ubique
1533 3182 1769 3251 maligno

1874 3188 2160 3254 stantium,
2185 3201 2248 3241 ac
2274 3188 2326 3240 in
2358 3185 2551 3254 primis
2581 3180 2772 3252 nuperi
2805 3178 2988 3233 Irenzei
3016 3174 3245 3230 editoris
3273 3170 3443 3227 cavil-

202 3266 354 3321 dente
384 3268 659 3331 corrodit,
691 3268 1077 3345 _insinuatque
1108 3273 1312 3342 passim
1342 3289 1370 3326 a
1401 3273 1551 3329 nullo
1597 3274 1771 3329 solide

203 3358 540 3414 confutatam
576 3359 840 3416 hactenus
865 3360 1034 3418 fuisse
1062 3378 1183 3417 eam
1205 3363 1631 3419 Millenariorum
1659 3380 1776 3422 sen-

205 3450 446 3516 tentiam,
486 3450 759 3520 facileque
801 3451 997 3506 diﬂlari
1027 3468 1091 3507 ea
1123 3455 1331 3520 omnia,
1363 3456 1563 3525 quibus
1588 3458 1770 3527 impu-

201 3552 411 3608 gnatur,
476 3554 831 3613 argumenta;
896 3545 1004 3598 imo
1048 3560 1243 3614 parum
1300 3548 1455 3601 abest
1485 3548 1617 3616 quin
1649 3563 1769 3603 eam

203 3634 298 3704 ipsi
345 3633 573 3690 Christo
622 3643 679 3691 et
730 3636 992 3705 apostolis
1050 3638 1168 3705 ejus
1213 3648 1492 3707 acceptam
1547 3639 1771 3697 referat.

202 3723 359 3781 Forte
387 3726 701 3780 necessaria
730 3726 934 3783 Grabio
962 3727 1176 3783 videtur
1206 3743 1270 3783 ea
1294 3727 1500 3794 fabula,
1530 3744 1637 3800 qua
1669 3731 1774 3785 ful-

204 3818 373 3873 ciatur
420 3832 623 3872 novum
686 3817 819 3872 illud
882 3818 1094 3875 Calvini
1152 3829 1223 3882 et,
1264 3822 1600 3876 asseclarum
1654 3821 1772 3890 ejus

203 3906 412 3977 dogma,
471 3917 692 3961 sanctos
744 3907 985 3963 invocari
1042 3924 1144 3965 nec
1202 3924 1380 3980 posse,
1425 3925 1524 3965 nec
1552 3911 1772 3979 debere,

206 4007 387 4067 utpote
412 4000 507 4069 qui
538 3999 591 4053 in
622 3999 768 4055 ctelo
790 4001 1028 4054 nondum
1057 4002 1318 4071 degentes
1342 4019 1534 4074 preces
1559 4012 1775 4059 nostras

206 4093 389 4144 audire
448 4101 745 4160 nequeant.
808 4091 1039 4163 Dignum
1096 4103 1248 4148 certe
1294 4095 1493 4151 fabula:
1540 4095 1771 4150 fulcrum

205 4181 367 4236 altera
403 4182 591 4239 fabula
622 4193 728 4239 est.
777 4184 861 4239 An
909 4184 979 4240 cl.
1022 4186 1138 4240 viro
1191 4190 1408 4241 animus
1460 4196 1580 4242 erat
1612 4202 1773 4243 veros

1877 3282 2128 3346 lationes,
2169 3294 2322 3348 quas,
2355 3292 2423 3333 ne
2445 3277 2646 3334 nostris
2691 3274 2915 3328 auribus
2967 3269 3286 3337 obstrepere
3315 3279 3447 3334 per-

1879 3384 2091 3446 gerent,
2122 3373 2418 3428 dissolvere
2452 3383 2628 3439 opera:
2664 3366 2895 3438 pretium
2935 3363 3060 3416 fuit.
3117 3360 3251 3416 Cum
3298 3358 3444 3411 enim

1881 3467 2145 3535 ejusmodi
2181 3464 2492 3519 hominibus
2542 3460 2819 3528 antiquius
2876 3453 3011 3509 nihil
3064 3450 3249 3514 fuerit,
3282 3460 3444 3518 quam

1882 3569 1941 3614 ut
1990 3567 2154 3613 tanta:
2207 3552 2550 3610 auctoritatis
2610 3546 3063 3617 antiquitatisque
3123 3539 3447 3607 scriptorem

1883 3651 2080 3706 misere
2110 3650 2439 3717 discerptum
2495 3644 2562 3699 ad
2616 3651 2801 3712 partes
2855 3652 2983 3693 suas
3046 3634 3343 3693 traherent,
3388 3634 3451 3681 ut

1881 3754 2031 3799 tanta
2077 3742 2135 3797 S.
2160 3739 2370 3794 doctori
2405 3737 2563 3791 fieret
2605 3732 2828 3804 injuria,
2868 3726 3160 3784 sineudutn
3188 3737 3294 3777 non
3323 3719 3447 3774 fuit.

1882 3835 1939 3891 Si
1971 3836 2099 3907 quid
2127 3833 2271 3888 aliud
2303 3831 2356 3887 in
2394 3827 2577 3883 lrenzei
2627 3820 2875 3879 doctrina
2920 3820 3320 3907 observandum
3348 3829 3448 3868 oc-

1881 3906 2089 3992 currat,
2124 3925 2211 3980 vel
2237 3924 2364 3978 idin
2396 3919 2543 3975 notis
2568 3916 2735 3973 textui
2755 3911 3022 3979 subjectis
3046 3906 3448 3967 adnotavimus,

1880 4031 1935 4077 et
1968 4020 2056 4074 ubi
2087 4032 2222 4087 opus
2250 4017 2354 4071 fuit
2384 4014 2798 4076 illustravimus,
2834 4008 2918 4064 vel
2960 4021 3030 4062 ex
3077 4005 3145 4061 iis
3173 4016 3295 4073 qua:
3322 3999 3453 4054 bac-

1881 4123 2037 4167 tenus
2068 4111 2304 4166 diximus
2330 4108 2490 4164 facile
2513 4106 2896 4177 explicabitur.

220 4300 3432 4339 ___________________._.______

731 4468 1132 4586 CER.
1224 4469 1688 4585 GUIL.
1772 4469 2051 4582 FB.
2123 4462 2961 4580 WALCHII

1284 4692 2172 4789 COMMENTATIO
2244 4677 2328 4759 (α)

857 4887 947 4943 DE
980 4888 1330 4942 ΑΥΘΕΝΤΙΑ
1370 4885 1726 4943 LIBRORUM
1762 4884 2021 4940 IRENIEI
2052 4882 2423 4941 ADVERSUS
2457 4879 2821 4937 HIEBESES.

272 5159 601 5227 Consilium,
634 5159 775 5228 quod
804 5161 943 5230 cepi,
966 5159 1032 5214 de
1066 5160 1170 5215 fide
1198 5160 1634 5231 auctoritateque
1662 5159 1772 5216 Ire-
1803 5163 1847 5218 D
1876 5160 1994 5227 Quo
2026 5158 2201 5229 major
2230 5156 2376 5212 enim
2411 5165 2498 5211 est
2538 5169 2722 5212 rerum
2754 5154 3333 5228 pra:stantissimarum
3357 5167 3451 5207 co-

212 5259 303 5309 nari
344 5253 514 5325 paulo
539 5252 843 5307 accuratius
883 5267 1069 5308 coram
1107 5253 1260 5307 vobis
1290 5254 1639 5323 disputandi,
1687 5269 1781 5308 na-

213 5358 316 5404 tum
370 5360 501 5403 esse
541 5345 732 5401 lubens
781 5348 955 5401 fateor
992 5360 1057 5400 ex
1104 5361 1294 5403 vener.
1337 5346 1533 5402 Joann.
1572 5346 1780 5402 Saloni.

213 5439 446 5495 Semleri
480 5437 812 5505 infringendi
861 5451 981 5493 eam
1036 5436 1512 5507 labefactandique
1561 5438 1778 5493 studiis.

276 5596 357 5667 (ι)
391 5593 521 5649 “ac
542 5594 976 5667 commentatio,
1025 5608 1053 5647 a
1104 5593 1417 5667 doctissimo
1444 5592 1693 5667 Walchio
1724 5592 1780 5647 in

215 5663 491 5723 Societate
542 5663 1107 5733 Regialscientiarum
1154 5663 1495 5733 Gottingensi
1550 5664 1780 5733 recitata

217 5739 264 5799 α.
292 5753 346 5795 vt
373 5736 520 5807 Aug.
551 5725 972 5801 MDCCLXXIV,
1000 5735 1146 5806 typis
1192 5725 1447 5805 expressa
1474 5740 1559 5792 est
1600 5735 1651 5789 in
1679 5732 1785 5790 No-

1885 5253 2008 5322 pia,
2054 5266 2191 5320 quas
2239 5265 2304 5305 ex
2354 5247 2537 5303 lrenaai
2585 5247 2739 5304 libris
2772 5266 2832 5307 se
2867 5250 3126 5306 didicisse
3153 5248 3300 5303 omni
3343 5246 3457 5300 fere

1890 5354 2134 5415 tempore
2181 5346 2488 5413 gravissimi
2536 5346 2639 5400 viri
2691 5346 2871 5401 testati
2915 5352 3077 5409 sunt,
3126 5354 3326 5413 quasve
3358 5355 3459 5394 nos

1887 5438 1990 5508 ipsi
2026 5453 2094 5493 ex
2126 5438 2316 5493 eodem
2347 5437 2494 5494 fonte
2527 5439 2751 5494 haurire
2780 5438 3090 5509 pergimus;
3124 5450 3190 5491 eo
3217 5433 3477 5490 sanctius

1885 5596 1971 5676 vis
1999 5595 2404 5676 commentariis
2429 5593 2920 5676 Societatisnkegia:
2950 5591 3298 5650 scientiarum
3323 5587 3461 5649 Got-

1891 5667 2054 5737 ting.,
2078 5674 2211 5725 tom.
2252 5668 2313 5736 ν,
2341 5666 2586 5738 Gotting.
2612 5665 2773 5723 1775.
2804 5665 2961 5720 Eutr.
