3924 6354
519 318 627 396 383

1929 332 2043 390 FB.
2079 330 2372 390 WALCHII

3643 331 3734 389 S86

518 458 652 515 mihi
698 470 819 514 esse
858 456 1079 514 videtur
1103 456 1209 513 viri
1257 456 1389 514 boni
1423 457 1659 515 ofﬁcium
1709 458 1763 512 in
1810 471 1877 514 eo
1902 457 2101 527 justam
2131 461 2179 521 Α
2211 455 2419 518 omnia,
2451 453 2545 510 sed
2576 452 2631 508 in
2662 451 2894 508 aliorum
2928 448 3251 520 scriptorum
3291 446 3593 505 Gra~corum
3634 468 3736 508 mo.

486 542 817 605 "collocandi
846 562 1062 612 curam,
1095 556 1155 602 ut
1193 564 1320 603 num
1360 558 1507 604 recte
1532 548 1651 604 viro
1676 557 1731 603 et
1763 548 1958 618 quibus
1992 564 2093 603 no-

518 655 643 695 men
669 638 789 708 ejus
818 638 1040 693 inscribi
1081 636 1255 693 soleat
1283 639 1633 694 monimentis
1674 640 1990 708 credamus,
2020 655 2088 694 an

516 730 896 786 fraudatorum
938 727 1172 785 fortasse
1211 730 1541 800 impudentia
1580 730 1757 800 decipi
1791 745 1887 786 nos
1918 732 2090 801 patia-

519 838 668 886 mur,
700 831 754 876 et
792 822 950 876 nobis
978 830 1033 877 et
1064 821 1189 876 aliis
1220 830 1434 876 constet
1474 824 1807 889 argumentis
1842 824 2005 878 certis
2035 832 2091 878 et

511 912 801 981 expeditis.
837 912 980 966 Fieri
1006 926 1168 979 posse
1200 926 1359 966 nemo
1392 912 1744 981 inficiabitur,
1771 924 1828 968 ut
1849 930 1944 986 per
1969 916 2089 969 lon-

512 1018 639 1071 gum
687 1012 905 1068 tempus
934 1002 1137 1056 veteris
1166 1002 1454 1072 scriptoris
1498 1020 1661 1074 opera
1696 1007 1953 1061 nonnulla
1986 1007 2086 1061 ha-

511 1094 748 1149 beantur
780 1109 1037 1165 germana
1067 1106 1123 1151 et
1152 1112 1278 1153 vera
1304 1138 1319 1161 ,
1354 1112 1475 1166 qua:
1506 1108 1563 1153 ut
1597 1097 1732 1153 falsa
1763 1113 1881 1155 esse
1910 1106 1964 1153 et
1997 1099 2085 1154 cui

511 1188 884 1253 ascribantur,
922 1189 1163 1243 auctoris
1197 1198 1290 1243 aut
1319 1189 1538 1261 ingenio
1568 1203 1623 1247 et
1668 1192 1915 1247 doctrina
1939 1232 1954 1257 ,
1990 1201 2086 1249 aut

510 1289 675 1334 aetate
701 1281 919 1350 indigna
943 1283 1228 1350 judicent,
1256 1287 1455 1357 posteri
1488 1295 1946 1341 commoveantur.
1980 1286 2086 1343 Fas

509 1371 678 1443 igitur
708 1384 820 1437 est,
856 1376 1029 1430 audiri
1060 1392 1155 1432 eos
1177 1418 1191 1443 ,
1243 1380 1335 1449 qui
1382 1379 1507 1433 licet
1558 1388 1684 1433 ante
1708 1394 1802 1433 eos
1830 1394 1989 1433 nemo
2019 1380 2084 1433 de

511 1464 673 1536 hujus
706 1468 922 1536 generis
953 1469 1216 1525 librorum
1259 1481 1532 1527 vetustate
1563 1482 1654 1527 aut
1684 1474 1950 1542 scriptore
1980 1474 2081 1527 du-

506 1558 784 1623 bitaverit,
824 1564 986 1629 primi
1014 1580 1159 1621 nunc
1188 1564 1440 1620 dubitare
1464 1566 1686 1629 audent,
1717 1574 1770 1620 et
1791 1582 1925 1635 quas
1956 1581 2083 1637 pro-

506 1650 692 1705 ferunt
715 1652 1000 1709 dubitandi
1035 1671 1237 1712 causas
1263 1658 1494 1727 expendi
1532 1659 1935 1713 consideratius
1980 1659 2079 1712 ha-

506 1759 738 1813 rumque
780 1744 1014 1813 pretium
1067 1749 1250 1802 animo
1287 1750 1548 1817 candido,
1606 1765 1782 1819 neque
1808 1750 1931 1804 ullis
1977 1750 2077 1805 nisi

2196 546 2455 601 nimentis
2484 553 2711 599 servata:
2734 555 2861 598 sunt
2884 541 3125 612 insignes
3150 540 3321 596 Graeci
3354 550 3527 596 textus
3554 552 3733 610 partes,

2194 638 2355 692 modo
2385 637 2667 691 breviores
2697 635 2857 690 modo
2888 633 3182 704 longiores,
3213 647 3349 702 quas
3379 632 3598 685 salutari
3623 650 3732 687 con-

2194 730 2319 786 silio
2352 745 2380 784 a
2415 728 2618 785 Grabio
2660 738 2715 784 et
2759 728 3034 783 Massueto
3066 724 3476 795 diligentissime
3504 725 3735 783 collectas

2192 832 2248 877 et
2274 822 2485 877 Latinis
2518 821 2792 891 appositas
2819 819 3087 874 videmus.
3128 817 3343 873 Utimur
3383 830 3516 886 ergo
3559 831 3735 885 oppor-

2196 913 2427 966 tunitate
2460 913 2525 965 de
2565 910 2753 964 lrenzei
2801 908 2955 964 libris
2999 922 3106 962 non
3151 920 3218 959 ex
3262 904 3374 959 sola
3404 918 3588 958 eorum
3634 919 3736 959 ver-

2190 1006 2367 1069 sione,
2398 1005 2541 1073 quod
2566 1015 2848 1072 perperam
2885 996 3127 1053 nonnulli
3162 996 3527 1065 suspicantur,
3565 996 3650 1050 sed
3678 1011 3734 1050 ex

2189 1096 2427 1151 fontibus
2465 1096 2595 1164 ipsis
2615 1092 2917 1165 judicandi.

2262 1187 2453 1241 Totius
2482 1200 2612 1241 vero
2633 1185 2813 1255 Operis
2838 1182 3020 1238 versio
3051 1181 3141 1235 illa
3169 1179 3381 1247 integra
3418 1178 3485 1233 ad
3513 1184 3732 1233 neSIram

2187 1278 2437 1350 pervenit
2476 1287 2689 1331 aalatem
2717 1286 2773 1331 et
2812 1281 2864 1330 in
2911 1274 3164 1328 manibus
3193 1272 3436 1327 omnium
3486 1280 3730 1325 versatur.

2187 1373 2432 1440 Quonam
2467 1378 2707 1439 tempore
2754 1368 2941 1423 eadem
2977 1366 3227 1421 confecta
3254 1367 3361 1431 sit,
3392 1378 3634 1431 magnam
3656 1363 3733 1416 ba-

2185 1468 2275 1523 bet
2302 1465 2721 1521 dubitationem.
2754 1462 2905 1517 Multi
2943 1476 3063 1516 eam
3097 1461 3242 1514 aetati
3277 1460 3487 1523 lrenaei,
3516 1460 3613 1511 hoc
3640 1468 3729 1521 est,

2185 1557 2373 1612 saeculi
2408 1555 2631 1611 secundi
2665 1555 2780 1619 lini,
2816 1553 2902 1608 vel
2947 1551 3093 1606 tertii
3144 1552 3349 1615 initiis,
3396 1560 3586 1621 putant
3625 1565 3729 1605 esse

2184 1650 2467 1718 mqualem,
2499 1647 2641 1717 quod
2668 1647 2861 1717 legisse
2892 1660 3013 1700 eam
3045 1643 3415 1699 Tertullianus
3465 1643 3569 1697 illis
3601 1642 3730 1697 vide-

2184 1753 2291 1797 tur.
2326 1742 2433 1797 Sed
2467 1741 2551 1795 his
2591 1738 2925 1794 contradixit
2975 1736 3278 1791 Dodvvellus
3327 1736 3424 1805 (ὁ),
3457 1734 3728 1803 nialuitque

510 1848 701 1889 verum
730 1837 1054 1907 exquirendi
1089 1840 1285 1895 studiis
1328 1842 1491 1895 ducto
1515 1880 1531 1904 ,
1574 1840 1856 1895 aestimari.
1889 1840 2078 1897 Omnis
2109 1831 2151 1886 Β
2180 1850 2299 1889 eam
2329 1832 2519 1888 referri
2547 1832 2613 1885 ad
2637 1831 2837 1885 ειὶιυῐη
2860 1827 3042 1883 είὲευίί
3065 1826 3266 1897 quarti.
3297 1840 3405 1896 quo
3430 1824 3729 1879 PriSCimaﬂi

502 1928 646 1983 enim
680 1929 923 1985 historia:
964 1931 1203 2002 dignitas
1235 1932 1551 2002 utilitasque
1575 1934 1789 1996 nititur,
1820 1942 2077 2004 tanquam

500 2034 601 2074 suo
625 2020 998 2083 fundamento,
1035 2024 1359 2080 auctoritate
1388 2033 1444 2081 et
1468 2024 1574 2080 ﬁde
1598 2024 1833 2088 testium,
1865 2039 2077 2080 remm-

500 2124 609 2179 que
630 2122 906 2181 gestarum
939 2115 1219 2170 memoria:
1249 2115 1475 2185 perinde
1506 2114 1873 2186 perniciosum
1903 2124 1987 2170 est
2023 2126 2081 2171 et

500 2204 844 2274 pestiferum,
875 2206 1042 2263 falsos
1077 2217 1136 2263 et
1176 2208 1505 2264 subornatos
1534 2208 1840 2280 proddcere
1870 2218 2035 2265 testes
2056 2249 2073 2275 ,

504 2311 571 2353 ac
599 2298 774 2353 bonos
801 2298 1193 2371 religiososque
1235 2302 1354 2356 sine
1394 2316 1560 2356 causa
1609 2301 1898 2372 repudiare
1927 2310 1981 2356 et
2007 2301 2076 2356 ad

500 2388 718 2444 illortun
752 2405 975 2462 gregem
1019 2392 1281 2463 abjicere.
1306 2391 1377 2448 Ut
1420 2408 1555 2448 vero
1590 2393 1822 2448 candide
1868 2403 1922 2448 et
1952 2408 2076 2449 cor-

497 2482 624 2538 date
662 2499 918 2555 agamus,
955 2486 1135 2541 omnia
1160 2486 1348 2541 sedqu
1380 2486 1772 2555 conquirenda,
1805 2495 1892 2553 et,
1923 2497 1983 2541 ut
2007 2485 2076 2541 ab

494 2574 618 2631 aliis
651 2576 755 2632 rite
782 2576 1176 2648 intelligantur,
1220 2579 1513 2649 perspicue
1537 2578 1890 2648 proponenda
1921 2588 2071 2644 sunt,

500 2682 624 2738 quae
670 2670 828 2725 testis
874 2671 929 2725 in
980 2672 1341 2742 suSpicionem
1380 2670 1560 2726 vocati
1611 2669 2071 2725 existimationem

493 2746 587 2815 aut
622 2760 969 2827 confirmant,
1002 2774 1095 2818 aut
1125 2764 1373 2818 minuunt
1395 2773 1448 2819 et
1475 2763 1805 2819 convellunt.
1835 2761 1950 2818 Iloe
1973 2778 2071 2817 ne-

498 2851 706 2920 gotium
739 2853 867 2909 licet
895 2854 1124 2908 arduum
1172 2870 1316 2925 saepe
1343 2854 1415 2909 sit
1441 2862 1495 2910 et
1525 2854 1773 2920 dillicile,
1803 2869 1869 2910 eo
1899 2853 2072 2925 magis

496 2952 679 2999 tamen
716 2945 1094 3001 necessarium
1129 2954 1246 3012 est,
1280 2961 1387 3016 quo
1413 2945 1842 3017 negligentiores
1880 2943 2072 3000 obser-

492 3036 688 3092 vamus
714 3037 867 3093 viros
908 3038 1096 3093 doctos
1150 3038 1316 3093 fuisse
1350 3039 1402 3093 in
1434 3038 1769 3108 explicandis
1812 3051 2068 3107 compro-

492 3127 837 3199 bandisque,
891 3143 992 3183 cur
1020 3130 1192 3185 veteri
1240 3129 1497 3201 scriptori
1537 3138 1592 3186 et
1638 3130 1737 3200 ipsi
1763 3130 1986 3186 credant
2013 3139 2068 3186 et

493 3219 633 3274 alios
662 3220 836 3273 velint
859 3220 1108 3287 credere,
1140 3221 1339 3286 causis,
1367 3221 1523 3291 cujus
1555 3222 1939 3276 auctoritatem
1972 3238 2066 3276 ne-

490 3308 738 3363 sciebant
764 3324 1000 3377 unquam
1032 3311 1309 3365 contemni
1340 3320 1431 3365 aut
1452 3312 1646 3367 adduci
1672 3313 1723 3366 in
1751 3324 2069 3367 controver-

491 3400 654 3454 siam.
694 3397 900 3451 Similis
926 3409 1075 3453 certe
1117 3398 1219 3452 fuit
1250 3398 1439 3454 lrenmi
1470 3416 1609 3455 sors.
1643 3401 1844 3457 Omnes
1887 3406 2067 3473 enim',

489 3489 742 3561 quamvis
764 3490 830 3545 de
863 3488 1127 3559 religione
1161 3490 1401 3547 dissidiis
1447 3492 1789 3564 aliarumque
1814 3496 1879 3551 de
1906 3498 2069 3554 rebus

489 3582 820 3653 antiquioris
862 3583 961 3638 aevi
1006 3582 1334 3640 Christianis
1372 3586 1762 3642 sententiarum
1803 3590 2067 3646 varietate

492 3690 523 3729 a
553 3690 611 3729 se
648 3674 883 3729 invicem
924 3675 1035 3730 sint
1074 3673 1363 3742 disjuneti,
1420 3677 1471 3730 in
1513 3677 1847 3732 admittenda
1888 3678 2065 3735 laudi-

490 3766 701 3836 busque
730 3766 1042 3821 extollenda
1072 3768 1191 3836 ejus
1216 3767 1321 3823 fide
1348 3768 1577 3825 miriﬁce
1600 3769 1811 3825 videbis
1839 3786 2063 3827 censen-

493 3861 620 3923 tire,
657 3860 956 3929 quemlibet
999 3860 1266 3932 intelliges
1318 3861 1544 3917 honoris
1584 3864 1713 3933 quid
1759 3875 1854 3920 aut
1899 3882 2067 3922 orna-

489 3951 658 4007 menti
705 3952 818 4007 suis
868 3952 1216 4021 opinionibus
1266 3968 1491 4024 suaeque
1535 3954 1762 4012 factioni
1813 3972 1879 4012 ex
1914 3968 2065 4015 tanto

488 4042 708 4097 neruine
732 4042 1059 4097 conciliandi
1084 4058 1203 4097 esse
1226 4044 1565 4110 studiosum;
1589 4049 1857 4104 neminem
1884 4060 2061 4106 tamen

491 4134 617 4188 novi
658 4135 724 4189 de
752 4135 1075 4205 colligendis
1104 4134 1561 4208 declarandisque
1589 4142 1768 4197 causis
1796 4144 2059 4212 cogitare,

487 4240 588 4279 cur
616 4226 949 4283 testimoniis
977 4228 1169 4284 lrenmi
1205 4232 1275 4285 sit
1299 4233 1651 4287 credendum.

562 4320 908 4392 Quaecunque
941 4324 1045 4379 hac
1088 4326 1153 4381 de
1192 4341 1252 4381 re
1279 4327 1386 4379 dici
1416 4337 1661 4394 possunt,
1693 4331 1964 4398 pertinent
1992 4330 2061 4387 ad

486 4412 733 4482 quinque
762 4423 952 4467 contra
1001 4414 1236 4470 lucreses
1265 4414 1458 4480 libros,
1491 4432 1628 4486 quos
1653 4420 1823 4474 nostis
1850 4419 2059 4487 Irenazi,

2182 1940 2327 1985 secta
2370 1939 2488 1984 orla
2529 1937 2612 1983 est
2664 1934 2719 1982 et
2775 1926 2827 1979 in
2889 1922 3148 1994 Hispania
3204 1921 3493 1992 Galliaque
3538 1922 3727 1991 priscos

2178 2025 2565 2082 Gnostieorum
2621 2039 2840 2080 errores
2888 2022 3205 2089 renovavit,
3258 2022 3310 2075 in
3360 2018 3550 2075 lreruei
3595 2019 3728 2073 libris

2179 2132 2411 2187 operose
2440 2125 2732 2172 enarratos
2754 2125 2809 2170 et
2839 2114 3158 2180 convulsos;
3194 2128 3292 2168 nec
3323 2111 3466 2167 male
3497 2113 3726 2177 monuit,

2177 2210 2537 2279 Augustinum
2565 2208 2757 2265 eodem
2790 2217 3033 2276 tempore
3056 2206 3262 2261 clarum
3295 2204 3383 2259 illa
3422 2219 3543 2259 esse
3568 2219 3727 2258 usum.

2177 2299 2371 2356 Nostra
2406 2308 2565 2354 aetate
2596 2297 2849 2354 monachi
2883 2297 3220 2353 Parisienses
3260 2297 3333 2366 (c)
3376 2295 3599 2350 ulterius
3624 2311 3729 2364 pro-

2179 2391 2351 2462 gressi
2397 2400 2527 2447 sunt
2576 2390 2993 2459 rejeceruntque
3036 2402 3155 2442 eam
3205 2389 3272 2442 ad
3310 2387 3601 2442 barbarum
3641 2400 3729 2441 sat-

2175 2484 2281 2538 culi
2314 2499 2363 2539 vr
2405 2498 2601 2551 aevum,
2631 2482 2700 2537 ob
2724 2482 3029 2551 squalidam
3077 2489 3131 2535 et
3158 2495 3288 2535 vere
3330 2479 3610 2533 barbaram
3640 2476 3728 2532 La-

2178 2578 2472 2642 tinitatem,
2504 2592 2610 2646 qua
2648 2576 2898 2646 quisquis
2928 2575 3019 2629 ille
3052 2574 3214 2630 fuerit
3258 2575 3531 2644 interpres
3555 2573 3725 2629 Crtcca

2175 2669 2483 2724 donaverit.
2512 2671 2584 2724 At
2606 2684 2705 2723 nec
2736 2668 2820 2723 his
2854 2669 3145 2723 assentior.
3175 2666 3498 2721 Barbariem
3538 2666 3725 2721 oratio-

2175 2761 2259 2815 nis
2288 2776 2393 2815 non
2429 2776 2588 2831 nego,
2613 2762 2705 2816 sed
2734 2760 2896 2815 talem
2920 2775 3040 2815 esse
3078 2775 3353 2829 nunquam
3393 2758 3725 2823 crediderint,

2172 2854 2319 2923 quali
2349 2854 2554 2909 saeculo
2582 2864 2739 2909 sexto
2769 2862 2979 2923 gentes,
3004 2868 3123 2923 qua:
3148 2855 3419 2908 Romanas
3443 2851 3726 2922 provincias

2172 2945 2227 2999 iu
2266 2960 2417 3000 suam
2451 2947 2778 3018 redegerunt
2811 2958 3138 3019 potestatem
3165 2987 3180 3012 ,
3211 2946 3467 3001 Latinam
3508 2946 3726 3015 linguam

2172 3046 2542 3105 corruperunt
2584 3046 2641 3091 et
2675 3039 3062 3107 depravarunt.
3112 3036 3313 3093 Omnes
3359 3037 3508 3091 enim
3546 3036 3727 3091 sentire

2173 3137 2409 3198 oportet,
2441 3130 2733 3199 graeculuui
2765 3130 2934 3186 fuisse
2968 3132 3277 3194 hominem,
3320 3130 3412 3199 qui
3454 3142 3725 3199 puerorum

2170 3234 2321 3274 more
2350 3237 2454 3277 non
2485 3236 2789 3276 sermonem
2820 3222 2992 3288 illum,
3012 3223 3105 3277 sed
3136 3223 3299 3276 verba
3324 3220 3534 3291 singula
3569 3229 3725 3272 trans-

2171 3312 2355 3378 ferret,
2391 3323 2445 3368 et
2472 3329 2594 3368 cum
2637 3314 3032 3383 incompositis
3061 3312 3295 3367 maxime
3326 3311 3577 3371 hmreret,
3605 3320 3724 3360 nova

2171 3415 2227 3458 et
2268 3404 2511 3457 inaudita
2546 3402 2811 3472 lingeret,
2862 3417 2979 3470 quae
3005 3444 3019 3469 ,
3066 3401 3166 3455 nisi
3201 3401 3251 3453 in
3292 3398 3415 3453 aliis
3458 3396 3611 3451 medii
3637 3393 3724 3447 aevi

2170 3495 2521 3549 monimentis
2552 3493 3068 3561 deprehendantur,
3117 3491 3262 3546 inter
3304 3491 3555 3545 barbara:
3600 3487 3725 3543 illius

2169 3587 2486 3643 Latinitatis
2515 3585 2816 3656 specimina
2852 3585 3128 3640 numerari
3164 3594 3463 3654 nequeunt.

2245 3680 2374 3735 Mihi
2411 3680 2632 3749 quidem
2678 3679 2860 3748 placet
2888 3692 3074 3733 eorum
3121 3678 3411 3747 prudentia
3439 3717 3456 3743 ,
3494 3675 3582 3747 qui
3616 3685 3725 3729 cum

2169 3772 2286 3827 sine
2339 3772 2494 3826 testis
2554 3770 2881 3826 auctoritate
2933 3770 3069 3824 nihil
3127 3770 3374 3824 historici
3434 3764 3723 3837 argumenti

2168 3876 2317 3921 recte
2349 3866 2456 3920 dici
2497 3864 2798 3935 intelligant
2846 3863 2913 3920 de
2958 3864 3172 3935 origine
3219 3863 3491 3918 versionis
3517 3862 3723 3932 ejusque

2166 3969 2326 4015 aetate
2352 3990 2421 4004 —
2450 3960 2699 4030 quisnam
2733 3957 2876 4012 enim
2903 3972 3141 4027 unquam
3179 3956 3315 4010 vidit
3356 3965 3450 4009 aut
3486 3954 3721 4025 produxit

2168 4054 2236 4110 de
2270 4064 2501 4122 utraque
2549 4052 2779 4106 testem?
2830 4080 2899 4090 ——
2949 4049 3085 4104 nihil
3125 4049 3423 4116 definiunt,
3478 4062 3721 4118 suamque

2166 4144 2533 4214 ignorantiam
2558 4144 2667 4199 illis
2694 4152 2844 4198 certe
2872 4156 2977 4196 non
3017 4143 3295 4211 propriam
3327 4144 3421 4196 sed
3461 4158 3582 4196 cum
3610 4156 3716 4194 om-

2166 4237 2326 4291 nibus
2359 4249 2700 4290 communem
2733 4236 2891 4290 fateri
2920 4236 3145 4290 malunt.
3182 4235 3388 4290 Sufﬁcit
3414 4238 3589 4303 nobis,
3614 4251 3717 4289 eam

2165 4344 2272 4382 non
2306 4328 2608 4382 recentiore
2633 4336 2813 4390 actate,
2852 4328 2948 4382 sed
2978 4337 3157 4382 vetere
3184 4343 3305 4383 esse
3336 4328 3537 4383 factam
3562 4339 3613 4382 et
3634 4342 3718 4381 co-

2166 4420 2317 4473 dices
2342 4418 2461 4487 ejus
2492 4418 2626 4475 Satis
2666 4421 2922 4489 antiquos
2954 4421 3210 4476 inveniri.
3250 4421 3374 4475 lltcc
3413 4422 3528 4493 ipsa
3570 4422 3719 4474 inter-

486 4502 935 4572 Lugdunensium
966 4520 1251 4567 sacrorum
1280 4509 1528 4576 praesulis
1554 4510 1755 4565 sarculo
1782 4526 1811 4564 a
1836 4510 2057 4567 Christo
2089 4539 2134 4594 Ι)
2164 4513 2403 4581 pretatio
2439 4510 2566 4567 licet
2603 4512 2670 4567 ab
2692 4512 3128 4583 omnielegantia
3156 4515 3227 4569 sit
3260 4516 3433 4569 aliena
3455 4556 3471 4578 ,
3504 4515 3715 4568 barbara

486 4604 619 4648 nato
641 4596 881 4650 secundo
912 4596 1071 4663 clari,
1099 4596 1365 4671 [nomine]
1401 4602 1607 4655 ornari.
1636 4601 1711 4655 De
1737 4602 1821 4657 his
1851 4618 2056 4673 pauca,

484 4702 605 4756 quae
634 4688 764 4743 huic
792 4689 1150 4758 di5putationi
1173 4690 1367 4745 °lucern
1401 4695 1687 4762 spondent,
1724 4711 2063 4763 praemonere

485 4778 641 4834 libet.
669 4779 857 4836 Graece
896 4796 989 4837 eos
1028 4784 1264 4851 scriptos
1287 4799 1406 4838 esse
1427 4825 1441 4849 ,
1487 4801 1649 4840 nemo
1681 4796 1865 4842 nostra
1898 4800 2061 4844 aatate

487 4872 731 4940 negabit,
788 4886 888 4928 nec
939 4873 1217 4930 dubitabit
1276 4876 1530 4944 quidem,
1576 4878 1736 4931 modo
1793 4878 1837 4933 si
1886 4881 2061 4935 oculis

481 4964 598 5018 suis
639 4962 758 5017 illos
790 4979 1026 5034 unquam
1076 4968 1457 5034 usurpaverit.
1504 4976 1558 5021 et
1606 4969 1711 5022 alia
1759 4971 1835 5025 rei
1889 4987 2058 5042 argu-

486 5065 668 5109 menta
710 5055 960 5110 habuerit
990 5059 1211 5127 cognita
1234 5097 1252 5126 ,
1286 5074 1407 5129 qua:
1431 5060 1573 5116 docti
1612 5063 1714 5119 viri
1750 5064 2057 5122 luculenter

481 5157 845 5217 exposuerunt
876 5150 976 5219 (a).

556 5240 846 5295 Perierunt
883 5240 1099 5308 quidem
1132 5243 1343 5311 Grates,
1384 5246 1455 5301 ita
1482 5254 1575 5314 ut,
1606 5256 1864 5317 quantum
1897 5252 2055 5307 novi-

486 5348 632 5395 mus,
665 5332 846 5387 nullus
877 5332 930 5385 in
961 5333 1191 5405 Europa:
1217 5338 1564 5396 bibliothecis
1598 5341 1833 5409 supersit
1858 5343 2054 5406 codex,

486 5423 578 5494 qui
615 5423 806 5477 eadem
834 5424 1095 5478 exhibeat
1133 5426 1382 5498 integra;
1413 5446 1514 5485 nec
1560 5440 1739 5486 tamen
1772 5431 2060 5500 perierunt

560 5578 1363 5659 (gi_Cf._llenr._l)odwel|um,
1397 5586 1530 5641 diss.
1566 5589 1680 5641 vin
1712 5588 1882 5653 lren.,
1920 5590 1946 5659 §
1990 5589 2010 5641 l
2038 5628 2055 5654 ,

524 5650 707 5725 -__§9l;
741 5651 936 5725 ζὶςψιες
971 5653 1303 5725 Massuetum
1336 5659 1469 5711 diss.
1509 5673 1546 5712 ll
1618 5674 1778 5725 prwv.
1804 5650 2054 5718 ἱηέιῖεηᾲ

524 5689 534 5699 .
575 5663 707 5711 aut;
741 5663 936 5703 uenat.
971 5663 1303 5708 Massuetum
1336 5663 1469 5711 diss.
1509 5673 1546 5712 ll
1618 5674 1778 5725 prwv.
1804 5663 2054 5718 inanem.

480 5663 624 5790 ξω,
658 5736 711 5788 p.
737 5721 871 5782 Ξῖϐς
902 5720 1113 5795 ιᾷεειιὶε.
1146 5724 1460 5779 Ceilleriutn
1489 5728 1541 5781 in
1580 5729 1814 5795 Histoire
1840 5733 1928 5782 des
1955 5746 2055 5780 au-

485 5799 630 5847 teurs
650 5807 792 5846 sacr.
817 5803 866 5846 et
892 5792 1209 5865 ecclesias!”
1246 5805 1285 5849 ι.
1312 5796 1381 5865 ll,
1406 5812 1460 5867 p.
1509 5799 1630 5866 l97,
1664 5810 1718 5855 et
1747 5792 2053 5856 Benedicti-

2164 4611 2219 4658 et
2241 4602 2522 4671 quibusvis
2551 4602 2664 4657 fere
2706 4603 2958 4658 dictionis
2998 4604 3206 4659 Latina:
3231 4606 3380 4659 vitiis
3416 4606 3712 4674 inquinata,

2164 4709 2265 4749 nec
2296 4695 2481 4764 negari
2510 4696 2717 4765 possit,
2750 4694 3097 4751 librariorum
3126 4712 3231 4750 non
3266 4697 3422 4752 modo
3459 4697 3716 4767 negligen-

2166 4786 2243 4840 tia
2279 4788 2374 4841 sed
2402 4786 2617 4842 inscitia
2650 4787 2813 4840 etiam
2858 4787 3104 4841 eamdem
3147 4802 3518 4856 sa‘pennmero
3558 4781 3715 4839 videri

2163 4879 2323 4935 novis
2346 4878 2676 4949 corruptelis
2701 4888 2951 4944 auctam;
3004 4877 3319 4932 fidelitatem
3352 4888 3530 4931 tamen
3564 4878 3715 4929 inter-

2162 4973 2333 5042 pretis
2375 4972 2427 5025 in
2459 4972 2699 5025 auctoris
2743 4970 2923 5026 verbis
2950 4969 3323 5040 exprimendis
3363 4969 3565 5023 nullam
3608 4978 3715 5019 esse

2162 5078 2384 5117 causam
2418 5062 2767 5117 desiderandi
2821 5072 2913 5117 aut
2954 5062 3182 5117 vocandi
3232 5061 3284 5115 in
3333 5061 3711 5131 suspicionem,

2160 5153 2346 5209 denuo
2368 5169 2434 5207 ex
2462 5164 2542 5208 tot
2573 5154 2990 5223 particularum,
3022 5170 3142 5223 quae
3170 5152 3362 5208 Gra-ce
3394 5170 3423 5206 a
3454 5152 3609 5207 nobis
3642 5148 3712 5203 le—

2160 5257 2386 5315 guntur,
2412 5261 2532 5299 cum
2566 5246 2747 5300 latinis
2766 5248 3177 5314 comparatione
3200 5244 3500 5299 luculenter
3526 5254 3714 5312 cogno-

2160 5336 2356 5390 scitur.
2403 5336 2646 5391 Subinde
2701 5335 2978 5390 lranstulit
3032 5336 3262 5404 inepte:
3305 5336 3401 5390 sed
3454 5345 3711 5401 nunquam

2160 5427 2465 5494 malitiose;
2492 5443 2768 5496 nunquam
2792 5429 3134 5499 perverteudi
3156 5427 3441 5497 scriptoris
3465 5433 3707 5486 mentem,

2163 5601 2264 5640 nos
2290 5584 2601 5640 Maurianos
2627 5584 2682 5639 in
2702 5582 3331 5642 Histoireliuérairedela
3360 5581 3585 5649 France,
3613 5588 3649 5634 ι.
3668 5577 3710 5644 ι,

2160 5668 2303 5727 parl.
2337 5673 2377 5721 I,
2410 5673 2464 5724 ι).
2495 5655 2621 5711 335.

2232 5730 2305 5793 (ὁ)
2340 5728 2461 5782 Lib.
2495 5743 2545 5780 c.
2582 5742 2635 5795 p.
2669 5725 2948 5797 597__seqq,

2232 5804 2301 5868 (c)
2335 5801 2465 5858 Lcc.
2490 5794 2602 5863 cit.,
2633 5813 2686 5867 p.
2713 5794 2837 5850 355.
