3924 6354
222 390 331 448 385

1002 381 1088 437 DE
1118 381 1523 469 AUTllEN'l‘lA
1562 376 1918 439 LIBRORUM
1956 371 2216 429 ιιιΕΝᾹΞι
2248 368 2408 425 ADV.
2448 366 2723 423 HERES.

3375 365 3485 422 586

221 518 318 564 aut
343 522 461 577 qua:
490 504 584 561 bic
614 502 899 574 scripserit
924 502 1270 571 corrigendi,
1313 500 1581 573 augendi,
1626 499 1795 556 omit-
1826 506 1869 558 Α
1897 495 2194 556 hereticos,
2236 499 2372 556 etc.,
2413 488 2647 558 denique
2679 486 2854 558 quinti
2879 486 2950 558 (Γ)
2982 485 3317 554 :Traductis,
3344 491 3482 546 dile-

225 600 366 656 tendi
397 599 657 655 consilio.
687 597 767 651 Ex
792 613 901 667 qun
929 608 1270 665 consequens
1296 594 1351 649 id
1376 602 1457 649 est
1476 635 1492 661 ,
1516 592 1662 663 quod
1694 593 1797 646 hoc

225 692 342 747 loco
365 689 619 745 studiose
668 688 832 759 cupio
858 687 1175 753 observari,
1223 694 1284 741 ut
1307 700 1427 756 quae
1458 686 1525 740 de
1554 684 1661 741 lide
1685 683 1797 738 lre-

222 784 323 840 nzi
348 784 702 853 disputantur
726 780 1012 850 mquabilia
1045 780 1155 834 sint
1176 790 1231 833 et
1254 778 1403 849 paria
1430 778 1568 832 inter
1590 776 1797 843 omnia,

220 891 337 945 qua:
366 889 516 930 nunc
539 874 773 944 legimus
808 874 861 928 in
892 872 978 929 liis
1003 872 1175 937 libris,
1194 872 1312 926 sive
1334 871 1387 926 in
1413 871 1525 927 sola
1550 870 1800 927 versione

224 966 411 1021 latina
442 967 754 1035 supersint,
784 967 902 1021 sive
938 975 1202 1035 tanquam
1225 963 1421 1019 tabula:
1450 979 1481 1020 e
1518 962 1801 1035 naufragio

221 1076 255 1114 δ
282 1060 486 1116 Graecis
514 1059 724 1114 fuerint
756 1068 988 1114 servata.

290 1154 355 1207 At
382 1166 519 1206 vero
550 1162 738 1206 noster
765 1167 871 1207 non
910 1148 1069 1204 modo
1092 1148 1283 1205 Graece
1310 1164 1441 1204 suos
1467 1157 1803 1204 commenta-

224 1245 331 1298 rios
359 1244 615 1313 scripsit,
652 1242 747 1297 sed
792 1242 954 1297 etiam
988 1241 1191 1296 Graecis
1220 1255 1424 1309 eosque
1475 1239 1540 1293 ad
1585 1237 1803 1293 Graecos

220 1336 386 1391 misit.
411 1333 745 1403 Quicunque
768 1348 865 1387 eos
886 1330 1278 1393 consuluerint,
1304 1345 1398 1385 eos
1430 1329 1572 1385 haud
1609 1329 1803 1398 fugiet,

222 1426 531 1493 suscepisse
577 1434 635 1478 et
687 1423 986 1493 perfecisse
1029 1432 1313 1476 auctorem
1344 1436 1479 1490 opus
1508 1421 1575 1476 ab
1624 1420 1805 1474 amico

220 1517 548 1587 expetitum.
581 1512 775 1583 Operae
808 1513 1045 1582 pretium
1090 1522 1175 1568 est
1204 1511 1461 1581 colligere
1507 1520 1562 1565 et
1614 1523 1803 1563 secum

221 1609 559 1666 contendere
593 1607 873 1663 luculenta
906 1606 983 1661 rei
1017 1604 1349 1660 testimonia.
1395 1604 1452 1658 lu
1490 1602 1805 1674 praefatione

222 1704 341 1758 libri
368 1701 561 1772 primi,
596 1715 763 1770 quam
800 1698 1140 1769 Epiphanius
1170 1695 1358 1751 Graece
1394 1697 1676 1761 recitavit,
1710 1711 1804 1750 oc—

221 1804 449 1849 currunt
478 1793 652 1857 bina;
687 1805 918 1860 quorum
943 1790 1098 1859 prius
1121 1790 1194 1843 ita
1221 1804 1540 1858 espressutn
1567 1798 1648 1843 est
1677 1789 1753 1858 (a)
1788 1806 1802 1843 :

220 1887 543 1953 ’Δναγκαῖον
597 1882 918 1953 ἡγησάμην,
978 1880 1219 1951 ἐντυχὼν
1273 1883 1387 1944 τοῖς
1448 1880 1801 1951 ὑπομνήμασι

215 1979 345 2045 τῶν,
376 1979 453 2041 ὼς
479 1978 642 2032 αὐτοὶ
665 1976 936 2043 λέγουσιν,
967 1974 1323 2028 Οὐαλεντίνου
1348 1972 1622 2043 μαθητῶν,
1648 1972 1809 2034 ἐνίοις

222 2071 271 2124 δ’
292 2071 473 2125 αὐτῶν
505 2072 604 2123 καὶ
630 2068 923 2141 συμϐαλὼν
962 2070 1057 2122 καὶ
1093 2066 1531 2138 καταλαϐόμενος
1562 2065 1660 2137 τὴν
1678 2062 1811 2133 γνώ-

227 2181 333 2236 μην
359 2164 563 2227 αὐτῶν,
597 2162 836 2235 μηνῦσαί
862 2179 961 2225 σοι,
986 2161 1259 2233 ἀγαπητὲ,
1296 2159 1366 2213 τὰ
1398 2156 1672 2231 τερατώδη
1715 2157 1809 2211 καὶ

221 2256 391 2325 βαθέα
425 2256 731 2327 μυστήρια,
753 2253 789 2308 ἃ.
810 2255 869 2307 οὐ
896 2253 1098 2316 πάντες
1121 2250 1411 2324 χωροῦσιν,
1442 2250 1563 2303 ἐπεὶ
1585 2249 1659 2321 μὴ
1677 2248 1812 2302 πάν-

216 2364 310 2409 τες
332 2347 422 2400 τὸν
455 2346 768 2415 ἐγκέφαλον
798 2342 1157 2411 ὲξεπτύκασιν
1181 2382 1195 2407 ,
1228 2342 1378 2404 ὅπως
1406 2338 1501 2392 καὶ
1531 2338 1595 2391 σὺ
1626 2334 1810 2407 μαθὼν

218 2440 382 2502 αὐτὰ,
408 2442 546 2492 πᾶσι
574 2442 692 2501 τοῖς
732 2436 869 2508 μετά
898 2436 992 2490 σοῦ
1014 2435 1225 2506 φανερὰ
1242 2434 1473 2505 ποιήσῃς
1488 2432 1581 2485 καὶ
1611 2448 1810 2502 παραι-

217 2532 382 2603 νέσῃς
411 2530 606 2592 αὐτοῖς
642 2526 980 2598 φυλάξασθαι
1016 2526 1108 2580 τὸν
1155 2523 1315 2597 βυθὸν
1363 2522 1463 2593 τῆς
1498 2521 1683 2585 ἀνοίας
1717 2520 1811 2574 καὶ

216 2621 317 2689 τῆς
355 2622 434 2679 εἰς
463 2618 707 2689 Χριστὸν
728 2616 1093 2687 βλασφημίας·
1127 2614 1358 2670 alterum
1392 2627 1523 2668 vero
1546 2612 1622 2682 (b)
1649 2628 1664 2665 ε
1695 2612 1810 2664 Οὐκ

216 2710 575 2782 ἐπιζητήσεις
608 2710 665 2762 δὲ
700 2709 828 2781 παρ’
854 2706 1143 2779 ἡμῶν,τῶν
1170 2705 1227 2759 ὲν
1257 2704 1482 2768 Κελτοῖς
1510 2703 1809 2774 διατριϐόν-

212 2820 322 2857 των
360 2804 452 2857 καὶ
485 2802 617 2873 περὶ
654 2801 928 2873 βάρϐαρον
952 2800 1229 2855 διάλεκτον
1258 2798 1319 2852 τὸ
1357 2797 1604 2852 πλεῖστον
1649 2798 1811 2867 ἀσχο-

212 2892 519 2964 λουμένων,
538 2892 717 2962 λόγων
753 2893 968 2963 τέχνην,
1005 2891 1071 2962 ἣν
1102 2890 1203 2944 οὐκ
1237 2882 1626 2962 ἐμάθομεν....’.
1674 2889 1811 2942 ἀλλά

212 2986 405 3048 ἁπλῶς
433 2986 530 3038 καὶ
550 2984 769 3056 ἀληθῶς
801 2982 895 3037 καὶ
924 2982 1202 3046 ἰδιωτικῶς
1234 2982 1301 3035 τὰ
1333 2982 1469 3053 μετά
1496 2982 1713 3052 ἀγάπης
1730 2998 1812 3034 σοι

1836 1854 1877 1908 Β

1899 584 2152 648 ctissime,
2169 582 2408 636 erunibus
2427 582 2687 636 hmreticis
2709 581 2763 635 in
2788 592 3017 651 quatuor
3038 581 3254 637 libris...
3274 593 3487 652 oporte-

1900 677 1970 731 bit
1997 686 2044 731 et
2069 686 2118 730 te
2147 686 2193 730 et
2218 690 2395 728 omnes
2420 673 2644 727 lecturos
2677 671 2811 725 hanc
2841 673 3157 742 scripturam
3196 674 3483 744 impensius

1900 768 2067 838 legere
2087 784 2171 831 ea,
2197 782 2314 837 qua:
2339 782 2372 819 a
2401 765 2549 819 nobis
2572 764 2825 833 pra'dicta
2850 773 2991 829 sunt,
3020 773 3147 817 utet
3175 777 3484 835 argumenta

1899 863 2075 926 scias,
2132 862 2384 914 adversus
2434 873 2551 927 qua:
2600 857 3049 911 contradictiones
3098 856 3341 926 facimus.
3393 859 3485 916 Sic

1901 956 2040 1008 enim
2068 962 2121 1007 et
2152 952 2379 1021 legitime
2402 951 2475 1004 eis
2504 948 2833 1002 contradices
2870 958 2916 1001 et
2957 949 3022 1001 de
3059 960 3365 1018 purpurato
3397 968 3486 1004 ac-

1904 1045 2066 1113 cipies
2093 1044 2348 1097 adversus
2382 1058 2468 1095 eos
2493 1041 2961 1100 contradictiones.
2992 1040 3125 1107 Quae
3157 1042 3201 1095 si
3230 1043 3485 1097 conside-

1905 1136 2235 1199 raverimus,
2259 1135 2385 1204 jure
2416 1134 2540 1188 inde
2566 1132 2885 1201 colligemus
2915 1149 2929 1186 :
2960 1122 3195 1199 primum
3216 1175 3231 1199 ,
3256 1135 3488 1204 scripto-

1904 1244 2018 1284 rem
2045 1243 2111 1282 eo
2135 1236 2380 1295 tempore
2410 1225 2614 1280 vixisse
2645 1226 2787 1279 inter
2830 1225 3052 1292 Gallos,
3095 1236 3152 1281 et
3197 1242 3321 1281 cum
3369 1227 3489 1293 ipse

1904 1329 2051 1376 esset
2082 1321 2247 1373 homo
2273 1317 2628 1387 peregrinus,
2661 1316 2729 1369 ad
2760 1317 3187 1386 comparandam
3232 1319 3335 1372 sibi
3377 1318 3487 1372 liti-

1906 1426 2026 1481 gum
2057 1412 2331 1473 barbarie,
2366 1409 2480 1464 sive
2527 1408 2641 1462 haec
2679 1406 2881 1462 Celtica
2914 1408 3113 1475 fuerit,
3154 1408 3298 1474 sive,
3336 1410 3486 1479 quod

1904 1499 2245 1572 probabilius
2272 1498 2458 1554 multis
2484 1499 2722 1564 videtur,
2753 1496 2945 1552 Latina
2978 1498 3053 1568 (g)
3076 1538 3092 1563 ,
3141 1514 3260 1553 eam
3290 1510 3488 1555 contu-

1907 1595 2035 1649 lisse
2062 1593 2428 1665 diligentiam,
2456 1601 2517 1646 ut
2540 1592 2743 1647 Graeca:
2768 1592 3168 1647 exercitatione
3197 1592 3311 1649 fere
3340 1594 3489 1650 omni

1907 1698 2159 1752 careret;
2211 1683 2405 1741 deinde
2455 1692 2708 1753 rogatum
2756 1698 2879 1739 eum
2932 1683 3108 1739 fuisse
3156 1685 3224 1740 ab
3272 1686 3488 1751 amico,

1908 1792 2069 1847 quem
2117 1774 2425 1846 ἀγαπητόν,
2450 1775 2879 1844 dilectissimum,
2912 1777 3233 1847 compellat,
3260 1792 3495 1847 eumque

1908 1880 1961 1923 et
1990 1868 2241 1922 doctrina
2271 1882 2330 1923 se
2354 1877 2619 1936 prmstare
2648 1875 2914 1933 testatur;
2956 1884 3136 1939 neque
3167 1868 3402 1925 obscure
3425 1869 3497 1925 si-

1909 1959 2158 2030 gnificat,
2204 1960 2447 2016 tenuisse
2499 1960 2644 2015 inter
2690 1959 2949 2015 doctores
2997 1960 3177 2017 locum
3216 1972 3272 2017 et
3315 1961 3495 2019 olIicio

1912 2052 2085 2106 fuisse
2114 2050 2460 2116 obstrictum,
2490 2052 2742 2117 cavendi,
2776 2066 2845 2107 ne
2882 2054 2971 2123 qui
2996 2068 3116 2107 cum
3144 2052 3240 2107 illo
3279 2066 3493 2122 essent,

1910 2144 2014 2199 liuc
2041 2152 2124 2198 est
2152 2144 2268 2213 ejus
2296 2143 2597 2208 auditores,
2624 2143 2967 2213 gravissimis
2996 2154 3323 2214 caperentur
3338 2160 3494 2199 erro-

1912 2236 2100 2302 ribus;
2141 2244 2256 2292 tum
2293 2248 2517 2305 rogasse
2551 2234 2694 2289 liuue
2718 2236 2955 2289 amicum
2978 2275 2993 2301 ,
3019 2246 3077 2291 ut
3107 2237 3494 2293 absconditam

1913 2330 2421 2387 Valentiniauorum
2454 2331 2691 2385 maxime
2726 2330 3071 2399 disciplinam
3104 2341 3324 2386 erueret
3356 2346 3387 2386 e
3414 2342 3497 2387 te-

1914 2423 2123 2488 nebris,
2153 2422 2344 2492 sicque
2369 2421 2709 2477 convellendi
2731 2437 2824 2476 eos
2858 2422 3004 2475 viam
3029 2430 3245 2490 pararet
3266 2430 3320 2477 et
3346 2436 3498 2477 eum-

1913 2513 2177 2579 niuniret;
2206 2511 2441 2583 denique
2469 2522 2718 2567 nostrum
2751 2512 2837 2567 bis
2862 2512 3121 2582 precibus
3166 2526 3231 2567 eo
3258 2512 3498 2568 consilio

1912 2604 2273 2670 satisfecisse,
2306 2612 2367 2659 ut
2396 2611 2450 2659 et
2478 2605 2688 2659 amicus
2717 2619 2917 2659 arcana
2941 2605 3032 2659 illa
3062 2606 3315 2672 dogmata
3338 2606 3500 2662 intel-

1910 2698 2100 2768 ligeret
2154 2706 2209 2751 et
2254 2697 2310 2751 in
2363 2696 2595 2752 aliorum
2659 2714 2793 2753 usus
2847 2698 3085 2755 feliciter
3127 2710 3497 2763 converteret.

1912 2791 2051 2845 Num
2084 2790 2296 2845 amicus
2320 2790 2410 2844 ille
2436 2791 2680 2861 episcopi
2710 2792 2917 2847 honore
2944 2792 3106 2847 fuerit
3140 2796 3497 2865 conspicuus,

1910 2900 2011 2954 ego
2031 2884 2251 2953 quidem
2287 2883 2520 2938 delinire
2555 2897 2660 2938 non
2693 2885 2890 2947 audeo,
2915 2886 3043 2940 licet
3078 2902 3179 2942 nec
3207 2902 3373 2943 causa
3400 2887 3501 2943 ad-

1912 2976 1985 3030 sit
2007 2974 2425 3029 contradicendi
2466 2974 2594 3039 illis,
2625 2976 2718 3045 qui
2750 2977 2826 3031 ita
2858 2978 3102 3033 sentiunt
3128 2979 3237 3049 (Ii);
3275 2980 3379 3036 hoc
3409 2988 3498 3035 ta-

212 3083 525 3157 γραφέντα,
545 3080 686 3153 μετά
709 3081 931 3152 ἀγάπης
958 3080 1022 3133 σὺ
1040 3075 1328 3152 προσδὲξῃ,
1350 3077 1442 3131 καὶ
1465 3077 1627 3140 αὐτὸς
1644 3075 1809 3147 αὐξή-

1915 3080 2037 3119 men
2069 3065 2237 3119 tutius
2263 3064 2533 3121 aﬂirmare
2564 3067 2726 3129 licet,
2781 3068 2983 3124 vixisse
3019 3069 3258 3125 amicum
3301 3070 3357 3127 in
3410 3083 3500 3125 re-

212 3192 333 3238 σεις
368 3172 509 3229 αὒτά
552 3172 705 3245 παρὰ
749 3170 981 3241 σεαυτῷ,
1018 3171 1113 3225 ἆτε
1154 3167 1657 3240 ίκανώτεροςήμῶν
1684 3184 1815 3235 τυγ-

212 3269 422 3339 χάνων,
443 3266 611 3319 οἱονεὶ
628 3265 924 3335 σπέρματα
950 3264 1045 3317 καὶ
1074 3261 1248 3333 ἀρχὰς
1277 3259 1458 3313 λαϐὼν
1482 3260 1610 3330 παρ’
1633 3257 1809 3329 ήμῶν,

211 3360 310 3414 καὶ
346 3360 408 3411 ὲν
434 3355 516 3427 τῷ
537 3356 727 3409 πλάτει
756 3371 850 3407 σου
871 3353 963 3407 τοῦ
996 3352 1088 3406 νοῦ
1110 3354 1200 3405 ἐπὶ
1217 3351 1349 3405 πολὺ
1375 3350 1814 3422 καρποφορήσεις

212 3451 284 3503 τὰ
319 3450 393 3502 δι’
411 3447 612 3515 ὀλίγων
645 3446 737 3515 ὑφ’
760 3444 915 3515 ἡμῶν
941 3443 1228 3516 εἰρημένα,
1255 3442 1349 3495 καὶ
1367 3440 1607 3504 δυνατῶς
1632 3456 1813 3510 παρα-

216 3542 449 3610 στήσεις
485 3538 599 3600 τοῖς
639 3535 777 3609 μετά
811 3534 903 3587 σοῦ
942 3533 1009 3587 τὰ
1036 3532 1281 3596 ἀσθενῶς
1317 3532 1404 3601 ἔθορ’
1438 3530 1595 3602 ⁴ἡμῶν
1634 3530 1815 3602 ἀπηγ-

212 3630 489 3701 γελμέναο
507 3628 601 3682 καὶ¹
617 3628 693 3691 ὡς
714 3628 874 3698 ἡμεῖς
890 3625 1244 3697 ἐφιλοτιμήθη
1253 3641 1350 3695 μεν
1380 3623 1565 3689 πάλαι,
1593 3621 1815 3693 ζητοῦν-

212 3724 310 3787 τὸς
346 3739 443 3776 σου
477 3720 667 3792 μαθεῖν
688 3720 788 3790 τὴν
804 3717 1029 3789 γνώμην
1054 3716 1256 3778 αὐτῶν,
1278 3714 1352 3787 μὴ
1374 3716 1531 3786 μόνον
1558 3732 1637 3768 σοι
1656 3712 1814 3784 ποιῆ-

218 3833 313 3870 σαι
354 3813 619 3885 ᾳανεράν,
656 3811 790 3866 ἀλλὰ
816 3812 910 3865 καὶ
944 3810 1128 3879 ἐφόδια
1152 3808 1334 3862 δοῦναι
1359 3808 1494 3880 πρὸς
1529 3806 1591 3861 τὸ
1616 3806 1815 3861 ἐπιδει-

217 3907 415 3963 κνύειν
440 3906 620 3962 αὐτῶν
641 3904 834 3977 ψεύδη·
861 3903 1003 3957 οὕτω
1034 3902 1097 3974 δὴ
1140 3903 1233 3957 καὶ
1274 3903 1339 3956 σὺ
1370 3902 1670 3973 φιλοτίμως
1699 3903 1812 3964 τοῖς

214 4002 435 4063 λοιποῖς
463 4000 824 4070 διακονήσεις.
854 3996 1027 4052 Simili
1056 3998 1219 4051 modo
1252 3996 1354 4051 sub
1386 3995 1546 4050 linem
1571 3994 1810 4063 ejusdem

217 4095 356 4149 libri
390 4092 470 4163 (ε)
502 4090 873 4161 :Quapropter
893 4090 1069 4144 conati
1102 4105 1286 4143 sumus
1319 4104 1437 4152 nos,
1466 4088 1664 4155 inquit,
1690 4086 1811 4139 uni-

218 4202 445 4242 rersum
480 4184 616 4237 male
644 4181 950 4250 compositw
991 4179 1279 4249 vulpeculce
1316 4179 1478 4249 hujus
1520 4194 1809 4247 corpuscu-

220 4282 343 4331 lum
375 4278 435 4330 in
473 4276 706 4328 medium
744 4273 1034 4337 producere
1054 4279 1104 4325 et
1142 4287 1235 4340 per
1273 4280 1323 4326 te
1368 4271 1543 4340 [acere
1586 4270 1815 4339 munite-

211 4384 419 4432 ηυττεν
434 4406 477 4424 ..
499 4366 645 4421 adest
665 4367 803 4420 enim
825 4376 873 4419 et
900 4365 993 4418 tibi
1015 4374 1064 4419 et
1084 4364 1346 4430 omnibus,
1368 4364 1457 4433 qui
1480 4373 1648 4417 tecum
1668 4373 1812 4429 sunt,

215 4464 289 4516 ad
325 4462 474 4524 Ιιωτ,
498 4474 614 4527 qua:
644 4457 899 4527 predicta
931 4464 1084 4521 sunt,
1115 4454 1345 4509 exerceri
1383 4463 1433 4508 et
1458 4465 1683 4507 evertere
1711 4469 1810 4507 ne-

1916 3156 2094 3223 gione,
2118 3170 2239 3224 quae
2268 3171 2298 3209 a
2331 3154 2605 3211 Valentini
2638 3160 3006 3215 sectatoribus
3037 3174 3339 3230 eorumque
3359 3160 3500 3218 arti-

1916 3248 2041 3311 bus,
2076 3246 2216 3301 alios
2246 3247 2314 3302 ad
2345 3264 2473 3304 suas
2500 3259 2688 3319 partes
2722 3251 3060 3317 deducendi,
3107 3253 3346 3309 maxime
3380 3269 3500 3311 mo-

1917 3341 2122 3396 tuebat.
2151 3336 2430 3395 Valentini
2477 3340 2743 3395 familiam
2776 3356 2941 3405 vero,
2974 3341 3100 3398 licet
3130 3342 3257 3399 alibi
3280 3360 3501 3416 quoque

1916 3436 2074 3491 sedes
2104 3449 2233 3489 suas
2264 3433 2537 3491 collocare
2566 3438 2878 3503 tentaverit,
2909 3438 3148 3494 maxime
3176 3439 3228 3494 in
3259 3439 3501 3513 ,Ευριο

1914 3536 1969 3581 et
2020 3526 2245 3583 Oriente
2290 3527 2565 3596 ﬂoruisse,
2594 3542 2755 3583 nemo
2797 3528 3035 3599 ignorat.
3083 3528 3141 3584 ln
3184 3530 3419 3603 Egypto
3442 3540 3501 3589 et

1917 3620 2247 3675 Marcosiani
2281 3621 2528 3688 fuerunt;
2566 3634 2668 3676 nec
2694 3619 2807 3676 ullo
2837 3622 3001 3678 modo
3026 3636 3095 3678 ex
3127 3622 3311 3679 lrenai
3345 3640 3502 3680 cont.

1918 3713 2208 3770 mentariis
2247 3716 2537 3783 probatur,
2564 3714 2709 3784 quod
2733 3714 3027 3771 manifesto
3056 3716 3371 3788 Hieronymi
3400 3733 3497 3773 ero

1917 3823 2043 3862 rore
2090 3809 2303 3863 seducti
2350 3806 2595 3863 nonnulli
2628 3806 3003 3874 contendunt,
3038 3806 3277 3862 Marcum
3306 3810 3499 3865 eadem

1918 3915 2042 3954 cum
2073 3899 2281 3955 Irenaeo
2309 3909 2469 3954 aetate
2501 3900 2552 3953 in
2580 3898 2755 3961 Gallia
2785 3913 2883 3953 sua
2915 3900 3187 3968 sparsisse
3219 3914 3501 3955 commen-

1918 4001 1971 4046 ta
2005 3992 2095 4063 (i),
2129 3991 2256 4047 licet
2282 3991 2575 4047 nonnullos
2605 4006 2672 4046 ex
2701 3989 2818 4058 ejus
2862 3991 3147 4062 discipulis
3177 3994 3231 4048 in
3255 4009 3376 4049 eam
3402 4011 3501 4066 pe—

1917 4096 2164 4142 netrasse
2213 4084 2516 4154 scripserit.
2565 4082 2746 4138 Simili
2794 4084 2956 4137 modo
3006 4084 3215 4141 fatetur
3263 4092 3497 4154 noster,

1922 4199 2083 4238 usum
2112 4198 2172 4238 se
2210 4197 2333 4238 esse
2360 4182 2633 4237 nonnullis
2662 4183 2934 4238 Valentini
2965 4184 3189 4239 asseclis
3215 4185 3508 4240 familiari-

1916 4283 1999 4330 ter
2026 4286 2081 4329 et
2103 4290 2169 4331 ex
2202 4274 2308 4330 illis
2349 4275 2576 4343 perinde
2614 4288 2678 4327 ac
2702 4289 2768 4328 ex
2800 4275 2956 4331 libris
2988 4276 3494 4331 Valentiniauorum

1918 4366 2111 4421 horum
2146 4366 2447 4421 sententias
2475 4364 2761 4431 didicisse;
2795 4367 2888 4420 sed
2912 4366 2964 4420 in
2997 4365 3169 4421 Gallia
3197 4367 3336 4420 idem
3361 4380 3497 4421 cun-

1923 4460 2110 4529 tigisse
2139 4473 2418 4527 nunquam
2446 4456 2602 4513 dixit.
2636 4456 2758 4511 llaec
2783 4459 3004 4528 quidem
3035 4470 3228 4527 aperte
3258 4460 3494 4525 docent,

217 4567 395 4624 quam
426 4552 663 4619 ipsorum
687 4548 984 4601 doctrinas.
1020 4546 1191 4602 Tertii
1223 4544 1419 4600 deinde
1448 4544 1571 4600 libri
1602 4546 1705 4601 lioc
1731 4554 1815 4600 est
1846 4545 1891 4600 D
1922 4550 2215 4620 insigniter
2248 4550 2383 4614 falli,
2415 4551 2505 4619 qui
2551 4564 2687 4619 opus
2718 4549 2822 4604 hoc
2870 4559 3062 4619 putant
3088 4548 3372 4604 Gallorum
3404 4560 3501 4604 aut

223 4648 467 4701 initium
506 4640 624 4712 (d):
662 4639 742 4695 Tu
780 4640 1026 4709 quidem,
1065 4637 1439 4704 dilectissime,
1491 4654 1816 4707 prwceperas
1918 4642 2146 4697 aliorum
2181 4641 2507 4697 Latinorum
2538 4640 2728 4695 usibus
2758 4641 2927 4696 fuisse
2957 4641 3324 4705 destinatum,
3361 4642 3499 4696 alios

220 4738 410 4800 nobis,
442 4742 501 4787 ut
524 4750 634 4798 eas,
671 4749 788 4803 quc
812 4748 845 4784 a
880 4730 1159 4785 Valentino
1185 4740 1338 4796 sunt,
1374 4732 1655 4786 sententias
1690 4733 1813 4786 abs-

220 4830 525 4890 conditus,
574 4835 631 4879 ut
687 4826 787 4894 ipsi
838 4834 1068 4890 putant,
1117 4824 1176 4878 in
1234 4824 1573 4892 manifestum
1630 4823 1818 4891 prode-

222 4938 349 4977 rem
375 4960 392 4985 ,
440 4927 585 4984 etc.;
619 4933 784 4988 porro
822 4917 1003 4987 quarti
1024 4914 1293 4987 (e):IIunc
1328 4927 1574 4987 quartum
1595 4916 1812 4980 librum,

221 5014 603 5078 dilectissime,
634 5014 996 5067 transmittens
1019 5011 1135 5078 tibi,
1158 5012 1329 5079 operis
1362 5012 1500 5079 quod
1536 5019 1610 5065 est
1639 5010 1704 5063 de
1724 5010 1817 5063 de-

221 5109 473 5165 lectione
491 5117 537 5161 et
564 5107 825 5161 eversione
846 5103 999 5174 falsa
1015 5104 1354 5174 cognitionis,
1375 5103 1816 5173 quemadmodum

221 5198 716 5271 promisimus,per
742 5194 956 5249 Domini
992 5210 1255 5249 sermones
1294 5209 1356 5247 ea
1374 5233 1389 5257 ,
1418 5209 1537 5263 qua:
1561 5192 1813 5262 μνωάίπί-

226 5306 382 5354 usus,
406 5287 860 5355 conﬁrmabimus,
886 5288 963 5340 uti
985 5296 1034 5341 et
1056 5298 1137 5351 tu,
1166 5286 1305 5340 sicut
1328 5285 1629 5354 postulasti,
1666 5283 1820 5338 undi-

225 5397 336 5454 que
354 5398 389 5435 a
416 5378 566 5432 nobis
592 5377 822 5445 accipias
847 5377 1150 5432 occasiones
1173 5378 1241 5430 ad
1261 5376 1613 5446 confutandos
1638 5391 1815 5429 omnes

328 5564 390 5629 α)
440 5558 503 5630 Ν.
531 5561 589 5628 2,
613 5574 669 5630 p.
708 5561 762 5630 5.
789 5558 922 5615 edit.
954 5556 1236 5614 Massucti.

330 5632 391 5702 ιν)
433 5629 501 5687 N.
528 5633 584 5695 3,
616 5629 668 5700 ρ.
707 5629 761 5684 Δ.

306 5700 386 5771 (c)
433 5702 530 5773 (2p.
561 5704 653 5764 Μ,
691 5720 745 5757 n.
770 5700 827 5767 4,
850 5715 903 5773 p.
935 5700 1053 5759 H5.

304 5778 399 5846 (αῖ
442 5772 501 5846 ι’.
530 5774 675 5846 ηδ..

307 5842 386 5919 (ι)
439 5842 496 5897 Ρ.
526 5844 653 5898 227.

1915 4747 2046 4788 vero
2073 4734 2193 4789 sine
2226 4748 2393 4788 causa
2422 4732 2632 4797 mirari,
2669 4732 2834 4803 longe
2879 4732 3223 4802 frequentius
3269 4732 3397 4787 illud
3442 4734 3495 4788 in

1916 4826 2240 4882 Grmcorum
2272 4827 2529 4882 manibus
2558 4827 2768 4883 versari
2801 4828 3174 4891 consuevisse,
3202 4840 3364 4894 quam
3391 4823 3500 4879 La-

1917 4917 2178 4972 tinorum.
2197 4917 2461 4984 Quamvis
2485 4919 2629 4973 enim
2657 4920 2711 4972 in
2733 4916 2905 4972 Gallia
2929 4915 3095 4972 fuerit
3116 4916 3499 4987 compositmn,
3568 4918 3571 4919 ⁷

1919 5011 2144 5065 missum
2171 5019 2353 5066 tamen
2370 5010 2469 5065 luit
2490 5012 2542 5066 in
2568 5011 2863 5082 Egyptum
2890 5019 2983 5065 aut
3004 5010 3188 5064 Asiam
3208 5010 3495 5072 minorem,

1921 5104 2063 5156 unde
2094 5102 2146 5156 in
2184 5102 2323 5156 alias
2355 5101 2598 5158 Orientis
2626 5102 2938 5173 provincias
2975 5100 3138 5157 facile
3173 5112 3496 5170 penetrare,

1920 5195 1973 5248 in
2004 5194 2436 5250 occidentalibus
2457 5209 2591 5250 vero
2620 5193 2777 5265 quasi
2810 5193 3054 5265 ignorari
3087 5195 3283 5263 potuit,
3323 5193 3499 5247 donec

1920 5284 2221 5341 Latinitate
2265 5286 2525 5340 donatum
2565 5286 2621 5340 in
2654 5284 2887 5355 patriam
2917 5284 3073 5353 quasi
3105 5284 3327 5339 rediret.
3369 5281 3501 5337 Post

1922 5378 2039 5433 haec
2069 5391 2187 5432 tcto
2214 5375 2431 5443 medio,
2460 5375 2513 5431 id
2554 5383 2636 5431 est
2664 5375 2860 5431 litteris
2886 5375 3088 5432 infesto
3111 5416 3129 5444 ,
3166 5375 3400 5443 accidit,
3438 5380 3501 5431 ut

1995 5562 2063 5630 (f)
2097 5560 2157 5613 P.
2188 5559 2285 5613 291
2302 5601 2315 5615 .

1995 5631 2072 5703 (ει)
2304 5626 2659 5703 υριιινριιυιη,
2686 5624 2894 5703 μελε.

1994 5690 2072 5771 (ἦ)
2113 5700 2171 5754 ν,
2208 5699 2441 5771 Histoire
2469 5699 2641 5771 littér._
2662 5690 2727 5753 de
2744 5698 2795 5751 la
2812 5694 3214 5771 France,t.l,p.
3239 5690 3365 5771 350.

1924 5758 2067 5897 ὋΨ
2098 5770 2257 5826 Coul‘.
2288 5768 2692 5838 llwresiologiw
2725 5782 2755 5820 a
2783 5780 2869 5820 me
2901 5766 3061 5818 e'ditue
3116 5758 3174 5816 t.'
3195 5763 3236 5827 l,
3272 5778 3325 5833 p.
3360 5758 3493 5829 380,

1924 5864 1958 5897 υ
2054 5857 2206 5913 seqq.
