3924 6354
493 365 599 424 33-,
1884 365 1996 422 ra.
2035 360 2337 426 WALCHll
3618 375 3715 436 sas

495 486 641 541 inter
667 485 885 539 Graecos
914 483 1038 539 libri
1066 484 1257 541 Graece
1290 485 1481 555 scripti
1509 485 1818 551 interirent,
1858 483 2052 539 Latina
2084 496 2132 552 Α
2162 488 2451 558 utriusque
2504 486 2796 557 scriptoris
2854 486 3207 543 monimentis
3251 495 3306 543 et
3350 503 3472 558 qna:
3521 490 3576 546 ln
3637 494 3714 549 his

493 593 624 632 vero
654 593 841 634 eorum
879 580 1260 649 interpretatio
1284 578 1630 633 librariorum
1661 592 1824 647 opera
1851 585 1908 632 et
1933 578 2057 633 dili-
2160 573 2259 627 sibi
2291 572 2489 627 similia
2528 583 2676 639 sunt,
2713 573 2845 629 locis
2887 575 3246 644 congerendis
3288 578 3561 634 neminem
3599 596 3711 636 nov-

493 672 677 741 gentia
706 671 773 725 ad
812 682 1055 725 nostram
1082 679 1295 725 aetatem
1328 670 1654 740 perveniret.
1696 668 1842 724 Idem
1884 671 2058 725 nostis
2162 666 2420 732 majorem
2451 666 2719 721 collocare
2768 666 3107 737 diligentiam
3159 682 3284 723 ven.
3317 669 3565 726 Semlero
3605 673 3711 744 (d);

494 763 878 833 antiquissimo
906 761 1122 816 Hermae
1153 762 1316 826 libro,
1352 759 1595 813 Pastoris
1640 760 1796 814 titulo
1830 769 2055 826 ornato,
2159 759 2300 814 idem
2327 769 2507 815 tamen
2541 760 2798 815 nonnulla
2839 776 2947 815 non
2980 762 3198 816 testium
3236 765 3585 833 auctoritate,
3631 771 3713 823 sed

494 855 783 920 accidisse,
810 862 868 908 ut
907 855 1024 907 sola
1067 852 1306 922 supersit
1334 852 1517 906 versio
1546 834 1771 914 Latina,
1811 852 2058 909 Graecum
2160 851 2578 905 ratiocinatione
2608 851 2815 905 munita
2853 851 3075 918 adjecit,
3106 866 3227 921 qua:
3260 854 3362 909 nisi
3416 854 3709 920 diluantur,

490 960 621 1001 vero
650 946 955 1015 exemplum
987 944 1219 1014 periisse
1256 953 1544 998 censeatur
1584 944 1684 1015 (a).
1713 943 1815 1009 Qui
1842 958 1972 998 vero
2002 944 2056 997 in
2158 940 2378 995 excitati
2417 955 2445 993 a
2480 956 2566 995 me
2607 940 2901 994 testimonii
2935 939 3043 993 vim
3087 950 3140 993 et
3187 942 3424 1011 pretium
3473 942 3708 999 imminui

491 1041 812 1095 memoriam
869 1041 1248 1107 revocaverit,
1307 1040 1407 1094 ista
1460 1049 1780 1109 tempestate
1837 1040 2055 1094 arctiori
2158 1043 2391 1105 oportet.
2421 1032 2535 1087 Non
2569 1032 2686 1086 sine
2718 1029 2917 1101 injuria
2949 1030 3339 1087 Tertullianum
3393 1032 3715 1091 insimulavit

491 1129 746 1184 amicitiae
778 1138 832 1183 et
869 1130 1169 1184 litterarum
1188 1130 1497 1184 commercii
1523 1129 1739 1183 vinculo
1771 1129 2058 1186 cohaesisse
2158 1125 2430 1189 criminis,
2472 1125 2614 1193 quod
2662 1122 2827 1192 plagii
2870 1124 3118 1179 litterarii
3168 1139 3367 1181 nomen
3421 1125 3546 1182 fert.
3575 1126 3714 1182 Post-

491 1220 834 1276 Cbristianos
859 1221 1046 1274 Asiam
1070 1220 1313 1275 colentes
1345 1236 1466 1275 cum
1496 1219 1668 1275 Gallis
1707 1221 1804 1290 (ὁ),
1837 1221 1881 1276 is
1909 1230 2059 1277 certe
2158 1231 2320 1285 quam
2351 1216 2493 1270 enim
2523 1216 2621 1271 sub
2652 1216 2809 1270 initio
2834 1216 2917 1271 sui
2950 1213 3112 1269 libelli
3159 1217 3394 1285 ingenue
3444 1217 3714 1273 confessus

494 1326 562 1366 ne
592 1311 857 1366 dubitabit
886 1312 1106 1380 quidem
1128 1351 1144 1376 ,
1187 1312 1428 1380 potuisse
1456 1312 1525 1365 ab
1555 1313 1774 1365 homine
1804 1310 2057 1383 Egyptio
2157 1319 2260 1371 est,
2286 1324 2347 1364 se
2384 1325 2480 1364 sua
2512 1324 2578 1363 ex
2624 1319 2860 1377 quatuor
2909 1318 3317 1373 antecessorum,
3347 1325 3577 1379 quorum
3623 1327 3712 1365 no-

492 1413 584 1459 aut
603 1403 855 1460 orientali
888 1406 1070 1473 rogari
1096 1405 1327 1458 amicum
1350 1419 1471 1457 cum
1493 1401 1661 1457 Gallis
1684 1402 1969 1464 viventem,
1998 1412 2057 1456 ut
2157 1403 2299 1458 mina
2328 1402 2523 1456 recitat
2554 1400 2999 1469 singulorumque
3028 1398 3219 1455 laudes
3265 1402 3549 1469 pratdicat,
3576 1417 3711 1456 com-

488 1494 811 1548 enarrandis
840 1494 1223 1548 haereticorum
1256 1494 1796 1563 opinionibus,quas
1832 1502 2057 1547 noverat
2156 1493 2442 1550 ntentariis
2469 1492 2745 1558 didicisse,
2790 1508 2887 1547 cur
2931 1506 3067 1560 opus
3118 1491 3284 1546 fuerit
3346 1490 3525 1546 ubivis
3574 1508 3712 1563 repe-

486 1584 616 1639 huic
641 1594 956 1654 perSpectas
980 1598 1123 1647 esse,
1153 1584 1308 1637 daret
1338 1599 1596 1652 operam;
1629 1584 1889 1638 authunc
1911 1584 2054 1654 quod
2158 1599 2271 1644 tere
2297 1588 2484 1646 Irenaei
2531 1602 2751 1651 nomen,
2803 1600 2904 1656 ego
2953 1584 3171 1654 quidem
3208 1594 3418 1640 tantum
3470 1588 3620 1642 abest
3661 1600 3710 1643 at

492 1675 566 1728 ab
589 1689 655 1729 eo
686 1674 1110 1743 exspectabatur
1137 1673 1215 1727 illi
1253 1674 1488 1728 tribuere
1518 1672 1774 1730 oﬂicium.
2157 1682 2318 1736 ullam
2364 1681 2661 1750 intelligam
2696 1693 2918 1734 causam
2942 1722 2958 1746 ,
2990 1688 3050 1733 ut
3079 1692 3295 1743 verear,
3344 1691 3435 1740 ne,
3477 1678 3522 1731 si
3562 1676 3709 1732 fecis-

554 1765 664 1819 llos
686 1766 850 1835 igitur
874 1764 1038 1819 libros
1083 1765 1126 1819 si
1163 1778 1291 1819 vere
1341 1766 1411 1820 ab
1446 1765 1653 1821 Irenaeo
1697 1766 2049 1836 Lugdunensi
2090 1840 2097 1841 ί
2157 1781 2259 1835 set,
2307 1772 2702 1841 intempestivae
2741 1769 3051 1824 sedulitatis
3094 1770 3433 1825 contraxerit
3461 1771 3562 1824 sibi
3606 1785 3712 1826 sus-

484 1866 742 1935 episcopo
778 1864 1012 1930 scriptos
1049 1879 1192 1927 esse,
1240 1864 1450 1919 idoneis
1502 1864 1831 1934 argumentis
1876 1872 2051 1934 potest
2083 1840 2125 1898 Β
2154 1863 2442 1933 picionern.
2484 1840 2741 1927 iAccedit,
2788 1870 3072 1931 postquam
3129 1861 3306 1916 oculis
3364 1862 3709 1932 manibusque

483 1959 677 2013 conﬁci
706 1973 722 2024 ;
758 1968 869 2012 ttnn
903 1970 1052 2013 certe
1097 1958 1164 2012 de
1206 1973 1395 2011 eorum
1439 1956 1763 2011 auctoritate
1796 1964 1849 2011 et
1882 1957 2052 2012 histo-
2151 1953 2352 2007 nostris
2401 1962 2581 2021 erepta
2633 1960 2783 2016 sunt,
2818 1951 3018 2020 quibus
3063 1962 3260 2020 praeter
3295 1950 3560 2005 Irenaeum
3594 1967 3710 2007 usus

481 2051 595 2106 rica
626 2051 731 2105 ﬁde
766 2060 972 2105 rectum
1006 2051 1181 2105 fertur
1208 2047 1496 2117 judicium.
1550 2048 1767 2104 Criticre
1806 2050 1940 2104 artis
1972 2049 2048 2103 le-
2152 2054 2234 2097 est
2275 2043 2570 2113 magistris,
2619 2042 2841 2105 Justini,
2880 2042 3136 2096 Miltiadis
3179 2052 3234 2096 et
3280 2039 3501 2096 Proculi
3549 2042 3705 2095 moni-

482 2141 644 2209 gibus
682 2142 992 2211 expeditum
1033 2150 1137 2204 est,
1172 2140 1236 2193 ad
1264 2140 1421 2209 hujus
1473 2139 1686 2207 generis
1725 2140 2044 2210 disputatio.
2151 2142 2353 2199 menta,
2382 2134 2671 2187 admodum
2707 2130 2979 2186 diﬁicilem
3034 2140 3088 2185 et
3134 2132 3364 2185 arduam
3417 2147 3559 2185 nunc
3596 2145 3708 2187 esse

480 2245 605 2286 nem
640 2242 763 2302 apte
806 2233 1191 2287 instituendam
1231 2233 1333 2287 hoc
1363 2233 1589 2301 requiri,
1617 2245 1675 2287 ut
1719 2233 1907 2287 sedulo
1938 2233 2050 2289 dis-
2151 2227 2544 2296 conjecturam,
2574 2239 2641 2279 ex
2671 2225 2868 2294 quibus
2899 2223 3145 2279 fontibus
3180 2223 3428 2294 singulas
3458 2232 3706 2277 narratio-

479 2326 761 2395 quiramus
816 2324 1051 2392 primum
1077 2362 1092 2386 ,
1172 2342 1297 2378 num
1371 2325 1609 2379 lrenaeus
1676 2327 2049 2396 composuerit
2150 2334 2245 2375 nes
2272 2319 2580 2385 historicas,
2611 2327 2667 2373 et
2695 2318 2787 2388 qui
2819 2318 2875 2372 in
2908 2316 2994 2371 his
3016 2315 3238 2371 omnino
3273 2317 3462 2383 reponi
3496 2315 3700 2380 debent,

480 2418 745 2472 adversus
792 2417 1031 2471 haereses
1094 2417 1297 2478 libros;
1343 2416 1564 2484 deinde,
1613 2432 1740 2471 num
1805 2419 1849 2472 si
1910 2434 2047 2488 quos
2152 2412 2654 2467 \‘alentinianorhm
2698 2412 2912 2467 somnia
2948 2412 3003 2465 in
3026 2424 3154 2464 suos
3185 2408 3393 2463 rivulos
3436 2408 3703 2463 deduxerit

477 2509 890 2578 conscripserit,
921 2507 1082 2562 iidem
1114 2508 1227 2563 fere
1255 2509 1365 2562 sint
1389 2523 1511 2563 cum
1546 2509 1651 2574 his,
1677 2510 1874 2579 quibus
1905 2525 2048 2564 nunc
2147 2503 2299 2559 Afer.
2342 2503 2515 2558 Probe
2536 2503 2693 2572 enim
2732 2503 3025 2558 tenendum
3069 2508 3173 2565 est,
3199 2499 3516 2555 Tertulliani
3543 2497 3704 2554 libello

477 2599 702 2652 utimur.
2148 2594 2433 2649 manifesta
2463 2594 2726 2666 impressa
2770 2609 2891 2650 esse
2926 2596 3154 2666 vestigia
3197 2596 3483 2650 dissensus
3516 2592 3578 2645 ab
3605 2589 3703 2645 lre-

480 2730 483 2731 ν
549 2689 702 2757 Quod
733 2690 907 2758 primo
935 2689 1055 2745 ιοοο
1077 2690 1311 2761 positum
1335 2699 1438 2755 est,
1468 2706 1591 2746 cum
1618 2692 1670 2745 in
1698 2707 1904 2756 rerum,
1928 2708 2047 2763 qua;
2147 2702 2284 2741 meo.
2324 2685 2666 2753 Qumstiones
2703 2685 2868 2750 binae.
2903 2701 3041 2756 quas
3088 2686 3348 2756 proponit
3375 2682 3702 2739 venerandus

477 2784 634 2838 facta:
672 2792 800 2838 sunt
850 2792 905 2837 et
937 2783 1097 2855 longo
1138 2784 1338 2838 abhinc
1384 2792 1626 2852 tempore
1680 2785 2043 2854 contigerunt,
2149 2779 2447 2846 Semlews.
2483 2777 2644 2833 Ῑὲὶοῖιθ
2685 2779 3068 2848 “Pedium”.
3102 2778 3351 2833 Priorem
3386 2777 3550 2841 enim,
3582 2788 3703 2844 ‘1"0‘

473 2890 699 2930 nurnero
726 2874 818 2940 sit,
856 2875 922 2930 de
948 2890 1014 2929 eo
1045 2875 1264 2944 quidem
1310 2884 1455 2929 recte
1497 2876 1863 2945 cognoscendi
1898 2874 2044 2931 nulla
2148 2873 2309 2927 modo
2349 2872 2585 2941 istojam
2617 2881 2861 2943 tempore
2897 2871 3266 2927 Tertullianus
3307 2868 3501 2925 [renati
3547 2867 3701 2922 libros

472 2966 696 3037 cogitari
721 2975 944 3037 possunt
966 2967 1258 3035 principia,
1293 2966 1420 3019 nulli
1444 2965 1644 3029 fontes.
1674 2966 1778 3021 nisi
1816 2967 2043 3021 testium
2150 2966 2324 3023 oculis
2369 2977 2424 3020 et
2454 2967 2708 3022 manibus
2738 2967 2852 3022 suis
2884 2966 3253 3036 usurpaverit,
3282 2980 3385 3019 cur
3410 2961 3699 3033 protulerit,

472 3056 661 3114 ell'ata.
705 3057 1215 3113 Commemorarunt
1262 3066 1496 3120 veteres,
1544 3055 1804 3113 Irenaeum
1850 3068 2046 3114 contra
2148 3072 2249 3113 nec
2273 3058 2607 3128 probaverit,
2647 3074 2763 3115 rem
2796 3074 2925 3114 vere
2958 3073 3081 3114 esse
3126 3056 3412 3122 ἀδύνατον,
3445 3070 3591 3125 teque
3612 3053 3699 3107 nii-

471 3165 586 3211 eos,
608 3150 701 3218 qui
727 3164 822 3203 sua
850 3158 1011 3203 aetate
1040 3148 1345 3204 doctrinam
1372 3149 1740 3205 ChriStianam
1767 3150 2044 3206 erroribus
2070 3185 2116 3248 C
2149 3166 2261 3219 ror,
2291 3167 2354 3208 ac
2376 3168 2475 3208 cur
2506 3167 2614 3206 non
2642 3154 2960 3207 recordatus
2990 3152 3079 3217 sit,
3122 3165 3242 3221 quae
3281 3144 3412 3206 ante
3455 3147 3627 3205 saeculi
3659 3161 3694 3201 ll

470 3254 825 3309 corrumpere
872 3240 1233 3304 studuerunt,
1285 3241 1474 3295 sedulo
1510 3250 1565 3294 et
1616 3240 1893 3309 eleganter
1945 3257 2043 3312 pu-
2076 3239 2115 3248 “
2144 3245 2348 3299 exitum
2390 3248 2458 3298 ab
2498 3243 2700 3299 Irenaeo
2737 3245 2881 3298 edita
2923 3243 3148 3309 fuerint,
3185 3242 3432 3312 potuisse
3473 3249 3585 3310 post
3612 3239 3699 3294 ini-

470 3345 668 3402 gnasse
716 3330 989 3399 editisque
1025 3331 1243 3400 scriptis
1291 3347 1387 3386 eos
1428 3332 1756 3387 confutasse.
1799 3332 2041 3388 Pritnum
2145 3338 2279 3391 tium
2332 3336 2480 3390 tertii
2530 3336 2602 3406 (e)
2651 3334 2979 3404 Carthagine
3028 3335 3152 3405 legi.
3208 3336 3287 3389 Ad
3332 3333 3694 3404 posteriorem,

469 3439 535 3477 ex
566 3422 741 3477 astatis
765 3423 978 3477 ratione
1014 3421 1190 3477 locum
1242 3432 1395 3479 tenet
1440 3424 1835 3490 Tertullianus,
1883 3426 2038 3492 cujus
2142 3443 2249 3493 quo
2276 3428 2399 3496 jure
2429 3427 2508 3481 sic
2540 3426 2739 3481 fecerit
2770 3425 3162 3491 Tertullianus,
3193 3436 3252 3480 ut
3285 3440 3355 3480 ex
3380 3424 3564 3480 Graeco
3584 3422 3697 3477 sub-

468 3516 607 3569 satis
635 3515 850 3569 celebre
879 3524 962 3568 est
1010 3516 1115 3569 hoc
1142 3515 1360 3570 elfatum
1390 3516 1460 3587 (ε)
1495 3535 1509 3571 :
1545 3534 1635 3571 nec
1688 3521 1915 3589 undique
1954 3523 2041 3575 di-
2142 3519 2348 3589 legeret
2388 3532 2507 3584 sua,
2551 3528 2604 3571 et
2633 3516 2819 3572 Latine
2853 3524 3141 3586 repeteret,
3176 3531 3295 3586 qua:
3347 3517 3440 3571 ille
3477 3515 3697 3571 creditur

468 3621 646 3659 cemur
676 3606 776 3674 ipsi
812 3606 957 3659 nobis
982 3606 1199 3674 ﬁnxisse
1230 3608 1496 3673 materias,
1525 3625 1657 3677 quas
1699 3620 1772 3662 tot
1794 3610 1906 3677 iam
1941 3613 2040 3665 viri
2151 3610 2443 3679 scripsisse
2471 3608 2679 3671 Grasce,
2707 3607 2834 3677 quid
2872 3617 3022 3661 recte
3051 3607 3468 3678 respondeatur,
3500 3607 3551 3661 id
3589 3604 3693 3675 qui-

465 3697 745 3751 sanctitate
767 3705 816 3750 et
851 3697 1159 3765 prastantia
1210 3698 1462 3766 insignes,
1508 3716 1599 3753 nec
1649 3701 1817 3755 solum
1872 3704 2039 3757 nostri
2142 3702 2266 3756 dem
2321 3703 2436 3770 ipsa
2497 3699 2929 3768 interrogatione
2970 3698 3185 3753 videtur
3228 3698 3363 3753 mihi
3407 3697 3693 3752 luculenter

464 3801 813 3844 antecessores
854 3800 941 3843 sea
972 3790 1204 3856 ipsorum
1228 3790 1702 3847 hceresiarcltarum
1729 3804 2035 3865 contentpo—
2140 3807 2259 3849 esse
2292 3807 2631 3862 expressum.
2660 3791 2795 3846 Cum
2827 3794 2973 3846 enim
3004 3800 3240 3861 quatuor
3268 3791 3343 3844 illi
3387 3804 3563 3843 rerum
3597 3786 3691 3841 Va-

465 3879 625 3942 rales,
658 3880 1083 3933 instructissimis
1120 3878 1468 3935 voluminibus
1519 3893 1565 3935 et
1611 3884 1956 3953 prodiderunt
1986 3896 2039 3939 et
2140 3886 2557 3941 lentinianorum
2615 3884 2908 3953 scriptores
2958 3882 3024 3935 ad
3075 3897 3241 3935 unum
3298 3896 3489 3936 omnes
3516 3879 3688 3934 Graece

464 3970 793 4035 retuderunt,
850 3980 907 4023 ut
949 3971 1194 4026 Justinus
1236 3973 1574 4043 philosophus
1618 3984 1668 4028 et
1713 3985 1936 4046 martyr,
1980 3986 2037 4030 ut
2139 3980 2355 4035 easdem
2391 3976 2743 4041 retulissent,
2775 3972 2970 4029 Latina
3005 3982 3184 4027 autem
3209 3972 3396 4028 lrenaci
3424 3970 3596 4027 versio
3617 3966 3691 4020 vel

463 4058 1123 4124 Miltiades,Ecclcsiarum
1151 4064 1408 4131 sophista,
1438 4075 1492 4117 ut
1516 4064 1775 4130 Irenwus,
1804 4068 2012 4120 omniuu

2139 4071 2377 4127 nondum
2421 4067 2671 4123 conlecta
2728 4066 2809 4120 vel
2853 4082 2884 4119 a
2930 4064 3265 4119 Tertulliano
3308 4065 3544 4119 nondum
3585 4062 3687 4115 visa

462 4155 824 4208 doctrinarum
871 4155 1265 4209 curiosissimus
1317 4156 1636 4222 explorator,
1669 4169 1724 4211 ut
1778 4157 2034 4215 Proculus
2139 4163 2361 4229 fuisset,
2407 4161 2498 4216 hic
2534 4174 2664 4214 vero
2694 4158 2815 4212 illas
2860 4156 3032 4211 nollet
3076 4157 3342 4211 acivibus
3394 4154 3507 4210 suis
3545 4154 3686 4222 igno-

461 4250 662 4305 noster,
691 4241 907 4310 virginis
934 4252 1152 4296 senecta:
1181 4254 1228 4295 et
1261 4241 1576 4299 Christiana:
1607 4246 1917 4315 eloquentia:
1943 4249 2033 4302 di-
2140 4253 2272 4317 rari,
2321 4250 2595 4319 sapienter
2641 4249 2784 4303 idem
2821 4246 2974 4311 fecit,
3010 4245 3173 4315 quod,
3214 4254 3274 4299 ut
3308 4261 3376 4299 ex
3404 4240 3686 4299 innumeris

458 4331 633 4399 gnitas
664 4346 683 4385 :
714 4347 843 4399 quos
870 4332 925 4385 in
952 4333 1097 4385 omni
1124 4349 1276 4401 opere
1320 4333 1462 4401 ﬁdei,
1490 4339 1932 4404 quemadmodum
1978 4341 2034 4394 in
2139 4354 2302 4393 unum
2336 4337 2601 4406 exemplis
2636 4335 2910 4405 adjiciam,
2943 4337 3134 4391 Cicero
3163 4336 3314 4399 fecit,
3343 4336 3438 4404 qui
3467 4336 3517 4389 in
3544 4331 3683 4387 libris

460 4426 583 4489 ista,
611 4426 899 4495 optaverim
944 4427 1177 4494 assequi.
1223 4428 1378 4481 Dicta
1418 4430 1534 4482 haec
1576 4444 1697 4484 esse
1730 4432 1797 4485 de
1845 4443 2031 4488 nostro
2136 4431 2529 4501 philosophicis
2556 4430 2750 4484 Latine
2783 4430 3025 4499 repetiit,
3056 4444 3179 4499 quae
3211 4444 3279 4483 ex
3311 4428 3515 4485 Graecis
3557 4424 3683 4483 sele-

458 4532 641 4587 opere,
677 4532 786 4572 non
824 4517 998 4573 solum
1033 4534 1101 4571 ex
1137 4521 1258 4587 ipso
1289 4520 1451 4587 hujus
1474 4521 1699 4575 consilio
1727 4522 2030 4593 colligitur,
2063 4537 2112 4595 ι)
2138 4532 2309 4593 gerat.
2350 4522 2625 4579 Hactenus
2647 4523 2713 4577 de
2740 4520 3099 4577 Tertulliano.

454 4623 588 4664 vere
612 4608 756 4663 enim
788 4610 1102 4679 appositum
1146 4606 1249 4661 fuit
1273 4608 1551 4663 Valentini
1583 4612 1804 4679 scholae,
1835 4624 2030 4668 contra

456 4713 622 4767 quam
658 4697 1027 4753 Tertullianus
1057 4699 1280 4766 scripsit
1329 4700 1593 4766 libellum,
1626 4702 1765 4756 unde
1792 4702 1907 4757 haec
1939 4706 2032 4760 de—
2203 4702 2332 4758 Post
2356 4704 2501 4759 hunc
2525 4703 2749 4773 prodeat
2775 4702 3038 4757 Eusebius
3059 4701 3442 4767 Ctesareensis,
3471 4698 3683 4768 diligen-

455 4799 671 4859 sumpta
718 4800 872 4855 sunt;
904 4790 1002 4845 sed
1042 4790 1276 4843 maxime
1322 4792 1485 4844 etiam
1545 4792 1773 4848 mirilico
1818 4808 2028 4861 eorum,
2132 4794 2372 4849 tissimus
2423 4804 2478 4849 et
2512 4796 2760 4850 sincerus
2790 4810 2972 4848 rerum
3012 4795 3065 4849 in
3110 4795 3419 4850 Christiana
3464 4792 3672 4848 civitate

454 4897 575 4950 quas
615 4880 849 4937 lrenaeus
892 4891 949 4936 et
993 4880 1364 4937 Tertullianus
1411 4882 1479 4937 de
1528 4881 2027 4941 Valentinianorum
2129 4896 2406 4956 gestarum
2442 4888 2842 4957 pronuntiator.
2878 4884 2928 4940 Is
2962 4901 3091 4942 vero
3129 4902 3253 4943 cum
3300 4886 3593 4957 saepissime
3611 4881 3672 4935 de

453 4972 738 5039 disciplina
788 4974 1185 5041 prodiderunt,
1217 4989 1485 5029 consensu
1540 4976 1919 5042 conﬁrmatur,
1951 4978 2026 5031 ita
2127 4985 2329 5038 Irenaeo
2357 4996 2544 5038 nostro
2592 4983 2803 5038 locutus
2832 4993 2915 5038 est
2955 4998 3189 5051 eumque
3220 4983 3427 5053 magnis
3469 4976 3670 5035 ornavit

453 5074 512 5117 ut
539 5064 712 5131 hunc,
746 5080 867 5134 qua:
922 5066 1013 5122 ille
1041 5068 1363 5138 scripserat,
1394 5078 1521 5122 ante
1546 5084 1673 5123 suos
1702 5069 1889 5125 oculos
1929 5072 2026 5125 ha-
2126 5074 2401 5138 laudibus,
2429 5076 2660 5129 suﬁiciat
2698 5090 2760 5129 ea
2811 5091 2955 5131 nunc
2982 5075 3254 5146 colligere,
3286 5090 3405 5144 qua:
3430 5075 3494 5128 de
3515 5082 3665 5141 Opere

451 5156 635 5212 buisse
685 5172 861 5227 neque
919 5158 1171 5228 exiguam
1235 5175 1423 5216 eorum
1479 5169 1689 5230 partem
1755 5164 2022 5217 transcri-
2127 5167 2387 5220 adversus
2416 5166 2701 5220 haereticos
2741 5167 2929 5221 abillo
2958 5166 3163 5234 scripto
3208 5166 3442 5236 reliquit,
3475 5163 3602 5217 loca.
3629 5158 3663 5212 Ι.

451 5246 651 5318 psisse,
696 5248 843 5318 justa
890 5251 963 5304 sit
997 5254 1267 5307 statuendi
1310 5267 1503 5308 causa.
1536 5254 1593 5308 ln
1639 5254 2024 5323 comparandis
2122 5257 2417 5326 P05tqnam
2460 5255 2528 5311 de
2566 5256 2805 5311 Simonis
2849 5256 2988 5328 Magi
3033 5255 3314 5311 erroribus
3358 5271 3423 5311 ex
3466 5252 3667 5310 Justino

542 5444 598 5526 ει)
644 5446 929 5526 Eleganter
991 5450 1043 5526 i_d
1101 5452 1706 5526 monuitDodwellus.
1769 5469 1825 5523 p.
1886 5454 2012 5526 408.
2120 5461 2243 5526 MS,
2278 5458 2410 5512 edit.
2444 5456 2660 5513 llalens.

517 5514 792 5600 uincam.
836 5516 1040 5600 'l_‘_heod.
1096 5521 1349 5600 ttuinarti
1398 5514 1787 5600 Act._martyr.'
1814 5540 1894 5600 p._
1920 5525 2011 5588 54,
2191 5514 2295 5600 (ἁ)ί
2322 5529 2459 5586 Diss.
2501 5544 2517 5583 ι
2566 5528 2621 5584 in
2654 5527 2981 5585 Tertullian.
3026 5527 3233 5597 adjecta
3274 5529 3383 5586 vol.
3424 5526 3485 5592 ν.
3517 5524 3545 5599 ε
3578 5520 3656 5588 ην

448 5584 575 5669 ﬂint.
602 5584 821 5669 zenon;
847 5587 1079 5669 gistoirc
1128 5591 1290 5669 liuet“.
1337 5600 1400 5669 de
1436 5595 1488 5647 la
1528 5584 1759 5669 ranc'e,
1879 5584 2009 5669 l,_p.
2116 5614 2172 5669 p.
2195 5584 2329 5655 δύο.

1108 5610 1488 5740 (ἷὲιὶἵᾶιῐῗὶῖιίία
1519 5610 1759 5718 ἦὶᾜέῗξέ
1797 5610 2012 5717 belli:
2116 5610 2458 5740 θ’(ῗῗυόοητ.
2506 5681 2653 5740 ven;
2694 5657 2964 5740 Jo._gAug.
3007 5667 3257 5740 Noesselt
3301 5668 3379 5725 De
3423 5673 3564 5722 actate
3601 5672 3659 5715 cc

447 5723 580 5809 glisc‘
614 5727 679 5809 de
705 5724 878 5809 .Lycn,
914 5739 961 5809 ξε
1000 5729 1048 5809 ll,
1094 5746 1148 5799 p.
1194 5731 1285 5785 59.
1376 5802 1403 5809 __
1733 5802 1761 5809 _
2115 5723 2357 5795 doctiina
2379 5723 2559 5801 script.
2611 5723 2942 5806 Tertulliani:
2983 5754 3039 5809 p.
3068 5737 3156 5795 89.

514 5794 584 5867 te)
635 5794 869 5852 Adters.’
914 5794 1120 5855 Valent.
1182 5817 1302 5870 cap.
1372 5802 1426 5866 5,
1489 5812 1523 5856 t.
1598 5801 1663 5856 Ill
1725 5802 1889 5873 Oper.
1949 5819 1997 5872 px
