3924 6354
245 370 344 427 389

994 361 1084 415 DE
1121 359 1525 417 AUTHENTIA
1561 354 1920 413 LIBBORUM
1955 350 2213 409 IRENJEI
2251 349 2424 405 ΑΜ.
2464 348 2744 405 ΗᾸΞΒΕΞ.

3397 349 3506 411 5θύ

246 481 787 555 ιιιιιιγτε“ιιοιιιιιι11ει
822 492 1171 549 recitaverat,
1198 483 1270 538 ita
1305 483 1480 552 pergit
1513 483 1590 552 (α)
1626 498 1641 534 :
1677 482 1834 551 συνᾴ·
1862 497 1907 549 Α
1936 478 2254 547 inscriptum
2285 478 2393 546 (j);
2423 474 2510 530 lli.
2549 475 2603 529 in
2643 474 2833 528 iisdem
2875 473 3145 526 irenzeum
3199 482 3309 522 non
3349 469 3515 523 modo

242 578 317 631 δει
336 576 382 629 δ’
416 573 575 644 αὑτῷ
608 576 701 627 καὶ
734 577 764 627 6
794 574 1083 644 Εἰρηναῖος
1119 575 1177 625 ὲν
1219 572 1420 644 πρώτῳ
1444 571 1554 627 τῶν
1578 572 1716 642 πρὸς
1736 571 1837 635 τὰς

246 667 501 737 αἱρέσεις,
540 665 861 736 adjicitque,
901 681 959 721 se
996 666 1139 719 nolle
1176 664 1369 719 Irentei
1418 675 1671 733 repetere
1701 680 1829 717 nar-

243 759 511 822 rationes,
541 758 686 826 quod
723 759 1036 826 quicunque
1076 755 1265 821 velint,
1296 754 1439 809 facili
1476 754 1691 824 negotio
1726 754 1831 822 ipsi

247 849 520 918 inspicere
551 860 757 919 queant
784 849 902 918 ejus
931 850 1157 915 librum,
1193 864 1300 920 quo
1345 849 1637 904 bzeresium
1667 848 1836 917 origi-

245 955 353 1004 nes,
386 940 671 1009 dogmata,
707 956 910 1006 mores,
960 942 1206 996 instituta
1240 950 1295 995 et
1345 941 1429 996 his
1473 941 1672 995 similia
1723 949 1837 995 stu-

249 1031 395 1085 diose
423 1032 499 1085 sit
526 1040 870 1097 persecutus.
897 1030 960 1086 ll.
998 1031 1142 1085 Alibi
1170 1031 1244 1102 (b)
1284 1032 1370 1086 ubi
1406 1031 1665 1085 Joannem
1702 1046 1835 1098 apo-

246 1122 447 1177 stolum
486 1125 784 1179 Domitiani
814 1132 1030 1179 aetatem
1072 1125 1318 1194 attigisse
1376 1133 1546 1179 testes
1578 1122 1838 1191 produxit

246 1214 347 1282 ﬁde
371 1216 571 1285 dignos
596 1217 665 1270 ob
690 1216 946 1285 insignia,
982 1216 1180 1285 quibus
1221 1216 1525 1280 enitebant,
1570 1214 1834 1270 ecclesia-

247 1308 443 1363 SIicam
481 1309 790 1362 doctrinam
819 1309 1003 1363 tuendi
1028 1317 1091 1378 et
1120 1308 1475 1363 conservandi
1500 1323 1690 1377 puram
1720 1319 1835 1362 stu-

248 1401 355 1463 dia,
390 1400 636 1455 alterum
661 1399 947 1467 lrenzeum,
985 1401 1210 1455 alterum
1239 1401 1572 1455 Clementem
1607 1401 1833 1453 Alexan-

252 1492 505 1556 drinum,
541 1501 848 1559 sequuntur
896 1491 1009 1546 hac
1032 1494 1196 1547 verba
1234 1510 1247 1547 :
1276 1486 1352 1545 ὧν
1379 1494 1407 1544 6
1441 1492 1538 1562 μὲν
1572 1493 1837 1563 πρότερος

250 1583 303 1633 ἑν
329 1582 577 1652 δευτέρῳ
595 1580 703 1634 τῶν
745 1580 884 1652 πρὸς
918 1581 1016 1645 τὰς
1064 1582 1303 1654 αἱρέσεις
1338 1575 1439 1635 ὧδέ
1488 1598 1603 1644 πως
1635 1581 1836 1652 γράφει

250 1671 385 1725 κατὰ
408 1671 583 1737 λέξιν,
609 1682 665 1726 et
708 1673 896 1741 paucis
933 1672 1276 1742 interpositis
1309 1689 1324 1727 :
1359 1672 1453 1725 καὶ
1493 1674 1553 1724 ὲν
1582 1672 1749 1743 τρίτῳ
1778 1672 1835 1725 δὲ

248 1760 341 1831 τῆς
386 1762 571 1832 αὑτῆς
619 1762 927 1826 ὑποθέσεως
979 1762 1144 1815 ταὺτὸ
1196 1762 1354 1815 τοῦτο
1396 1762 1543 1834 δηλοῖ
1585 1764 1671 1816 διὰ
1715 1764 1836 1817 τού-

251 1870 378 1905 των.
412 1852 497 1905 111.
552 1853 684 1920 Quae
733 1856 973 1908 breviter
1014 1854 1081 1908 de
1117 1853 1417 1909 Menandro
1450 1856 1713 1924 prodidit,
1740 1871 1833 1910 ea-
1864 1848 1909 1907 Β

248 1946 392 2010 dem,
429 1957 647 2012 monet,
670 1949 734 2001 ὲκ
761 1947 867 2000 τῶν
894 1945 1187 2017 Εἱρηναίου
1210 1946 1501 2016 διαγνῶναι
1530 1947 1709 2018 ῥᾴδιον
1735 1950 1829 2017 (c).

248 2036 334 2090 Ν.
362 2038 634 2093 Similiter
659 2041 725 2093 de
750 2038 1008 2093 Cerintho
1026 2039 1103 2111 (d)
1134 2058 1147 2093 :
1185 2040 1242 2093 Ὀ
1274 2040 1331 2092 δὲ
1361 2041 1644 2111 Εἰρηναῖος
1668 2042 1837 2112 ἀπορ-

248 2131 553 2203 ρητοτέρας
577 2132 639 2202 δή
672 2149 822 2194 τινας
849 2130 942 2185 τοῦ
982 2132 1143 2185 αὑτοῦ
1173 2132 1513 2201 ψευδοδοξίας
1546 2135 1602 2185 ὲν
1636 2132 1835 2204 πρώτῳ

247 2224 645 2294 συγγράμματι
701 2224 808 2278 τῶν
865 2225 1002 2297 πρὸς
1061 2224 1162 2288 τὰς
1201 2225 1438 2295 αἱρέσεις
1485 2224 1725 2295 προθεὶς,
1778 2224 1837 2276 ὲν

247 2312 324 2383 τῷ
373 2314 548 2384 τρίτῳ
592 2316 689 2367 καὶ⁵
737 2315 1069 2387 ἱστορίαν....
1121 2315 1456 2388 παρέδωκεν.
1504 2314 1568 2368 V.
1610 2314 1710 2370 Ubi
1772 2316 1837 2369 de

250 2403 501 2458 Cerdone
532 2408 825 2476 exscripsit
854 2406 1042 2463 lrentei
1069 2408 1318 2472 effatum,
1347 2410 1497 2463 addit
1520 2409 1624 2478 (e):
1651 2410 1835 2462 Ταῦτα

252 2493 306 2546 δέ
335 2510 503 2563 φησιν
536 2496 598 2548 ὲν
630 2496 798 2569 τρίτῳ
827 2500 935 2555 τῶν
964 2500 1099 2570 πρὸς
1130 2499 1228 2563 τὰς
1258 2500 1515 2570 αἱρέσεις.
1552 2499 1639 2556 Vl.
1668 2500 1838 2556 Porro

253 2599 314 2639 ex
339 2587 553 2644 [remeo
589 2600 824 2646 testatur
851 2607 914 2648 se
939 2593 1240 2662 accepisse,
1268 2607 1390 2661 qua:
1429 2591 1498 2646 de
1541 2606 1837 2660 congressu

253 2679 546 2751 Polycarpi
598 2698 720 2737 cum
774 2684 1007 2739 Aniceto
1050 2685 1115 2738 ad
1164 2683 1475 2754 paschalem
1521 2694 1839 2740 controver-

251 2770 383 2823 siam
410 2775 861 2841 componendam
902 2777 1187 2839 narravit,
1229 2776 1453 2844 btecque
1494 2776 1683 2844 adjicit
1712 2776 1780 2847 (f)
1820 2795 1835 2833 :

250 2857 355 2910 Καὶ
372 2858 546 2929 ἄλλην
563 2859 622 2913 δὲ
635 2863 663 2913 6
680 2862 846 2925 αὑτὸς
866 2864 992 2935 περὶ
1006 2864 1100 2917 τοὺ
1123 2865 1482 2939 Πολυκάρπου
1508 2868 1838 2939 παραδίδωσι

240 2946 621 3018 διήγησινν...
652 2950 760 3003 ἀπὸ
789 2951 881 3005 τοῦ
930 2952 1116 3025 τρίτου
1146 2954 1255 3008 τῶν
1300 2956 1437 3027 πρὸς
1480 2956 1577 3020 τὰς
1600 2957 1838 3028 αἱρέσεις

246 3036 568 3109 Εἰρηναίου.
606 3039 721 3095 Vll.
744 3040 878 3096 Cum
913 3041 1177 3098 Irenaeum
1204 3054 1324 3115 post
1355 3045 1641 3101 Pothinum
1667 3046 1839 3102 sacris

252 3124 726 3201 Lugdunensibus
768 3134 1142 3204 gubernandis
1182 3137 1459 3192 admotum
1509 3138 1681 3193 fuisse
1708 3153 1836 3191 nar-

253 3237 449 3288 rasset,
477 3226 719 3293 subjecit
750 3227 866 3282 [nec
891 3230 966 3298 (g)
999 3246 1013 3283 :
1045 3221 1216 3294 Οὗτος
1242 3230 1347 3283 τῶν
1378 3231 1473 3283 ἐπὶ
1512 3229 1699 3303 Ῥώμῃ
1741 3230 1836 3302 τὴν

244 3313 506 3386 διαδοχὴν
542 3318 859 3371 ἐπισκόπων
892 3320 950 3372 ὲν
978 3320 1135 3393 τρίτῃ
1165 3319 1414 3385 συντάξει
1448 3320 1555 3375 τῶν
1585 3321 1720 3391 πρὸς
1744 3320 1842 3384 τὰς

252 3409 496 3480 αἱρέσεις
523 3410 1014 3481 παραθέμενος,εἱς
1039 3410 1442 3483 Ἐλεὺθερον....
1463 3411 1538 3475 ὡς
1555 3412 1621 3465 ἂν
1636 3411 1698 3482 δὴ
1726 3411 1840 3465 κατ’

254 3500 419 3553 αὑτὸν
448 3501 894 3575 σπουδαζομένης
918 3502 1067 3574 αὑτῷ
1095 3504 1195 3573 τῆς
1216 3504 1454 3574 γραφῆς,
1490 3503 1580 3555 τὸν
1610 3503 1840 3556 κατάλο-

254 3607 349 3658 γον
398 3592 607 3661 ἵστησι.
658 3594 791 3648 VIII.
845 3594 1189 3664 Interpositis
1247 3596 1438 3652 [reumi
1488 3597 1842 3663 verbis.per—

257 3684 332 3751 git
359 3683 441 3751 (It)
466 3700 480 3736 :
516 3682 704 3737 Ταῦτα
726 3686 753 3737 ὁ
781 3685 1135 3757 Εἰρηναῖος...
1161 3689 1218 3739 ὲν
1246 3682 1325 3751 οἷς
1355 3686 1650 3756 ἐπέγραψε,
1682 3686 1841 3739 πέντε

255 3767 369 3824 σὺσι
394 3773 490 3825 ὠν
536 3772 789 3843 ἀριθμὸν,
824 3773 1046 3843 ἐλέγχου
1081 3775 1175 3827 καὶ
1213 3774 1528 3845 ἀνατροπῆς
1567 3773 1667 3842 τῆς
1711 3772 1843 3842 ψευ-

255 3859 510 3932 δωνύμου
543 3861 817 3930 γνώσεως,
844 3864 901 3916 ἐν
932 3863 1166 3935 δευτέρῳ
1200 3864 1300 3934 τῆς
1325 3865 1491 3934 αὑτῆς
1514 3862 1840 3929 ὑποθέσεως,

256 3971 309 4007 κ.
337 3972 388 4007 τ.
427 3954 480 4007 λ.
516 3952 611 4006 ιιι.
654 3955 812 4019 Cum,
845 3970 965 4024 quae
1006 3954 1245 4010 [renteus
1283 3956 1350 4010 de
1378 3956 1536 4010 libris
1567 3953 1840 4011 NoviFte-

260 4045 407 4100 deris
437 4045 683 4114 reliquit,
713 4045 1025 4101 testimonia
1059 4046 1348 4114 diligenter
1377 4045 1712 4114 percensuit,
1749 4060 1843 4099 ex-

260 4137 466 4204 pressis
516 4137 703 4191 verbis
740 4138 873 4190 dixit
905 4136 970 4207 (i)
1010 4157 1021 4191 :
1074 4136 1261 4189 Ταῢτα
1307 4136 1407 4208 μὲν
1445 4130 1536 4189 οὖν
1573 4137 1632 4189 ὲν
1676 4136 1844 4208 τρίτῳ

257 4228 355 4299 τῆς
388 4228 693 4300 εἰρημένης
727 4228 1031 4292 ὑποθέσεως
1061 4228 1139 4299 τῷ
1172 4228 1562 4300 προδηλωθέντι
1601 4228 1840 4300 εἴρηται.

270 4320 357 4373 Ἔν
373 4322 433 4374 δὲ
459 4320 537 4391 τῷ
555 4321 790 4391 πέμπτῳ
817 4319 1057 4392 περὶτῆς
1072 4321 1318 4374 Ἰωάννου
1335 4319 1767 4389 Ἀποκαλύψεως.

250 4412 638 4483 διαλαμϐάνει.
700 4413 1027 4483 Colligamns
1088 4426 1232 4466 nunc
1276 4398 1353 4464 ex'
1388 4411 1603 4465 Eusebii
1645 4410 1839 4477 eli-alis,

1938 578 2128 623 contra
2194 566 2431 637 purioris
2476 564 2738 618 doctrinae
2799 563 2987 617 hostes
3038 572 3343 629 pugnasse,
3409 556 3508 610 sed

1936 661 2103 716 etiam
2154 660 2208 713 in
2271 659 2592 713 enarraudis
2633 672 2818 711 eorum
2873 653 3223 723 opinionibus
3283 648 3510 702 multam

1938 752 2187 821 posuisse
2216 765 2438 815 curam;
2468 748 2559 804 ιν.
2586 750 2821 803 Eusebio
2855 747 3020 801 videri
3060 759 3153 799 eos
3178 742 3512 811 compositos

1938 859 2004 899 eo
2035 854 2298 913 tempore,
2339 859 2447 912 quo
2488 844 2809 898 Eleutherus
2841 837 3101 892 Romanis
3148 838 3322 890 sacris
3372 848 3511 902 prte-

1938 936 2065 1002 fuit,
2096 936 2240 1005 quod
2266 937 2319 990 in
2346 937 2450 990 hoc
2480 934 2692 989 desinat
2739 932 3115 1001 episcoporum
3140 927 3302 983 Urbis
3340 927 3512 980 series

1938 1028 2006 1081 ab
2034 1026 2237 1081 Irenaeo
2270 1026 2583 1095 proposita;
2616 1023 2678 1078 γ.
2706 1022 2923 1077 Eusebii
2957 1020 3191 1087 denique
3220 1026 3378 1071 aetate
3408 1015 3512 1068 hos

1937 1117 2123 1172 lremei
2151 1117 2319 1171 libros
2341 1114 2658 1184 frequentes
2688 1115 2741 1168 in
2771 1113 2999 1166 aliorum
3031 1109 3282 1163 manilius
3317 1106 3509 1168 fuisse,

1938 1210 2013 1262 ita
2049 1216 2109 1260 ut
2156 1207 2475 1276 quicunque
2524 1205 2814 1267 voluerint,
2848 1200 3007 1256 facile
3049 1198 3265 1268 copiam
3307 1212 3406 1251 eos
3436 1195 3513 1250 le-

1937 1300 2099 1371 gendi
2132 1299 2376 1354 nancisci
2412 1306 2649 1367 possent.

2010 1411 2250 1467 Basilius
2271 1426 2394 1465 cum
2438 1419 2682 1463 veterum
2719 1407 2787 1463 de
2819 1406 3025 1477 Spiritu
3065 1412 3252 1460 sancto
3293 1411 3513 1458 senten—

1940 1508 2042 1561 tias
2070 1519 2353 1562 recensere
2376 1503 2719 1567 instituisset,
2753 1499 3105 1555 honorificam
3147 1496 3338 1550 lrenaei
3382 1494 3513 1550 fecit

1937 1599 2289 1658 mentionem,
2331 1610 2567 1664 eumque
2611 1593 2679 1649 ab
2737 1590 2997 1660 apostolis
3042 1602 3209 1658 prope
3267 1586 3509 1640 abfuisse

1937 1690 2176 1760 scripsit.
2206 1697 2261 1743 et
2321 1687 2606 1743 nonnullas
2652 1683 2947 1754 particulas
2995 1682 3051 1733 ὲν
3113 1678 3193 1749 τῷ
3227 1680 3364 1750 πρὸς
3412 1676 3511 1738 τὰς

1937 1783 2175 1856 αἱρέσεις
2201 1782 2342 1851 ὶόγῳ
2369 1778 2573 1849 positas
2605 1776 2854 1831 recitavit
2874 1775 2975 1844 (It).

2006 1893 2131 1947 Pari
2164 1892 2324 1946 modo
2362 1889 2599 1960 Cyrillus
2646 1885 3179 1956 llierosolymitanus
3218 1881 3512 1936 hmreticos

1936 1993 2325 2038 commemorat
2356 1982 2423 2036 de
2455 1981 2661 2050 Spiritu
2698 1987 2886 2033 sancto
2937 1974 3178 2031 nefarios
3216 1972 3512 2043 protulisse

1936 2090 2171 2138 errores,
2198 2076 2363 2142 idque
2402 2087 2466 2126 ex
2499 2071 2701 2125 Irenaeo
2729 2072 2785 2124 ὲν
2823 2071 2934 2132 τοῖς
2972 2066 3356 2141 προστάγμασι
3398 2064 3514 2125 τοῖς

1936 2167 2072 2239 πρὸς
2099 2166 2197 2230 τὰς
2230 2166 2465 2238 αἱρέσεις
2490 2164 2660 2220 fusius
2685 2163 2822 2218 disci
2858 2161 3068 2216 monuit
3097 2160 3182 2229 (ι).

2006 2279 2368 2349 Epiphaniam
2412 2290 2665 2344 magnam
2716 2290 2927 2339 eorum,
2973 2287 3094 2342 quze
3144 2271 3207 2324 de
3239 2268 3515 2324 haereticis

1938 2372 2117 2426 saeculi
2147 2370 2370 2423 secundi
2391 2369 2444 2422 in
2467 2382 2593 2423 suos
2616 2364 3041 2421 commentarios
3059 2362 3249 2417 retulit
3272 2371 3511 2430 partem,

1936 2477 2003 2517 ex
2019 2461 2205 2517 Irenazi
2228 2461 2382 2515 libris
2406 2460 2673 2525 hausisse,
2696 2458 2895 2511 nullam
2916 2454 3507 2511 habetdubitationem.

1937 2545 2141 2601 Nomen
2200 2548 2421 2616 quidem
2476 2545 2593 2614 ejus
2642 2545 2921 2614 expressit
2972 2543 3173 2607 rarius,
3235 2541 3508 2611 capressit

1939 2645 2117 2693 tamen
2152 2639 2248 2706 ita,
2274 2647 2332 2693 ut
2366 2653 2489 2692 eum
2523 2653 2627 2691 non
2652 2636 2813 2690 modo
2843 2645 3061 2689 nostros
3086 2634 3255 2688 libros
3290 2631 3512 2703 legissa,

1937 2731 2031 2785 sed
2061 2730 2281 2784 eosdem
2337 2729 2502 2784 etiam
2556 2728 2622 2783 ab
2657 2729 2862 2783 Irenato
2907 2725 3182 2796 profectos
3212 2725 3513 2781 credidisse

1937 2820 2163 2891 quisque
2205 2820 2421 2873 sentiat.
2464 2819 2555 2874 Sic
2584 2819 2673 2873 ubi
2704 2820 2769 2873 de
2798 2817 3035 2872 Basilide
3058 2818 3172 2887 agit
3206 2819 3303 2887 (m)
3329 2834 3344 2871 :
3369 2816 3514 2871 Θαυ-

1941 2912 2160 2986 μαστῶς
2205 2912 2286 2977 δὲ,
2336 2912 2533 2981 inquit,
2586 2913 2616 2967 6
2663 2911 2930 2982 μακάριος
2974 2910 3282 2981 Εἰρηναῖος.
3334 2910 3363 2962 6
3402 2908 3513 2962 τῶν

1936 3004 2247 3061 ἀποστόλων
2288 3003 2550 3074 διάδοχος,
2592 3004 2719 3074 περὶ
2753 3002 2940 3055 τούτου
2993 3001 3351 3070 λεπτολογῶν,
3397 3000 3514 3073 διή-

1936 3096 2093 3167 λεγξε
2140 3096 2328 3150 τούτου
2375 3096 2474 3167 τὴν
2508 3094 2834 3166 ἀϐελτηρίαν
2880 3094 2973 3149 καὶ
3017 3092 3324 3164 ἁδράνειαν.
3366 3092 3511 3147 Alibi

1864 3188 1905 3245 C
1940 3190 2039 3245 sub
2075 3190 2232 3245 initio
2260 3187 2642 3257 disputationis
2693 3188 2760 3241 de
2805 3186 3227 3252 Valentinianis,
3260 3186 3328 3241 de
3376 3202 3510 3241 con-

1942 3291 2102 3331 sensu
2154 3274 2483 3329 sanctissimi
2526 3272 2718 3329 [rentei
2762 3273 2839 3344 (η)
2882 3272 3164 3343 gloriatur,
3190 3272 3512 3343 longamque

1944 3367 2101 3422 affert
2122 3368 2452 3431 orationem,
2488 3379 2760 3437 sumptam
2785 3365 2893 3419 ἀπὸ
2924 3364 3032 3419 τῶν
3064 3365 3158 3419 τοῦ
3188 3365 3512 3439 προειρημές

1942 3480 2032 3516 νου
2104 3460 2332 3531 ἀνδρὸς,
2388 3459 2578 3512 δούλου
2647 3458 2823 3522 Θεοῦ,
2879 3473 3001 3512 cum
3067 3456 3437 3513 additantento
3493 3476 3513 3513 :

1942 3554 2227 3625 Εἷρηναῖον
2258 3540 2315 3605 δέ
2339 3570 2478 3623 φημι
2507 3551 2800 3622 (o);eadem
2841 3564 2972 3604 vero
3003 3550 3181 3613 lluita,
3210 3548 3512 3603 invidendis

1942 3650 2192 3704 laudibus
2244 3648 2593 3719 prosequitur
2672 3645 2959 3707 Irenaeum,
3027 3657 3261 3711 eumque
3318 3645 3375 3695 έν
3434 3639 3514 3711 τῷ

1942 3741 2068 3812 ἑξῆς
2093 3741 2332 3812 δευτέρῳ
2355 3737 2519 3793 αὑτοῦ
2553 3736 2696 3809 λόγῳ
2718 3737 2813 3791 καὶ
2851 3738 2961 3799 τοῖς
2990 3734 3170 3800 ἄλλοις
3203 3736 3516 3791 confutasso

1942 3832 2198 3902 praedicat
2224 3832 2323 3902 (p).

2012 3940 2146 3995 Cum
2176 3938 2477 4009 Epiphanio
2521 3944 2681 3991 :etate
2722 3934 3047 4005 conjunctus
3100 3931 3204 3987 fuit
3242 3933 3507 4005 Hierony-

1945 4045 2086 4093 mus,
2109 4028 2200 4096 qui
2226 4037 2280 4082 et
2301 4028 2621 4097 diligentiae,
2653 4040 2816 4095 quam
2859 4024 2911 4079 in
2953 4023 3342 4091 conquirendis
3371 4040 3509 4079 enu-

1945 4122 2328 4191 merandisque
2356 4122 2685 4191 scriptorum
2713 4115 3153 4173 Christianorum
3202 4117 3515 4169 monimen-

1945 4216 2019 4270 tis
2066 4214 2274 4285 primus
2312 4210 2614 4275 collocavit,
2657 4217 2712 4265 et
2753 4223 2821 4262 cx
2848 4206 2932 4261 his
2973 4221 3099 4261 vera
3136 4221 3167 4260 a
3200 4206 3355 4261 falsis
3399 4207 3511 4262 dis-

1943 4306 2197 4362 cernendi
2242 4304 2405 4358 studii
2456 4302 2613 4355 laude
2660 4315 2765 4354 non
2813 4299 2932 4354 sine
2976 4312 3140 4352 causa
3180 4297 3507 4352 celebratur.

1944 4395 2184 4466 Reliquit
2211 4409 2338 4450 vero
2381 4392 2560 4463 plura,
2585 4405 2706 4461 quae
2732 4388 2800 4444 ad
2850 4389 2995 4443 hunc
3020 4386 3200 4442 locum
3234 4386 3511 4458 pertinent

262 4519 382 4573 quae
425 4506 491 4559 de
523 4503 713 4558 lrenazi
747 4505 901 4559 libris
933 4504 983 4559 ei
1026 4503 1250 4557 fuerunt
1296 4502 1532 4571 cognita.
1564 4501 1694 4568 Quae
1721 4501 1837 4568 qui-

1949 4486 2268 4542 testimonia.

258 4595 383 4649 dem
434 4597 555 4650 bzec
601 4603 760 4650 sunt:
803 4592 846 4651 l.
889 4593 1175 4663 scripsisse
1225 4590 1481 4645 Irenaeum
1514 4589 1839 4659 Lugdunen-

262 4698 377 4737 sem
430 4683 603 4738 libros
659 4682 923 4737 adversus
959 4682 1195 4737 haereses
1230 4682 1496 4752 quinque,
1534 4693 1599 4733 ex
1648 4679 1843 4748 quibus

264 4771 583 4843 singulatim
611 4772 849 4844 primum
882 4772 990 4837 bis,
1030 4772 1330 4829 secundum
1355 4768 1601 4834 t0tidem,
1622 4770 1840 4826 tertium

265 4866 466 4930 sexies,
491 4868 748 4940 quintum
779 4862 949 4917 semel
997 4861 1241 4923 notavit;
1266 4858 1332 4916 ll.
1369 4860 1585 4915 titulum
1621 4858 1840 4931 ἐλέγχου

262 4955 359 5010 καὶ
399 4953 717 5025 ἀνατροπῆς
759 4954 859 5025 τῆς
883 4952 1233 5023 ψευδωνύμου
1274 4952 1529 5022 γνώσεως
1569 4952 1637 5007 iis
1680 4952 1843 5008 fuisse

335 5095 415 5167 (a)
447 5093 601 5149 Hist.
629 5092 809 5149 coclea.
839 5093 934 5149 lib.
969 5108 1030 5163 ιι,
1059 5107 1182 5162 cap.
1219 5090 1308 5159 15,
1342 5105 1397 5159 p.
1422 5089 1513 5157 57,
1538 5091 1669 5146 edit.
1700 5089 1841 5144 Tau-

264 5179 371 5219 I'lﬂ.

336 5234 413 5301 (b)
439 5232 558 5288 Lib.
590 5246 653 5297 ιι,
686 5247 807 5303 cap.
843 5233 937 5294 25,
966 5248 1017 5303 p.
1051 5232 1141 5289 98.

332 5300 409 5373 (ε)
435 5305 552 5357 Lib.
588 5319 647 5357 ιιι
670 5343 687 5368 ,
716 5300 836 5372 cap.
874 5300 1048 5374 26,'p.
1097 5300 1221 5357 106.

337 5378 418 5441 (d)
454 5374 572 5428 Lib.
611 5389 694 5437 ιιι,
735 5390 854 5443 cap.
882 5374 973 5438 27,
1004 5388 1056 5443 p.
1089 5374 1212 5427 108.

336 5445 411 5513 (ε)
442 5443 559 5498 Lib.
607 5459 692 5510 tv,
728 5459 847 5512 cap.
880 5444 967 5513 11,
1000 5460 1053 5513 p.
1087 5443 1213 5498 l35.

342 5512 412 5581 (Γ)
441 5513 561 5566 Lib.
596 5528 676 5579 Iv,
716 5529 838 5582 cap.
881 5512 970 5579 14,
998 5512 1051 5580 p.
1088 5513 1211 5566 157.

341 5588 421 5652 ω)
445 5582 562 5636 Lib.
590 5599 646 5643 v,
678 5598 801 5650 cap.
826 5583 883 5648 5,
902 5582 1105 5652 ρ.187.

340 5651 422 5721 (Ιι)
445 5652 564 5707 Lib.
594 5668 645 5713 ν,
671 5668 794 5720 oap.
821 5654 879 5722 7,
904 5651 956 5722 p.
984 5651 1107 5706 187.

348 5724 413 5789 (ἡ)
446 5722 567 5776 Lib.
599 5737 654 5788 ν,
684 5736 805 5789 cap.
831 5721 971 5791 8,’p.
1002 5722 1123 5776 189.

343 5786 413 5859 (ji
445 5786 847 5849 Convenien’ter
875 5786 1007 5848 haec
1058 5801 1114 5847 et
1156 5788 1342 5864 Irenaei
1400 5786 1829 5858 praefationibus,

2015 4577 2055 4630 ι.
2110 4579 2185 4632 De
2236 4578 2438 4631 irener
2493 4589 2616 4630 cum
2677 4572 2801 4627 data
2859 4582 3023 4639 opera
3076 4568 3320 4638 exponit,
3384 4582 3506 4623 eum

1944 4669 2182 4733 Pothini,
2217 4668 2305 4738 qui
2334 4666 2745 4737 Lugdunensem
2798 4662 2854 4715 in
2889 4659 3064 4715 Gallia
3094 4656 3299 4727 regebat
3323 4656 3509 4711 Eccle-

1942 4764 2094 4825 sium,
2125 4762 2522 4831 presbyterum;
2557 4758 2658 4812 hoc
2686 4768 2816 4809 vero
2859 4767 3018 4821 prope
3045 4750 3411 4819 nonagenario
3442 4750 3505 4803 ob

1940 4854 2209 4908 Christum
2238 4852 2490 4920 martyrio
2524 4853 2793 4907 coronato,
2820 4844 2877 4897 in
2905 4841 3079 4896 locum
3106 4839 3218 4909 ejus
3249 4841 3505 4894 substitu-

1944 4956 2053 4998 tum
2079 4945 2270 5009 fuisse,
2300 4950 2490 4998 narrat
2522 4948 2577 4995 et
2607 4936 2754 4992 addit
2784 4931 3033 5001 :Scripsit
3067 4932 3291 4996 quinque
3316 4934 3507 4986 adver-

1942 5093 2173 5156 quatnor
2201 5083 2372 5156 libris
2417 5070 3127 5156 posterioribuspraemissis
3172 5081 3225 5125 et
3270 5070 3502 5153 aliorum

1944 5143 2267 5210 testimoniis
2324 5163 2381 5206 et
2420 5143 2704 5205 'codicihus
2762 5143 2897 5199 adeo
2947 5143 3181 5203 Latinis,
3222 5143 3506 5209 scripsisse

1940 5224 2252 5285 Eusebium,
2292 5222 2451 5275 docet
2504 5219 2807 5272 Massuetus
2848 5215 2983 5285 diss.
3024 5228 3105 5285 _t_t_.
3156 5210 3185 5282 ᾗ
3238 5212 3327 5265 46.

2011 5292 2083 5374 με)
2117 5292 2192 5374 ρο
2224 5279 2431 5374 Spiritu
2471 5298 2660 5345 saneto
2685 5301 2804 5355 cap.
2833 5284 2924 5347 29,
2960 5293 2997 5339 t.
3024 5282 3091 5337 lll
3139 5279 3302 5352 Oper.
3334 5295 3387 5350 p.
3410 5279 3503 5349 6i,

1941 5364 2073 5421 edit.
2125 5362 2399 5417 Benedict.

1941 5503 1980 5514 _
2008 5435 2070 5504 (ι)
2102 5432 2324 5514 Qatech.
2368 5445 2458 5484 xv:
2501 5428 2568 5483 ad
2613 5427 2980 5492 illum.,num.
3022 5422 3078 5490 6,
3120 5436 3175 5493 p.
3208 5419 3337 5487 246,
3366 5417 3502 5478 edit.

1938 5503 2163 5558 Toutaei.

2008 5575 2103 5639 (m)
2138 5572 2342 5626 Hzeres.
2365 5584 2524 5639 xxrv,
2548 5566 2576 5637 ᾗ
2605 5567 2657 5623 8.

2032 5577 2103 5639 m)
2138 5575 2342 5626 Hzeres.
2365 5584 2515 5633 xxrv,
2548 5575 2576 5637 ᾗ
2605 5575 2619 5622 t

2004 5575 2082 5714 ἔτι)
2112 5642 2293 5714 μανι-εδ
2330 5656 2478 5708 xui,
2508 5638 2535 5711 ς
2565 5639 2619 5693 3.
