3880 6358
443 369 547 427 391

1851 364 1962 420 FB.
2007 365 2308 422 WALCHH

3594 375 3692 434 592

445 502 536 539 sus
579 485 802 539 ha’reses
849 485 1010 538 libros
1053 483 1153 557 (α).
1205 484 1270 540 ll.
1323 483 1885 541 AlibizDehzereticis
1933 502 2026 540 eo-
2055 490 2101 546 Α
2130 486 2329 542 Christi
2399 505 2451 541 In
2504 488 2571 540 iis
2620 486 2912 557 proposita
2951 487 3366 544 confirmentur.
3402 489 3462 544 In
3509 491 3689 551 horum

447 591 678 645 rumque
715 577 1061 640 commentis,
1098 578 1307 646 inquit,
1357 577 1758 646 diligentissime
1788 579 1865 631 vir
1896 595 2022 648 apo-

443 669 661 721 stolicus
708 669 890 722 scribit
944 668 1495 737 Irenmus,cpiscopus
1553 667 1923 737 Lugdunensis
1971 682 2021 726 et

442 769 666 829 martyr,
695 761 984 813 multarum
1012 761 1238 828 origines
1260 760 1528 826 explicans
1557 761 1821 814 ltwreseon
1848 761 1947 833 (ὁ).

516 850 602 907 lll.
646 851 877 906 Humani
917 852 1045 919 quid
1092 866 1286 920 passus
1327 860 1412 903 est
1462 850 1847 921 Hieronymus,
1893 866 2017 906 cum

447 945 552 998 huc
587 944 859 1012 loco,qua:
889 943 1123 997 lremeus
1149 944 1213 996 de
1242 942 1407 996 Marci
1462 945 1750 1014 discipulis
1786 946 2018 1008 dixerat,

444 1037 510 1090 de
535 1036 718 1089 Marco
749 1035 1095 1102 intelligeret,
1143 1035 1361 1102 repetiit
1405 1043 1582 1089 tamen
1627 1050 1892 1100 errorem,
1934 1039 2019 1093 his

443 1145 576 1183 usus
629 1130 813 1183 verbis
867 1147 881 1183 :
924 1126 1105 1196 Refert
1156 1126 1416 1191 Irenazus,
1475 1130 1554 1182 vir
1612 1130 2016 1197 apostolicorum

441 1221 1045 1287 temporunt,episcopus
1089 1220 1474 1288 Lugdunensis,
1504 1227 1558 1274 et
1601 1221 1773 1273 finivit
1814 1222 2019 1275 oratio-

441 1327 564 1364 netn
603 1311 704 1364 hac
733 1309 972 1363 clausula
1005 1328 1018 1362 :
1051 1311 1148 1362 hoc
1179 1311 1266 1363 ille
1313 1312 1523 1378 scripsit
1559 1321 1682 1364 ante
1707 1329 1876 1367 annos
1910 1316 2016 1367 cir-

438 1402 569 1455 citer
613 1411 867 1454 trecentos
914 1400 1028 1467 (hic
1066 1399 1462 1472 Hieronymum
1517 1412 1613 1456 aut
1664 1403 1858 1458 fefellit
1900 1421 2014 1460 me-

436 1494 748 1557 ntoria,aut
799 1493 987 1547 vomtla
1039 1493 1248 1546 circiter
1293 1496 1500 1548 abusus
1549 1505 1655 1558 est,
1710 1496 1834 1549 alibi
1871 1497 2014 1551 enim

436 1593 650 1636 aetatem
684 1581 870 1636 lrenmi
901 1585 1036 1635 satis
1071 1591 1217 1635 recte
1252 1582 1676 1653 significavit),et
1712 1586 1921 1654 scripsit
1962 1588 2013 1640 in

433 1679 500 1730 iis
529 1677 699 1736 libris.
727 1693 857 1745 quos
890 1679 1140 1730 adversus
1171 1692 1346 1729 omnes
1371 1677 1597 1730 haereses
1640 1676 1942 1731 doctissimo
1967 1688 2014 1732 et

433 1769 857 1838 eloquentissimo
895 1779 1137 1821 sermone
1187 1769 1480 1836 composuit
1515 1767 1608 1838 (c).
1637 1767 1727 1820 IV.
1765 1768 2011 1838 Denique

2125 592 2356 630 numero
2384 577 2612 631 omnino
2664 578 2965 646 repositum
3009 577 3218 633 videbis
3255 577 3540 644 Irenaeum,
3584 586 3690 654 epi.

2123 681 2346 735 scopum
2375 666 2812 738 Lugdunensem,
2840 669 3175 736 recitataque
3194 669 3308 737 ejus
3337 670 3495 724 eli'ata
3522 688 3690 742 quam-

2125 755 2354 822 plurima
2389 767 2442 810 et
2476 773 2724 827 magnam
2766 768 2974 826 partem
3026 760 3267 829 longiora
3299 763 3366 814 ὲκ
3399 763 3492 815 τοῦ
3519 765 3686 835 τρίτου

2120 844 2277 913 λόγου
2297 846 2403 898 τῶν
2429 848 2508 910 εἰς
2533 846 2632 912 τὰς
2665 849 2904 920 αἱρέσεις
2930 849 3013 921 (i),
3046 851 3110 903 ὲκ
3137 851 3228 903 τοῦ
3255 853 3518 923 τετάρτου
3540 857 3685 925 λόγου

2120 937 2226 988 τῶν
2257 939 2335 999 εἰς
2366 939 2463 1001 τὰς
2504 939 2744 1009 αἱρέσεις
2916 953 2970 996 et
3002 944 3066 995 ὲκ
3111 943 3203 996 τοῦ
3255 945 3507 1015 πέμπτου
3542 947 3684 1019 λόγου

2117 1028 2217 1098 τῆς
2235 1028 2405 1097 αὐτῆς
2433 1032 2813 1100 πραγματείας
2848 1031 2940 1102 (lt).
2980 1033 3069 1087 Sic
3091 1044 3146 1089 et.
3170 1034 3545 1094 Tlteodorettts
3571 1057 3686 1098 usus

2119 1128 2202 1172 est
2256 1120 2406 1173 libris
2465 1124 2718 1176 adversus
2759 1125 3011 1191 licereses,
3059 1142 3359 1198 eorumque
3420 1142 3682 1190 auctorem

2119 1210 2315 1264 habuit
2347 1213 2602 1268 Irenaeum
2631 1231 2646 1280 ;
2675 1230 2850 1285 neque
2888 1218 3160 1288 ignoravit
3185 1232 3340 1277 certe
3394 1227 3517 1294 quis
3561 1244 3683 1298 qua-

2119 1301 2254 1358 lisve
2279 1305 2324 1358 is
2353 1306 2540 1359 fuerit.

2189 1393 2243 1449 ln
2280 1404 2356 1450 tot
2385 1399 2546 1466 igitur
2583 1408 2798 1471 tamque
2838 1403 3081 1472 gravium
3133 1407 3354 1462 testium
3391 1408 3569 1468 eﬂ'atis
3598 1414 3673 1469 in-

2117 1489 2313 1543 nititur
2360 1491 2547 1558 opinio
2576 1533 2589 1556 ,
2637 1493 2898 1549 lrenaaum
2954 1494 3376 1566 Lugdunensem
3438 1519 3679 1564 exarasse

2116 1584 2378 1636 adversus
2410 1583 2693 1640 hzereticos
2724 1591 3167 1646 commentarios.
3196 1593 3458 1666 Quisquis
3489 1598 3676 1653 critica:

2115 1673 2250 1726 artis
2283 1672 2452 1743 leges,
2488 1678 2684 1744 quibus
2720 1694 2901 1733 rerum
2940 1695 3218 1751 gestarum
3258 1687 3464 1742 veritas
3489 1689 3673 1760 dijudi-

2116 1775 2273 1820 cetur
2319 1776 2412 1821 aut
2463 1770 2678 1824 testium
2727 1771 2860 1827 fides
2900 1776 3221 1841 aestimetur,
3260 1779 3518 1834 habuerit
3563 1797 3676 1851 per-

431 1873 554 1913 cum
585 1858 887 1913 litterarum
922 1858 1422 1927 philosophicarum
1469 1858 1648 1912 studia
1682 1857 1933 1914 laudaret
1958 1869 2013 1914 et
2045 1838 2086 1892 Β
2117 1865 2351 1925 speclaS.
2391 1859 2438 1914 ib
2472 1869 2622 1915 certe
2643 1877 2748 1916 ηοη
2777 1863 3126 1930 Ῐηίῖοῖδδίιυΐι
3149 1867 3524 1938 θὶνθῑϐειῖυιη.
3549 1838 3672 1943 (illos

431 1949 698 2017 exetnplis
756 1949 1049 2003 illustrium
1112 1949 1441 2004 Christiana:
1489 1950 1794 2019 disciplina:
1838 1952 2010 2021 magi-

431 2051 670 2096 strorum
695 2042 1126 2103 commendaret,
1157 2041 1448 2106 lrenzeum,
1487 2041 1708 2096 Pothini
1753 2045 2009 2114 martyris

429 2147 830 2196 successorem,
867 2148 990 2186 cum
1017 2134 1141 2188 aliis
1166 2133 1492 2196 nominavit,
1523 2134 1614 2202 qui
1644 2134 1872 2202 origines
1899 2135 2010 2187 lia:-

429 2243 612 2280 reseon
656 2226 984 2294 singularum
1011 2237 1061 2280 et
1090 2243 1155 2281 ea:
1195 2227 1387 2298 quibus
1420 2226 1850 2295 philosophorum
1882 2225 2007 2293 fon-

427 2321 565 2374 tibus
587 2322 962 2385 emanaverint,
980 2321 1158 2374 multis
1184 2321 1533 2375 voluminibus
1555 2322 1886 2390 explicarunt
1903 2319 2002 2390 (cl).

423 2411 683 2467 Consulto
707 2426 850 2464 nunc
889 2412 1246 2479 prmtermitto
1289 2412 1393 2465 alia
1443 2412 1755 2482 Hieronymi
1807 2408 1998 2477 effata,

431 2503 630 2574 quibus
684 2503 875 2557 lrenazi
920 2503 1051 2557 fecit
1079 2503 1426 2570 mentionem,
1475 2519 1648 2573 neque
1674 2503 1904 2557 obscure
1945 2517 2003 2557 se

423 2609 560 2664 opus
610 2594 738 2647 illud
780 2595 1046 2649 adversus
1114 2596 1353 2650 haereses
1408 2595 1463 2649 in
1510 2606 1696 2651 mente
1749 2594 2004 2649 habuisse

424 2683 772 2753 signiﬁcavit.
816 2684 1100 2740 SutIieiunt
1135 2695 1283 2740 certe
1320 2687 1458 2752 haec,
1507 2695 1568 2741 ut
1610 2686 1999 2754 intelligamus,

422 2774 812 2846 Hieronymum
847 2791 955 2830 non
996 2776 1167 2831 solum
1203 2777 1377 2832 libros
1422 2776 1548 2832 illos
1584 2779 1823 2847 quinque
1859 2778 2001 2834 bene

421 2867 760 2935 cognovisse,
788 2866 886 2921 sed
915 2868 1079 2920 etiam
1125 2876 1315 2937 aperte
1353 2882 1476 2922 esse
1509 2877 1788 2932 testatum,
1820 2869 1998 2924 editos

420 2957 638 3011 eosdem
665 2955 835 3012 fuisse
880 2959 948 3012 ab
979 2957 1206 3028 Irenaeo,
1241 2957 1683 3030 Lugdunensium
1713 2976 1998 3018 sacrorum

420 3056 542 3118 post
563 3047 852 3103 Pothinum
878 3050 1150 3118 ,praesule.

2115 1948 2377 2016 produxi,
2428 1965 2715 2005 numerum
2757 1961 2813 2007 et
2857 1957 3326 2022 przestantiam,—-
3350 1976 3508 2015 nemo
3538 1963 3669 2018 enim

2111 2049 2298 2090 eorum
2336 2038 2576 2106 fraudis,
2611 2050 2707 2094 aut
2735 2056 2833 2110 per
2849 2041 3035 2110 jocum
3076 2047 3539 2119 petulantiamque
3576 2053 3670 2106 fal-

2111 2125 2256 2182 lendi
2296 2128 2435 2185 alios
2467 2130 2705 2187 libidinis
2747 2132 2851 2188 hoc
2878 2133 2999 2189 loco
3025 2139 3144 2192 sine
3167 2137 3370 2207 injuria
3402 2142 3670 2198 insimula-

2107 2221 2276 2288 bitur,
2319 2237 2498 2293 neque
2529 2224 2670 2280 ullus
2708 2241 2897 2283 eorum
2935 2243 3032 2285 sua
3066 2248 3133 2287 ex
3171 2234 3350 2290 altero
3384 2240 3669 2307 sumpsisse

2108 2320 2587 2385 arguetur,—sive
2622 2321 3089 2392 testimoniorum,
3118 2343 3238 2396 qua:
3264 2331 3574 2400 ediderunt,
3597 2334 3666 2387 in-

2113 2411 2424 2479 tegritatem
2460 2421 2513 2465 et
2536 2416 2978 2484 perspicuitatem
3005 2422 3460 2491 consideraverit,
3487 2437 3574 2480 aut
3597 2428 3663 2483 ita

2107 2518 2251 2564 esse.
2299 2505 2378 2560 uti
2415 2507 2550 2572 dixi,
2588 2519 2682 2563 aut
2712 2510 2849 2564 nihil
2884 2513 2996 2567 veri
3035 2514 3215 2570 inesse
3251 2527 3502 2572 veterum
3534 2530 3662 2574 tem-

2105 2613 2298 2669 porum
2343 2602 2637 2658 memoriae.
2683 2604 2930 2670 Accedit,
2978 2610 3123 2676 quod
3158 2609 3281 2665 sine
3334 2609 3662 2669 haesitatione

2104 2689 2346 2756 alIirmo,
2377 2705 2446 2746 ex
2492 2694 2822 2763 scriptorum
2857 2706 3135 2767 veterum,
3174 2716 3314 2769 quos
3353 2703 3438 2758 sui
3474 2704 3659 2776 ingenii

2103 2783 2437 2838 monimenta
2472 2785 2759 2855 reliquisse
2793 2789 3020 2855 scimus,
3058 2793 3176 2847 sive
3212 2794 3332 2850 haec
3375 2798 3657 2864 supersint,

2101 2873 2219 2929 sive
2250 2873 2593 2942 interierint,
2636 2889 2744 2933 tam
2788 2878 3144 2948 Graecorum,
3184 2899 3352 2953 quam
3386 2886 3653 2944 Romano-

2101 2979 2222 3019 rum
2240 3005 2255 3029 ,
2294 2976 2408 3021 tam
2434 2968 2792 3037 profanorum
2815 3011 2832 3035 ,
2870 2987 3034 3041 quam
3063 2974 3506 3032 Christianorum
3533 2980 3657 3033 mul-

2101 3057 2374 3124 titudine,
2408 3061 2452 3116 si
2488 3060 2556 3116 ab
2584 3061 2842 3129 Homero,
2872 3063 3146 3122 Herodoto
3167 3107 3184 3132 ,
3221 3067 3481 3138 Platone,
3513 3071 3658 3128 Cice-

491 3138 589 3194 His
625 3140 856 3210 denique
888 3142 1106 3197 unicum
1146 3141 1348 3233 addere
1376 3141 1539 3196 liceat
1569 3141 1991 3212 Theodorelum.
2021 3173 2064 3232 ο
2097 3165 2268 3217 rone,
2326 3152 2668 3223 Augustino,
2716 3155 3108 3228 Chrysostomo
3153 3160 3353 3233 hisque
3403 3163 3654 3220 similibus

420 3245 631 3301 magna:
660 3242 714 3286 et
734 3232 900 3286 varia:
937 3231 1262 3287 eruditionis
1292 3232 1492 3299 virum,
1537 3235 1628 3303 qui
1657 3248 1779 3302 quae
1809 3235 1876 3289 de
1904 3249 1996 3289 ve-

421 3324 739 3380 tustissimis
781 3324 1082 3380 haeresibus
1123 3326 1485 3392 enarraverit,
1523 3327 1796 3394 accepisse
1825 3341 1905 3392 se,
1936 3335 1996 3381 ut

418 3414 578 3469 decet
617 3415 816 3469 bonum
854 3416 1196 3484 historicum,
1241 3418 1527 3474 confessus
1567 3429 1652 3474 est
1686 3421 1758 3490 (ε)
1793 3421 1858 3472 ὲκ
1884 3419 1994 3473 τῶν

417 3501 664 3556 παλαιῶν
697 3504 797 3575 τῆς
839 3505 1163 3576 Ἐκκλησίας
1188 3508 1541 3572 διδασκάλων,
1580 3509 1869 3563 ’1ουστίνου
1896 3508 1990 3562 τοῦ

416 3593 706 3663 φιλοσόφου
745 3596 837 3650 καὶ
883 3598 1159 3671 μάρτυρος
1200 3599 1290 3670 (ι’),
1336 3600 1430 3653 καὶ
1475 3600 1760 3673 Εἰρηναὶου
1796 3600 1891 3654 τοῦ
1923 3601 1992 3655 τὰ

415 3685 657 3739 Κελτικὰ
681 3685 775 3740 καὶ
811 3689 1226 3760 γεωργήσαντος
1261 3689 1352 3743 καὶ
1389 3689 1722 3760 φωτίσαντος
1748 3691 1898 3762 ἔθνη,
1930 3708 1985 3746 κ.

414 3794 466 3831 τ.
513 3775 565 3830 λ.
598 3777 732 3835 Cum
778 3780 989 3835 somnia
1025 3791 1080 3835 et
1125 3780 1349 3852 flagitia,
1384 3799 1506 3852 qua:
1548 3783 1614 3838 de
1660 3783 1989 3853 Carpocrate

415 3869 644 3939 ejusque
677 3872 903 3928 asseclis
935 3875 1075 3927 tradi
1111 3874 1308 3940 solent,
1337 3876 1569 3930 strictim
1607 3876 1893 3946 attigisset,
1919 3892 1987 3932 ne

415 3959 545 4032 ﬁngi
577 3962 885 4032 hujusmodi
934 3966 1345 4022 criminationes
1388 3967 1511 4036 quis
1546 3969 1871 4036 suspicetur,
1905 3976 1986 4024 te-

414 4062 557 4108 atem
616 4054 876 4109 excitavit
931 4054 1230 4122 lrenzeum,
1291 4057 1383 4127 qui
1415 4059 1764 4115 Occidentem
1824 4060 1984 4116 Chri-

413 4146 605 4201 stiana:
639 4145 916 4216 religionis
947 4147 1066 4202 luce
1095 4149 1516 4215 collustraverit,
1558 4151 1734 4204 virum
1766 4164 1985 4222 aposto-

412 4237 601 4303 licum,
637 4237 860 4306 ejusque
900 4239 1155 4295 excitatis
1185 4241 1368 4295 verbis
1413 4242 1531 4296 hazc
1570 4243 1829 4310 praemisit
1853 4244 1927 4316 (g)
1964 4263 1980 4299 :

412 4327 574 4396 Λέγει
626 4329 683 4382 δὲ
733 4322 886 4392 οὗτος
939 4331 996 4384 ἐν
1044 4330 1121 4402 τῷ
1165 4329 1365 4403 πρώτῳ
1410 4331 1597 4404 βιϐλίῳ
1638 4334 1744 4389 τῶν
1775 4336 1854 4399 εἰς
1885 4335 1983 4400 τὰς

411 4421 650 4492 αἱρέσεις
682 4422 1102 4494 συῖγραφέντων
1115 4423 1283 4494 αὐτῷ.
1304 4425 1565 4480 Euntdem
1584 4426 1979 4482 Theodoretum

2096 3243 2469 3311 discesseris,
2503 3247 2597 3317 qui
2654 3257 2735 3304 tot
2772 3259 2992 3321 tamque
3035 3253 3297 3324 antiquos
3346 3270 3563 3326 operum
3592 3258 3652 3314 ab

2096 3335 2207 3392 illis
2237 3337 2580 3394 conditorum
2605 3339 2918 3398 laudatores
2953 3344 3100 3400 nacti
3140 3355 3351 3412 essent,
3379 3347 3651 3403 admodum

2093 3443 2302 3498 paucos
2323 3444 2472 3487 esse.
2505 3430 2697 3503 Neque
2737 3433 2792 3492 id
2824 3435 3025 3508 negligi
3059 3451 3091 3492 a
3132 3439 3294 3495 nobis
3341 3441 3519 3507 debet,
3545 3440 3651 3496 exi-

2093 3536 2257 3590 guum
2313 3533 2466 3578 certe
2505 3538 2628 3580 esse
2678 3527 3141 3584 monimentorum
3180 3530 3644 3601 Christianorum,

2093 3625 2213 3681 quae
2244 3612 2312 3666 ad
2375 3613 2633 3669 saeculum
2693 3618 2913 3673 tertium
2957 3619 3643 3691 referuntur,‘numerum;

2092 3705 2395 3760 maximam
2448 3721 2637 3763 eorum
2689 3720 3070 3778 partemesso
3113 3716 3421 3785 perditam;
3464 3725 3648 3788 praeter

2091 3794 2414 3852 Tertulliani
2442 3799 2655 3855 libellos
2700 3801 2837 3856 nihil
2866 3819 3055 3858 eorum
3092 3821 3415 3876 superesse,
3465 3810 3552 3878 qui
3583 3807 3642 3861 ad

2089 3888 2378 3944 historiam
2401 3890 2691 3946 hmresium
2711 3895 3082 3949 enarrandam
3126 3900 3505 3966 pertinebant;
3528 3899 3646 3954 mul-

2088 3989 2266 4035 torum
2300 3997 2367 4036 ex
2422 3984 2787 4053 scriptoribus
2823 3985 3215 4044 ecclesiasticis
3260 3993 3572 4046 memoriam
3612 4004 3638 4043 a

2087 4074 2206 4129 solo
2240 4073 2500 4142 Eusebio,
2534 4076 2689 4130 imoa
2720 4077 2834 4132 solo
2867 4078 3199 4152 Hieronymo
3227 4083 3462 4150 posteris
3485 4081 3639 4136 fuisse

2084 4164 2555 4232 commendatam,
2605 4166 2803 4236 quibus
2854 4182 3044 4226 omnes
3098 4174 3453 4228 assentimur.
3511 4173 3637 4240 Quid

2085 4270 2271 4326 quaeso
2292 4266 2376 4312 est
2402 4272 2609 4325 causae,
2645 4274 2745 4314 cur
2784 4259 2976 4315 iisdem
3014 4270 3204 4332 totque
3240 4265 3366 4320 aliis
3392 4264 3634 4321 credendi

2083 4347 2318 4402 oilicium
2357 4350 2685 4419 denegemus
2731 4353 3098 4419 testantibus,
3149 4354 3411 4412 Irenazum
3461 4366 3636 4411 aucto-

2081 4454 2197 4494 rem
2233 4454 2353 4495 esse
2376 4451 2567 4496 contra
2601 4442 2844 4498 haereses
2879 4444 3180 4500 librorum?

411 4513 696 4583 scripsisse
718 4515 810 4582 qui
840 4523 1129 4583 supersunt
1160 4516 1401 4585 dialogos
1434 4527 1568 4584 tres,
1601 4518 1914 4588 Ἐρανιστοῦ
1941 4513 1974 4584 ἢ

2154 4530 2543 4603 Progredimur
2573 4533 2642 4589 ad
2678 4534 2909 4589 alteram
2953 4536 3438 4594 demonstrationis
3482 4535 3629 4605 hujus

410 4605 760 4678 πολυμόρφου
786 4607 1007 4664 nomine
1035 4607 1340 4678 insignitos,
1372 4609 1500 4666 licet
1543 4613 1786 4667 nonnulli
1814 4613 1975 4669 dubi—

410 4702 676 4769 taverint;
717 4709 775 4756 ut
813 4709 994 4755 tamen
1036 4701 1152 4772 ipse
1202 4701 1436 4758 firmiter
1481 4705 1727 4772 credam,
1775 4709 1976 4777 quibus

411 4794 591 4849 causis
635 4793 973 4851 commoveri
1019 4809 1107 4850 me
1146 4795 1342 4864 patiar,
1390 4795 1518 4852 alibi
1564 4798 1836 4853 declaravi
1873 4799 1972 4871 (li).

411 4883 668 4953 Quisquis
727 4900 858 4943 vero
908 4885 1300 4954 illos,legerit,
1359 4903 1522 4944 nosse
1568 4904 1692 4944 eum
1739 4899 1970 4962 oportet,

409 4977 640 5047 singulis
665 4979 891 5051 dialogis
915 4978 1159 5050 subjecta
1195 4980 1365 5037 fuisse
1388 4983 1754 5052 antiquiorum
1785 4987 1973 5040 docto-

409 5082 530 5123 rum
552 5069 692 5139 loca,
724 5086 954 5142 quorum
976 5076 1304 5131 auctoritate
1342 5077 1627 5133 sententia:
1653 5078 1718 5133 de
1740 5093 1970 5148 persona

504 5203 608 5282 (ιι)-
629 5204 805 5282 Catgl.
847 5209 1005 5282 uiror.
1045 5208 1240 5282 illustr.
1291 5221 1412 5280 cap.
1463 5209 1554 5276 35,
1599 5216 1640 5267 t.
1689 5208 1734 5264 ll
1779 5211 1968 5282 Oper.,

404 5287 460 5342 p.
507 5275 629 5336 873,
681 5277 812 5333 edit.
851 5276 1121 5334 Vallarsii.

476 5345 549 5426 lbj
585 5342 814 5426 irrisa.
853 5363 1003 5426 exiti,
1036 5347 1199 5426 μιν
1244 5354 1446 5426 _(_.)petj.,
1491 5349 1703 5426 p._76i.

479 5419 549 5482 (ε)
583 5415 751 5482 Epist.
803 5417 871 5469 ad
921 5417 1196 5473 Theodor.
1242 5415 1508 5476 Mairtiau.
1555 5421 1620 5476 L.
1663 5423 1771 5489 lll,
1841 5422 1968 5478 Val-

407 5481 533 5536 lars.
565 5499 724 5544 Lxxv,
754 5500 807 5541 ιι.
841 5488 896 5544 5.
926 5499 964 5539 ι.
1006 5489 1231 5544 lOuer..
1265 5507 1318 5544 ι).
1343 5492 1468 5544 M7.

475 5505 533 5536 ‘s.
565 5505 724 5549 Lxxv,
754 5505 807 5541 Π.
841 5505 896 5550 o,
926 5505 964 5539 ι.
1006 5505 1231 5556 luper.,
1265 5507 1318 5558 p.
1343 5505 1468 5546 44l.

475 5553 553 5624 (Δ)
583 5555 760 5631 Epist.
803 5558 868 5610 ad
910 5556 1086 5628 Magn.
1132 5558 1388 5617 Martian.
1436 5577 1674 5631 LXXXIV,
1727 5562 1965 5621 Vallars.

399 5635 528 5687 Lxx,
563 5638 614 5690 p.
656 5625 784 5680 426.
1000 5625 1023 5628 ⁷
1661 5625 1671 5631 ’

410 5774 424 5777 ᾼ
456 5692 544 5777 _l_e)
574 5691 988 5777 Pyth-{lmen
1035 5696 1226 5767 [αὐτώ.
1275 5699 1422 5770 μιν
1467 5701 1671 5772 Oper.,
1725 5719 1781 5775 p.
1836 5705 1966 5774 280,

402 5763 534 5820 edit.
574 5765 831 5824 Schulzii.

2079 4625 2388 4696 argumenti
2420 4635 2633 4696 partem
2683 4628 3087 4698 explicandam.
3128 4629 3243 4687 Hac
3281 4648 3413 4688 vero
3455 4629 3625 4699 inqui-

2079 4717 2233 4771 rendi
2287 4719 2545 4786 imposita
2592 4719 2751 4774 nobis
2803 4729 2887 4777 est
2924 4721 3261 4789 necessitas,
3315 4738 3440 4778 num
3475 4723 3622 4776 iidem

2075 4811 2187 4865 sint
2221 4811 2412 4865 lrenaai
2442 4814 2705 4869 adversus
2737 4814 2974 4870 haereses
3006 4813 3154 4879 libri,
3188 4829 3324 4885 quos
3358 4815 3620 4874 viderunt,

2076 4900 2365 4970 legerunt,
2406 4901 2760 4959 laudaverunt
2798 4905 3094 4974 scriptores
3121 4905 3304 4961 saeculi
3339 4922 3420 4971 ιιι,
3456 4920 3527 4969 tv,
3570 4917 3617 4963 ν,

2075 5006 2197 5046 cum
2234 4994 2339 5059 his,
2371 5009 2506 5063 quos
2541 4994 2594 5050 in
2632 4997 2886 5051 manibus
2917 4997 3119 5053 nostris
3149 4997 3430 5054 habemus.
3462 4996 3616 5049 Recte

2073 5083 2129 5140 id
2159 5086 2324 5141 statui
2358 5095 2413 5140 et
2447 5087 2728 5155 aﬂirmari,
2760 5088 2946 5144 multis
2969 5090 3214 5160 variique
3250 5089 3463 5161 generis
3493 5102 3613 5142 con—

2141 5219 2209 5288 (Ι)
2236 5216 2507 5274 Justinum
2531 5222 2817 5290 reliquisse
2855 5233 3044 5278 contra
3073 5239 3260 5280 omnes
3296 5225 3524 5278 haereses
3552 5220 3610 5272 li-

2069 5289 2198 5361 bros
2245 5304 2388 5361 nunc
2423 5289 2757 5361 deperditos,
2806 5306 3009 5348 norunt
3042 5310 3249 5350 omnes.
3297 5294 3433 5347 Hinc
3463 5291 3608 5361 quale

2070 5357 2428 5430 lrenaaiuopus
2456 5357 2716 5430 Cyrensis
2745 5363 2947 5428 laudet,
2986 5374 3100 5419 tuto
3124 5365 3479 5420 concluditur.

2142 5429 2215 5505 (g)
2254 5426 2515 5505 ζζςὲνειίσξ
2569 5426 2941 5505 labul.,ﬂlih.
3001 5451 3050 5494 ι.
3103 5450 3220 5505 cap.
3269 5435 3331 5501 5,
3387 5448 3442 5502 p.
3487 5426 3600 5483 294.

2141 5501 2220 5572 lli)
2249 5499 2397 5572 Hist.
2428 5505 2640 5564 haeres"
2669 5504 2776 5555 vol.
2805 5504 2890 5567 Vl,
2918 5521 2970 5572 p.
3005 5505 3130 5558 521.

2141 5571 2205 5642 (i)
2238 5570 2442 5642 -Dial.t,
2481 5587 2533 5639 p.
2575 5572 2662 5635 5i,
2703 5574 2832 5626 dial.
2884 5570 2944 5633 Ii.
2973 5589 3024 5642 p.
3067 5574 3206 5640 l28;
3257 5572 3384 5631 dial.
3426 5585 3507 5636 ut,
3542 5581 3595 5640 ρ.

2068 5639 2199 5718 23f,
2238 5639 2441 5718 laudati
2473 5656 2694 5718 operum
2724 5639 3047 5700 Theodoreti
3074 5646 3267 5718 torni“

2139 5709 2206 5779 (j)
2239 5710 2371 5766 Dial.
2402 5726 2464 5775 ιι,
2496 5725 2547 5779 p.
2590 5712 2712 5765 129.

2139 5778 2212 5851 (ιι)
2242 5779 2377 5836 Dial.
2407 5778 2575 5852 nt,p.
2609 5782 2733 5838 232.
