3880 6358
205 395 324 454 393

965 403 1052 459 DE
1085 398 1485 463 AL'THENTIA
1521 409 1876 469 LIBROBUM
1911 415 2168 474 [BEN/El
2208 421 2370 480 ADV.
2413 424 2688 484 ΙΙᾸΞΠΕΞ.

3368 427 3474 502 39.5

206 526 326 573 stat
364 522 738 591 argumentis,
776 539 898 595 qua:
949 528 1005 582 in
1053 543 1182 584 suas
1236 531 1446 588 classes
1484 533 1784 603 distribui,
1820 545 1862 603 Α
1890 538 2147 596 universe
2181 542 2326 598 dicta
2348 545 2892 618 rechomprobant;
2929 555 3023 608 sed
3046 556 3258 627 singula
3292 564 3458 618 etiam

204 621 386 677 operte
410 621 496 666 est
525 615 792 682 pretium.

281 699 319 755 Ι.
353 700 714 776 Quaecunque
749 717 967 765 veteres
1010 711 1078 767 de
1111 713 1283 769 forma
1320 725 1375 771 et
1407 719 1588 788 specie
1619 719 1788 775 libro-

207 807 326 846 rum
381 791 576 850 Irenrei
624 797 906 866 referunt,
961 805 1150 859 eadem
1191 807 1311 864 sine
1359 809 1674 866 discrimine
1730 813 1783 866 in

202 898 367 954 opere
401 887 519 955 illo,
550 905 663 961 quo
694 909 838 948 nunc
871 895 1096 960 utimur,
1113 914 1371 969 expressa
1399 902 1781 959 observamus.

204 975 444 1049 Utraque
481 984 604 1050 ejus
639 982 949 1056 inscriptio,
985 989 1155 1043 altera
1195 1008 1210 1046 :
1245 993 1509 1049 Adversus
1535 997 1782 1061 hazreses,

195 1068 366 1123 altera
404 1089 420 1124 :
463 1070 702 1127 Deiectio
732 1084 780 1127 et
817 1078 1015 1131 eversio
1046 1080 1174 1147 falsi
1212 1085 1437 1138 nominis
1472 1087 1779 1154 agnitionis,

196 1163 279 1217 uti
311 1162 539 1220 Latinus
591 1165 780 1222 Graeca
814 1171 1016 1234 vertit,
1064 1187 1093 1226 a
1132 1175 1328 1242 priscis
1378 1179 1780 1248 scriptoribus,

191 1274 423 1330 quorum
458 1257 624 1314 eﬂ‘ata
663 1262 776 1330 jam
814 1263 1037 1332 protuli,
1068 1281 1565 1335 commemoratur;
1597 1287 1782 1343 poste-

194 1350 308 1403 rior
327 1350 556 1418 quidem
584 1351 653 1405 ab
678 1352 920 1410 Eusebio
942 1393 958 1420 ,
994 1357 1145 1426 prior
1186 1360 1254 1414 ab
1298 1362 1490 1417 eodem
1522 1364 1780 1434 Eusebio,

190 1442 416 1512 Cyrillo,
452 1443 816 1517 Hieronymo,
851 1448 1302 1507 Theodoretan
1329 1457 1576 1528 quinque
1604 1461 1780 1520 libros

192 1537 514 1592 universum
546 1553 685 1608 opus
718 1549 803 1594 est
838 1542 1096 1597 divisum.
1132 1545 1389 1604 Eamdem
1423 1553 1775 1622 partitionem

189 1629 528 1683 conﬁrmant
575 1630 848 1687 Eusebius
881 1641 935 1688 et
973 1635 1358 1709 Hieronymus.
1418 1647 1624 1701 Prteter
1661 1649 1776 1706 haec

191 1721 514 1790 singulatim
555 1723 793 1776 vidimus
827 1728 1141 1782 enumerari
1177 1731 1244 1784 ab
1279 1731 1521 1790 Eusebio
1573 1738 1771 1796 librum

188 1813 442 1880 primum,
481 1814 813 1880 secundum,
846 1819 1093 1885 tertium,
1125 1822 1413 1893 quintum;
1445 1829 1515 1882 ab
1536 1829 1772 1902 Epipha-

186 1903 278 1956 nio
302 1907 615 1960 secundum
640 1925 654 1972 ;
682 1923 712 1962 a
739 1907 1110 1979 Theodoreto,
1150 1917 1398 1987 tertium,
1425 1933 1682 1992 quartum
1718 1940 1774 1983 et
1805 1893 1847 1948 Β

186 1994 461 2061 quintum.

252 2104 316 2159 ll.
349 2107 712 2178 Quaecunque
748 2122 965 2170 veteres
1010 2116 1167 2175 libris
1204 2124 1273 2178 ab
1305 2124 1511 2181 lrenaeo
1548 2132 1770 2201 scriptis

181 2197 453 2254 contineri
511 2203 698 2255 testati
733 2214 902 2271 sunt,
957 2209 1148 2265 eadem
1178 2214 1246 2266 ad
1279 2231 1448 2272 unum
1489 2225 1678 2278 omnia
1713 2225 1766 2280 in

182 2291 389 2345 nostris
420 2293 714 2349 codicibus
749 2297 1127 2358 inveniuntur.
1173 2306 1310 2363 Nolo
1340 2309 1451 2379 jam
1494 2326 1767 2386 repetere,

181 2398 303 2448 qua:
331 2401 405 2439 ex
439 2387 608 2444 dictis
639 2389 708 2444 ab
753 2391 1014 2457 Eusebio.
1050 2398 1377 2471 Epiphanio,
1410 2405 1762 2481 Hieronymo,

179 2471 540 2533 Theodoreto
567 2495 669 2549 per
693 2497 752 2536 se.
777 2494 987 2553 patent,
1005 2503 1099 2545 eos
1125 2507 1313 2549 omnes
1339 2505 1394 2550 et
1417 2503 1764 2559 narrationes

178 2565 249 2620 de
274 2569 615 2639 originibus,
658 2576 1037 2646 opinionibus,
1089 2587 1333 2644 moribus
1375 2601 1431 2646 et
1469 2592 1761 2664 institutis,

174 2659 418 2715 maxime
476 2665 927 2723 successionibus
955 2670 1340 2732 bzeretieorum
1365 2722 1380 2746 ,
1418 2681 1542 2740 inde
1583 2701 1612 2739 a
1669 2688 1758 2744 Si-

169 2762 333 2803 none
370 2749 531 2821 Mago
565 2753 924 2824 deducendis,
961 2770 1016 2816 et
1049 2778 1323 2829 errorum.
1351 2788 1489 2843 quos
1529 2777 1607 2834 illi
1642 2781 1758 2838 dis-

168 2843 550 2914 seminarunt,
579 2849 993 2911 confutationes
1025 2856 1224 2929 legisse
1255 2866 1320 2918 ab
1353 2865 1553 2927 lrenazo
1584 2875 1758 2931 tradi-

166 2944 277 3001 tas,
329 2937 435 2993 hoc
464 2949 569 3006 est,
604 2943 792 2998 omnia
812 2954 867 3000 et.
900 2949 1118 3020 singula
1166 2971 1349 3011 rerum
1379 2975 1606 3030 genera,
1637 2982 1759 3034 qua:

164 3027 350 3081 nostri
401 3030 628 3086 codices
664 3047 766 3088 suo
811 3039 1019 3094 ambitu
1069 3027 1564 3116 comprehendunt.
1595 3027 1756 3116 VFieri

160 3408 314 3474 rint,
369 3408 694 3466 Graecorum
726 3424 874 3470 certe
918 3416 1340 3489 descriptionem
1373 3425 1748 3493 consignavit,

160 3508 375 3562 nostris
403 3508 535 3564 licet
557 3508 773 3567 Latinis
797 3513 1025 3570 mirifice
1050 3520 1472 3574 convenientem
1507 3522 1607 3592 (α).
1641 3524 1752 3577 Au-

156 3609 372 3654 ctorem
406 3616 599 3656 eorum
633 3617 754 3659 esse
779 3618 971 3660 narrat
1000 3607 1284 3676 lrenteum,
1303 3609 1572 3680 Lugduni,
1599 3616 1750 3670 urbis

156 3689 206 3745 in
239 3690 432 3747 Gallia
484 3694 640 3758 sitm,
692 3696 1048 3767 episcopum,
1082 3700 1275 3756 eodem
1343 3718 1468 3759 esse
1518 3720 1748 3762 numero

157 3783 440 3853 quinque,
469 3794 523 3838 et
547 3801 658 3855 prae
686 3803 742 3842 se
769 3788 912 3842 ferre
932 3791 1071 3845 hanc
1103 3793 1514 3863 inscriptionem
1542 3816 1554 3851 :
1580 3798 1748 3869 ἐλέγι-

152 3894 261 3945 χσυ
323 3877 426 3929 καὶ
475 3878 816 3948 άνατρθπῆς
857 3881 964 3951 τῆς
1011 3885 1409 3957 ψευδωνύμου
1448 3889 1743 3960 γνώσεως,

153 3969 268 4022 sive
317 3979 507 4022 contra
546 3972 796 4027 Iurreses.
843 3973 1065 4046 Pergit,
1102 3978 1282 4048 primo
1329 3980 1472 4036 libro
1524 3983 1742 4039 initium

157 4057 274 4112 ﬁeri
317 4061 592 4117 orationis
625 4079 655 4116 a
692 4063 1018 4134 Valentino,
1070 4069 1269 4126 deinde
1310 4073 1556 4128 eamdem
1586 4079 1741 4144 quasi

155 4153 385 4222 regredi
441 4165 498 4208 et
548 4169 577 4208 a
624 4155 847 4213 Simone
892 4158 1050 4230 Mago
1101 4161 1340 4220 hzereses
1390 4179 1638 4236 repetere
1687 4179 1742 4224 et

150 4258 338 4314 usque
368 4246 440 4299 ad
472 4246 764 4303 Tatianum
790 4255 1116 4321 procedere,
1151 4254 1355 4312 additis
1385 4257 1660 4318 Gnosticis
1684 4272 1740 4319 et

148 4335 422 4404 Cainitis;
465 4342 702 4395 secundo
735 4346 970 4400 convelli
1024 4349 1188 4420 impia
1224 4350 1607 4409 haereticorum
1641 4357 1740 4410 do-

148 4442 376 4500 gmata;
419 4434 583 4489 tertio
623 4438 822 4509 opponi
870 4440 1063 4496 iisdem
1098 4441 1398 4514 Scriptura
1453 4461 1626 4502 sacra:
1658 4458 1738 4503 te-

147 4523 458 4590 stimonia;
515 4539 710 4596 quarto
752 4529 872 4586 ﬁeri
916 4548 1175 4603 responsa
1231 4536 1299 4591 ad
1353 4551 1449 4603 ea,
1497 4555 1619 4610 quae
1658 4541 1732 4597 illi

146 4616 399 4684 obiicere
432 4621 852 4690 consueverint;
885 4625 1083 4694 quinto
1122 4628 1361 4698 denique
1401 4647 1469 4685 ex
1523 4647 1734 4688 sermo-

147 4710 313 4766 nibus
349 4711 562 4766 Christi
589 4720 642 4767 et
668 4717 1039 4784 apostolorum
1064 4720 1308 4787 epistolis
1329 4723 1507 4794 colligi
1540 4734 1730 4780 contra

145 4817 230 4860 eos
269 4815 607 4874 argumenta
663 4817 790 4878 apta
829 4809 929 4880 (ὁ).
963 4811 1033 4864 At
1077 4827 1207 4868 vero
1262 4829 1368 4869 non
1409 4816 1571 4871 modo
1616 4817 1730 4873 haec

206 5030 293 5100 (α)
315 5028 595 5100 ᾲϐὶὺιίοιὴ.
625 5034 748 5087 cod.
779 5051 912 5089 cxx.

203 5097 285 5171 (ὑ)
306 5097 365 5178 _Si
389 5101 512 5178 quis
527 5103 658 5156 nolit
677 5104 859 5159 Irenazi
881 5107 1046 5162 libros
1068 5123 1254 5178 compa
1267 5124 1386 5162 rare
1405 5110 1718 5168 cnmPhotii

142 5171 556 5244 descriptione,
584 5189 709 5228 eum
746 5190 998 5244 rogamus
1021 5221 1036 5243 ,
1081 5189 1138 5233 ut
1182 5171 1546 5234 recentiorum
1583 5199 1718 5237 con-

148 5243 296 5297 sulat
329 5241 399 5295 de
430 5244 587 5314 rebus
616 5245 669 5298 in
707 5241 1060 5305 illis'traditis
1093 5257 1458 5314 narrationes,
1489 5263 1582 5306 aut
1609 5255 1718 5308 sal-

140 5321 240 5368 tem
301 5310 665 5391 praefationes
701 5318 930 5386 singulis
974 5324 1285 5390 prannissas
1323 5310 1597 5391 iuSpiciat.
1636 5324 1715 5379 Ex

140 5382 238 5439 illis
299 5398 438 5464 vero
484 5382 846 5475 principatum
897 5382 1366 5475 teperearbitror
1409 5382 1714 5475 celeberri-

138 5469 286 5534 illurn
328 5454 575 5534 “virum,
632 5455 844 5534 ‘Joann.
889 5459 1198 5534 ‘Matthiam
1255 5463 1710 5534 Schrteckhium,

138 5522 462 5607 ιὲᾑξιέξςᾲε
483 5523 1035 5607 _Kircltenges_ehicltte,
1061 5543 1202 5601 part.
1234 5549 1317 5607 ni,
1351 5551 1404 5602 p.
1435 5537 1534 5590 196
1555 5522 1709 5607 seqq;

197 5597 279 5674 (ς)
316 5596 456 5674 yide
482 5595 883 5674 Ιτεηωιιιῂέιίι).
916 5619 954 5670 i,
982 5595 1105 5674 cap.
1146 5595 1362 5660 l—Ql;

195 5666 442 5738 (ἀλωὴ.
479 5683 517 5732 ι,
552 5685 672 5738 cap.
699 5668 792 5726 25.

193 5735 268 5810 (ei)
299 5735 422 5810 Ιέὶι).
460 5755 500 5803 i,
525 5735 645 5810 capi.
676 5741 766 5795 25.

194 5809 270 5879 (ί)
313 5807 441 5880 Lib.
478 5825 517 5870 ι.
546 5807 667 5880 cap.
703 5812 796 5869 26.

192 5878 277 5952 (ς)
315 5878 438 5935 Lib.
475 5895 511 5940 ι.
544 5878 664 5950 cap.
693 5883 788 5937 24.

460 5976 738 6042 Pnaoc.
779 5983 893 6044 Gtt.
946 5986 1077 6051 VH.

1893 634 2099 704 capita,
2140 651 2262 704 quae
2295 654 2361 692 ex
2392 637 2582 694 lrentei
2617 643 2774 701 libris
2803 655 3015 703 veteres
3062 650 3318 722 allegant.
3355 657 3467 712 Hn-

1893 741 2009 780 rum
2041 729 2236 798 duplex
2261 743 2344 785 est
2374 747 2574 800 genus.
2601 737 2843 792 Alterum
2870 742 3015 796 enim
3046 743 3164 798 loca
3195 749 3462 816 continet,

1891 820 1980 874 ubi
2019 821 2132 891 ipsa
2188 821 2378 880 Irenazi
2426 829 2592 882 verba
2644 832 2969 899 recitantur,
3017 837 3084 891 de
3124 853 3232 906 quo
3272 853 3462 911 postea

1892 915 2154 969 nonnulla
2223 919 2432 984 dicam;
2493 922 2723 977 alterum
2778 941 2910 981 vero
2958 945 3144 985 eorum
3203 945 3316 1003 est,
3374 939 3464 994 ubi

1892 1006 2044 1059 testis
2072 1009 2232 1064 modo
2266 1009 2527 1067 laudatur
2561 1014 2798 1072 lrenzeus
2829 1034 3046 1086 eorum,
3079 1040 3200 1093 qua:
3233 1031 3466 1100 quisque

1887 1099 2221 1167 scriptorum
2277 1103 2390 1158 suis
2443 1107 2626 1161 verbis
2682 1124 2811 1164 usus
2862 1115 3186 1172 tradiderat.
3251 1120 3458 1178 Horum

1886 1205 2058 1258 pauca
2106 1192 2329 1248 aﬂ'eram
2379 1199 2650 1267 exempla.
2700 1201 3098 1261 Tertullianum
3154 1213 3463 1270 audivimus

1887 1285 2098 1350 testari,
2131 1285 2392 1343 lrenieum
2429 1293 2652 1362 cepiose
2685 1311 2772 1350 res
2801 1296 3312 1360 Valentinianorum
3341 1323 3462 1365 esse

1886 1386 2237 1441 persecutum
2275 1381 2381 1449 (c);
2423 1382 2738 1450 Eusebium,
2771 1391 3022 1445 euimlem
3047 1398 3369 1464 exposuisse
3394 1402 3460 1455 de

1883 1465 2274 1540 SinioneMago
2305 1471 2406 1542 (Δ),
2428 1475 2494 1528 de
2516 1475 2816 1532 Menandro
2834 1483 3005 1549 (e),de
3026 1486 3288 1545 Cerintho
3320 1493 3389 1563 (Ῑ)
3404 1505 3462 1549 et

1881 1558 2186 1628 similibus;
2221 1563 2614 1633 Epiphanium,
2647 1572 2713 1624 de
2745 1570 2981 1632 Basilide
3018 1579 3124 1649 (g);
3157 1558 3456 1653 Cyrillum,

1880 1654 1946 1706 de
1976 1653 2075 1718 iis,
2127 1655 2218 1723 qui
2259 1656 2569 1714 doctrinam
2598 1661 2663 1716 de
2697 1662 2906 1734 Spiritu
2955 1681 3150 1728 sancto
3192 1675 3460 1746 deprava-

1880 1753 2004 1797 runt
2039 1745 2139 1816 (li).

1950 1864 2033 1919 lll.
2071 1869 2420 1941 Quaecunque
2447 1875 2498 1928 in
2530 1875 2716 1931 lrenrei
2744 1878 2898 1935 libris
2927 1895 3139 1941 veteres
3167 1889 3444 1949 invenisse

1877 1960 1981 2013 sibi
2027 1962 2127 2015 visi
2169 1977 2297 2019 sunt
2338 1978 2698 2037 ornamenta,
2751 1973 3053 2044 diligentia:
3107 1981 3347 2039 maxime
3397 1988 3452 2042 iu

1877 2053 2205 2123 colligendis
2253 2057 2489 2114 aliorum
2545 2067 2836 2121 sententiis
2884 2080 2938 2121 et
2987 2069 3235 2130 lectionis
3265 2082 3454 2145 varia},

1875 2164 2055 2218 neque
2092 2150 2206 2205 haec
2246 2153 2298 2206 in
2327 2156 2534 2212 nostris
2561 2157 2749 2214 lrcnzei
2785 2168 3206 2224 commentariis
3235 2170 3450 2228 deside.

1873 2246 2124 2312 raveris,
2159 2250 2319 2305 modo
2369 2267 2560 2322 aequus
2610 2256 2686 2311 sis
2721 2267 2775 2312 et
2815 2262 3000 2315 omnia
3053 2279 3118 2318 ex
3170 2268 3308 2330 arvi,
3342 2285 3455 2338 quo

1869 2337 2064 2406 scripti
2116 2351 2281 2408 sunt,
2331 2345 2640 2402 rationibus
2688 2359 2742 2404 et
2796 2356 3041 2409 auctoris
3085 2357 3256 2427 ipsius
3301 2372 3450 2418 sorte

1868 2430 2132 2487 aestimari
2176 2434 2378 2490 debere
2414 2441 2765 2511 cogitaveris.
2805 2444 3199 2518 Tertullianus,
3239 2455 3314 2509 uti
3353 2473 3454 2510 an-

1869 2519 2130 2587 divimus,
2171 2524 2474 2585 honoriﬁce
2524 2534 2592 2588 de
2642 2532 2849 2592 Irenaeo
2892 2539 3164 2609 judicavit
3214 2562 3451 2618 eumque

1867 2613 2070 2684 insigni
2103 2615 2280 2687 elogio
2311 2622 2554 2677 omnium
2585 2629 2951 2685 doctrinarum
2979 2637 3332 2694 curiosissimi
3358 2657 3451 2695 σωκ

1863 2701 2152 2771 ploratoris
2180 2711 2590 2772 condccoravit.
2612 2717 2766 2785 Quod
2789 2735 2950 2788 quam
2972 2741 3099 2782 vere
3127 2730 3449 2798 sitdictum,

1865 2811 2059 2854 omnes
2090 2803 2296 2857 sentire
2329 2817 2566 2875 Oportet,
2595 2811 2795 2879 quibus
2837 2819 3000 2873 modo
3047 2819 3239 2877 lrenzei
3273 2824 3448 2880 libros

1865 2886 2043 2943 oculis
2094 2891 2209 2945 suis
2259 2892 2535 2963 inspicere
2581 2898 2819 2957 libuerit.
2878 2905 2996 2960 Non
3044 2908 3223 2966 solum
3293 2916 3441 2968 enim

1864 2993 2114 3048 magnam
2149 2983 2494 3054 diligentiam
2549 2990 2604 3043 in
2660 2993 3052 3067 investigandis
3095 3011 3173 3057 tot
3219 3005 3444 3061 haereti-

1860 3084 2048 3123 corum
2095 3078 2425 3133 commentis
2459 3081 2523 3151 (i)
2575 3086 2903 3156 arcanisque
2953 3094 3224 3152 doctrinis
3269 3108 3324 3154 et
3360 3102 3445 3156 in-

1861 3161 2071 3219 stitutis
2106 3167 2433 3237 collocavit;
2465 3174 2562 3229 sed
2592 3175 2759 3231 etiam
2796 3190 3044 3239 veterum
3080 3189 3439 3261 philosopho-

1860 3266 1978 3306 rum
2033 3267 2308 3329 przecepta
2366 3277 2491 3333 cum
2560 3267 2646 3324 his
2701 3273 2952 3329 contulit.
3021 3277 3208 3344 Quare
3270 3287 3438 3341 etiam

1733 3366 1774 3395 -_
1859 3342 2224 3418 Hieronymus
2255 3352 2516 3412 Irenaeum
2559 3361 2662 3417 hoc
2709 3366 2932 3421 nomine
2979 3367 3257 3444 laudavit,
3290 3383 3438 3450 quod

1854 3451 1920 3488 ea:
1954 3440 2143 3506 quibus
2193 3445 2632 3517 philosophorum
2683 3455 2919 3523 fontibus
2969 3459 3209 3522 haereses
3241 3440 3439 3526 ἠιᾶηαέ

1854 3530 2020 3583 vei-int
2061 3534 2442 3606 explicaverit;
2496 3558 2597 3599 nec
2627 3561 2833 3616 negare
2868 3552 2991 3621 quis
3022 3571 3188 3614 ausus
3223 3571 3327 3629 est,
3363 3565 3444 3618 si—

1852 3617 1968 3672 mili
2016 3623 2177 3678 modo
2222 3641 2348 3683 eum
2394 3635 2616 3700 puriora
2655 3638 2987 3700 Christiana:
3018 3648 3304 3720 religionis
3334 3656 3438 3713 doa

1851 3721 2034 3777 gmata
2070 3713 2331 3775 habuisse
2358 3728 2622 3796 cognita,
2661 3747 2783 3801 quae
2827 3735 2896 3789 ab
2939 3713 3435 3805 obtreciationibus

1848 3811 1902 3854 et
1937 3803 2230 3866 calumniis
2265 3812 2578 3874 vindicandi
2629 3837 2796 3880 causa
2830 3841 2967 3896 opus
3000 3831 3132 3888 illud
3177 3850 3437 3910 suscepe-

1848 3902 1958 3948 rat.
1994 3896 2173 3963 Quare
2221 3919 2328 3959 non
2377 3924 2601 3977 possum
2632 3954 2650 3980 ,
2685 3917 2818 3985 quin
2859 3919 3095 3980 Nathan.
3146 3896 3433 3989 Lardnero

1847 3990 2150 4059 assentiar,
2183 3997 2276 4064 qui
2312 3998 2638 4058 Tertulliani
2663 4021 2857 4065 vocem
2890 4017 3126 4073 omnium
3159 4021 3435 4085 doctrina-

1848 4093 1969 4132 rum
2011 4084 2086 4139 ita
2116 4095 2200 4141 est
2234 4088 2629 4160 interpretatus
2651 4136 2666 4164 ,
2713 4110 2773 4155 ut
2823 4105 3016 4161 eadem
3053 4109 3245 4180 triplex
3280 4119 3428 4184 quod

1843 4181 2274 4236 commemoravi
2323 4182 2699 4243 doctrinarum
2757 4208 2967 4263 genus,
3022 4181 3423 4274 philosophica-

1843 4288 1990 4339 rum,
2054 4276 2429 4330 haereticorum
2470 4288 2526 4334 et
2569 4280 3004 4344 Christianarum
3034 4297 3313 4364 puriorum
3346 4302 3428 4355 sis

1841 4366 2116 4435 gniﬁcari,
2158 4370 2536 4441 conjecturam
2568 4374 2773 4433 faceret
2801 4378 2893 4452 (j).
2921 4382 3061 4440 Num
3105 4395 3242 4446 satis
3274 4405 3423 4448 recte

1843 4467 1922 4514 tot
1957 4470 2182 4531 tamque
2207 4463 2428 4520 diversa
2474 4471 2832 4528 sentientium
2887 4477 3176 4546 Opiniones
3223 4497 3423 4538 conce-

1765 4601 1810 4654 Β
1841 4551 1982 4617 perit
2015 4555 2200 4610 animo
2249 4555 2547 4627 verbisque
2595 4567 2971 4632 expresserit,
3029 4587 3157 4625 num
3202 4588 3424 4646 semper

1843 4654 2055 4699 rectum
2092 4648 2281 4702 tulerit
2308 4649 2581 4717 judicium
2628 4654 2694 4709 de
2735 4657 2950 4729 origine
2997 4661 3320 4734 haeresium,
3351 4687 3420 4727 ex

1839 4740 2322 4810 philosophorum,
2349 4744 2593 4802 Platonis
2627 4751 2863 4806 maxime
2894 4753 3236 4829 aliorumque
3264 4761 3416 4819 Grae-

1836 4849 2029 4888 corum
2076 4837 2282 4893 scholis
2325 4838 2684 4910 deducenda,
2719 4855 2902 4900 nostra
2941 4848 3158 4916 quidem
3190 4869 3300 4913 non
3331 4859 3413 4912 iu-

2009 5051 2087 5136 ¹ῚῙ.
2123 5071 2174 5136 c.
2222 5053 2730 5136 de_Valen_tini_anis,
2766 5059 2930 5136 lib.i,
2957 5082 3079 5136 cap.
3109 5069 3166 5135 2,
3197 5089 3253 5128 n.
3281 5076 3334 5130 5.

1903 5123 1966 5191 (i)
1999 5121 2247 5210 \Legatpr
2293 5127 2489 5207 Renati
2543 5130 2800 5185 Massueti
2856 5121 3405 5210 dissertatio—philoa

1815 5193 2144 5274 (supra),q.ua
2182 5196 2588 5277 haereticorum,
2623 5216 2854 5277 quorum
2882 5207 3132 5277 dogmata
3150 5193 3404 5274 iriirnteus

1825 5265 2138 5383 fnarravit,
2172 5267 2396 5322 exhibet
2439 5265 2664 5324 censum
2707 5265 2983 5334 studiose"
3002 5265 3401 5342 factuiniet—vil:

1849 5341 2139 5383 ustratum-

1849 5341 2140 5390 ustratum.

1894 5403 1959 5473 (j)
1991 5404 2092 5493 ξιιιη
2111 5407 2422 5493 ϐτεᾴξὸἱιὲιεί
2454 5408 2514 5493 of
2550 5411 2635 5493 tlte
2675 5411 2739 5468 G.
2905 5429 3072 5493 part.
3111 5439 3170 5486 it,
3209 5429 3318 5482 vol.
3361 5431 3400 5493 l,

1821 5487 1944 5555 pag.
1990 5473 2262 5562 546,..ubi
2314 5473 2547 5562 recitato
2589 5473 3397 5562 Tertulliani.ell‘a'to—litec-atl':

1819 5547 2076 5613 scripsit:
2110 5547 2190 5602 He
2224 5565 2404 5602 means
2449 5553 2489 5603 it
2525 5553 2570 5605 is
2609 5554 2803 5626 likely,
2855 5561 2969 5612 that
3019 5547 3267 5622 [rente-iis

1816 5614 2174 5703 w‘ellgstudield
2222 5621 2308 5703 the
2333 5621 2636 5702 sentiments
2669 5627 2841 5703 ofthe
2893 5631 3116 5688 heat/ten
3163 5639 3400 5703 philoso-

1813 5683 2008 5779 pllterls‘,
2043 5690 2149 5769 and
2201 5690 2264 5758 of
2289 5691 2533 5779 heretica,
2561 5683 2766 5779 tis-well
2809 5717 2868 5752 as

1815 5756 1899 5835 t‘l'te
1927 5755 2194 5835 Christian
2236 5755 2476 5835 religion.
2505 5765 2660 5821 Adde
2699 5786 2888 5826 vener.
2916 5772 3007 5826 Jo.
3031 5755 3394 5835 ῙτνὶᾶξΓέδιιίέ

1823 5820 2056 5883 Versus/1
2093 5832 2238 5887 einer
2267 5820 2832 5905 Ki'rcltenltistoi'ieit.‘
2846 5820 2934 5907 ll;
3033 5820 3178 5900 ’7δᾶ

3042 6003 3114 6062 13
