3880 6358
281 370 397 426 397

1060 366 1149 422 DE
1183 365 1587 424 ΑῐιΤΗΙ-ΣΝἹΊΑ
1622 368 1981 427 LIBROBUM
2020 358 2279 428 lRENAil
2316 367 2475 425 ΜΝ.
2513 354 2792 427 ΠᾸΞΒΕΞ.

3442 363 3550 439 398

275 487 558 555 litterarii,
603 497 893 559 postquam
934 505 993 545 se
1034 489 1233 559 legisse
1263 490 1524 547 Irenaeum
1555 502 1612 547 et
1641 510 1705 547 ex
1747 494 1865 562 ejus
1892 504 1941 558 Α
1971 496 2276 549 versionem
2315 494 2594 566 Syriacam
2626 496 2892 566 integram
2925 496 3222 567 exstitisse,
3261 514 3361 554 nec
3394 500 3548 559 Pari-

275 579 436 635 libris
467 594 569 635 sua
600 580 860 638 didicisse
895 580 1200 637 luculenter
1233 583 1629 652 significarttnt.
1660 583 1866 639 Praeter

273 670 379 728 hos
426 671 666 727 alierum
700 673 925 727 Patrum
968 670 1129 727 ell‘ata
1168 675 1369 742 passim
1416 684 1698 742 notantur,
1744 690 1864 745 quze

272 760 465 819 Irenzi
530 764 702 819 dictis
750 764 1028 819 simillima
1064 778 1225 830 sunt;
1290 778 1345 821 at
1396 781 1461 820 ex
1520 766 1612 819 illo
1676 767 1864 822 fraude

272 856 559 924 exscripta
591 870 716 911 esse
751 870 836 921 ea,
873 869 1033 909 nemo
1068 855 1249 911 dicere
1273 872 1439 911 ausus
1475 867 1556 911 est
1591 856 1687 927 (a).
1718 860 1863 913 Prat-

269 947 430 1017 cipuo
458 947 595 1015 jure
622 948 821 1001 addere
857 946 989 1002 libet
1018 947 1360 1017 Ephrtemum
1390 947 1583 1020 Syrum
1611 951 1678 1005 de
1709 950 1861 1019 cujus

268 1043 387 1097 loco
416 1042 588 1113 digna
626 1041 744 1097 lucc
787 1051 917 1095 sunt
948 1050 1132 1096 nostra
1171 1042 1580 1098 observatione.
1622 1043 1862 1113 Diligen-

269 1137 358 1189 tia:
404 1132 498 1190 Jo.
546 1133 683 1189 Ern.
738 1132 927 1189 Grabii
990 1142 1273 1202 acceptum
1313 1134 1364 1187 id
1414 1132 1661 1199 ferimus,
1715 1132 1859 1203 quod

267 1228 553 1296 insignem
591 1236 649 1283 et
676 1227 813 1283 satis
843 1228 1056 1300 longam
1089 1228 1277 1283 Irenzei
1313 1226 1387 1297 (ὑ)
1423 1227 1767 1297 particulam,
1794 1229 1860 1282 de

266 1318 663 1373 haereticorum
718 1318 1004 1390 Scriptura
1036 1335 1193 1374 sacra
1228 1320 1485 1375 abutendi
1521 1318 1755 1385 artibus,
1792 1320 1859 1373 ab

262 1409 563 1480 Epitrasz
608 1410 680 1481 fc)
709 1409 927 1465 recitari
972 1426 1079 1466 non
1112 1411 1271 1465 modo
1310 1411 1539 1478 monuit,
1574 1411 1670 1465 sed
1704 1425 1858 1464 eam-

264 1504 390 1559 dem
416 1504 594 1559 etiam
628 1503 877 1559 Grzecam
911 1519 977 1558 ex
1014 1502 1205 1558 codice
1245 1502 1539 1559 Bodleiano
1582 1514 1857 1573 sumptam

262 1594 483 1664 primus
520 1608 648 1648 cum
680 1590 869 1648 Graeco
898 1588 1087 1649 lrenmi
1120 1603 1273 1648 textu
1316 1595 1457 1664 apud
1491 1594 1853 1665 Epiphanium

262 1681 505 1739 contulit
534 1682 901 1753 lectionisque
931 1686 1253 1741 varietatem
1278 1700 1389 1740 sua:
1410 1687 1601 1741 Irentci
1628 1684 1855 1740 editioni

263 1774 553 1845 ascripsit.
609 1774 689 1828 Eo
728 1774 871 1828 enim
904 1782 1147 1845 tempore
1191 1776 1376 1832 Graeca
1412 1775 1683 1847 Ephrremi
1723 1792 1857 1847 opu-

1967 588 2244 643 siensibus
2279 587 2564 642 monachis
2600 588 2667 658 (f)
2696 592 2763 643 ad
2809 588 2955 643 illam
3004 588 3392 647 confutandam
3425 610 3545 649 mo-

1967 680 2245 745 nentibus,
2292 680 2533 749 potuisse
2584 678 2927 749 Ephraamum
2981 682 3209 737 aliorum
3260 699 3425 754 opera
3475 684 3545 743 ad

1967 770 2349 841 intelligendos
2372 760 2591 828 Grzecos
2618 786 2869 831 auctores
2900 778 2999 836 uti.
3052 776 3249 833 Nescio
3277 790 3543 849 prmterca

1965 879 2063 918 cur
2114 864 2459 933 Ephrcemum
2513 864 2710 937 lingum
2760 866 2961 923 Grazca:
3016 884 3241 939 prorsus
3294 871 3542 940 ignarum

1966 957 2136 1012 fuisse
2190 958 2499 1027 credamus,
2555 975 2716 1030 quem
2768 971 2980 1016 constat
3029 962 3370 1029 Graecorum,
3401 979 3450 1019 v.
3489 980 3540 1022 c.

1964 1050 2151 1106 Basilii
2211 1053 2504 1106 amicitiam
2557 1054 2813 1108 coluisse.
2857 1053 3203 1110 Nobilissima
3242 1056 3329 1110 illa
3374 1056 3543 1112 Sozo-

1964 1143 2107 1197 meni
2152 1154 2207 1197 et
2237 1143 2570 1199 Theodoreti
2610 1146 2947 1213 testimonia,
2984 1148 3228 1203 caruisse
3276 1162 3399 1203 eum
3442 1149 3544 1221 τῆς

1963 1224 2209 1299 παιδείας
2273 1234 2591 1309 Ἑλληνικῆς
2644 1253 2781 1302 usu,
2830 1253 2928 1292 cur
2991 1239 3057 1292 ad
3116 1236 3315 1308 lingua:
3373 1242 3541 1295 etiam

1961 1327 2165 1382 Graeca:
2225 1327 2588 1397 ignorantiam
2658 1320 3069 1398 significandam
3130 1333 3539 1401 conterquenda

1960 1422 2092 1483 sint,
2129 1432 2229 1490 ego
2272 1419 2488 1488 quidem
2532 1434 2638 1475 non
2686 1418 2862 1476 video.
2899 1421 3004 1477 Sed
3036 1422 3151 1477 haec
3186 1422 3261 1487 ὡς
3293 1423 3351 1476 ἐν
3394 1442 3543 1496 παρ-

1958 1508 2081 1584 ὁδῳ.

2030 1610 2107 1663 Ita
2128 1608 2254 1673 feci,
2284 1608 2428 1679 quod
2461 1610 2639 1663 facere
2665 1608 2940 1677 recepi,et
2966 1609 3159 1680 collegi
3200 1626 3542 1683 quaecunque

1956 1711 2249 1772 supersunt
2276 1708 2517 1757 veterum
2553 1700 2881 1771 scriptorum
2915 1702 3053 1769 loca,
3094 1719 3163 1759 ex
3194 1706 3391 1775 quibus
3420 1716 3537 1761 tuto

1957 1792 2323 1856 concluditur,
2357 1806 2484 1845 vere
2516 1790 2702 1844 lrena-i
2762 1791 2953 1858 libros,
2996 1809 3132 1864 quos
3175 1793 3428 1863 legerunt
3459 1796 3539 1851 illi

261 1866 410 1921 5C0“
437 1864 629 1921 τετε)ίο
664 1866 902 1920 nondum
936 1867 990 1920 i"
1024 1866 1202 1923 lucem
1245 1866 1520 1938 Publicam
1566 1876 1687 1921 θείη
1731 1882 1856 1938 Pro‘
1886 1873 1929 1928 Β
1959 1894 2013 1939 et
2044 1885 2474 1954 descripserunt,
2525 1898 2649 1937 cum
2687 1882 2771 1936 his
2803 1884 3003 1954 quibus
3043 1900 3141 1940 nos
3172 1886 3377 1939 utimur
3411 1901 3539 1942 eos-

259 1958 452 2013 ducta.
492 1958 653 2025 Quod
682 1961 901 2029 quidem
934 1976 1098 2031 opera
1132 1960 1368 2015 Eduardi
1400 1957 1644 2014 Twaitsii
1679 1960 1857 2013 conti-

258 2050 365 2120 git,
390 2050 484 2121 qui
519 2067 866 2123 quaecunque
890 2053 1131 2109 nancisci
1155 2051 1349 2122 potuit.
1372 2052 1560 2108 Graeca
1581 2050 1852 2120 Ephraemi

257 2140 535 2212 opuscula
573 2144 796 2215 collegit
832 2154 887 2200 et
916 2142 1320 2216 elegantissime
1352 2144 1627 2215 descripta
1657 2141 1854 2199 Oxenii

256 2236 492 2308 prodire
541 2236 740 2306 jussit;
795 2236 1071 2308 ignoravit
1131 2248 1311 2293 tamen
1366 2237 1696 2304 Massuetus,
1745 2238 1854 2293 imo

256 2330 356 2383 vix
394 2329 571 2399 potuit
607 2329 725 2385 lieri
768 2332 904 2402 quin
954 2331 1497 2402 ignoraret,ideoque
1529 2330 1720 2385 Grabii
1758 2329 1854 2384 ob.

256 2423 620 2477 servationes
643 2425 862 2493 repetiit
896 2438 1132 2493 suasque
1164 2422 1384 2491 adjecit,
1420 2424 1619 2494 quibus
1651 2424 1851 2478 librum

253 2514 535 2585 scriptum
576 2514 908 2571 Colbertinze
952 2516 1296 2572 bibliothecae
1326 2517 1685 2588 comparavit.
1722 2516 1855 2569 Post

252 2605 641 2662 Osoniensem
664 2608 954 2664 editicnem
981 2610 1214 2665 accessit
1232 2608 1553 2663 Assemanni
1578 2608 1851 2675 Romana,

252 2701 355 2770 qui
412 2703 579 2756 etiam
625 2718 814 2757 novem
866 2704 1211 2759 enumeravit
1261 2704 1477 2760 codices
1526 2704 1745 2761 Graecos
1792 2706 1847 2760 in

251 2796 436 2851 variis
472 2796 824 2852 bibliothecis
870 2798 1167 2866 dispersos,
1206 2798 1403 2866 quibus
1452 2796 1725 2867 Ephraemi
1761 2797 1850 2851 ille

250 2900 448 2941 sermo
499 2888 812 2943 continetur
860 2886 961 2956 (d).
1011 2886 1203 2942 lreuzei
1240 2903 1433 2941 nomen
1480 2886 1553 2940 ibi
1612 2902 1718 2941 non
1768 2896 1853 2942 est

248 2993 624 3048 expressum;
677 2981 770 3034 sed
830 2980 966 3034 satis
1020 2979 1213 3033 habuit
1264 2977 1457 3050 Syrus,
1502 2977 1686 3033 verbis
1731 2979 1850 3049 ejus

248 3070 379 3124 hazc
432 3070 768 3138 praemittere
814 3087 828 3123 :
876 3069 1019 3141 Πρὸς
1066 3067 1159 3132 οὓς
1212 3069 1393 3133 καλῶς
1450 3068 1542 3122 καὶ
1597 3069 1849 3139 μεγάλως

245 3162 585 3235 ἁπεφήνατό
614 3178 698 3225 τις
727 3162 838 3216 τῶν
873 3162 1062 3232 ἁγίων,
1095 3160 1267 3227 οὕτως
1309 3162 1522 3228 διδάξας
1566 3164 1656 3215 καί
1692 3180 1844 3234 φησι.

246 3256 418 3311 Nulla
446 3256 668 3326 quidem
702 3267 787 3311 est
818 3256 1099 3311 dubitandi
1132 3270 1322 3321 causa,
1357 3256 1579 3309 nomine
1610 3255 1712 3311 hoc
1756 3272 1847 3311 or-
1873 3234 1916 3292 ο

246 3351 379 3405 nari
414 3349 717 3415 Irenzeum;
754 3365 915 3405 nemo
957 3350 1105 3405 enim
1141 3349 1432 3414 dubitabit,
1482 3349 1701 3405 recitari
1732 3348 1843 3404 lre-

247 3444 366 3498 mei
416 3444 610 3509 verba,
644 3443 809 3499 modo
840 3445 887 3498 si
938 3444 1225 3512 utriusque
1257 3443 1543 3512 scriptoris
1574 3444 1719 3497 dicta
1753 3460 1841 3500 se-

244 3554 386 3594 cum
434 3539 672 3593 invicem
728 3537 1055 3603 contulerit;
1091 3538 1258 3591 nolim
1299 3548 1483 3592 tamen
1526 3536 1651 3592 huic
1689 3539 1843 3591 testi-

245 3635 448 3690 mcnio
502 3634 727 3688 nimiam
786 3634 949 3688 tribui
1013 3634 1423 3689 auctoritatem.
1472 3632 1652 3687 Nostis
1700 3633 1845 3687 enim

246 3729 614 3798 Ephrmmum
633 3743 739 3783 non
759 3726 949 3782 Graeca
970 3726 1065 3782 sed
1087 3726 1310 3797 Syriaca
1339 3727 1519 3795 lingua
1539 3740 1663 3781 esse
1684 3740 1865 3784 usmn,

244 3834 308 3877 et
348 3836 474 3891 quae
505 3820 697 3876 Graece
734 3820 997 3874 translata
1021 3820 1274 3889 legimus,
1301 3819 1419 3889 ejus
1439 3820 1713 3888 opusculis
1741 3820 1845 3889 Sy-

250 3914 431 3969 riacis
461 3928 564 3967 nos
592 3927 802 3966 carere.
822 3911 1064 3966 Arduum
1083 3926 1213 3982 ergo
1238 3920 1319 3965 est
1336 3912 1401 3967 de
1420 3911 1628 3968 Graecis
1653 3926 1841 3966 eorum

244 4008 809 4076 interpretationibus
848 4006 1137 4075 judicium,
1168 4022 1293 4060 num
1326 4006 1566 4076 perfecte
1607 4020 1841 4060 consen-

249 4103 402 4157 tiant
446 4118 573 4158 cum
608 4102 721 4157 suis
756 4101 1024 4167 fontibus,
1057 4116 1155 4155 nec
1186 4100 1419 4155 Graeculi
1470 4100 1707 4156 fortasse
1736 4101 1839 4156 sibi

246 4199 525 4255 nonnulla
578 4199 954 4253 additamenta
993 4212 1059 4253 ex
1104 4198 1224 4253 aliis
1258 4197 1615 4267 scriptoribus
1646 4197 1842 4265 adjun-

243 4308 388 4365 gere
422 4292 799 4363 permiserint.
836 4290 1161 4361 Suspicandi
1194 4291 1247 4344 id
1296 4292 1400 4348 hoc
1447 4292 1569 4347 loco
1615 4308 1838 4347 causam

242 4386 392 4440 mihi
430 4386 593 4440 alfert
626 4385 797 4437 nimia
831 4382 1149 4439 Graecorum
1184 4382 1372 4439 Irenaei
1405 4384 1546 4453 apud
1597 4384 1838 4453 Epipha-

246 4482 409 4534 nium
451 4489 507 4532 et
546 4478 890 4548 prrarmum
923 4480 1349 4545 convenientia;
1381 4478 1481 4533 nisi
1528 4479 1687 4533 malis
1713 4495 1839 4534 cre-

244 4574 425 4637 dere,
483 4571 847 4641 interpretem
893 4574 1255 4642 cognovisse,
1311 4572 1560 4642 quisnam
1618 4572 1691 4626 sit
1743 4572 1834 4626 ille

247 4686 392 4722 unus
433 4683 499 4721 ex
548 4668 778 4729 sanctis,
826 4680 926 4720 nec
957 4666 1098 4720 hanc
1133 4666 1456 4736 particulam
1488 4680 1552 4720 ex
1592 4663 1834 4735 Syriacis

248 4763 555 4831 Ephrremi,
590 4762 953 4827 convertisse,
980 4761 1074 4816 sed
1104 4776 1169 4816 ex
1206 4760 1392 4814 lrena:i
1429 4760 1618 4816 codice
1645 4758 1835 4815 Graeco

250 4856 633 4925 descripsisse.
668 4854 849 4921 Quare
883 4869 983 4909 nec
1014 4855 1284 4909 assentior
1312 4853 1441 4908 Seb.
1486 4852 1624 4906 Nan.
1662 4850 1823 4907 Tille-

248 4950 445 5004 moutii
473 4951 544 5020 (c)
578 4950 928 5017 conjecturae,
948 4949 1218 5019 Ephraemi
1244 4957 1405 5004 aetate
1432 4948 1613 5019 operis
1634 4947 1807 5003 nostri

246 5102 422 5155 sianis
457 5102 657 5173 haeres.
708 5102 936 5173 ταῖςκῇ
984 5105 1009 5156 1
1038 5144 1052 5165 ,
1092 5119 1155 5157 ex
1210 5105 1331 5159 eod.
1378 5117 1499 5171 cap.
1546 5101 1706 5173 πηός
1764 5102 1831 5158 de

245 5171 555 5233 )larcosiis,
590 5173 787 5227 haeres.
834 5171 1023 5238 xxitv,
1077 5191 1139 5228 ex
1171 5174 1296 5230 libr.
1342 5191 1379 5237 1,
1413 5189 1536 5241 cap.
1591 5171 1679 5241 l5,
1706 5186 1826 5240 sqq.

244 5242 427 5295 Simili
477 5243 643 5297 modo
677 5243 1005 5299 Theodoreti
1053 5244 1168 5299 loca
1215 5246 1281 5299 de
1331 5240 1611 5299 Sethianis
1638 5240 1829 5295 "mret.

243 5308 411 5377 fabul.
451 5314 548 5366 lib.
586 5329 623 5375 ι,
645 5329 767 5383 cap.
801 5314 889 5378 M,
922 5330 1044 5367 cum
1072 5314 1255 5370 lrenmi
1288 5315 1383 5371 lib.
1420 5332 1458 5379 ι,
1487 5330 1611 5383 cap.
1640 5314 1729 5373 50;
1761 5315 1828 5366 de

241 5384 468 5437 tlaianis
514 5384 610 5437 lib.
668 5400 706 5443 ι.
758 5401 879 5455 cap.
914 5385 1005 5450 15,
1046 5402 1168 5439 cum
1220 5386 1314 5441 lib.
1374 5402 1414 5449 l,
1461 5400 1581 5452 cap.
1630 5384 1718 5447 5i,
1753 5385 1827 5437 ita

242 5456 605 5525 conveniunt,
636 5464 695 5507 ut
721 5456 867 5510 illum
904 5472 1000 5510 sua
1038 5471 1103 5510 ex
1136 5457 1239 5511 hoc
1268 5458 1545 5512 haussisse
1578 5456 1724 5525 justa
1756 5455 1827 5507 sit

240 5524 554 5591 suspicanti}
603 5541 790 5579 causa.

296 5600 415 5668 -(a)_
454 5594 546 5647 Sic
576 5594 789 5668 ACyrilli
834 5596 1315 5668 Hierosolymitani
1362 5598 1620 5651 nonnulla
1661 5597 1823 5653 eﬂata

240 5680 369 5738 cum
398 5666 961 5738 lrenaai_testimoniis
986 5666 1135 5724 rccie
1161 5670 1467 5738 comparari
1492 5668 1659 5736 jussit
1692 5672 1824 5726 Ant.

235 5735 535 5861 angustiis.
592 5735 893 5803 Touttams,
942 5739 1216 5795 Obsert'at.
1272 5735 1326 5795 in
1385 5735 1569 5810 Cyrill.
1614 5756 1667 5809 p.
1722 5739 1820 5799 87.

340 5824 398 5859 ce
429 5845 446 5859 .

340 5817 446 5860 cet.

312 5880 389 5948 (ὸ)
422 5876 543 5934 Lib.
572 5893 612 5946 ι,
637 5892 756 5950 cap.
782 5879 839 5947 8,
868 5896 927 5936 n.
956 5882 1009 5936 l.

1959 1979 2080 2033 dem
2125 1992 2267 2033 esse.
2304 1974 2419 2030 Nisi
2471 1975 2631 2047 hujus
2661 1974 2877 2047 generis
2923 1988 3244 2046 argumenta
3278 1978 3344 2033 ad
3387 1995 3541 2034 com-

1957 2070 2294 2139 probandam
2332 2078 2574 2123 veterum
2604 2068 3064 2123 monimentorum
3096 2068 3383 2124 αὐθεντίαν
3413 2080 3538 2141 apta

1955 2163 2066 2217 sint
2109 2170 2165 2216 et
2218 2160 2435 2226 idonea,
2493 2161 2598 2214 nisi
2651 2162 2755 2225 his,
2791 2176 3025 2232 quorum
3072 2162 3372 2217 auctoritas
3426 2172 3537 2218 tam

1956 2253 2125 2309 certis
2162 2256 2385 2322 tamque
2437 2256 2707 2323 expeditis
2756 2255 3104 2311 documentis
3150 2257 3377 2325 nititur,
3410 2274 3537 2312 cre-

1955 2347 2115 2402 dendi
2147 2348 2219 2402 sit
2242 2346 2476 2402 oﬂicinm
2514 2350 2640 2403 boni
2668 2350 2767 2404 viri
2804 2351 3027 2419 verique
3056 2351 3305 2416 studiosi,
3344 2366 3537 2407 vereor

1954 2454 2108 2505 sane,
2159 2454 2227 2494 ne
2280 2439 2426 2494 nulla
2468 2441 2540 2495 sit
2591 2442 2796 2497 veteris
2850 2443 3095 2499 historia:
3143 2446 3323 2499 omnis
3374 2444 3533 2512 fides,

1957 2534 2165 2587 nullum
2201 2535 2456 2603 pretium.
2507 2532 2801 2588 Fateamnr
2842 2536 3007 2605 igitur
3058 2552 3283 2592 necesse
3338 2548 3425 2593 est
3466 2540 3531 2593 li-

1954 2625 2074 2678 dem
2107 2624 2623 2695 auctoritatemque,
2642 2642 2801 2695 quam
2822 2624 3046 2692 Irenaeo,
3067 2628 3183 2683 sive
3200 2627 3393 2684 Graeco
3414 2630 3533 2685 sive

1953 2712 2169 2780 Latino.
2216 2724 2362 2770 recte
2397 2716 2561 2769 tribui
2591 2717 2737 2771 omni
2778 2727 3021 2787 tempore
3047 2721 3401 2776 eruditissimi
3429 2721 3535 2778 viri

1953 2808 2334 2872 crediderunt,
2395 2808 2605 2862 firmam
2655 2824 2775 2865 esse
2828 2826 3003 2881 neque
3056 2816 3387 2881 ambiguam,
3436 2814 3534 2871 sed

1953 2900 2259 2955 rationibus
2301 2899 2510 2964 fulciri,
2546 2900 2746 2969 quibus
2788 2917 3059 2956 summum
3108 2903 3249 2958 inest
3296 2904 3533 2973 pondus,

1954 3006 2164 3062 nosque
2191 3001 2251 3045 ut
2275 2992 2344 3045 ita
2372 3006 2496 3047 esse
2526 2993 2685 3048 nobis
2703 2995 3127 3062 persuadeamus
3145 2986 3531 3063 commovendi

1951 3084 2034 3137 vis
2074 3085 2333 3137 maxima.

2021 3175 2425 3232 Nihilomninus
2470 3175 2522 3231 in
2555 3176 2659 3231 alia
2696 3176 2877 3232 omnia
2919 3172 3173 3234 discessit
3209 3194 3335 3235 ven.
3371 3179 3531 3235 Sem-

1954 3269 2101 3323 lcrus
2130 3268 2204 3340 (g)
2234 3279 2287 3324 et
2323 3269 2591 3339 insignem
2636 3268 2973 3341 diligentiam
3023 3271 3076 3325 in
3121 3286 3187 3327 eo
3219 3272 3529 3337 collocavit,

1949 3372 2009 3416 ut
2065 3362 2235 3415 libros
2264 3362 2382 3418 illos
2438 3366 2706 3419 adversus
2759 3366 2995 3419 haereses
3042 3380 3148 3418 non
3200 3366 3267 3421 ab
3320 3365 3530 3422 irenaao

1948 3456 2296 3527 Lugdunensi
2330 3458 2607 3529 profectos
2638 3475 2783 3523 esse,
2819 3460 2913 3513 sed
2945 3458 3013 3512 ab
3039 3461 3407 3530 antiquissima
3437 3477 3530 3523 str-

1948 3550 2156 3615 cietate,
2202 3564 2323 3619 qua:
2362 3549 2736 3605 fraudulenter
2770 3551 2939 3605 libros
2988 3554 3278 3624 scripserit
3308 3562 3364 3609 et
3408 3564 3525 3609 stu-

1947 3639 2243 3694 diosissime
2283 3657 2369 3693 eos
2402 3642 2561 3693 variis
2592 3652 2639 3695 ct
2672 3642 2894 3696 diversis
2942 3645 3290 3713 scriptoribus
3333 3646 3529 3700 divisc~

1946 3734 2016 3785 rit
2047 3732 2145 3803 (It).
2184 3730 2270 3786 Ea:
2302 3734 2399 3786 hac
2443 3748 2574 3804 ergo
2622 3736 2824 3804 oﬁicina
2856 3736 3215 3804 impostorum
3253 3738 3529 3807 prodiisse

1945 3834 2101 3895 putat
2131 3824 2320 3879 lrenari
2346 3828 2797 3895 connuentarios,
2823 3827 2914 3895 qui
2946 3844 3013 3882 ex
3040 3830 3320 3885 veteribus
3354 3844 3528 3887 novas

1945 3917 2249 3987 compilare
2300 3919 2720 3974 consuevissent
2750 3921 3099 3990 scriptiones.
3143 3922 3221 3976 De
3268 3924 3372 3979 hac
3404 3924 3525 3994 ipsa

1945 4010 2205 4064 societate
2234 4008 2600 4077 antiquissima
2624 4012 2749 4065 nolo
2771 4012 2877 4066 hoc
2900 4011 3018 4068 loco
3037 4014 3349 4083 disputare;
3370 4016 3527 4087 igno-o

1946 4117 2069 4156 rare
2096 4102 2239 4157 enim
2267 4117 2353 4157 me
2379 4102 2557 4159 fateor
2589 4112 2781 4169 testes,
2808 4120 3041 4173 quorum
3074 4105 3273 4176 eil‘atis,
3302 4111 3526 4179 quando

1943 4203 1998 4247 et
2020 4193 2112 4247 ubi
2150 4202 2368 4263 autquo
2396 4194 2629 4249 consilio
2662 4196 3523 4257 coiveritdolosorumhominum

1943 4286 2280 4352 sodalitium,
2337 4295 2587 4351 constet;
2639 4303 2705 4341 ea
2744 4303 2875 4343 vero
2926 4298 3011 4346 est
3056 4292 3221 4346 animi
3255 4294 3359 4347 mei
3392 4308 3524 4349 con-

1941 4380 2166 4440 stantia,
2193 4394 2357 4449 quam
2396 4379 2486 4433 alii
2523 4379 2757 4435 fortasse
2793 4383 3179 4451 pertinaciam,
3220 4394 3316 4438 aut
3347 4386 3522 4441 obsti-

1942 4473 2219 4528 nationem
2250 4488 2452 4528 vocare
2490 4474 2701 4538 malint,
2754 4483 2813 4527 ut
2860 4476 2914 4529 in
2960 4475 3279 4545 explicanda
3329 4493 3517 4535 rerum

1942 4574 2217 4632 gestarum
2252 4567 2514 4621 memoria
2547 4567 2710 4622 nullis
2750 4568 3009 4634 aliorum,
3042 4569 3169 4623 licet
3193 4570 3521 4640 ingeniosis-

1939 4659 2064 4713 simi
2093 4660 2224 4724 sint,
2257 4659 2616 4728 coniecturis,
2643 4663 2736 4716 sed
2765 4663 2896 4717 solis
2929 4663 3283 4729 testimoniis,
3315 4667 3517 4735 quibus

1933 4753 2081 4821 justa
2113 4752 2256 4807 inest
2287 4756 2615 4821 auctoritas,
2647 4757 2868 4810 credam
2896 4766 2952 4811 et
2981 4757 3048 4811 ab
3072 4754 3195 4810 aliis
3223 4758 3372 4813 credi
3414 4775 3516 4814 cu-

1936 4846 2103 4913 piam.
2140 4845 2321 4902 Placet
2348 4862 2479 4903 vero
2507 4851 2801 4905 venerandi
2836 4850 2935 4904 viri
2971 4849 3279 4920 ingenuitas
3305 4861 3360 4907 et
3388 4868 3517 4922 pro-

1934 4936 2109 5006 bitas,
2159 4954 2280 5008 qua:
2336 4954 2449 4995 suae
2504 4942 2753 4997 societati
2815 4942 3061 5012 adeoque
3108 4940 3296 4999 lrentei
3354 4943 3513 5001 libris

2007 5094 2257 5168 (c)_(‘.ap.
2304 5096 2360 5168 8,
2401 5096 2480 5151 De
2510 5099 2720 5163 virtute,
2767 5114 2822 5167 p.
2873 5082 3000 5162 l55,
3033 5101 3164 5155 edit.
3217 5100 3419 5168 Oxon.,
3454 5114 3510 5158 et

1935 5176 2064 5223 tom.
2090 5166 2111 5227 ,Ι
2142 5181 2297 5238 oper.
2325 5166 2779 5236 Graeco-Latin.,’
2803 5184 2856 5238 p.
2892 5170 3002 5226 224
3051 5173 3183 5228 edit.
3222 5166 3505 5229 Romanae.

1931 5232 2264 5379 p(‘c!37\1id.
2324 5239 2652 5294 Assemanni
2707 5232 3008 5313 p'ro‘legom.
3072 5243 3281 5298 laudati
3334 5246 3507 5309 tomi,

2003 5380 2072 5451 (ε)
2115 5379 2359 5439 Μέηιοξν.
2386 5392 2544 5449 ‘pour
2584 5382 2750 5435 servir
2788 5383 2820 5434 ὰ
2853 5378 2964 5437 [Ἦ.
3004 5380 3095 5449 E.,
3140 5392 3180 5438 t.
3213 5383 3302 5450 lll,
3351 5400 3407 5455 p.
3439 5382 3511 5439 77

1930 5466 2071 5596 sqilf.)
2116 5520 2344 5596 ﬂistoir‘.
2379 5522 2544 5596 littér.
2573 5524 2642 5596 Ade.
2670 5521 2904 5596 France,
2942 5531 3074 5578 tom.
3106 5524 3148 5591 l,
3182 5541 3237 5596 p.
3271 5524 3399 5581 536.

1999 5594 2077 5665 (g)
2117 5593 2274 5647 Licet
2306 5592 2374 5666 in
2418 5594 2542 5666 aliis
2570 5594 2768 5666 ingenii
2794 5595 2895 5666 sui
2926 5592 3284 5652 monimentis
3326 5596 3510 5663 suspi-

1928 5663 2143 5719 cienem
2178 5663 2487 5737 prodiderit
2519 5667 2606 5719 vir
2632 5663 3047 5733 celeberrimus,
3077 5666 3392 5737 diligentius
3424 5676 3507 5723 ta-

1928 5750 2059 5807 men
2101 5734 2292 5807 nullibi
2340 5749 2463 5789 eam
2511 5737 2824 5807 explicavit,
2852 5750 3016 5804 quam
3065 5741 3121 5797 in
3171 5734 3507 5796 dissertans

1926 5808 1981 5862 in
2007 5804 2412 5880 Tequll‘iapum
2445 5804 2609 5880 supra
2646 5808 2881 5865 laudata.

1998 5877 2073 5950 (ιι)
2110 5875 2169 5930 Ρ.
2204 5874 2339 5952 262..
2511 5874 2528 5880 “
2898 5876 2905 5883 '

3490 5997 3516 6022 Χ
