3880 6358
464 413 568 471 399

1876 406 1964 460 FB
2021 405 2320 463 WALCIIII

3607 416 3703 473 ιοο

467 529 665 585 nostris
692 527 866 584 notuit
910 526 1113 585 auferri
1163 542 1393 586 summa
1431 526 1767 599 antiquitatis
1809 525 2036 598 gloriam
2069 529 2118 589 Α
2148 525 2320 582 fessus
2350 533 2456 580 est.
2489 524 2642 593 Quod
2665 523 2709 580 si
2755 523 2896 579 enim
2924 523 3244 581 admittatur
3271 536 3572 587 communis
3593 535 3702 606 opi-

466 621 678 674 unicam
727 618 872 672 illam
904 629 960 675 et
1009 617 1377 685 invidendam,
1412 632 1532 688 quae
1561 617 1649 672 tibi
1701 617 1810 671 illis
1839 617 2035 672 relicta

466 710 652 775 fuerit,
683 710 870 766 nescio
915 725 1074 776 sane,
1118 710 1380 781 quidnam
1429 708 1784 765 emolumenti
1827 724 1893 764 ex
1937 710 2040 765 hac

463 801 776 870 suspicione
801 803 1107 874 exspectari
1135 811 1322 873 queat.
1355 802 1426 857 At
1457 801 1523 857 de
1548 802 1732 857 causis
1764 802 2040 872 dispicere

465 893 615 957 libet,
648 911 746 950 cur
782 909 920 964 opus
963 894 1096 950 illud
1143 895 1212 950 ab
1258 893 1488 961 Irenaeo,
1523 893 1875 966 Lugdunensi
1922 895 2039 963 epi-

464 1001 651 1056 scopo,
681 987 960 1042 conditum
997 985 1165 1042 fuisse
1197 995 1291 1040 aut
1330 997 1490 1056 neget
1517 996 1611 1042 aut
1649 987 1843 1042 saltem
1874 988 2039 1042 dubi-

462 1085 562 1131 tet.
613 1077 742 1132 Tria
786 1078 987 1148 quippe
1025 1077 1237 1132 notavit
1282 1077 1403 1133 loca
1451 1078 1639 1134 lrentei
1675 1079 1775 1150 (a),
1807 1095 1930 1150 qua:
1973 1097 2041 1136 ex

465 1168 759 1226 Clementis
791 1169 1148 1225 Alexandrini
1196 1167 1354 1226 libris
1397 1171 1679 1240 desumpta
1709 1187 1830 1226 esse
1875 1181 2038 1227 autu-

464 1272 599 1327 mat,
631 1271 796 1332 atque
841 1262 914 1316 ita
947 1272 1289 1332 comparata,
1325 1274 1380 1316 ut
1420 1280 1452 1316 a
1484 1263 1749 1318 destinato
1785 1265 1929 1334 furto
1958 1276 2042 1318 at-

463 1371 561 1424 que
585 1359 874 1423 impostura
908 1355 994 1408 via:
1018 1354 1198 1409 abesse
1230 1356 1394 1424 possit
1425 1355 1513 1410 ille
1539 1358 1788 1426 scriptor,
1821 1359 1911 1428 qui
1940 1359 2041 1412 ista

462 1448 520 1502 in
550 1448 722 1501 'suam
765 1464 875 1502 rem
919 1447 1228 1512 corraserit,
1259 1447 1377 1502 licet
1430 1465 1534 1503 non
1592 1451 2038 1517 commodissima,

463 1548 556 1594 aut
586 1539 804 1594 consilio
836 1540 1061 1594 maxime
1082 1549 1204 1609 opta
1237 1539 1335 1610 (ὁ).
1373 1539 1450 1593 lta
1481 1556 1611 1610 ergo
1641 1558 1768 1598 suas
1799 1543 2040 1598 rationes

463 1633 857 1690 celeberrimus
881 1633 965 1686 vir
988 1632 1255 1687 subduxit
1281 1633 1365 1688 :Si
1401 1633 1454 1688 in
1482 1634 1660 1701 libris,
1694 1651 1812 1706 quae
1837 1636 2040 1694 Irenaeo

465 1727 707 1781 tribuere
764 1725 1053 1780 consuevit
1097 1725 1330 1797 vulgus,
1380 1725 1496 1781 loca
1543 1740 1875 1796 occurrunt,
1922 1746 2040 1800 quae

464 1822 606 1890 apud
657 1819 994 1875 Clementem
1041 1819 1470 1876 Alexandrinum
1515 1820 1678 1875 simili
1728 1822 1890 1877 modo
1937 1824 2037 1878 ha-

461 1913 680 1978 bentur,
717 1911 987 1982 sequitur,
1022 1921 1082 1967 ut
1113 1912 1237 1968 illos
1273 1911 1507 1967 Ire-naeus
1529 1911 1774 1967 scribere
1806 1928 1912 1968 non
1943 1929 2040 1982 po-

463 2002 650 2057 tuerit.
685 2001 980 2056 Videamus
1010 2001 1078 2056 de
1104 2002 1205 2056 hac
1252 2001 1369 2071 ipsa
1421 2001 1862 2070 ratiocinatione,
1908 2019 2040 2058 num

464 2094 592 2148 insit
640 2107 703 2147 ea
748 2093 834 2147 vis
892 2092 958 2148 de
1020 2091 1208 2147 Irenaai
1260 2091 1366 2147 iide
1427 2100 1638 2146 tantum
1681 2091 2034 2158 detrahendi,

463 2195 730 2255 quantum
759 2185 974 2241 detrahi
1006 2185 1155 2255 cupit
1177 2188 1242 2242 de
1275 2186 1366 2241 illa
1391 2185 1690 2243 Semlerus.
1717 2185 1887 2253 Quem
1919 2186 2040 2256 qui-

461 2279 586 2335 dem
625 2278 680 2333 in
711 2276 874 2332 ﬁnem
902 2276 1021 2334 hac
1048 2277 1332 2333 observari
1364 2279 1546 2348 cupio.

534 2371 574 2426 I.
610 2371 667 2426 In
699 2381 931 2442 utroque
962 2371 1226 2442 scriptore
1249 2370 1418 2426 multa
1449 2372 1632 2427 inesse
1665 2370 1770 2428 sibi
1813 2371 2036 2440 similia,

463 2465 613 2521 nulla
661 2473 745 2521 est
784 2463 1020 2520 mirandi
1065 2478 1252 2519 causa.
1304 2462 1548 2535 Uterque
1595 2463 1741 2519 enim
1789 2471 2041 2520 versatur

466 2557 767 2627 saepissime
791 2559 844 2612 in
879 2571 988 2612 uno
1019 2555 1320 2625 eodemque
1345 2541 1666 2628 argumento
1693 2555 2037 2625 explicando,

465 2662 699 2720 uterque
745 2648 1129 2704 Gnosticorum
1171 2647 1381 2702 somnia
1436 2648 1803 2719 persequitur.
1835 2647 2040 2703 Nihilo-

464 2744 646 2799 minus
673 2742 838 2797 t0ties
865 2756 894 2795 a
939 2755 998 2796 se
1043 2739 1326 2805 differunt,
1358 2740 1438 2794 uti
1478 2739 1614 2795 alias
1648 2755 1678 2794 a
1729 2755 1789 2796 se
1829 2742 2039 2798 discre-

465 2851 596 2906 pare
625 2835 802 2890 solent
833 2833 1079 2890 historici
1117 2834 1340 2904 optima:
1373 2841 1538 2898 notae,
1569 2833 1660 2902 qui
1698 2833 1916 2888 easdem
1955 2849 2040 2890 res

466 2939 646 3000 gestas
675 2935 957 2994 enarrant,
987 2942 1039 2981 v.
1077 2940 1129 2981 c.
1155 2926 1379 2981 Tacitus
1416 2940 1446 2979 a
1479 2923 1761 2980 Suetonio.
1812 2923 1903 2980 Sic
1941 2941 2039 2981 no-

466 3021 728 3077 bilissima
764 3028 850 3075 est
882 3028 939 3075 et
965 3027 1256 3090 pervagata
1287 3019 1572 3073 doctorum
1601 3017 1881 3072 hominum
1909 3033 2038 3074 con-

468 3113 759 3180 troversia,
790 3127 920 3166 num
961 3109 1148 3166 Irenzei
1180 3126 1245 3164 an
1292 3108 1588 3164 Clementis
1619 3109 1691 3164 sit
1724 3109 1898 3175 major
1940 3124 2038 3162 au-

467 3205 692 3258 ctoritas
722 3203 776 3257 in
806 3203 896 3268 iis,
947 3216 1066 3271 qua:
1112 3200 1178 3256 de
1212 3199 1452 3256 Basilide
1497 3196 1862 3267 tradiderunt,
1888 3201 2037 3255 varia

469 3306 616 3350 certe
641 3304 696 3350 et
719 3294 1111 3364 discrepantia.

540 3386 603 3442 II.
645 3386 762 3441 Non
793 3386 967 3439 solum
1000 3385 1053 3438 in
1085 3383 1489 3438 narrationibus
1529 3383 1808 3439 historicis
1838 3384 1902 3439 de
1931 3386 2043 3440 lue-

470 3478 704 3545 resibus,
748 3477 844 3532 sed
876 3476 1043 3530 etiam
1072 3474 1193 3530 aliis
1234 3476 1567 3545 argumentis
1611 3476 1912 3531 tractandis
1958 3477 2042 3532 vel

468 3571 664 3628 leviter
717 3569 1049 3642 attingendis
1096 3568 1202 3624 sibi
1255 3569 1467 3624 similes
1512 3585 1633 3626 esse
1679 3571 1941 3627 Irenzeum
1989 3583 2045 3629 et

471 3667 828 3731 Clementem,
869 3663 1001 3720 vidit
1029 3662 1142 3732 jam
1179 3677 1278 3717 sua
1322 3671 1487 3718 astate
1537 3663 1825 3720 Eusebius.
1875 3664 2040 3721 Joan-

470 3769 594 3810 nem
645 3752 954 3822 apostolum
988 3767 1160 3823 usque
1205 3753 1270 3807 ad
1314 3751 1533 3823 Traiani
1587 3763 1802 3809 aetatem
1852 3770 2045 3824 perve-

473 3846 638 3910 nisse,
667 3844 803 3900 duos
842 3843 1096 3914 produxit
1119 3851 1305 3908 testes,
1331 3842 1595 3899 Irenaeum
1623 3855 1677 3900 et
1713 3845 2044 3902 Clementem

473 3935 573 4008 (c),
609 3946 934 4007 servatoque
972 3939 1231 4007 temporis
1261 3936 1456 3992 ordine
1499 3937 1641 3992 hunc
1663 3940 1922 4002 secundo,
1956 3939 2045 3995 illo

473 4028 651 4102 [illum
668 4027 713 4101 ἲ]
763 4028 940 4102 primo
980 4029 1098 4086 loco
1128 4031 1332 4101 posuit,
1369 4046 1470 4086 nec
1496 4031 1760 4101 cogitavit
1801 4032 2044 4102 quidem,

469 4137 594 4194 qua?
623 4123 765 4192 apud
793 4123 1054 4178 Irenaeum
1084 4122 1358 4195 leguntur,
1380 4124 1570 4180 eadem
1603 4125 1746 4178 furto
1773 4127 2045 4182 destinato

472 4226 528 4272 et
554 4216 745 4271 doloso
774 4214 1040 4272 Clementi
1070 4216 1250 4270 ablata
1291 4215 1475 4271 fuisse.

545 4307 632 4362 Ill.
671 4305 827 4373 Quod
853 4306 896 4361 si
927 4319 957 4360 a
988 4305 1127 4360 binis
1167 4307 1526 4376 scriptoribus
1557 4306 1776 4364 easdem
1823 4320 2047 4364 senten-

473 4401 579 4456 tias
605 4399 841 4471 proferri
871 4397 1176 4468 iisdemque
1207 4398 1453 4455 formulis
1506 4402 1736 4469 exprimi
1787 4401 2046 4473 intelligi-

474 4507 620 4558 mus,
649 4499 761 4546 tum
789 4498 936 4546 certe
968 4489 1147 4546 facilis
1169 4501 1253 4544 est
1292 4489 1423 4546 furti
1455 4491 1720 4562 suSpicio,
1747 4493 1840 4548 sed
1863 4493 2049 4563 nequit

2145 618 2262 683 nio,
2294 614 2558 672 Irenazum
2590 617 2691 672 sub
2717 615 2920 672 Severo
2949 616 3095 674 circa
3121 633 3328 674 annum
3357 622 3542 677 saeculi
3574 627 3702 680 tertii

2144 710 2446 766 secundum
2496 709 2783 780 gloriosam
2835 718 3067 765 mortem
3110 711 3334 779 obiisse,
3385 712 3702 774 Clementem

2142 816 2274 857 vero
2308 801 2469 872 paulo
2495 812 2623 856 ante
2661 800 2953 856 Caracalla:
2983 800 3214 870 obitum,
3240 803 3333 873 qui
3360 818 3506 860 anno
3540 821 3699 862 ccxvn

2142 893 2457 956 ascribitur,
2492 892 2604 946 vita
2639 891 2962 958 decessisse,
3002 892 3258 948 Clemens
3305 894 3515 950 Irenaeo
3540 905 3595 951 ut
3622 912 3702 952 su-

2141 995 2354 1056 perstes
2388 984 2573 1049 fuerit,
2593 981 2838 1041 'necesse
2860 999 2982 1041 esse
3015 997 3204 1055 aperte
3247 988 3490 1057 scripsit.
3523 989 3704 1047 Fateor

2143 1087 2345 1144 tamen,
2377 1078 2541 1134 nimis
2569 1087 2879 1148 suspect-am
2912 1080 3046 1134 mihi
3091 1095 3214 1135 esse
3247 1097 3466 1136 omnem
3500 1083 3562 1136 de
3604 1083 3703 1137 lre-

2144 1171 2244 1226 nasi
2280 1173 2542 1243 martyrio
2566 1173 2936 1228 narrationem
2975 1173 3259 1243 magisque
3287 1174 3504 1243 placere
3532 1191 3702 1231 eorum

2141 1265 2493 1327 sententiam,
2529 1265 2624 1334 qui
2672 1263 2934 1319 Irenmum
2980 1276 3109 1320 ante
3158 1266 3311 1320 initia
3359 1267 3543 1322 saeculi
3573 1268 3702 1322 tertii

2141 1356 2310 1411 vitam
2363 1357 2609 1413 finivisse
2655 1366 2872 1427 putant,
2909 1356 3039 1414 licet
3083 1357 3254 1413 tutius
3301 1358 3400 1425 sit,
3449 1360 3701 1426 conﬁteri,

2141 1464 2240 1504 nos
2271 1450 2545 1517 ignorare,
2584 1465 2714 1504 num
2748 1449 2998 1520 attigerit
3026 1450 3237 1516 eadem,
3264 1466 3440 1506 necne
3470 1451 3562 1523 (ε).

2211 1540 2305 1598 IV.
2346 1542 2417 1596 At
2451 1543 2567 1598 haac
2601 1543 2764 1598 nimis
2796 1559 2824 1597 a
2857 1543 3138 1613 proposito
3171 1553 3298 1600 sunt
3332 1555 3559 1602 semota.
3587 1545 3703 1602 Pro-

2142 1634 2262 1704 pius
2294 1634 2602 1689 accedimus
2641 1635 2707 1688 ad
2753 1634 2806 1688 id
2847 1634 3306 1704 investigandum,
3343 1636 3490 1705 quod
3523 1639 3701 1707 exquio

2144 1724 2336 1789 rimus,
2371 1725 2416 1780 si
2452 1724 2517 1778 ad
2546 1734 2759 1780 aetatem
2796 1723 3065 1782 librorum
3097 1726 3392 1797 utriusque
3436 1729 3700 1798 scriptoris

2145 1814 2384 1870 animum
2432 1816 2790 1872 advertimus.
2840 1816 2920 1871 De
2972 1817 3182 1874 Irenaeo
3226 1820 3448 1888 quidem
3503 1829 3700 1875 constat

2142 1909 2430 1980 scripsisse
2475 1924 2598 1964 eum
2633 1909 2805 1967 libros
2836 1925 2964 1967 suos
3013 1911 3278 1967 adversus
3333 1913 3570 1968 haereses
3615 1927 3698 1982 per

2142 2000 2473 2056 intervalla:
2510 2015 2577 2056 ex
2629 2001 2908 2057 mentione
2960 2001 3277 2070 Eleutlieri,
3328 2002 3558 2057 Romani
3593 2001 3696 2071 epi-

2142 2095 2324 2166 scopi,
2371 2104 2426 2150 et
2475 2093 2945 2165 interpretationis
2997 2090 3216 2149 Codicis
3271 2095 3419 2150 sacri
3481 2093 3695 2156 Grzecze,

2141 2202 2302 2258 quam
2338 2185 2678 2241 Theodotion
2702 2186 2963 2251 condidit,
3000 2187 3141 2241 libro
3174 2186 3345 2242 tertio
3393 2185 3537 2240 facta
3561 2185 3696 2238 colli-

2142 2285 2277 2348 gunt
2303 2276 2406 2331 viri
2439 2276 2604 2341 docti,
2653 2275 2798 2330 intra
2846 2291 2976 2330 ann.
3032 2290 3274 2344 cuxvu,
3327 2289 3436 2345 quo
3475 2274 3696 2330 creditur

2141 2369 2378 2425 Irenaus
2401 2370 2571 2425 sacris
2594 2367 3048 2440 Lugdunensibus
3070 2369 3440 2439 gubernandis
3465 2369 3695 2422 admotus

2142 2475 2284 2525 esse,
2334 2469 2389 2514 et
2417 2475 2548 2514 ann.
2578 2475 2818 2526 cuxxv,
2863 2473 2973 2529 quo
3018 2459 3352 2516 Eleutherus
3388 2461 3527 2515 diem
3557 2459 3693 2520 obiit,

2143 2560 2237 2605 aut
2281 2549 2328 2605 si
2385 2549 2674 2604 nonnullos
2728 2548 2930 2603 addere
2984 2547 3242 2613 libuerit,
3297 2561 3444 2603 cxcu
3497 2546 3696 2601 eosdem

2141 2641 2313 2698 fuisse
2359 2642 2539 2698 editos
2583 2641 2673 2712 (Γ).
2725 2639 2882 2696 Nulla
2915 2650 3066 2696 certe
3115 2639 3304 2695 subest
3351 2653 3539 2701 causa,
3573 2638 3693 2692 ultra

2142 2734 2247 2790 hoc
2277 2733 2508 2803 spatium
2556 2733 2955 2802 progrediendi.
2988 2731 3236 2786 Clemens
3270 2745 3403 2786 vero
3443 2730 3693 2785 Stromata

2141 2826 2387 2882 scribere
2415 2827 2583 2896 cmpit
2620 2833 2739 2895 post
2771 2825 3050 2881 Commodi
3085 2823 3318 2887 obitum,
3353 2823 3456 2876 hoc
3488 2830 3567 2876 est
3589 2828 3694 2889 post

2142 2932 2271 2974 ann.
2298 2933 2439 2974 cxcu
2456 2919 2555 2989 (g).
2575 2917 2669 2973 His
2685 2918 2849 2988 igitur
2869 2916 3171 2971 rationibus
3187 2915 3407 2979 ductus,
3425 2915 3604 2968 lubens
3628 2926 3694 2965 as-

2141 3012 2348 3068 sentior
2366 3027 2488 3067 ven.
2511 3010 2761 3068 Semlero
2782 3010 3021 3082 neganti,
3044 3008 3344 3064 Clementis
3359 3007 3615 3063 Stromata
3639 3006 3693 3058 ali

2141 3105 2343 3161 Irenaeo
2369 3105 2506 3160 lecta
2537 3114 2590 3160 et
2617 3105 2730 3161 visa
2756 3119 2898 3169 esse,
2930 3103 3058 3158 licet
3090 3102 3216 3158 huic
3244 3101 3536 3157 sententiae
3561 3114 3696 3155 com-

2067 3224 2110 3283 C
2143 3199 2434 3270 probandae
2476 3198 2620 3254 haud
2652 3197 2900 3254 sumcere
2945 3197 3074 3251 mihi
3107 3197 3401 3251 videantur
3431 3195 3533 3248 illm
3573 3188 3693 3247 diili-

2143 3295 2398 3360 cultates,
2431 3293 2632 3362 quibus
2663 3292 2994 3360 implicatam
3024 3305 3145 3345 esse
3172 3290 3472 3344 arbitratur
3504 3294 3693 3340 contra-

2143 3385 2282 3440 riam
2315 3385 2649 3454 opinionem,
2687 3385 2867 3439 denuo
2892 3398 2996 3436 non
3021 3399 3088 3438 ex
3115 3383 3405 3439 historicis
3429 3391 3692 3451 argumen-

2147 3481 2240 3546 tis,
2272 3480 2367 3537 sed
2398 3496 2466 3537 ex
2501 3479 3014 3535 ratiocinationibus
3044 3469 3204 3533 natae.

2216 3572 2284 3630 V.
2325 3573 2494 3639 Addo,
2527 3574 2672 3644 quod
2704 3574 2893 3638 miror,
2927 3571 3270 3627 celeberrimi
3304 3571 3408 3626 viri
3443 3563 3693 3625 solertiam

2144 3666 2421 3737 eﬂ‘ugisse,
2454 3665 2580 3721 licet
2607 3665 2844 3721 lrenaaus
2887 3663 3186 3720 Clementis
3219 3679 3387 3733 opera
3430 3662 3689 3732 ignorave~

2146 3760 2240 3824 rit,
2267 3759 2451 3830 legere
2481 3767 2659 3812 tamen
2698 3760 2942 3827 potuisse
2973 3757 3312 3812 Clementem
3345 3754 3528 3810 Irenaai
3562 3764 3692 3807 com-

2146 3851 2464 3906 mentarios.
2498 3850 2554 3904 Id
2595 3865 2726 3905 vero
2772 3865 2840 3905 ex
2874 3848 3109 3904 Eusebio
3151 3848 3228 3921 (Ii)
3264 3849 3436 3911 disco,
3465 3847 3551 3918 qui
3585 3857 3692 3915 per-

2146 3943 2317 4000 ditum
2354 3957 2500 3997 nunc
2528 3941 2892 3998 Alexandrini
2925 3958 3063 4013 opus
3090 3942 3158 3999 de
3183 3943 3446 4000 Pascbate
3477 3949 3691 3994 comme-

2146 4043 2357 4098 morat,
2408 4035 2494 4090 his
2538 4035 2736 4090 additis
2776 4035 3001 4091 verbis:
3034 4035 3327 4107 Μέμνηται
3371 4033 3428 4088 δὲ
3468 4033 3522 4087 ἐν
3563 4023 3692 4097 αὑτῷ

2145 4126 2455 4190 Μελίτωνος
2501 4126 2592 4180 καὶ
2625 4125 2918 4199 Εἰρηναίου
2952 4127 3042 4180 καί
3074 4144 3236 4182 τινων
3261 4127 3484 4199 ἑτέρων,
3519 4115 3586 4176 ὧν
3612 4119 3690 4173 καὶ

2146 4218 2246 4282 τὰς
2269 4219 2547 4290 διηγήσεις
2579 4217 2840 4272 τέθειται.
2877 4218 2953 4274 Ex
2977 4219 3302 4288 quibusnam
3339 4215 3520 4273 lrensei
3559 4209 3691 4268 libris

2148 4311 2441 4380 sumpserit
2489 4309 2604 4375 illa,
2650 4325 2770 4380 quae
2816 4309 3025 4375 retulit,
3072 4309 3188 4365 fere
3233 4309 3539 4366 nescimus:
3585 4313 3689 4357 cum

2151 4417 2278 4458 vero
2311 4406 2377 4457 ad
2415 4402 2727 4473 paschalem
2759 4403 3184 4457 controversiam
3223 4398 3488 4472 pertinuit
3523 4390 3690 4468 [perti-

2151 4490 2393 4564 nuerit?]
2441 4492 2658 4549 libellus
2699 4490 3024 4557 Clementis,
3051 4491 3226 4547 facilis
3269 4501 3356 4548 est
3381 4490 3684 4559 conjectura,

475 4587 673 4642 cadere
726 4584 831 4640 nisi
876 4584 931 4639 in
983 4599 1130 4650 eum,
1168 4584 1259 4652 qui
1316 4585 1586 4654 posterior
1631 4594 1714 4641 est
1755 4595 1935 4641 aetate.
1980 4587 2050 4641 At
2083 4598 2123 4653 υ
2150 4583 2294 4637 dicta
2330 4584 2445 4639 haec
2471 4598 2592 4641 esse
2619 4585 2686 4639 de
2711 4585 2958 4655 epistolis
2994 4584 3124 4650 illis,
3157 4585 3226 4639 ab
3250 4583 3456 4640 Irenaeo
3483 4593 3596 4636 cum
3631 4571 3687 4628 ad

473 4679 811 4733 Clementem
831 4677 1011 4748 potius
1035 4676 1259 4741 Irenmo,
1287 4691 1448 4746 quam
1479 4675 1740 4732 Irenaeum
1769 4677 2048 4734 Clemente

475 4780 635 4825 atate
672 4768 840 4826 fuisse
871 4770 1160 4834 minorem,
1195 4770 1312 4839 ipse
1342 4783 1468 4822 ven.
1498 4769 1776 4825 Semlerus
1802 4769 1883 4840 (ά)
1913 4786 2044 4827 con-

571 4907 622 4977 a)
663 4907 722 4959 Ρ.
753 4906 995 4963 διδ-565

577 4976 628 5045 b)
669 4978 726 5030 P.
763 4979 890 5031 357.

575 5056 622 5115 c)
664 5047 732 5118 Il.
771 5046 864 5109 E.,
893 5049 989 5103 lib.
1033 5063 1116 5115 nt,
1146 5060 1268 5118 cap.
1303 5047 1397 5103 25.

553 5117 632 5188 (ιι)
672 5117 732 5188 Ρ.
761 5118 886 5172 ses.

559 5186 647 5261 (ei
669 5187 977 5261 Postquam
1002 5187 1180 5244 omnia
1212 5186 1608 5261 circumspecte
1635 5189 1739 5261 legi
1778 5198 1833 5245 et
1862 5191 2050 5246 consi-

479 5258 721 5315 deratius
750 5259 1004 5327 expendi,
1038 5273 1156 5326 qua:
1181 5260 1246 5312 ad
1275 5258 1663 5315 defendendam
1686 5258 1830 5315 illam
1861 5278 2053 5316 narra-

480 5332 707 5398 tionem,
751 5329 1010 5398 martyris
1048 5331 1322 5398 honorem
1368 5341 1722 5387 consecutum
1770 5346 1890 5387 esse
1938 5334 2050 5387 Ire-

481 5416 688 5472 meum,
733 5397 1149 5472 diligentissime
1193 5399 1540 5472 disputarunt
1579 5401 1715 5456 Dan.
1771 5402 2050 5472 Papebro--

479 5473 634 5524 chius
679 5471 732 5523 in
775 5470 891 5522 Act.
927 5479 1124 5533 sanct.,
1158 5481 1286 5523 tom.
1327 5469 1361 5523 ν
1413 5467 1566 5540 Jun.,
1603 5487 1656 5540 p.
1691 5473 1823 5534 555;
1851 5467 2049 5527 Renat.

481 5542 783 5595 Massnetus
834 5541 967 5594 diss.
1019 5555 1060 5606 t,
1094 5554 1282 5611 prtem,
1322 5556 1387 5611 7p.
1434 5539 1540 5596 208
1585 5539 1708 5610 sqq.
1756 5543 1866 5611 huj.
1913 5546 2070 5608 edit.;

481 5613 789 5684 Ilo-niti._de
819 5611 1064 5684 Colonia,
1116 5609 1261 5684 Hist.
1311 5610 1474 5664 littér.
1532 5609 1906 5684 deLyionfp.
1957 5614 2048 5674 52,

478 5684 566 5742 Si;
603 5682 754 5736 Paul.
798 5683 862 5736 de
904 5681 1156 5745 Lumina,
1199 5680 1346 5735 Hist.
1370 5684 1554 5737 ecciés.
1587 5683 1650 5735 de
1679 5680 1866 5753 Lyon,
1894 5701 1949 5754 p.
1981 5684 2046 5738 «Η

477 5770 623 5822 5qq.,
653 5754 878 5821 aliique;
910 5767 1014 5806 non
1053 5767 1269 5820 possum
1317 5766 1346 5804 a
1393 5769 1478 5807 me
1520 5755 1836 5821 impetrare,
1870 5767 1930 5808 ut
1963 5771 2049 5808 ve-

483 5840 596 5877 ram
627 5824 796 5884 illam,
831 5825 932 5877 hoc
963 5834 1065 5890 est,
1101 5823 1269 5877 certis
1311 5823 1520 5892 fideque
1569 5826 1747 5891 dignis
1801 5827 2056 5881 testimo-

480 5895 584 5948 niis
608 5896 1010 5962 comprobatam
1036 5909 1156 5949 esse
1189 5903 1447 5949 statuam.
1488 5896 1576 5960 At,
1604 5895 1729 5950 licet
1755 5910 2049 5967 ponamus,

2152 4675 2424 4733 Victorem
2457 4690 2566 4734 tum
2596 4679 2663 4734 ad
2695 4679 2832 4735 alios
2862 4679 3150 4750 episcopos
3191 4679 3395 4746 missis,
3433 4688 3561 4746 quas
3581 4665 3686 4769 alibi

2153 4768 2420 4826 Eusebius
2468 4773 2532 4842 (i)
2583 4772 2858 4837 laudavit,
2913 4772 3142 4841 perinde
3195 4786 3260 4827 ac
3325 4771 3391 4828 de
3448 4765 3688 4825 Melitonis

2154 4914 2444 4979 martyrem
2471 4904 2669 4959 factum
2701 4921 2820 4979 esse
2854 4905 3151 4979 Irenaeum,
3174 4914 3354 4979 tamen
3383 4901 3479 4959 sub
3512 4899 3687 4979 Severo

2155 4975 2207 5028 id
2239 4969 2532 5046 contigisse
2579 4986 2633 5029 et
2667 4977 2736 5031 ad
2767 4994 2898 5031 ann.
2931 4992 3034 5032 ccn
3070 4969 3409 5030 referendum
3443 4969 3689 5046 nullisn-

2155 5036 2432 5124 tionilius:
2463 5046 2764 5124 Turonensi
2801 5049 2946 5124 enim
2991 5047 3255 5124 Gregorio
3284 5047 3405 5114 quis
3453 5044 3548 5122 hoc
3573 5036 3684 5124 itif}?

2155 5116 2256 5169 soli
2306 5117 2529 5170 credat?
2574 5117 2666 5170 sed
2715 5115 3236 5172 ratiocinationibus
3285 5127 3340 5170 et
3387 5115 3686 5179 conjectum

2156 5187 2372 5254 probari
2403 5188 2560 5252 solet,
2594 5201 2715 5257 quae
2739 5187 3058 5243 historicum
3087 5201 3213 5241 vera
3243 5193 3533 5242 sectantem
3561 5185 3686 5248 pror-

2156 5272 2249 5310 sus
2278 5257 2556 5312 dedecent.

2158 5396 2182 5399 _
2228 5327 2295 5395 (ί)
2336 5327 2491 5382 Conf.
2527 5328 2856 5384 Massuetnm
2889 5329 3021 5385 diss.
3055 5346 3116 5396 ιι,
3151 5343 3340 5399 praesa,
3375 5324 3402 5397 ς
3434 5322 3498 5399 47
3522 5321 3684 5399 contra

2157 5393 2490 5470 Dodwellum
2539 5403 2907 5470 disputantem
2948 5410 3002 5455 et
3049 5393 3407 5461 I.ar'dnerum',
3440 5395 3536 5445 ioc.
3584 5393 3680 5441 αισι

2157 5484 2210 5537 p.
2241 5469 2345 5523 2‘25
2379 5470 2490 5538 huj.
2523 5469 2654 5524 edit.
2686 5487 2806 5538 sqq.
3510 5530 3519 5540 ⁸
3578 5526 3588 5536 ⁹

2230 5544 2306 5608 (9)
2354 5541 2468 5595 Vid.
2504 5541 2678 5595 Nicol.
2709 5541 3024 5605 Nourrium,
3065 5539 3347 5608 Αρραναιη
3374 5519 3681 5608 adbiblwtg.

2357 5557 2468 5595 για.
2504 5557 2678 5595 L‘ICOI.
2709 5557 3024 5605 IVout'rtum,
3065 5557 3320 5609 apparat.
3374 5557 3441 5588 aa
3475 5557 3681 5584 Ulvuvun

2157 5627 2299 5665 max.
2332 5622 2497 5679 pain,
2533 5622 2570 5664 t.
2612 5613 2652 5674 Ι,
2689 5627 2741 5679 p.
2772 5611 2898 5674 658,
2935 5621 2990 5664 et
3025 5611 3110 5666 Jo.
3155 5611 3278 5665 Alli.
3311 5601 3602 5664 Fabricium
3624 5587 3683 5644 B-

2159 5681 2275 5742 (ἐκ,
2313 5684 2418 5735 vol.
2449 5682 2508 5748 V,
2540 5697 2593 5752 ρ.
2628 5683 2750 5737 106.

2228 5753 2304 5824 (li)
2329 5753 2416 5824 ill.
2455 5752 2548 5819 E.,
2589 5755 2680 5809 lib.
2713 5768 2787 5814 vt,
2822 5766 2942 5824 cap.
2973 5749 3062 5824 iii.

2228 5820 2290 5894 (ι)
2325 5823 2443 5878 Lib.
2482 5841 2532 5892 δ’,
2568 5839 2688 5893 cup.
2719 5825 2889 5893 25,1».
2924 5820 3206 5890 215,2”.
