3880 6358
278 343 368 398 401

1057 341 1146 398 ne
1182 341 1586 400 aerumna
1623 341 1973 400 uenenum
2010 342 2263 402 meum
2296 341 2457 402 ΑΜ.
2490 326 2796 404 nenss.‘

3397 346 3508 404 ἅμοὲ

273 454 412 512 blnis
456 456 524 510 de
573 457 835 526 paschate
881 456 1074 526 libris,
1117 461 1305 518 itidem
1341 463 1412 518 ab
1441 462 1676 520 Eusebio
1722 464 1837 518 lau-
1867 472 1909 527 Α
1941 463 2261 518 assimilatas
2307 475 2386 518 est
2433 464 2702 529 iumentis.
2740 482 2760 518 s
2822 461 2996 536 (Psal.
3048 479 3199 529 xm,
3243 464 3359 534 ει.)
3389 465 3506 520 Hoc

274 545 407 598 datis
453 544 556 615 (a).
595 545 730 601 Cum
781 546 966 603 lrenai
1009 549 1253 617 epistola:
1303 554 1586 622 paschales
1623 554 1836 624 scripta:

274 634 471 689 fuerint
497 650 568 691 eo
600 646 864 708 tempore,
899 655 1005 710 quo
1031 638 1222 696 Victor
1250 657 1358 700 non
1395 646 1557 700 modo
1580 646 1836 704 Romanis

273 727 436 781 sacris
465 728 707 797 praefuit,
744 731 841 785 sed
874 732 1080 788 diutius
1110 733 1274 789 etiam
1323 750 1444 790 cum
1479 735 1838 803 Quartodeci-

272 819 445 873 manis
475 821 623 875 Asia
651 835 1018 892 pugnaverat,
1047 841 1390 896 consequens
1419 839 1523 894 est,
1554 839 1611 884 ut
1633 831 1834 886 easdem

270 919 504 965 exarata:
544 912 751 968 fuerint
795 923 919 984 post
951 916 1120 972 libros
1154 921 1417 977 adversus
1445 922 1701 977 haereses.
1735 923 1838 979 Eo-

273 1005 386 1059 dem
439 1020 579 1074 ergo
637 1007 833 1072 modo,
878 1023 990 1078 quo
1045 1010 1168 1066 illas
1216 1013 1501 1083 usurpavit
1548 1014 1836 1082 Clemens,

267 1108 567 1168 potuerunt
599 1100 651 1154 hi
691 1101 744 1155 in
776 1117 968 1156 manus
994 1100 1109 1169 ejus
1139 1106 1450 1172 pervenire,
1483 1106 1720 1161 maxime
1749 1107 1836 1160 ubi

269 1205 360 1246 eos
391 1192 448 1246 in
499 1207 634 1246 usus
672 1192 1030 1250 Orientalium
1065 1203 1158 1251 aut
1192 1195 1574 1269 Egyptiorum
1606 1199 1839 1270 scriptos

269 1279 434 1335 fuisse
471 1284 820 1352 cogitaveris.

330 1367 422 1426 γι.
473 1372 607 1438 Quae
651 1376 864 1446 quidem
905 1391 1011 1433 non
1038 1392 1102 1433 eo
1133 1379 1316 1434 animo
1354 1395 1384 1435 a
1426 1395 1514 1436 me
1562 1383 1838 1450 proposita

269 1475 390 1519 sunt
421 1476 487 1519 ut
526 1468 863 1524 Clementem
893 1469 1023 1525 furti
1061 1486 1338 1538 accusem,
1367 1474 1462 1529 sed
1493 1483 1550 1529 ut
1577 1477 1838 1546 exemplis

269 1567 499 1625 constet,
530 1569 733 1628 quanta
761 1561 1013 1616 cautione
1041 1575 1176 1629 opus
1204 1563 1293 1628 sit,
1328 1579 1394 1618 ne
1422 1564 1476 1618 in
1503 1565 1744 1622 ferendis
1773 1569 1839 1622 de

267 1649 558 1703 vetustatis
590 1649 942 1704 monimentis
976 1665 1276 1721 eorumque
1323 1655 1649 1710 auctoritate
1689 1655 1837 1724 judi-

267 1740 363 1793 eiis
392 1740 568 1796 nimis
611 1742 897 1811 suspiciosi
934 1745 1124 1810 simus,
1180 1748 1274 1802 sed
1300 1748 1482 1803 omnia
1521 1749 1839 1820 circumspi-

268 1832 495 1895 ciamus,
530 1847 652 1900 qua:
681 1841 864 1886 nostra
911 1834 1295 1891 observatione
1344 1839 1455 1892 sint
1504 1839 1686 1909 digna,
1737 1857 1840 1898 nec

269 1923 532 1991 praecipiti
567 1925 797 1992 quadam
828 1924 1107 1981 celeritate
1133 1942 1199 1982 ex
1232 1927 1318 1982 his
1346 1929 1676 1985 deducamus
1709 1947 1838 1987 con-

267 2013 546 2068 clusiones
591 2015 820 2070 rationis
870 2016 923 2070 in
971 2019 1256 2073 tractanda
1291 2020 1514 2076 historia
1565 2038 1838 2091 nunquam

268 2115 376 2159 tam
409 2116 618 2170 certas,
661 2117 719 2162 ut
769 2109 821 2163 id
873 2110 1018 2180 quod
1064 2112 1400 2166 contrarium
1438 2115 1509 2170 sit
1550 2116 1690 2173 inter
1714 2119 1841 2173 asa-

263 2212 396 2249 νατα
431 2198 726 2252 referatur.

343 2286 500 2344 Nunc
555 2288 715 2342 ollicii
769 2305 1037 2346 memores
1110 2299 1839 2361 convertamusforationem

263 2378 330 2432 ad
383 2378 503 2433 loca
561 2379 716 2449 ipsa,
773 2395 894 2450 quae
942 2381 1086 2436 furto
1151 2383 1414 2442 Clementi
1474 2390 1730 2462 subrepta
1787 2403 1841 2449 et

265 2469 319 2523 in
368 2469 567 2526 lrenzei
623 2471 791 2528 libros
850 2474 1110 2528 translata
1159 2473 1349 2543 fuisse,
1395 2495 1520 2536 ven.
1565 2481 1839 2542 Semlerus

260 2571 386 2632 puta
395 2572 437 2619 t.‘

333 2655 582 2710 Primum
614 2660 819 2714 excitat
851 2660 926 2731 (b)
980 2678 1099 2733 qua:
1128 2665 1363 2720 lrenzeus
1400 2665 1466 2720 de
1499 2665 1682 2736 impiis
1713 2682 1836 2722 cum

261 2747 599 2804 animalibus
625 2765 690 2804 ex
739 2751 974 2808 lllosaica
1024 2755 1308 2826 disciplina
1362 2757 1657 2812 immundis
1685 2775 1835 2814 com-

259 2840 522 2907 parandis
540 2841 762 2910 scripsit
780 2843 882 2915 (c);
919 2843 1140 2915 haecque
1162 2856 1316 2915 putat
1346 2863 1408 2902 ex
1434 2847 1730 2905 Clementis
1760 2850 1837 2920 (ιι)

259 2930 427 2984 simili
467 2933 723 2988 oratione
755 2934 1059 3006 desumpta,
1117 2938 1219 2992 hoc
1249 2942 1484 2994 titaxime
1512 2957 1640 2995 usus
1670 2958 1835 3012 argu-

259 3030 471 3086 mento,
507 3024 653 3091 quod
681 3025 861 3079 omnia
897 3029 1036 3095 apud
1088 3028 1233 3085 hunc
1270 3029 1408 3085 bene
1435 3036 1629 3098 :secum
1658 3035 1837 3087 colue-

1870 1803 1912 1858 B

1937 558 2060 625 quia
2087 557 2372 611 secundum
2401 573 2551 612 suam
2596 573 2815 612 causam
2853 558 3182 612 assimilatur
3220 557 3501 626 jumentis,

1937 647 2355 702 irrationabilem
2389 647 2644 702 wmulans
2666 649 2842 702 vitam.
2870 647 2974 704 Sed
3000 659 3050 704 et
3079 666 3170 703 nos
3201 651 3254 704 in
3285 666 3503 704 consue-

1938 738 2117 792 tudine
2152 737 2454 800 huiusmodi
2481 737 2719 792 homines
2752 756 2771 790 t
2805 738 3051 808 jumenta
3077 749 3126 794 et
3153 755 3344 808 pecora
3379 757 3397 791 s
3427 739 3506 792 ir-

1938 827 2277 882 rationabilia
2317 827 2563 882 dicimus.
2600 826 2725 882 Haec
2759 841 2880 882 cum
2914 827 3095 898 posuit
3145 825 3500 900 [posuerit‘l],

1938 916 2064 987 quid
2109 931 2292 986 quaeso
2337 917 2423 974 his
2462 917 2623 974 dictis
2663 918 2841 988 magis
2884 927 3109 988 aptum,
3161 919 3503 989 consilioque

1938 1009 2175 1064 auctoris
2193 1011 2364 1080 magis
2379 1011 2848 1066 accommodatum
2867 1011 3025 1081 adjici
3043 1011 3500 1081 potuisset,quam

1938 1115 2058 1170 qua:
2088 1113 2428 1172 sequuntur:
2465 1103 2727 1160 Prtedixit
2757 1116 2932 1159 autem
2981 1103 3280 1173 ﬁguraliter
3320 1105 3501 1158 omnia

1937 1193 2048 1246 htec
2076 1193 2161 1247 lea:
2183 1193 2246 1248 de
2270 1194 2612 1262 animalibus,
2634 1196 2906 1251 delineans
2938 1197 3227 1262 hominem,
3253 1212 3503 1268 quaecun-

1937 1301 2056 1356 que,
2112 1285 2306 1353 inquit,
2357 1287 2614 1357 duplicem
2670 1288 2922 1357 ungulam
2973 1289 3188 1354 habent,
3231 1299 3339 1343 etc.
3373 1287 3503 1343 Post

1937 1378 2102 1433 verba
2132 1378 2243 1445 illa,
2275 1393 2396 1449 quae
2421 1380 2730 1434 communia
2759 1381 2961 1436 habere
2992 1381 3208 1436 videtur
3231 1396 3353 1436 cum
3382 1381 3503 1436 Cle-

1939 1481 2143 1538 mente,
2182 1473 2394 1542 pergil:
2449 1472 2556 1527 Sed
2581 1514 2596 1540 ,
2637 1475 3076 1543 quemadmodum
3128 1476 3502 1544 praediximus,

1938 1579 2228 1634 porcorum
2263 1577 2316 1618 et
2341 1580 2538 1620 canum
2578 1574 2970 1630 assumpserunt
3012 1567 3192 1632 vitam,
3221 1566 3506 1620 immundi-

1939 1656 2047 1723 tiar,
2092 1655 2228 1724 gula:
2267 1667 2315 1710 et
2360 1656 2576 1726 reliqum
2618 1655 2840 1708 incuria:
2865 1655 3168 1725 semetipsos
3214 1658 3504 1711 tradentes.

1940 1747 2090 1802 Iuste
2121 1747 2283 1817 igitur
2308 1747 2439 1801 tales
2462 1762 2687 1801 omnes..
2712 1744 2998 1812 Apostolus
3027 1748 3235 1815 quidem
3262 1745 3506 1801 carnales

1940 1849 1988 1892 et
2038 1838 2298 1893 animales
2347 1842 2580 1905 vocavit;
2643 1842 2910 1909 propheta:
2955 1851 3131 1894 autent
3167 1838 3412 1911 jumenta
3454 1850 3506 1894 et

1940 1927 2082 1983 feras
2109 1929 2351 1983 dixerunt
2375 1947 2395 1994 ;
2427 1930 2747 1985 consuetudo
2774 1942 2948 1985 autem
2983 1946 3176 2001 pecora
3210 1942 3258 1985 et
3295 1929 3505 1985 irratio-

1935 2017 2133 2072 nabilia
2176 2019 2520 2088 interpretata
2563 2029 2671 2085 est;
2701 2018 2786 2073 lea:
2808 2029 2982 2073 autem
3010 2019 3316 2074 immundos
3340 2036 3504 2074 enun-

1939 2108 2102 2162 tiavit.
2159 2108 2234 2162 Ex
2283 2109 2368 2163 his
2408 2108 2679 2174 omnibus,
2723 2125 2843 2180 quae
2893 2109 3074 2173 attuli,
3125 2123 3194 2162 ne
3220 2108 3503 2164 verhulum

1939 2199 2155 2266 quidem
2204 2197 2345 2267 apud
2399 2196 2733 2253 Clementem
2782 2198 3001 2268 legitur.
3049 2197 3187 2253 Num
3232 2212 3363 2253 vero
3393 2199 3505 2254 haec

1939 2305 2044 2344 non
2071 2289 2343 2343 sul‘liciant
2374 2288 2440 2342 ad
2471 2304 2671 2344 nexum
2705 2289 2854 2344 illum
2891 2289 3172 2361 particulae
3199 2305 3321 2345 cum
3353 2301 3506 2345 ante-

1939 2378 2252 2434 cedentibus
2276 2387 2330 2434 et
2356 2379 2812 2448 subsequentibus
2837 2379 3246 2450 intelligendum
3272 2392 3327 2436 et
3350 2385 3499 2437 omni

1939 2468 2258 2523 dubitationi
2292 2469 2661 2534 eximendum,
2685 2470 2913 2540 quisque
2947 2470 3106 2526 facile
3130 2472 3415 2543 judicabit.

2009 2561 2098 2618 Ill.
2127 2562 2558 2618 Dissimillimum
2590 2571 2673 2616 est
2697 2561 2887 2616 lrcntei
2922 2564 3230 2631 consilium,
3263 2565 3409 2635 leges
3437 2567 3504 2620 de

1938 2655 2266 2710 animalibus
2310 2655 2604 2710 immundis
2641 2654 2928 2724 allegorice
2981 2655 3413 2725 interpretandi,
3472 2672 3502 2709 ι

1939 2745 2218 2815 proposito
2254 2742 2570 2799 Clementis.
2622 2741 2719 2798 llic
2762 2742 2863 2797 ista
2895 2742 3157 2796 animalia
3187 2741 3504 2796 Judworum

1937 2833 2227 2903 uulgarium
2259 2843 2314 2890 et
2342 2835 2732 2899 hwreticorum,
2772 2833 2862 2889 ille
2895 2834 3175 2888 hominum
3207 2834 3500 2903 impiorum

1937 2926 2191 2995 vitiisque
2217 2927 2521 2981 deditorum
2555 2925 2846 2996 imaginem
2877 2940 3000 2982 esse
3024 2925 3192 2981 voluit
3219 2943 3234 2991 ;
3287 2925 3388 2979 hac
3421 2934 3505 2979 ta-

1939 3031 2060 3071 men
2110 3018 2246 3087 lege,
2281 3025 2336 3071 ut
2366 3031 2466 3073 nec
2497 3016 2733 3072 [renatus
2766 3018 2833 3072 de
2862 3016 3063 3074 Judznis
3110 3027 3166 3073 et
3205 3017 3498 3080 haereticis.

259 3123 438 3178 reant,
470 3114 525 3167 in
575 3115 667 3168 illo
697 3130 827 3171 vero
856 3133 1046 3187 parum
1079 3123 1366 3178 commode
1394 3133 1487 3178 aut
1530 3135 1837 3194 opportune
1864 3139 1906 3196 ρ
1940 3123 2039 3162 nec
2068 3107 2320 3164 Clemens
2348 3112 2413 3164 de
2438 3109 2604 3178 impie
2629 3110 2938 3165 viventibus
2975 3117 3225 3173 taceant;
3259 3107 3500 3164 lrenzeus

258 3216 446 3259 assuta
479 3207 616 3264 sint.
647 3208 724 3261 De
748 3209 849 3263 hoc
881 3210 1000 3264 loco
1027 3212 1106 3265 sic
1137 3213 1306 3269 habe:

326 3296 370 3352 Ι.
404 3297 553 3352 Ante
582 3296 908 3367 Semlerum,
941 3303 1202 3372 lectores,
1231 3321 1557 3364 consensum
1585 3309 1835 3367 Clemen-

257 3388 328 3443 tis
353 3398 412 3443 et
437 3389 630 3444 lrenaei
667 3396 872 3447 notavit
902 3394 1156 3452 Potterus
1183 3399 1254 3469 (e)
1287 3409 1343 3455 et
1377 3401 1643 3472 integram
1673 3405 1836 3476 hujus

253 3481 567 3536 orationem
623 3482 766 3539 illius
811 3484 930 3541 loco
972 3490 1354 3545 ascribendam
1400 3492 1643 3559 curavit;
1691 3495 1837 3552 haud

257 3572 584 3629 dubitanter
617 3585 800 3631 tamen
833 3578 1096 3648 judicavit
1126 3583 1459 3639 Clementem
1502 3599 1602 3640 sua
1631 3585 1836 3647 Irenaeo

255 3665 406 3721 ferre
438 3677 691 3735 accepta.

325 3756 393 3812 ll.
449 3756 585 3812 Sine
625 3774 788 3813 causa
831 3761 974 3815 hanc
1017 3764 1340 3832 particulam
1389 3767 1552 3824 nullis
1602 3768 1836 3826 vinculis

255 3859 383 3901 eum
434 3849 890 3905 antecedentibus
948 3855 1252 3922 copulatam
1309 3858 1540 3928 haberi,
1585 3862 1834 3932 quisquis

255 3938 443 3993 videat
495 3955 724 3995 necesse
761 3953 863 3996 εει.
897 3942 1030 3995 Cum
1079 3947 1226 4002 enim
1262 3949 1328 4005 de
1375 3950 1533 4006 donis
1597 3952 1835 4022 Spiritus

255 4033 460 4096 sancti,
487 4032 688 4100 quibus
714 4037 782 4089 ad
800 4034 1040 4092 futuram
1069 4039 1297 4109 gloriam
1335 4043 1408 4111 pii
1434 4054 1832 4114 praeparentur,

255 4125 426 4180 verba
473 4123 659 4181 facere
697 4127 1046 4195 instituisset,
1083 4134 1282 4190 transit
1331 4137 1398 4190 ad
1443 4138 1834 4196 tlescribendos

254 4213 557 4285 impiorum
594 4231 796 4282 mores,
828 4226 885 4273 et
911 4239 922 4272 :
952 4217 1060 4275 Eos
1089 4233 1288 4291 autem,
1333 4227 1531 4296 inquit,
1570 4231 1658 4299 qui
1693 4229 1833 4298 abji-

254 4306 403 4358 ciunt
448 4307 663 4374 quidem
709 4309 921 4377 spiritus
957 4313 1264 4378 consilium,
1313 4318 1489 4371 carnis
1524 4329 1698 4373 autem
1737 4336 1830 4373 eo-

253 4398 551 4468 luptatibus
583 4404 820 4458 serviunt
853 4415 902 4459 et
940 4408 1379 4464 irrationabiliter
1413 4411 1586 4464 vivunt
1612 4421 1661 4465 et
1692 4412 1831 4481 inef-

1941 3215 2066 3254 vero
2093 3211 2146 3253 et
2169 3202 2512 3257 ethnicorum
2542 3203 2705 3258 iaciat
2734 3201 3090 3264 mentionem,
3122 3198 3189 3253 ab
3220 3199 3312 3253 illo
3338 3213 3498 3268 pror-

1937 3305 2030 3347 sus
2061 3292 2336 3346 omissam.

2007 3380 2096 3439 Ν.
2131 3381 2368 3453 Denique
2395 3383 2582 3440 ιτεηωὶ
2614 3385 2742 3441 libri
2787 3399 2911 3441 cum
2955 3380 3147 3436 referti
3187 3381 3295 3436 sint
3324 3381 3494 3436 inter-

1935 3473 2324 3544 pretationibus
2376 3474 2535 3543 hujus
2584 3475 2797 3546 generis
2854 3471 3200 3544 mysticiset
3251 3472 3500 3542 allegori-

1937 3568 2016 3620 cls
2040 3565 2140 3636 lf),
2169 3565 2297 3633 quid
2323 3580 2503 3621 causae
2538 3569 2630 3633 sit,
2658 3582 2756 3622 cur
2781 3582 2883 3623 nec
2918 3567 3254 3638 comparatio
3289 3567 3496 3619 anima-

1935 3655 2064 3709 lium
2097 3656 2496 3710 immundorum
2527 3671 2648 3711 cum
2671 3657 2841 3712 variis
2861 3658 3184 3714 vitiosorum
3213 3656 3492 3712 hominum

1934 3749 2226 3820 generibus
2261 3751 2328 3804 ab
2361 3749 2452 3804 illo
2486 3749 2788 3819 excogitari
2829 3753 3092 3821 potuerit,
3138 3763 3238 3818 ego
3279 3749 3498 3818 quidem

1934 3859 2043 3899 non
2071 3846 2247 3914 capio.
2298 3843 2452 3909 Quod
2481 3843 2526 3898 si
2573 3857 2702 3898 vero
2734 3856 2961 3898 necesse
2984 3842 3106 3913 quis
3145 3840 3495 3913 iudicaverit,

1934 3949 1993 3992 ut
2025 3939 2162 3992 alter
2192 3954 2259 3992 ex
2299 3938 2472 3992 altero
2505 3951 2620 3992 rem
2658 3937 2980 4007 sumpserit,
3029 3945 3141 3992 tum
3185 3947 3336 3993 certe
3369 3936 3495 3992 Pot-

1933 4032 2032 4087 teri
2072 4030 2438 4099 suspicionem
2473 4028 2584 4083 veri
2631 4042 2751 4084 esse
2781 4028 3101 4084 similiorem
3145 4044 3310 4100 quam
3341 4028 3496 4084 Sem-

1933 4123 2027 4178 leri
2059 4123 2359 4177 crederem.
2393 4120 2502 4191 Ego
2537 4127 2716 4174 tamen
2763 4129 3016 4177 neutrum
3047 4121 3212 4176 velim
3265 4123 3320 4177 in
3366 4122 3494 4177 furti

1932 4217 2136 4270 crimen
2161 4213 2367 4267 vocari.
2399 4211 2515 4283 ipsa
2543 4211 2704 4282 {enim
2737 4211 3024 4282 allegorica
3061 4213 3196 4284 legis
3244 4212 3495 4268 Mosaica:

1933 4308 1998 4362 de
2027 4305 2348 4360 animalibus
2377 4303 2668 4358 immundis
2693 4305 2986 4372 expositio,
3013 4306 3057 4360 si
3090 4307 3358 4374 praecipua
3377 4304 3496 4372 ejus

1933 4403 2112 4470 capita
2144 4397 2602 4463 consideraveris,
2660 4411 2727 4451 ex
2757 4395 3064 4452 Judteorum
3113 4395 3312 4449 scholis
3365 4409 3492 4463 pro-

253 4494 456 4560 {renati
493 4495 895 4563 dejiciunturin
925 4515 1024 4552 sua
1053 4501 1347 4566 desideria,
1385 4503 1576 4573 quippe
1628 4504 1830 4558 nullam
1864 4486 1907 4542 D
1938 4497 2057 4561 dit.
2087 4495 2282 4566 legitur
2333 4496 2385 4547 in
2419 4491 2636 4547 Aristaei
2684 4489 2884 4555 libello,
2931 4503 3042 4559 quo
3077 4487 3344 4556 Iosephus
3369 4501 3495 4541 usus

247 4585 499 4636 habentes
528 4585 904 4653 aspirationem
934 4586 1098 4641 divini
1141 4587 1393 4657 Spiritus,
1427 4590 1517 4642 sed
1545 4606 1833 4662 porcorum
1931 4597 2034 4654 est,
2089 4589 2291 4656 placuit
2335 4587 2460 4642 huic
2509 4594 2564 4641 et
2612 4582 2847 4648 Philoni,
2893 4582 3140 4636 occurrit
3182 4581 3235 4634 in
3267 4579 3493 4649 epistola

246 4691 291 4730 et
319 4692 522 4731 canum
564 4692 707 4730 more
750 4678 945 4743 vivunt,
977 4680 1066 4734 hos
1102 4681 1244 4748 juste
1279 4681 1559 4748 Apostolus
1598 4683 1834 4738 carnales

246 4776 424 4831 uocat,
473 4769 723 4838 quoniam
768 4769 900 4823 nihil
943 4788 1100 4840 quam
1141 4775 1380 4826 carnalia
1426 4774 1675 4827 sentiunt.
1708 4773 1835 4831 H336

247 4858 533 4927 excipiunt
576 4859 740 4912 verba
775 4877 786 4911 :
820 4859 888 4913 Et
921 4863 1183 4931 prophette
1229 4873 1401 4917 autem
1446 4849 1655 4933 prbpter
1697 4864 1831 4918 hanc

247 4948 486 5001 eamdem
513 4965 730 5002 causam
752 4950 1237 5021 lirrationahilibus
1267 4957 1592 5012 animalibus
1617 4958 1828 5012 assimi-

247 5037 361 5092 lant
408 5057 518 5106 eos,
549 5052 762 5111 propter
805 5045 1170 5100 irrationalem
1211 5048 1650 5102 conversationem
1689 5050 1828 5118 ipso-

245 5148 388 5198 rum,
413 5133 645 5188 dicentes
669 5152 688 5188 :
717 5154 733 5187 s
768 5135 904 5207 Equi
931 5138 1162 5206 furentes
1186 5140 1254 5192 ad
1277 5140 1501 5209 feminas
1524 5140 1654 5210 facti
1679 5149 1821 5208 sunt,

245 5226 604 5292 unusquisque
651 5227 884 5295 ipsorum
936 5229 1174 5283 hinniens
1219 5231 1286 5283 ad
1331 5247 1545 5285 uxorem
1594 5232 1823 5302 proximi

244 5311 382 5375 (Jer.
405 5329 456 5376 ν,
483 5315 567 5383 8);
604 5335 623 5368 s
652 5326 700 5370 et
726 5333 906 5371 rursus
935 5333 952 5372 :
981 5336 998 5369 t
1033 5317 1202 5372 Ilomo
1228 5334 1344 5371 cum
1379 5320 1435 5372 in
1454 5320 1643 5374 honore
1665 5330 1818 5386 esset,

321 5498 402 5581 la)
425 5495 657 5581 bibite,
691 5513 810 5568 cap.
839 5497 929 5561 26,
963 5513 1017 5567 p.
1057 5498 1179 5554 llil.

323 5569 402 5631 (b)
443 5569 500 5617 P.
537 5567 663 5621 δεδι.
762 5567 768 5568 ⁷

323 5638 397 5702 (c)
436 5635 554 5693 Lib.
590 5653 644 5697 ν.
670 5653 788 5705 cap.
821 5637 873 5702 8,
908 5652 961 5704 p.
991 5637 1115 5691 501.

251 5777 288 5831 Γ
319 5708 724 5828 (ἐφΐιςιτυηιατη
781 5708 873 5763 lib.
926 5722 993 5761 VII
1023 5748 1038 5775 ,
1085 5723 1208 5780 cap.
1245 5712 1341 5780 l8,
1380 5728 1433 5783 Ρ.
1485 5712 1625 5782 900,
1681 5717 1815 5771 edit.

293 5802 320 5826 ιι
379 5796 404 5828 e
442 5795 476 5832 ι.

1929 4680 2214 4748 Barnabas,
2243 4695 2362 4749 quae
2390 4690 2536 4734 certe
2566 4677 2848 4733 Clemente
2873 4683 3061 4730 nostro
3089 4684 3174 4729 est
3199 4673 3485 4742 antiquior,

1928 4775 2192 4842 repetitur
2221 4773 2422 4843 passim
2448 4773 2514 4827 ab
2537 4771 2796 4842 Origene,
2820 4771 3073 4836 Eusebio,
3098 4768 3328 4836 aliisque
3353 4782 3367 4832 ;
3395 4780 3496 4820 cur

1927 4877 2027 4918 nec
2054 4864 2293 4932 utrique,
2328 4863 2590 4918 Clementi
2622 4872 2676 4918 et
2701 4863 2926 4928 lrenaro,
2962 4861 3305 4915 innotescere
3328 4866 3384 4911 et
3416 4857 3490 4912 ita

1927 4956 2291 5011 commendari
2324 4957 2521 5026 potuit,
2571 4965 2630 5010 ut
2662 4964 2892 5023 uterque
2938 4967 3055 5007 eam
3095 4952 3374 5008 dilatatam
3405 4952 3490 5006 in-

1925 5048 2086 5118 genio
2112 5061 2212 5102 suo
2244 5047 2296 5101 in
2326 5062 2478 5103 suam
2508 5063 2618 5102 rem
2649 5047 3033 5102 converteret?

1995 5138 2145 5194 Alter
2174 5140 2324 5195 locus
2373 5141 2606 5210 pertinet
2638 5140 2704 5193 ad
2735 5138 3129 5194 nobilissimam
3170 5137 3238 5192 de
3276 5137 3490 5206 origine

1925 5228 2126 5285 Cra-ca:
2149 5247 2253 5285 Lxx
2303 5231 2657 5300 lnterpretum
2689 5229 2959 5285 versionis
2986 5228 3295 5293 historiam,
3327 5243 3487 5298 quam

1929 5337 2123 5379 omnes
2151 5333 2350 5379 norunt
2397 5334 2451 5378 et
2495 5321 2757 5378 Irenaeum
2804 5323 2880 5394 (g)
2933 5331 2987 5377 et
3040 5323 3377 5378 Clementem
3409 5322 3504 5390 (lt),

2018 5505 2065 5571 ε)
2096 5502 2220 5556 Not.
2249 5504 2334 5557 ad.
2364 5502 2414 5557 lt.
2447 5504 2484 5559 l.

2017 5575 2059 5642 f)
2091 5575 2150 5624 V.
2180 5591 2230 5625 ο.
2260 5575 2350 5628 lib.
2385 5591 2444 5639 ll,
2476 5589 2596 5643 cap.
2631 5571 2723 5636 24,
2748 5572 2965 5643 p.150;
3003 5571 3215 5643 lib-ill.
3245 5585 3370 5643 Ci'll-r
3392 5570 3481 5643 $1.

1920 5640 2144 5715 p.911;
2185 5644 2275 5696 lib.
2311 5659 2381 5708 tv,
2417 5640 2660 5712 capCQO,
2699 5640 2902 5713 p.357,
2953 5658 3076 5712 cap.
3105 5642 3197 5704 2|,
3230 5659 3281 5710 p.
3320 5640 3450 5697 2‘58.

1991 5717 2067 5783 lg)
2097 5714 2215 5768 Lih.
2252 5729 2334 5777 ιιι,
2363 5729 2482 5778 cap.
2508 5716 2596 5768 ‘21.

1994 5781 2070 5855 (lt)
2099 5785 2215 5839 Lib.
2253 5801 2268 5838 t
2329 5785 2611 5852 Stromal.,
2646 5800 2763 5855 cap.
2801 5785 2890 5851 2‘3,
2923 5781 3108 5852 9,409
3138 5796 3222 5851 sq.
