3880 6358
424 375 526 431 ιοδ

959 365 1075 424 FR.
1111 360 1391 420 VALCHII
1428 360 1516 415 DE
1557 355 1966 415 AUTHENTIA
2005 350 2363 410 LIBRORUM
2402 347 2664 405 lRENIEl
2700 344 2864 403 ADV.
2902 338 3177 400 HERES.

3559 340 3653 400 ἀοι

421 501 545 567 post
591 490 909 555 Aristaeum,
966 485 1299 557 Josephum,
1353 482 1672 546 Philonem,
1726 477 2000 534 Justinnm
2030 478 2077 535 Α
2171 470 2228 541 3)
2278 470 2386 526 Nec
2430 468 2596 523 verba
2644 466 2838 522 Graeca
2871 464 3052 520 ubivis
3092 460 3282 517 eadem
3309 468 3455 515 sunt.
3490 458 3652 515 Pauca

419 588 718 657 Martyrem
754 594 1063 638 enarrasse.
1115 577 1252 632 Num
1303 590 1431 631 vera
1479 572 1856 636 narraverint,
1893 570 1998 625 hoc

422 683 543 736 loco
590 679 737 735 scire
768 685 958 732 nostra
990 689 1096 729 non
1128 673 1380 735 interest,
1434 669 1526 723 sed
1564 668 1632 723 de
1662 667 1767 721 hoc
1793 675 1877 720 est
1912 667 1997 718 in-

420 771 773 842 quirendum,
795 785 925 824 num
962 782 1082 836 quae
1113 767 1165 819 in
1194 763 1380 819 lrenaci
1414 761 1572 816 libris
1609 760 1807 815 tradita
1844 768 1995 825 sunt,

418 881 485 921 ex
532 864 814 921 Clemente
870 860 1113 917 derivata
1162 857 1292 913 sint.
1354 854 1569 909 Nullam
1625 852 1995 924 suspicionem

418 958 553 1014 viris
581 955 812 1013 eruditis
840 955 905 1009 de
932 969 996 1009 ea
1034 967 1096 1007 re
1126 951 1420 1006 subn‘atam
1457 946 1647 1012 fuisse,
1690 957 1843 1002 recte
1875 960 1994 1000 mo-

418 1062 513 1108 net
543 1050 822 1107 Semlerus
848 1050 948 1119 (a),
983 1060 1087 1101 nec
1115 1044 1358 1115 [silentio
1404 1040 1777 1112 praetermisit,
1806 1039 1995 1094 lrenazi

418 1143 599 1200 locum
628 1143 694 1198 ab
717 1138 1045 1210 Eusebio(b)
1076 1136 1241 1192 fuisse
1270 1135 1586 1205 repetitum.
1619 1131 1836 1187 Primus
1866 1145 1996 1201 ergo

418 1236 689 1309 suSpicari
720 1245 805 1290 est
835 1248 1026 1299 ausus,
1060 1231 1208 1285 hunc
1246 1244 1315 1285 ex
1341 1226 1624 1284 Clemente
1656 1236 1752 1295 per
1786 1224 1993 1278 furtum

416 1338 473 1385 et
512 1331 867 1399 imposturam
900 1339 1022 1381 esse
1052 1337 1365 1387 corrasum,
1415 1320 1615 1391 partim
1647 1317 1789 1388 quod
1818 1317 1996 1371 denuo

415 1435 523 1475 non
569 1417 1014 1474 commodissime
1064 1422 1160 1469 aut
1214 1411 1446 1468 consilio
1494 1411 1540 1465 ei
1612 1410 1822 1480 positus
1873 1422 1997 1463 esse

414 1512 652 1578 videtur,
682 1509 888 1579 partim
910 1508 1053 1578 quod
1082 1508 1172 1578 qui
1207 1505 1376 1560 semel
1406 1505 1616 1558 furatus
1653 1504 1747 1567 sit,
1779 1500 1997 1555 facilius

414 1607 611 1660 iterum
663 1603 838 1659 furari
888 1601 1169 1659 credatur.
1209 1598 1382 1661 Secus
1429 1611 1516 1651 me
1560 1595 1772 1651 sentire
1805 1594 1996 1649 lubens

413 1695 610 1769 fateor.
682 1686 685 1693 λ

488 1800 531 1855 Ι.
554 1795 685 1862 Quae
710 1792 916 1849 Irenaeo
942 1807 1009 1846 ex
1036 1789 1316 1845 Clemente
1340 1785 1567 1856 fadjecta
1614 1783 1791 1838 fuisse
1822 1781 1996 1836 credit

416 1885 719 1952 Semlerus,
736 1884 924 1940 eadem
944 1883 1123 1936 denuo
1146 1879 1403 1934 Potterus
1426 1877 1639 1947 putavit
1657 1876 1992 1932 Clementem

412 1994 482 2033 ex
507 1976 711 2034 Irenaeo
743 1975 1005 2031 didicisse
1029 1991 1043 2040 ;
1066 1974 1207 2028 unde
1226 1971 1403 2027 denuo
1426 1968 1828 2033 concludimus,
1853 1968 1994 2023 bene

412 2072 618 2141 vidisse
649 2070 785 2126 alios
811 2070 962 2124 viros
990 2066 1179 2123 doctos
1213 2064 1659 2122 convenientiam
1706 2064 1994 2134 utriusque

412 2163 717 2234 scriptoris.
747 2160 1094 2231 Temperavit
1117 2174 1245 2214 vero
1270 2159 1372 2214 sibi
1395 2157 1670 2221 Potterus,
1698 2157 1993 2227 quominus

412 2256 595 2312 omnia
629 2271 699 2311 ex
728 2254 934 2310 Irenaeo
963 2261 1179 2323 sumpta
1212 2267 1334 2307 esse
1373 2251 1747 2315 contenderet,
1778 2250 1869 2306 sed
1898 2265 1993 2305 ac-

412 2358 605 2409 curate
633 2347 879 2420 singulas
929 2347 1228 2416 particulas
1257 2344 1488 2409 notavit,
1519 2357 1639 2412 quae
1673 2343 1881 2399 lrenrco
1912 2344 1990 2398 vi-

411 2443 678 2501 derentur
704 2456 826 2498 esse
859 2441 1111 2513 proprie.

486 2557 552 2611 ll.
601 2555 847 2621 Eusebii,
898 2555 990 2640 qui
1039 2554 1345 2611 certissime
1375 2553 1678 2609 Clementis
1710 2552 1991 2608 Stromata

413 2646 568 2720 legit,
607 2649 699 2719 qui
743 2648 932 2704 lrenaei
964 2646 1156 2703 Graeca
1205 2647 1481 2712 recitavit,
1515 2646 1767 2715 exemplo
1819 2654 1988 2714 patet,

410 2748 625 2796 veteres
649 2741 715 2795 de
743 2739 850 2795 ﬁde
881 2739 1149 2796 librorum
1184 2739 1373 2795 lrenaei
1404 2740 1459 2794 in
1494 2741 1860 2811 suSpicionem
1891 2758 1986 2797 vo-

414 2831 592 2894 canda
622 2847 689 2887 ne
716 2832 935 2903 quidem
962 2832 1261 2901 cogitasse,
1297 2834 1429 2889 licet
1455 2834 1725 2900 noverint,
1767 2850 1887 2904 qua:
1916 2835 1989 2891 ibi

413 2924 689 2996 legantur,
716 2926 882 2981 etiam
917 2926 1060 2996 apud
1084 2925 1421 2983 Clementem
1457 2926 1669 2983 haberi.

484 3037 574 3095 111.
603 3038 747 3096 Loca
776 3040 1064 3111 utriusque
1093 3042 1377 3098 scriptoris
1409 3042 1695 3097 admodum
1730 3057 1758 3096 a
1798 3057 1855 3098 sc
1907 3043 1989 3098 in-

412 3132 592 3189 vicem
625 3132 959 3204 discrepant.

483 3252 539 3323 1)
568 3251 804 3309 Irenteus
829 3250 1078 3308 Graecam
1132 3253 1278 3307 illam
1309 3253 1819 3324 interpretationem
1853 3254 1989 3309 scri—

412 3344 496 3413 bit
547 3346 821 3402 conditam
873 3360 997 3401 esse
1041 3344 1142 3401 sub
1171 3345 1464 3401 Ptolomaeo
1508 3345 1679 3418 Lagi;
1714 3345 1985 3413 Clemens,

415 3439 519 3503 sub
544 3439 843 3495 Ptolemaeo
864 3438 1019 3509 Lagi,
1048 3449 1169 3505 aut,
1197 3441 1339 3509 quod
1369 3440 1457 3494 alii
1491 3441 1702 3508 malint,
1736 3441 1837 3495 sub
1863 3441 1988 3497 Pto-

412 3532 602 3597 lemaeo
629 3530 1004 3602 Philadelpho.

485 3649 544 3721 2)
595 3648 786 3705 lrentei
828 3651 1007 3706 oratio
1055 3650 1216 3723 longe
1264 3660 1349 3707 est
1385 3649 1660 3720 copiosior
1688 3658 1743 3705 et
1770 3648 1991 3705 uberior

413 3737 579 3811 q'uam
621 3741 942 3799 Clementis.
989 3742 1185 3798 Divino
1235 3741 1469 3798 consilio
1513 3756 1633 3796 eam
1680 3741 1989 3795 versionem

414 3845 727 3907 susceptam
776 3851 920 3902 esse,
972 3844 1161 3892 narrat
1207 3845 1478 3906 uterque;
1525 3834 1620 3890 sed
1649 3832 1865 3890 consilii
1900 3848 1989 3886 ra-

413 3931 591 3986 tiones
608 3930 757 3988 solus
803 3931 1064 3986 lrenaeus.
1099 3928 1339 3985 Collatos
1379 3941 1566 3984 secum
1607 3926 1777 3982 fuisse
1805 3926 1993 3996 singu-

412 4021 591 4076 lorum
620 4022 982 4092 interpretum
1004 4020 1243 4087 labores,
1271 4018 1439 4073 tradit
1469 4026 1702 4089 uterque
1727 4034 1743 4083 ;
1769 4018 1990 4073 eosdem

414 4129 549 4172 vero
586 4116 728 4185 apud
750 4114 1101 4170 Ptolemaeum
1131 4128 1197 4169 eo
1221 4112 1455 4168 consilio
1488 4126 1816 4183 congressos
1845 4125 1990 4176 esse,

413 4209 566 4266 solus
592 4209 868 4274 Irenaeus;
917 4209 1261 4263 consensisse
1308 4222 1397 4263 res
1440 4214 1497 4261 et
1538 4205 1732 4268 verba,
1762 4211 1994 4273 uterque

412 4302 626 4375 tradit;
658 4303 753 4359 sed
786 4303 854 4359 ab
880 4302 1043 4357 initio
1072 4302 1138 4355 ad
1172 4303 1332 4356 linem
1361 4313 1693 4355 consensum
1735 4301 1993 4353 observa-

413 4406 533 4449 tum
556 4404 612 4451 et
633 4394 879 4451 divinum
903 4407 1042 4464 opus
1061 4407 1091 4447 a
1117 4392 1418 4463 gentilibus
1435 4389 1797 4462 praesentibus
1823 4387 1995 4445 fuisse

413 4488 695 4557 agnitum,
751 4484 899 4541 solus
946 4483 1205 4539 lrenzeus.
1259 4483 1375 4538 Sub
1417 4482 1611 4539 exsilio
1654 4478 1989 4550 Babylonico

413 4587 702 4651 corruptos
732 4577 903 4634 fuisse
931 4591 1121 4634 sacres
1147 4574 1458 4631 Judaeorum
1490 4575 1660 4630 libros
1687 4582 1744 4629 et
1772 4581 1989 4627 veteres

412 4672 513 4728 bos
561 4676 630 4727 ab
678 4670 851 4728 Esdra
893 4684 992 4741 per
1037 4668 1454 4740 inspirationem
1508 4676 1823 4732 renovatos,
1864 4665 1991 4721 Cle-

412 4778 571 4829 ruens
597 4764 709 4830 ait;
750 4761 988 4819 lrenaens
1012 4775 1144 4816 vero
1183 4775 1280 4831 per
1311 4759 1726 4826 inspirationem
1758 4756 1987 4811 Esdram

416 4856 637 4909 ductum
672 4853 862 4923 fuisse,
902 4866 962 4909 ut
1003 4854 1057 4908 in
1084 4868 1242 4909 suum
1283 4850 1528 4905 ordinem
1572 4848 1844 4919 redigeret
1877 4863 1996 4903 om-

417 4950 566 5003 nium
624 4952 1011 5019 prophetarum
1060 4945 1321 5003 vaticinia
1371 4952 1426 5017 ct
1483 4943 1736 5003 redderet
1794 4941 1994 5011 populo

411 5040 686 5117 alosaicas
712 5041 877 5117 leges.

487 5223 564 5294 (α)
601 5224 661 5279 r.
695 5223 821 5279 557.

482 5295 559 5434 (ὺξ
595 5294 714 5375 Lib.
748 5310 803 5361 v,
833 5309 955 5362 cap.
982 5295 1034 5361 8.

482 5374 531 5433 (ε
590 5366 709 5419 Lib.
737 5381 791 5419 tv
842 5367 921 5419 De
952 5365 1033 5434 leg

482 5364 554 5434 (ε)
590 5364 709 5419 Lib.
737 5381 791 5419 tv
842 5367 921 5419 De
952 5365 1174 5434 legibus.

485 5438 563 5515 id)
595 5435 717 5490 Lib.
751 5454 838 5503 tu,
869 5451 990 5506 cap.
1026 5436 1117 5502 25,
1152 5453 1204 5506 p.
1239 5435 1368 5510 2‘2}.

2101 564 2325 621 all‘eram
2351 562 2622 632 exempla.
2648 560 2910 616 Clemens
2935 576 2948 612 :
2998 556 3211 620 Πάσαις
3241 555 3475 627 γραφαῖς
3499 571 3511 581 ·
3548 554 3654 609 lre-

2099 675 2286 714 naeus:
2348 657 2573 711 Πάντων
2623 653 2925 726 ἀνθρώπων
2992 647 3417 721 συγγράμμασιν
3462 647 3556 699 ὃσα
3598 663 3656 715 γε

2102 752 2363 804 σπουδαῖα
2412 748 2666 821 ὑπῆρχε·
2712 745 3004 800 Clemens:
3073 740 3299 805 Ἰὶξίωσε
3361 737 3484 801 τοὺς
3542 738 3653 809 Ἰερ.

2101 846 2378 901 irenzeus:
2423 844 2691 914 ᾙτήσατο
2725 838 2878 911 παρὰ
2915 836 3022 890 τῶν
3067 835 3192 905 Ἱερ.
3223 833 3506 887 Clemens:
3546 830 3657 901 Ἐρ-

2102 934 2419 1008 μηνεῦσθαι,
2445 935 2715 988 lrenaeus:
2748 933 2905 1001 Σχεῖν
2937 922 3461 1001 μεταϐεϐλημένους.
3488 921 3658 977 Ubivis

2098 1029 2493 1098 elegantiorem
2522 1027 2729 1081 Irenaeo
2758 1020 3080 1079 observabis
3106 1019 3464 1074 Clementem.

2167 1120 2257 1175 IV.
2290 1120 2444 1187 Quod
2474 1119 2519 1173 si
2554 1133 2686 1173 vera
2720 1116 2882 1171 fateri
2912 1115 3061 1177 licet,
3097 1120 3211 1165 tum
3247 1116 3397 1164 certe
3425 1107 3657 1162 Clemens

2097 1212 2315 1267 videtur
2338 1226 2400 1265 ea
2455 1210 2508 1264 in
2559 1209 2782 1263 brevem
2826 1218 3097 1260 summam
3143 1200 3509 1265 contraxisse,
3552 1212 3659 1264 quae

2098 1305 2334 1359 lrenzens
2369 1301 2644 1372 copiosius
2692 1299 3016 1360 tradiderat,
3067 1295 3173 1349 hac
3217 1302 3396 1347 tamen
3443 1290 3575 1361 lege,
3608 1299 3660 1343 ut

2099 1397 2328 1450 aliorum
2354 1404 2570 1464 anQue
2601 1390 2945 1445 narrationes
2974 1384 3311 1441 consuleret.

2166 1484 2383 1555 Optime
2418 1483 2655 1551 denique
2682 1479 3036 1540 conveniunt,
3070 1489 3191 1545 quae
3219 1473 3455 1528 lrenazus
3484 1468 3658 1533 tradit,

2098 1594 2222 1633 cum
2273 1576 2582 1648 argumenti
2636 1575 2689 1629 in
2742 1587 2850 1643 quo
2893 1580 3146 1626 versatur
3175 1566 3502 1621 rationibus.
3537 1562 3656 1617 Cum

2098 1673 2242 1726 enim
2279 1667 2712 1725 Tlteodotionem
2751 1674 2806 1722 ct
2844 1664 3095 1734 Aquilam
3145 1676 3210 1716 ex
3260 1674 3359 1714 sua
3404 1657 3657 1712 sententia

2099 1762 2225 1816 odio
2277 1760 2357 1815 rei
2402 1757 2733 1813 Christianae
2775 1762 2829 1810 et
2865 1753 3105 1808 Iudaicae
3163 1764 3389 1815 amore,
3446 1748 3499 1801 in
3550 1746 3659 1799 loco

2026 1831 2068 1886 Β
2097 1851 2253 1907 Isaiae
2306 1864 2494 1905 vocem
2553 1855 2712 1912 mw
2759 1862 2864 1902 non
2891 1843 3187 1919 napOévog
3217 1841 3311 1895 sed
3343 1841 3521 1901 νεᾶνις
3543 1850 3656 1890 ver-

2099 1944 2253 2006 tisse,
2297 1940 2611 2011 suspicatus
2656 1946 2826 2001 esset,
2857 1935 3085 2005 opponit
3128 1932 3239 1986 illis
3267 1926 3659 1998 interpretatio-

2097 2050 2219 2090 nem
2233 2035 2375 2092 LXX
2394 2034 2660 2097 virorum,
2712 2043 2946 2099 eamque
2977 2037 3028 2083 et
3075 2025 3423 2096 antiquitatis
3450 2020 3657 2076 nomine

2096 2126 2465 2191 commendat,
2490 2133 2545 2181 et
2566 2124 2711 2195 quod
2731 2138 2758 2175 a
2782 2120 2984 2177 Judmis
3016 2119 3233 2173 condita
3261 2117 3356 2181 sit,
3385 2112 3654 2185 praedicat.

2093 2218 2233 2275 Num
2297 2232 2481 2287 quaeso
2545 2214 2808 2284 majorem
2870 2211 3335 2281 opportunitatem
3390 2203 3654 2276 repetendi

2095 2310 2243 2364 illam
2281 2310 2348 2364 de
2379 2309 2593 2380 origine
2626 2307 2772 2361 illius
2798 2304 3035 2358 fabulam
3080 2302 3353 2373 potuisset
3384 2296 3655 2353 nancisci?

2094 2400 2280 2472 Neque
2330 2402 2592 2457 lrenteum
2633 2398 2803 2455 semel
2838 2397 3077 2451 furatum
3118 2407 3262 2457 esse,
3295 2386 3655 2459 comprobavit

2055 2520 2059 2524 ·
2094 2496 2395 2563 Semlerus,
2431 2508 2531 2549 nec
2558 2492 2638 2547 fas
2668 2499 2750 2546 est
2782 2489 2962 2545 ubivis
2992 2486 3197 2541 furtum
3231 2481 3527 2554 suspicari.

2165 2611 2387 2666 Tertius
2418 2608 2654 2676 denique
2677 2611 2923 2673 superest
2952 2598 3147 2656 lrcnaei
3183 2597 3338 2652 locus
3360 2635 3376 2660 ,
3410 2607 3565 2663 quem
3592 2604 3656 2645 ex

2093 2708 2381 2764 Clemente
2430 2702 2659 2774 petitum
2692 2698 2859 2752 fuisse
2893 2695 2978 2750 vir
3007 2692 3111 2749 cel.
3147 2688 3451 2746 contendit.
3483 2684 3656 2741 Veris-

2092 2798 2293 2854 simum
2330 2771 2761 2859 estiutrumque
2812 2785 2999 2841 eadem
3054 2782 3294 2836 recitare
3353 2777 3520 2831 verba
3548 2771 3657 2827 Pla-

2095 2892 2239 2947 tonis
2272 2886 2657 2958 (c):lrenaeum
2680 2866 2796 2951 ~(d),
2838 2886 2893 2931 ut
2928 2874 3315 2945 philosophum
3365 2867 3537 2936 magis
3573 2877 3655 2918 sa-

2092 2986 2274 3057 puisse
2303 2982 2369 3037 iis
2393 2978 2733 3039 ostenderet,
2756 2971 2850 3050 qui
2876 2967 3264 3057 benignitatem
3287 2964 3387 3018 Dei
3406 2978 3433 3017 a
3459 2958 3657 3030 iustitia

2093 3048 2273 3134 divelli
2313 3074 2553 3137 vellent;
2585 3048 2922 3164 Clementem
2955 3060 3048 3133 (ε),
3083 3071 3143 3114 ιιι
3173 3057 3426 3164 Platonis
3452 3054 3517 3158 de
3546 3051 3655 3156 l'ell-

2018 3180 2061 3240 α
2093 3174 2278 3228 citate
2311 3146 2634 3223 doctrinam‘
2677 3161 2998 3232 explicaret.
3051 3157 3122 3209 At
3170 3151 3301 3206 furti
3364 3146 3658 3217 suspicione

2091 3276 2384 3336 utrumque
2410 3271 2472 3316 ut
2502 3259 2752 3324 liberem,
2787 3257 2872 3310 his
2909 3248 3250 3323 argumentis
3298 3253 3653 3301 commoveor.

2162 3383 2203 3437 l.
2230 3381 2470 3437 lrenaeus
2501 3374 2634 3433 alibi
2658 3373 2822 3429 etiam
2849 3366 3115 3425 excitavit
3141 3361 3396 3418 Platonis
3416 3357 3657 3424 dogmata
3757 3427 3761 3430 ν

2090 3484 2147 3529 et
2174 3473 2322 3528 dicta
2350 3469 2443 3541 (f),
2479 3482 2600 3538 quae
2627 3481 2695 3521 ex
2729 3462 3019 3522 Clemente
3047 3470 3155 3511 non
3180 3452 3416 3521 accepit.

2162 3566 2229 3621 ll.
2490 3530 2637 3630 quod
2683 3554 2930 3619 mireris,
2984 3547 3230 3606 Platonis
3278 3542 3494 3634 ρίΐειιιο,Δ
3528 3530 3656 3606 quod

2092 3631 2343 3714 Clemens
2370 3652 2535 3709 simili
2566 3648 2726 3705 modo
2759 3644 2965 3709 attulit,
2992 3639 3157 3695 nullis
3187 3631 3529 3706 interpositis
3550 3642 3658 3682 ver-

2093 3751 2177 3806 bis
2207 3748 2389 3802 statim
2418 3740 2706 3811 subjunxit
2743 3737 2911 3792 alium
2956 3732 3197 3793 Platonis
3242 3728 3425 3789 locum
3468 3738 3534 3778 ex
3578 3717 3656 3772 Ti-

2092 3858 2268 3907 ma’o;
2300 3840 2554 3895 Clemens
2580 3848 2711 3889 vero
2740 3828 2979 3899 subjecit
3016 3825 3153 3883 alias
3197 3820 3511 3893 particulas,
3548 3828 3659 3885 qua

2092 3934 2233 4004 apud
2284 3932 2566 3986 Platonem
2588 3971 2602 3995 ,
2636 3926 2715 3980 De
2748 3924 2961 3995 legibus,
3022 3926 3355 3989 sequuntur.
3391 3913 3655 4004 Undenam

2097 4028 2305 4080 furatus
2345 4033 2429 4078 est
2476 4022 2565 4076 ille
2604 4019 2744 4075 latro
2791 4014 3036 4073 Platonis
3070 4008 3445 4066 testimonium
3476 4017 3541 4059 ex
3579 3998 3661 4052 Ti-

2094 4133 2226 4173 ηιωο
2253 4134 2272 4181 ;
2325 4124 2420 4169 aut
2447 4128 2550 4168 cur
2591 4109 2859 4166 abstinuit
2888 4121 2947 4161 se
2980 4120 3009 4158 a
3055 4097 3430 4170 subripiendis
3461 4089 3657 4150 caeteris

2095 4209 2338 4265 Platonis
2366 4206 2575 4271 verbis,
2601 4217 2722 4274 qua:
2753 4200 3007 4259 Clemens
3049 4192 3274 4266 posuit?

2166 4304 2253 4360 lll.
2295 4299 2535 4358 Platonis
2569 4312 2699 4353 vero
2728 4297 2831 4352 iste
2873 4294 3026 4348 locus
3056 4306 3085 4345 a
3120 4298 3200 4344 tot
3225 4285 3348 4340 aliis
3383 4275 3656 4350 scriptori—

2096 4401 2223 4465 bus,
2250 4396 2320 4450 ab
2350 4391 2660 4459 Aristotele,
2694 4406 2724 4444 a
2754 4385 3075 4451 Plutarcho,
3109 4398 3139 4437 a
3167 4379 3381 4437 Justino
3416 4378 3659 4429 monente

2098 4492 2315 4549 Pottero
2358 4486 2653 4551 laudatur;
2706 4496 2908 4537 numne
2954 4495 2983 4533 a
3017 4478 3135 4533 solo
3176 4474 3385 4529 Irenaao
3428 4460 3655 4538 ignorari

2021 4549 2066 4605 Β
2098 4581 2306 4647 debuit,
2353 4587 2411 4635 ut
2462 4591 2533 4632 ne
2578 4549 2646 4630 in
2689 4574 2805 4643 ejus
2851 4571 3005 4627 libris
3066 4568 3170 4639 legi
3222 4572 3434 4637 posset,
3471 4557 3574 4613 nisi
3596 4568 3657 4609 ex

2098 4672 2380 4728 Clemente
2414 4668 2740 4737 compilatus
2768 4664 2791 4718 ?

2169 4760 2297 4816 Haec
2338 4757 2557 4829 quidem
2607 4770 2730 4809 cum
2781 4755 2854 4807 ita
2909 4758 3036 4806 sunt
3079 4744 3284 4821 [sint?]
3330 4746 3657 4811 comparata,

2099 4853 2278 4909 nullas
2338 4849 2503 4910 credo
2566 4859 2858 4917 superesse
2912 4856 3110 4897 causas
3159 4839 3358 4908 justas,
3412 4833 3569 4887 (idem
3610 4835 3659 4880 et

2099 4946 2484 5008 auctoritatem
2532 4942 2797 4998 librorum
2849 4936 3039 4992 lreuazi
3073 4929 3307 4990 vocandi
3352 4930 3406 4983 in
3448 4921 3659 4994 dubita-

2104 5042 2332 5096 Honenn

2170 5222 2241 5292 (ε)
2426 5232 2464 5270 tt
2523 5214 2808 5292 Slromruﬂ
2838 5224 2959 5280 cap.
2987 5206 3078 5292 22,
3105 5203 3316 5292 mli-lg:

2171 5261 2241 5361 ἰῘὶ
2276 5261 2406 5361 iiii.
2426 5261 2808 5361 tangatis:
2843 5261 2996 5338 ῐίυᾟι.
3027 5261 3122 5343 3',"
3147 5290 3201 5346 p.
3231 5274 3334 5329 tas
3366 5288 3383 5340 ;
3428 5281 3545 5338 cap.
3574 5261 3652 5325 33.

2102 5352 2251 5432 nniii.
2284 5359 2339 5429 2,
2375 5373 2428 5429 ρ.
2460 5352 2584 5413 r67.
2617 5352 2631 5366 ‘-
