3880 6358
155 269 268 326 409

1227 259 1734 316 PROLEGOMENA
1773 259 1950 316 EDIT.
1985 251 2375 317 LIPSIENSIS.

3285 261 3394 317 ΗΟ

155 389 396 460 ειπερῖι,Δ
425 383 826 460 numerum_79
871 381 1084 460 dederit
1101 380 1132 447 ,'
1162 381 1398 460 a_c_c_idit,
1423 391 1507 460 _ut
1552 383 1722 437 codex
1755 385 1801 441 Α
1827 384 2031 460 acriter
2077 381 2417 460 perstringit,
2468 378 2722 460 leguntur
2763 380 2971 460 littera
2989 378 3214 443 Greca,
3245 394 3393 460 quas

157 452 297 520 non:
320 457 400 510 uti
427 455 614 510 lolium
651 455 899 509 ultimum
929 453 1143 520 prodit,
1175 452 1300 516 H5,
1344 452 1437 506 sed
1479 460 1722 505 tantum-

156 529 435 585 modolll
477 526 609 579 folia
661 524 1095 590 complectatur,
1148 536 1459 590 quanquam
1502 523 1553 575 in
1595 537 1722 576 ora-

158 600 323 653 tionis
352 606 614 652 contextu
647 593 784 648 nihil
828 593 1195 647 desideratur.
1235 591 1582 659 Unaquaeque
1624 607 1726 659 pa-

157 672 280 739 gina
328 669 382 721 in
422 670 560 720 duas
617 664 988 739 quasAdicunt
1033 661 1315 739 columnas
1367 663 1722 739 divisae“,

159 730 385 806 quarum
440 730 674 806 utraque
729 733 798 806 49
861 741 1109 806 cous_t_at_
1149 730 1457 786 versiculis.
1514 730 1724 806 Singuli

157 802 347 862 versus
371 802 601 874 singulis
637 804 796 874 lineis
839 802 1218 874 subtilioribus
1245 809 1553 874 atramento
1570 802 1728 868 pictis

159 869 492 947 prmsignati
516 885 682 947 sunt.
729 873 900 947 Totus
928 887 1056 947 vero
1087 869 1628 947 _codex__luc_ulen_t_er
1673 879 1730 924 et

159 939 386 1015 pulchre
421 945 663 1012 scriptus
690 941 998 1015 estilitteris
1028 940 1372 1015 minusculis.
1398 939 1499 1015 ilbi
1528 941 1729 995 litterae

160 1010 398 1071 initiaies
429 1010 735 1070 scribenda:
767 1013 1020 1076 fuissent,
1052 1011 1124 1068 ibi
1175 1027 1206 1065 a
1250 1010 1460 1064 codicis
1507 1017 1732 1064 auctore

159 1089 394 1152 spatium
445 1099 680 1139 vacuum
729 1083 976 1136 relictum
1022 1093 1107 1135 est
1142 1081 1596 1152 postea,pictura_
1635 1095 1732 1134 ex-

162 1149 440 1224 plendum.
474 1155 584 1209 Sed
610 1154 740 1208 sola:
779 1154 978 1206 littera:
1008 1149 1248 1206 initiales
1294 1149 1632 1224 praefationis
1678 1159 1733 1204 et

169 1221 288 1280 libri
325 1241 344 1281 ι
372 1235 504 1280 sunt
533 1224 1025 1294 picturisornataa;
1057 1232 1489 1294 caeteraiomues
1534 1221 1729 1274 ctiam-

163 1313 287 1354 num
317 1291 970 1366 pictoremdesiderant.
993 1292 1253 1366 Quamvis
1279 1291 1548 1366 interdum
1580 1299 1731 1344 atra-

163 1360 405 1422 mentum
433 1363 714 1435 paululum
745 1362 1004 1435 palluerit
1045 1362 1119 1415 ita
1140 1403 1171 1435 ,_
1215 1369 1274 1414 ut
1319 1360 1529 1429 aliquot
1568 1375 1733 1435 voces

164 1431 454 1491 dilliculter
491 1433 756 1501 explicari
789 1433 1036 1500 possint;
1065 1431 1242 1485 nullos
1284 1440 1466 1484 tamen
1511 1445 1597 1483 me
1647 1431 1733 1484 in-

163 1506 376 1559 venisse
425 1503 650 1558 memini
679 1502 828 1556 locos
850 1541 865 1564 ,
894 1504 960 1556 de
995 1516 1228 1570 quorum
1271 1501 1734 1570 interpretatione

165 1591 387 1645 prorsus
419 1572 822 1645 desperandum
854 1571 1065 1626 luisset.

230 1645 364 1699 Cum
397 1647 445 1699 is
481 1637 584 1714 qui,
607 1639 1140 1714 codicemrexaravit
1184 1638 1519 1714 plerumque
1544 1637 1730 1714 insoli-

1826 453 1988 507 etiam
2016 449 2378 509 in'codicihus
2406 452 2676 506 versionis
2698 451 2903 506 Latins
2931 449 3120 507 Grece
3150 449 3394 509 scribere

1824 533 2225 578 consueverunt
2256 521 2486 576 librarii.
2521 521 2589 576 At
2614 535 2745 575 vero
2771 521 2836 583 is,
2864 523 2952 590 qui
2981 521 3219 576 codicem
3249 519 3394 576 Vos-

1826 595 2040 647 sianum
2065 594 2336 662 exaravit,
2357 591 2552 659 linguae
2582 591 2782 648 Graecae
2815 592 3054 662 ignarus,
3090 591 3216 662 illas
3240 590 3396 645 Gra-

1826 678 1922 718 cas
1954 663 2168 718 litteras
2216 663 2269 716 in
2319 661 2539 715 Latinas
2580 659 2931 716 commutavit
2963 661 3058 721 ita.
3086 671 3144 714 ut
3178 659 3398 717 Graeca-

1829 747 1947 787 rum
1995 732 2299 788 litterarum
2335 733 2566 786 formam
2601 731 2796 798 magis.
2824 747 2984 801 quam
3017 747 3201 795 earum
3230 731 3398 799 signi-

1828 803 2045 856 iicatum
2099 814 2322 857 secutus
2373 816 2494 855 esse
2552 804 2820 857 videatur.
2881 802 2955 856 Ita
3005 801 3148 856 enim
3203 801 3400 855 littera

1828 873 2110 941 utriusque
2133 873 2331 945 linguze
2363 872 2465 928 sibi
2496 873 2728 928 invicem
2760 875 3089 944 respondent
3127 871 3182 926 in
3211 870 3400 927 codice

1831 951 2024 999 IlOSll'O
2056 960 2070 997 2

3005 1099 3078 1111 —

3007 1121 3078 1132 —

3011 1169 3081 1182 -ο

3011 1191 3080 1202 -ο

3007 1240 3079 1252 —

3011 1261 3080 1272 -Ω

3005 1311 3074 1321 ,-

3006 1331 3074 1343 ..-

2916 1080 3144 1132 2::c

2916 1151 3149 1215 P:p

2920 1222 3147 1272 H:n

2920 1295 3142 1344 A::a

1901 1504 1978 1558 Ex
2003 1515 2118 1571 qua
2139 1500 2412 1556 scribendi
2440 1500 2652 1555 ratione
2674 1509 2843 1571 patet,
2870 1499 2924 1571 in
2953 1498 3266 1571 exemplari,
3279 1514 3404 1571 rna-

1838 1567 2144 1641 nttscripto,
2178 1571 2323 1641 quod
2357 1580 2484 1641 ante
2507 1567 2706 1641 oculos
2724 1570 2928 1624 codicis
2953 1567 3205 1641 Vossiani
3239 1569 3405 1641 libra-

1837 1645 1919 1697 rio
1965 1637 2099 1700 luit.
2155 1637 2366 1696 iiiteras
2417 1640 2636 1696 Graecas
2686 1640 2858 1694 forma
2915 1639 3116 1693 unciali
3169 1640 3406 1707 scriptas

169 1731 272 1770 tam
326 1709 611 1768 scribendi
665 1712 980 1765 methodum
1032 1719 1250 1765 secutus
1296 1724 1418 1763 esse
1474 1709 1732 1762 videtur:
1775 1713 2027 1776 Bluisse.
2075 1713 2228 1779 Quod
2268 1711 2315 1764 ei
2356 1711 2580 1765 dubium
2640 1727 2746 1764 non
2793 1710 2927 1773 erit,
2977 1710 3084 1778 qui.
3133 1714 3408 1776 quomodo

167 1786 300 1841 haud
329 1785 577 1838 alienum
616 1781 684 1834 ab
713 1795 771 1834 rc
805 1796 927 1836 esse
946 1780 1132 1834 censui
1157 1819 1172 1842 ,
1207 1779 1342 1847 sigla
1389 1793 1508 1845 quae
1554 1779 1740 1833 dicunt

169 1861 274 1910 sive
306 1852 593 1908 scribendi
625 1852 974 1920 compendia,
1003 1851 1201 1919 quibus
1232 1849 1436 1904 codicis
1463 1859 1742 1920 auctorem

167 1934 487 1980 constanter
521 1937 678 1975 usum
705 1935 826 1975 esse
848 1921 1117 1990 cognovi,
1169 1921 1224 1972 in
1244 1989 1253 1990 ί
1277 1919 1735 1990 corittrteniatiorte

170 2013 278 2048 mea
309 1996 390 2048 De
441 1991 641 2045 Codice
687 1988 944 2045 Vossiano
977 1991 1183 2057 scripta
1219 1989 1391 2059 (Lips.
1427 1988 1589 2058 l8“)
1641 2003 1732 2044 re-

169 2078 409 2120 censere.

233 2136 485 2201 Quatuor
535 2131 750 2202 priores
792 2131 914 2184 libri
977 2130 1032 2185 in
1080 2131 1260 2199 capita
1312 2138 1568 2202 accurate
1615 2135 1746 2183 sunt

169 2200 356 2268 divisi;
412 2200 618 2270 cuique
661 2202 826 2272 capiti
875 2210 929 2255 et
974 2215 1236 2272 numerus
1280 2211 1335 2255 et
1379 2200 1565 2254 titulus
1596 2209 1746 2252 atra-

172 2286 346 2330 mento
395 2269 574 2326 rubro
617 2269 973 2342 praescriptus
1022 2281 1127 2326 est.
1173 2269 1368 2326 Lihros
1399 2285 1462 2335 ιι,
1503 2285 1566 2342 ut
1612 2278 1667 2324 et
1694 2284 1746 2342 tv

173 2344 485 2415 praecedunt
530 2339 757 2415 tabulae,
806 2343 1005 2411 quibus
1047 2351 1367 2415 argumenta
1411 2355 1506 2415 seu
1549 2339 1748 2415 inscri-

174 2409 380 2482 ptiones
413 2413 663 2480 capitum
694 2409 1072 2467 recensentur.
1104 2409 1328 2482 Librum
1363 2425 1392 2463 v
1425 2410 1496 2475 is,
1525 2411 1618 2482 qui
1652 2423 1746 2464 co-

173 2481 339 2540 dicem
385 2483 647 2551 scripsit,
694 2483 748 2536 in
791 2483 1118 2552 capitarnon
1164 2481 1383 2552 divisit;
1412 2495 1525 2552 quo
1557 2481 1656 2552 lit,
1686 2487 1747 2552 ut

179 2566 352 2610 textus
388 2550 524 2608 sine
545 2553 836 2608 intervallo
861 2550 921 2606 et
947 2551 1300 2606 distinctione
1333 2551 1457 2604 inde
1493 2552 1561 2604 ab
1585 2550 1744 2603 initio

173 2630 234 2678 ad
266 2626 434 2678 linem
466 2638 644 2692 usque
688 2623 967 2692 procedat.
1015 2620 1122 2676 Sed
1173 2623 1226 2676 in
1272 2621 1517 2692 margine
1557 2620 1680 2673 libri
1714 2633 1746 2670 v

176 2699 409 2766 capitum
445 2691 667 2766 numeri
690 2691 871 2747 notati
902 2702 1029 2747 sunt
1051 2721 1122 2766 -_-_-
1148 2691 1332 2745 nescio
1362 2705 1391 2744 a
1430 2705 1560 2766 quo,
1599 2699 1746 2744 certe

174 2761 272 2820 non
311 2765 384 2819 ab
412 2779 504 2820 eo.
545 2762 700 2830 cujus
733 2778 926 2818 manus
981 2761 1225 2817 codicem
1275 2763 1526 2815 exaravit
1552 2775 1746 2813 —nu-

175 2837 335 2892 meris
365 2833 655 2898 Arabicis,
681 2847 803 2886 cum
834 2849 932 2902 per
964 2832 1179 2902 priores
1216 2846 1268 2884 tv
1295 2830 1464 2902 libros
1491 2845 1746 2886 numero-

176 2923 284 2960 rum
326 2907 484 2960 notis
515 2903 726 2958 Latinis
765 2901 944 2970 capita
970 2901 1005 2955 a
1050 2901 1277 2956 librario
1328 2901 1437 2954 sint
1481 2903 1742 2955 indicata.

177 2974 274 3032 Sed
303 2992 392 3041 ea,
422 2989 592 3042 quam
629 2972 900 3043 posterior
929 2986 1124 3043 manus
1148 2971 1287 3043 libro
1315 2971 1544 3043 v_t_ledit,
1593 2971 1746 3039 capi-

177 3058 279 3102 tum
308 3037 521 3101 divisio
557 3037 852 3098 lectoribus
879 3059 985 3096 non
1017 3041 1314 3096 satisfecit.
1356 3037 1575 3095 'l‘crtius
1599 3037 1743 3093 enim

172 3116 450 3171 *uescio
504 3114 800 3184 quis—in
854 3113 1035 3182 spatio
1086 3113 1228 3166 inter
1277 3110 1419 3184 duas
1466 3111 1748 3184 columnas

178 3187 490 3241 intermisso
522 3181 782 3238 'alteram
832 3181 1155 3238 divisionem
1217 3182 1518 3237 secundum
1567 3181 1746 3250 capita

175 3257 458 3327 proposuit
498 3270 529 3309 a
558 3254 730 3322 priori
757 3253 918 3327 longe
940 3253 1238 3327 diversam.

238 3319 742 3394 Heprehenduntur
789 3319 1085 3394 in'codice
1133 3322 1280 3377 haud
1334 3335 1463 3378 raro
1513 3319 1747 3394 lacunre,

178 3390 363 3453 scriba:
410 3395 745 3466 negligentia
780 3393 1110 3466 plerumque
1131 3402 1291 3466 erue.
1329 3396 1474 3459 Quas
1505 3390 1752 3444 animad-

181 3469 439 3521 vertimus
491 3463 732 3535 majores
780 3463 1010 3535 lacunas
1054 3463 1179 3535 inde
1224 3474 1443 3535 exortas
1479 3475 1602 3535 esse
1642 3475 1750 3514 non

181 3538 513 3601 dubitamus,
565 3533 709 3604 quod
742 3535 824 3598 is,
858 3533 951 3604 qui
1012 3533 1273 3604 codicem
1295 3533 1541 3604 scripsit,
1591 3545 1752 3604 voces

183 3609 538 3661 commutavit
564 3600 634 3659 ob
667 3600 1077 3659 similitudinem
1097 3600 1456 3674 _syliabaruin
1486 3600 1749 3674 linalium,

183 3681 309 3746 quod
368 3678 566 3731 dicunt
613 3674 1037 3747 ὀμοιοτέλευτον.
1084 3669 1214 3738 Quae
1257 3673 1494 3747 quidem
1521 3669 1754 3747 majores

187 3740 383 3804 lacunae
441 3740 765 3815 plerumque
817 3759 923 3799 non
981 3752 1107 3815 sunt
1165 3740 1415 3815 expletat.
1479 3740 1752 3794 lnterdutn

188 3818 376 3872 factum
410 3813 520 3882 est,
553 3813 808 3870 utscriba
840 3815 955 3884 ipse
975 3813 1057 3867 vel
1087 3813 1323 3867 secunda
1348 3824 1754 3884 manus,_qu_anf

188 3899 285 3942 tum
334 3902 403 3942 ex
457 3879 737 3941 scribendi
783 3879 990 3939 ratione
1032 3889 1088 3937 et
1135 3890 1442 3936 atramento
1479 3879 1754 3950 pallidiori

189 3968 343 4027 pulei,
383 3959 443 4012 in
477 3957 732 4025 margine
769 3953 991 4010 voculas
1039 3953 1183 4007 male
1224 3949 1620 4022 praetermissus
1652 3949 1754 4003 ad-

189 4031 344 4084 deret.

251 4099 609 4165 Quaecunque
637 4101 901 4163 praeterea
935 4093 988 4146 in
1015 4093 1262 4161 margine
1283 4091 1539 4165 leguntur
1566 4097 1662 4143 aut
1688 4087 1756 4143 ad

192 4164 571 4240 argumentum
610 4180 827 4240 eorum,
867 4177 988 4240 qua:
1027 4175 1177 4219 textu
1227 4164 1596 4240 continentur,
1633 4173 1759 4240 spe-

191 4229 371 4303 ctant,
429 4247 524 4290 aut
574 4229 953 4302 explicationis
1000 4248 1162 4288 causa
1204 4234 1384 4286 addita
1434 4239 1584 4283 sunt.
1628 4229 1758 4303 Quae

191 4326 301 4363 cum
334 4300 481 4362 haud
511 4300 693 4374 magni
729 4308 888 4373 pretii
918 4304 1048 4358 mihi
1075 4303 1415 4364 viderentur,
1441 4314 1504 4353 ea
1534 4300 1758 4353 omnino

194 4376 509 4450 negligenda
544 4375 752 4450 putavi.

254 4426 524 4503 iiiis};
546 4426 749 4500 rinesse
768 4446 1002 4500 vidimus
1022 4441 1196 4500 codici
1225 4442 1354 4497 vitia
1387 4441 1530 4497 haud
1562 4456 1752 4510 pauca,
1786 4426 1832 4481 Ῑ)

194 4537 300 4587 qua:
340 4517 554 4574 homini
592 4517 788 4587 docto,
821 4517 914 4584 qui
946 4515 1134 4587 lrenaei
1171 4523 1408 4587 mentem
1446 4513 1756 4587 ubicunque

197 4583 609 4659 assequebatur,
640 4583 1069 4659 vitandaerant.
1097 4584 1204 4638 Sed
1236 4583 1636 4659 quoquomodo
1669 4583 1755 4659 illa

199 4653 678 4725 vitia-irrepscrint
703 4656 755 4708 in
781 4658 1046 4722 codicem,
1085 4654 1384 4725 auctoritas
1407 4653 1548 4707 illius
1580 4654 1760 4725 neuti?-

197 4746 342 4795 qnam
376 4724 786 4782 estdiminuta.
828 4725 1063 4780 Grabius
1095 4738 1151 4779 et
1174 4724 1495 4795 lilassuetusr
1524 4738 1648 4795 eunt
1685 4724 1756 4777 ob

201 4793 378 4854 multas
407 4812 551 4867 quas
581 4795 741 4849 olIert
763 4799 1008 4866 egregias
1037 4796 1304 4867 lectiones
1320 4794 1498 4867 magni
1519 4793 1756 4867 aestima-

199 4880 400 4923 verunt.
427 4862 768 4934 Plerumque
798 4862 939 4920 enim
964 4866 1237 4921 consentit
1265 4862 1558 4934 Vossianus
1583 4863 1753 4922 codex

201 4955 306 4992 cum
347 4938 512 4994 codd.
561 4933 782 5006 optimae
811 4945 986 5002 notat;
1032 4934 1440 5006 memorabilem
1481 4933 1596 5006 ejus
1631 4948 1755 5006 cum

203 5020 372 5065 retere
404 5003 760 5062 Feuardentii
783 5021 1137 5069 consensum,
1171 5005 1238 5060 de
1279 5019 1388 5073 quo
1429 5003 1570 5057 inl'ra
1599 5003 1754 5071 plura

203 5080 566 5147 disputaturus
601 5091 746 5147 sum,
786 5079 889 5131 hoc
920 5076 1040 5131 loco
1066 5073 1439 5147 tantummodo
1469 5075 1752 5147 attingam.

204 5144 315 5203 lude
345 5163 476 5204 vero
507 5146 835 5205 concludere
883 5147 1035 5212 licet,
1067 5146 1194 5200 illud
1241 5145 1429 5200 lrenzei
1476 5144 1756 5213 exemplar

207 5219 650 5286 tuanuscriptum,
684 5217 832 5287 quod
865 5218 1047 5272 scriba
1075 5216 1281 5272 codicis
1318 5215 1566 5287 Vossiani
1597 5229 1754 5268 secu-

208 5297 281 5340 tus
301 5299 408 5352 est,
436 5285 594 5342 bene
621 5285 766 5342 noiae
797 5287 988 5342 fuisse.
1029 5287 1301 5342 Conﬁteor
1345 5285 1595 5354 equidem
1657 5298 1754 5339 nos

204 5361 410 5413 omnino
462 5359 709 5423 nescire,
762 5358 850 5412 ubi
887 5368 942 5410 et
977 5358 1137 5427 quale
1175 5357 1342 5410 fuerit
1375 5355 1579 5410 codicis
1618 5355 1755 5418 Vos-

204 5429 324 5482 siani
379 5431 772 5498 archetypum,
827 5442 1002 5495 neque
1057 5437 1310 5498 accurate
1361 5427 1524 5480 statui
1555 5439 1750 5498 ipOSse,

205 5501 406 5579 quando
435 5496 583 5553 illud
604 5500 868 5568 scriptum
904 5499 1088 5552 luerit.
1120 5497 1306 5553 Liceat
1337 5507 1518 5552 tamen
1553 5497 1658 5550 hac
1687 5496 1754 5551 de

209 5581 257 5620 re
286 5579 660 5638 conjecturam
681 5583 1018 5639 proponere.

271 5639 362 5695 Ubi
387 5635 641 5694 'lrenaaus
676 5635 1064 5712 Marcosiorum
1102 5647 1338 5712 systema
1379 5635 1640 5693 describit
1662 5651 1753 5712 eo:

209 5722 416 5784 rumque
448 5725 655 5766 morem
700 5724 766 5766 cx
801 5710 996 5769 litteris
1039 5723 1092 5768 et
1130 5705 1374 5768 numeris
1410 5705 1749 5780 computandi

1844 1784 1979 1838 duos
2003 1785 2174 1845 locos,
2208 1796 2344 1850 quos
2367 1795 2431 1833 ex
2467 1782 2704 1835 llomero
2733 1789 2788 1834 et
2817 1779 3051 1833 ilesiodo
3080 1779 3266 1833 citavit
3300 1779 3409 1832 ire-

1843 1869 2014 1918 nrcus,
2059 1853 2345 1922 scripserit.
2386 1851 2669 1915 librarius,
2706 1859 2961 1905 accurate
3010 1850 3410 1920 comparaverit

1841 1939 1965 1979 cum
2002 1933 2152 1978 textu
2185 1922 2394 1978 Graeco.

1915 1995 2072 2060 Quod
2117 1995 2161 2048 si
2193 2009 2324 2046 vero
2354 2001 2564 2046 certum
2589 2001 2676 2045 est
2705 1991 2925 2047 Grscos
2947 1990 3097 2044 locos
3128 1990 3178 2044 in
3212 1989 3406 2043 archeo

1847 2073 1977 2136 typo
2015 2064 2222 2136 codicis
2258 2062 2512 2116 Vossiani
2564 2061 3125 2136 litterisumajusculis
3175 2060 3414 2126 scriptos

1845 2131 1965 2190 esse
1996 2151 2010 2187 :
2045 2135 2170 2188 inde
2209 2143 2435 2202 apparet
2473 2132 2720 2186 codicem
2762 2131 2909 2184 illum
2938 2170 2952 2194 ,
2989 2146 3148 2196 quem
3191 2142 3416 2202 secutus

1845 2214 1930 2259 est
1959 2203 2210 2260 Vossiani
2248 2201 2460 2258 codicis
2487 2203 2773 2263 librarius,
2808 2203 3186 2270 perantiQuum
3225 2201 3412 2270 fuisse.

1842 2276 2072 2330 Constat
2112 2275 2256 2328 enim
2292 2273 2690 2328 vetustissimos
2726 2268 2936 2325 tantum
2997 2268 3217 2325 codices
3260 2268 3418 2325 Grat-

1845 2359 1938 2400 cos
1971 2345 2165 2398 litteris
2194 2345 2495 2413 majoribus
2531 2358 2651 2396 esse
2682 2351 2956 2413 exaratos.
2985 2341 3100 2410 Qua
3141 2341 3207 2413 de
3248 2355 3414 2413 causa

1843 2415 2059 2485 egregia
2093 2411 2301 2470 codicis
2331 2413 2582 2485 vossiani
2619 2412 2829 2485 indoles
2856 2413 3049 2466 nititur
3095 2411 3416 2485 antiquissi-

1845 2479 1958 2549 mo,
1978 2479 2061 2539 ἐκ
2097 2500 2204 2551 quo
2231 2484 2540 2552 exscriptus
2562 2493 2673 2547 est,
2705 2483 2977 2541 codice,et
3008 2481 3261 2535 meliores
3292 2479 3413 2547 illae,

1845 2571 1984 2625 quas
2011 2556 2230 2610 exhibet
2260 2551 2541 2613 lectiones,
2585 2561 2944 2625 manaverunt
2971 2567 3039 2606 ex
3068 2551 3209 2606 libro
3237 2565 3416 2625 neque

1845 2622 2152 2681 scribarum
2203 2626 2514 2689 ignorantia
2552 2638 2728 2694 neque
2769 2623 3062 2694 seiolorum
3088 2622 3416 2694 temeritate

1844 2698 2198 2766 pessundato.
2227 2695 2369 2749 Vitia
2408 2695 2553 2766 enim
2595 2690 2717 2764 qua:
2767 2691 2950 2766 insunt
2999 2691 3170 2766 codici
3221 2690 3415 2766 scriba:

1846 2758 2002 2836 culpa
2044 2780 2168 2820 esse
2185 2775 2320 2836 orta
2336 2765 2546 2836 cuique
2562 2758 2772 2819 certum
2797 2762 2924 2836 erit,
2948 2762 3037 2836 qui
3065 2758 3416 2836 quantaequ

1846 2829 2153 2906 ignorantia
2187 2834 2352 2890 fuerit
2375 2829 2580 2890 codicis
2608 2833 2948 2901 inspectione
2968 2829 3341 2906 intellexerit.

1914 2905 2032 2960 Jam
2078 2920 2208 2960 vero
2251 2906 2410 2961 nobis
2459 2900 2809 2974 quaerendum
2857 2909 2971 2968 est,
3011 2917 3138 2974 num
3181 2900 3416 2974 Grauius

1845 2977 2034 3032 codice
2065 2985 2255 3030 nostro
2294 2971 2552 3030 accurate
2595 2989 2724 3029 usus
2759 2973 2828 3027 sit
2853 2987 3042 3027 necne.
3083 2971 3285 3027 Grabio
3311 2971 3414 3039 ipsi

1849 3046 2090 3100 codicem
2124 3059 2268 3116 saape
2325 3046 2545 3116 dictum
2567 3059 2846 3116 nunquam
2891 3043 2961 3116 ob
3002 3043 3192 3116 oculos
3240 3040 3414 3116 fuisse

1852 3117 1974 3171 inde
1997 3125 2164 3187 patet,
2194 3111 2338 3183 quod
2369 3111 2715 3187 collationem
2739 3129 2768 3168 a
2789 3111 3417 3187 _Dodvvello_a_ccuratis-

1849 3183 2232 3241 sime'l'actam
2284 3200 2407 3241 esse
2439 3185 2591 3240 dicit.
2645 3184 2858 3239 Etenim
2898 3185 2942 3237 si
2973 3183 3209 3239 Grabius
3253 3196 3415 3235 unam

1853 3257 2235 3311 tantummodo
2289 3257 2496 3311 codicis
2545 3254 2817 3324 plagulam
2869 3259 3244 3322 comparasset
3294 3265 3416 3324 cum

1851 3326 2140 3381 collatione
2175 3326 2273 3380 sibi
2311 3341 2338 3378 a
2370 3321 3045 3388 Dodwello'commodata,
3090 3332 3200 3377 tam
3246 3321 3420 3389 negli-

1850 3407 2042 3466 genter
2075 3407 2129 3451 et
2161 3396 2349 3449 leviter
2376 3396 2788 3466 collatumesse
2830 3395 3073 3466 codicem
3107 3393 3422 3466 perspexis-

1853 3462 1959 3531 set,
1989 3475 2050 3520 ut
2079 3481 2146 3520 ne
2177 3466 2505 3521 Dodwellum
2531 3465 2774 3534 quidem,
2797 3465 2974 3517 virum
3011 3466 3153 3518 inter
3180 3462 3418 3534 philolo-

1852 3552 1950 3604 gos
1991 3538 2290 3591 etiamnum
2323 3531 2622 3599 laudatum,
2668 3535 2918 3589 lectionis
2949 3531 3272 3604 varietatem
3303 3531 3420 3586 col-

1854 3602 2050 3676 legisse
2077 3606 2288 3676 opinari
2327 3606 2610 3673 potuisset.
2638 3604 2906 3676 Suspicor
2947 3606 3093 3658 enim
3123 3602 3416 3658 Henricum

1855 3675 2182 3730 Dodwellum
2206 3676 2447 3730 codicem
2473 3676 2621 3730 illum
2649 3675 2766 3728 viro
2793 3676 3063 3729 non-adeo
3091 3676 3266 3744 perito
3287 3687 3420 3726 con-

1857 3746 2138 3800 ferendum
2179 3745 2471 3800 tradidisse
2501 3760 2678 3816 neque
2707 3759 2837 3800 vero
2871 3759 3118 3809 curasse,
3151 3753 3211 3798 ut
3254 3757 3417 3798 accu-

1855 3827 1973 3869 rate
2001 3824 2446 3884 pertractaretur.

1923 3883 2158 3940 Grahius
2187 3886 2330 3939 enim
2363 3901 2474 3940 sua:
2501 3884 2727 3939 editioni
2761 3900 2855 3940 eas
2883 3885 3148 3941 lectiones
3177 3883 3419 3938 inserere

1856 3954 2048 4026 uoluit,
2067 3972 2186 4023 qua:
2207 3954 2429 4009 omnino
2453 3956 2656 4008 nullum
2681 3969 2898 4010 sensum
2931 3957 3237 4026 pratberent
3254 3964 3418 4026 atque

1859 4025 2206 4095 librariorum
2239 4027 2414 4080 errori
2443 4035 2534 4079 aut
2569 4026 2890 4095 ignorantiae
2919 4025 3264 4080 deberentur.
3299 4025 3415 4092 Qua

1857 4095 1924 4150 de
1951 4109 2011 4166 re
2059 4094 2304 4166 profecto
2353 4110 2461 4150 non
2511 4094 2606 4148 est
2637 4095 3046 4164 vituperandus.
3085 4096 3189 4151 Sed
3233 4097 3420 4150 omisit

1858 4165 2070 4220 multas
2103 4165 2409 4230 lectiones,
2455 4180 2579 4233 qua:
2630 4167 2917 4220 commodo
2965 4167 3421 4220 commendantur

1858 4250 2041 4292 sensu.
2092 4233 2209 4290 lluc
2249 4235 2478 4299 accedit,
2517 4235 2660 4302 quod
2697 4233 2928 4290 Grabius
2977 4238 3117 4292 haud
3167 4252 3292 4289 raro
3339 4235 3418 4290 le.-

1857 4305 2068 4363 ctiones
2092 4314 2349 4374 tanquam
2382 4305 2435 4359 in
2469 4305 2658 4359 codice
2691 4306 2954 4361 Vossiano
2995 4307 3183 4360 obvias
3212 4306 3416 4368 attulit,

1859 4389 1979 4441 quae
2030 4376 2101 4431 ibi
2157 4376 2384 4431 Omnino
2427 4391 2532 4429 non
2572 4376 2943 4430 inveniuntur.
2976 4377 3065 4431 Ea:
3103 4391 3252 4435 vero.
3281 4389 3418 4442 quas

1860 4444 2150 4500 falsissime
2182 4446 2306 4500 inde
2330 4447 2574 4510 haustas,
2603 4447 2767 4500 etiam
2799 4462 2828 4500 a
2862 4446 3131 4500 Massueto
3159 4446 3271 4498 lere
3297 4460 3418 4496 om-

1857 4529 1958 4596 nes
1993 4515 2215 4596 editioni
2241 4531 2352 4571 suae
2380 4518 2634 4578 insertas.
2671 4531 2828 4596 nemo
2853 4517 3132 4587 hucusque
3154 4515 3415 4578 correxit,

1857 4585 1913 4639 in
1940 4585 2179 4640 editione
2216 4597 2400 4641 nostra
2423 4598 2546 4641 sunt
2569 4589 2889 4641 emendatae.

1931 4655 2176 4724 Denique
2203 4655 2436 4712 Grabius
2473 4666 2565 4710 aut
2608 4659 2790 4726 potius
2831 4659 2898 4720 is,
2923 4655 3013 4726 qui
3059 4650 3418 4726 ms.Vossia-

1857 4741 1984 4778 num
2027 4741 2148 4780 cum
2181 4727 2478 4796 exemplari
2515 4725 2951 4781 Fenardentiano
2990 4725 3239 4784 contulit.
3269 4726 3415 4791 opti-

1857 4811 1974 4849 mas
2000 4812 2136 4866 quas
2165 4797 2324 4852 oll‘ert
2345 4799 2513 4851 codex
2550 4798 2816 4851 lectiones
2855 4797 2995 4850 haud
3026 4809 3150 4866 raro
3193 4803 3418 4863 prazter-

1856 4865 2028 4920 misit.
2052 4865 2170 4933 Quo
2200 4869 2401 4921 factum
2427 4877 2533 4930 est,
2562 4877 2620 4919 ut
2650 4867 2836 4922 Grabii
2867 4865 3139 4934 ingenium
3163 4880 3414 4920 nonnun-

1856 4952 2018 5006 quam
2049 4939 2176 5006 quid
2201 4938 2488 5008 legenduim
2517 4939 2587 4990 sit
2616 4937 2881 5004 sagaciter
2908 4936 3197 5008 divinaret.
3233 4935 3418 5004 Itaque

1858 5008 2112 5062 meliores
2155 5007 2362 5063 codicis
2397 5007 2646 5064 Vossiani
2682 5007 2944 5062 lectiones
2976 5007 3415 5076 conjecturaﬁrum

1857 5076 2034 5132 locum
2070 5079 2123 5131 in
2147 5078 2419 5138 Grabiana
2447 5077 2687 5131 editione
2717 5078 2959 5132 modeste
2987 5075 3255 5130 obtinent.
3279 5075 3418 5130 Eve-

1857 5148 1939 5202 nit
1971 5157 2152 5202 tamen
2181 5149 2452 5202 interdum
2491 5146 2782 5211 Massueto,
2812 5157 2869 5202 ut
2908 5147 3166 5203 lectiones
3198 5148 3265 5201 ab
3299 5145 3415 5210 illo,

1855 5217 1944 5286 qui
1984 5219 2339 5289 pertractavit
2376 5219 2622 5289 codicem
2658 5217 3014 5282 Vossianum,
3065 5232 3284 5284 prorsus
3321 5232 3416 5269 ne-

1856 5288 2140 5357 glectas,in
2171 5289 2361 5345 codice
2391 5288 2812 5344 Claromontauo
2839 5304 2944 5358 quo
2985 5289 3102 5357 ipse
3144 5302 3275 5358 usus
3307 5296 3412 5350 est,

1856 5359 2142 5429 reperiret.
2171 5360 2403 5431 ideoque
2429 5361 2627 5431 mirum
2654 5375 2760 5413 non
2793 5357 3025 5422 videtur,
3052 5357 3414 5431 a_celeberri-

1856 5427 1945 5484 mo
1985 5433 2252 5486 monacho
2301 5427 2544 5486 codicem
2598 5430 2650 5483 in
2696 5431 3025 5484 bibliotheca
3079 5427 3413 5482 .lesuitarum

1854 5501 2277 5555 Claromontana
2340 5511 2614 5557 servatum
2667 5499 2912 5554 laudibus
2962 5498 3167 5565 extolli,
3218 5498 3418 5568 quippe

1854 5572 1946 5641 qui
1992 5573 2227 5639 optimas
2265 5571 2527 5626 lectiones
2571 5585 2943 5640 saepenumero
2973 5570 3118 5641 solus
3155 5567 3420 5637 suppedi-

1857 5640 1974 5695 tare
1994 5641 2259 5701 videatur.
2293 5642 2596 5714 Perpaucas
2630 5641 2897 5713 ejusmodi
2923 5640 3182 5698 lectiones
3215 5655 3412 5710 propo-

1821 5759 1828 5762 -
1855 5727 2000 5779 ηεωρ
