3880 6358
497 355 604 416 “5

571 540 717 608 Opus
735 539 1174 612 eruditissimum
1205 542 1333 594 divi'
1353 540 1544 592 [renati
1565 545 1811 608 episcopi
1853 542 2070 612 Lugdu-

497 613 678 668 nensis
728 609 786 661 in
822 613 1050 680 quinque
1092 612 1252 663 libros
1281 613 1539 677 digestum
1566 652 1580 671 .
1627 614 1685 663 in
1721 613 1908 681 quibus
1935 609 2068 668 inire

495 683 679 751 retegit
709 687 758 732 et
804 682 1043 752 confutat
1078 693 1307 736 ueterum
1337 681 1602 752 lia-resima
1647 682 1838 747 impias
1864 694 1913 737 et
1941 701 2067 752 por.

494 750 1055 819 tentosasopiniones,
1095 768 1160 804 ea:
1191 750 1659 819 vetustissimorum
1692 750 2065 808 codicum'col-

494 824 694 875 latione
749 818 1004 891 quantum
1057 821 1206 874 licuit
1267 818 1387 872 Des.
1449 819 1661 875 Erasini
1723 819 2068 879 Roterodami

496 909 654 958 Opera
682 891 1036 947 emendatum.
1069 891 1293 944 Additus
1318 900 1390 942 est
1411 891 1570 942 index
1594 907 1770 945 rerum
1791 894 2067 950 observata

493 963 800 1032 dignarum.
832 959 1060 1032 Froben.
1095 959 1352 1032 Basilete.
1381 959 1535 1015 1548.
1563 960 1688 1017 Fol.

569 1032 752 1099 Neque
784 1033 927 1084 hunc
965 1030 1162 1083 librutn
1190 1029 1424 1084 Gi'abius
1448 1032 1600 1088 vidit.
1631 1033 1707 1087 Ex
1737 1030 2065 1092 bibliotheca

496 1103 650 1155 urbis
677 1101 972 1172 Lipsiensis
1003 1102 1067 1172 ad
1103 1115 1189 1172 me
1222 1101 1576 1157 transmissus
1600 1113 1705 1158 est.
1742 1101 1805 1156 ν.
1830 1118 1950 1172 qua:
1979 1108 2065 1162 di-

494 1175 700 1242 Sptitavi
726 1170 792 1225 de
819 1171 952 1226 edit.
988 1170 1146 1225 1554.
1192 1240 1294 1296 155

562 1310 734 1376 Quam
791 1309 893 1363 sub
943 1311 1046 1366 hac
1103 1326 1245 1365 anno
1293 1312 1578 1368 Fabricius
1629 1313 1682 1367 in
1730 1315 2060 1372 Bibliotheca

489 1380 678 1435 Graeca
713 1389 768 1433 et
803 1395 998 1434 censor
1028 1382 1287 1436 editionis
1327 1381 1582 1437 Massueti
1615 1398 1920 1442 memorant
1947 1389 2064 1442 edi-

491 1450 942 1528 tiaiieniulirasmi
977 1451 1380 1528 Basileensetn,
1421 1453 1474 1528 i_n
1513 1453 1857 1528 bibliothecis
1905 1474 2063 1528 repe-

489 1523 598 1574 rire
635 1523 765 1574 mihi
799 1537 905 1592 non
935 1523 1181 1592 contigit.
1215 1521 1391 1576 Etiam
1419 1521 1653 1580 Grabius
1677 1528 1922 1583 eamdem
1947 1521 2062 1583 l'i'u-

487 1600 603 1645 atra
636 1591 906 1660 quatsivit.

1197 1662 1359 1718 1560.

561 1731 705 1798 Opus
757 1732 1174 1803 eruditissimum
1205 1763 1277 1774 ——
1316 1765 1387 1777 —
1427 1763 1499 1775 -—
1534 1735 1748 1803 (titulus
1798 1737 1938 1794 idem
1977 1750 2061 1796 est

485 1809 650 1872 atque
673 1805 925 1857 editionis
957 1803 1118 1869 1548)
1148 1802 1375 1859 Basilea:
1411 1802 1569 1859 1560.
1612 1805 1737 1860 Fol.

555 1873 792 1946 Grabius
815 1877 882 1928 de
913 1875 1022 1946 hac
1047 1875 1188 1929 libro
1225 1875 1296 1928 ita
1328 1877 1442 1943 agit
1474 1893 1488 1928 :
1524 1893 1545 1927 ε
1583 1876 1639 1930 ln
1683 1875 1830 1930 nullo
1862 1877 2054 1946 (editio

484 1941 632 2009 base)
675 1944 1109 2015 praecedentibus
1160 1941 1543 2011 prmstantior,
1597 1947 1697 1999 nisi
1748 1941 1891 2015 quod
1939 1949 2056 2004 loco

483 2015 645 2066 ltllda'
691 2015 1054 2080 adjuratiaiiis
1089 2013 1313 2076 lreucei,
1358 2031 1460 2083 qua
1512 2015 1720 2068 scribas
1754 2013 2057 2074 obtestatus

484 2095 589 2146 est,
623 2086 830 2152 integra
866 2086 1063 2138 haheat
1095 2085 1404 2153 Hieronymi
1451 2086 1501 2138 in
1535 2083 1792 2155 Catalogo
1822 2089 2058 2155 scripto»

484 2166 606 2226 rum
656 2156 1158 2208 ecclesiasticarum
1197 2155 1264 2209 de
1309 2156 1716 2226 lreuteoverba
1745 2195 1761 2221 ,
1801 2160 2057 2226 quodque

481 2222 656 2276 Index
683 2241 855 2296 reruni
886 2228 958 2278 sit
990 2226 1335 2296 locupletior,
1370 2235 1424 2276 tit
1458 2224 1538 2278 vel
1569 2241 1631 2279 ex
1671 2222 1844 2296 prima
1872 2222 2054 2283 littera

485 2296 526 2345 Α
562 2305 738 2362 putet.
778 2315 796 2348 ι
837 2295 1072 2349 lndicem
1118 2295 1525 2362 locupletiorem
1558 2295 1682 2362 jani’
1720 2297 1771 2349 in
1817 2299 1954 2352 edit.
1999 2314 2052 2356 ει.

479 2364 622 2417 1548
653 2366 989 2435 reperimus;
1021 2367 1092 2418 nil
1124 2366 1298 2435 igitur
1320 2368 1439 2418 novi
1468 2366 1605 2435 liber
1628 2382 1677 2418 a.
1702 2365 1840 2420 1560
1870 2369 2051 2433 liabet,

481 2436 584 2486 nisi
618 2435 792 2489 locum
823 2434 1242 2506 llierouyiui’de
1286 2434 1511 2490 Irenaeo.
1545 2434 1677 2491 Vide
1713 2439 1985 2506 disputata
2022 2455 2052 2492 a

479 2519 567 2557 ine
599 2508 663 2557 de
691 2507 820 2560 edit.
854 2521 904 2558 a.
937 2507 1094 2560 1554.

548 2575 630 2628 Ad
670 2592 820 2629 oram
865 2577 982 2644 ejus
1023 2577 1277 2632 editionis
1315 2593 1345 2630 e
1390 2577 1720 2631 bibliotheca
1757 2579 2053 2634 academiie

479 2641 856 2714 Gottiiigensis
894 2641 1116 2701 'iuecum
1165 2651 1582 2702 communit-alin
1633 2649 1692 2700 D.
1747 2647 2052 2704 Heuniaiiiii

479 2716 810 2781 conjectura:
836 2718 1049 2786 scripta:
1079 2729 1226 2786 sunt,
1264 2722 1328 2772 de
1359 2719 1557 2786 quibus
1584 2719 1725 2771 inl'ra
1774 2719 1896 2772 vide
1933 2736 2053 2788 quae

477 2788 817 2854 scripsitiius.
1184 2857 1322 2914 ,565

549 2926 1146 3002 Opuseruditissimum
1183 2929 1525 3002 diviilrentei
1562 2928 1798 3002 episcopi
1833 2928 2052 3002 Lugdu-

477 2998 676 3062 nensis,
706 3001 756 3051 in
786 3003 1013 3070 quinque
1057 3000 1220 3054 libros
1269 3001 1555 3068 digestum,
1588 3001 1644 3053 in
1687 3000 1876 3069 quibus
1918 2998 2053 3058 inire

478 3073 663 3135 retegit
688 3079 736 3122 et
767 3073 1005 3134 conlutat
1042 3083 1272 3124 ueterum
1309 3073 1574 3124 litereseon
1611 3071 1801 3138 impias
1836 3089 1898 3125 ac
1924 3090 2051 3139 por-

477 3147 709 3225 tentosas
739 3143 1128 3225 Oplttion88,.e£
1158 3141 1902 3225 petuftissiinoriim.condicunt
1927 3145 2047 3225 ‘col-
2077 3163 2121 3225 ρ

475 3209 675 3262 latione
731 3220 987 3277 quantum
1043 3211 1191 3264 licuit
1246 3210 1371 3264 Des.
1429 3211 1644 3264 Erasini
1703 3209 2046 3268 lloterodaini

475 3293 633 3346 opera
675 3284 1031 3336 emendatum.
1068 3282 1298 3334 Additus
1337 3294 1411 3334 est
1443 3282 1608 3334 Iudex
1644 3295 1822 3334 rerum
1860 3284 2050 3337 obser-

477 3359 602 3399 \‘utu
638 3350 943 3416 dignarum.
977 3350 1226 3414 Parisiis,
1260 3353 1402 3420 apud
1435 3353 1746 3404 Audoenum
1788 3350 2048 3419 Parvum,

476 3420 918 3542 qtgqmintsersignio
958 3419 1063 3474 lilii
1109 3419 1302 3485 aurei,
1339 3421 1419 3476 uia
1445 3424 1514 3475 ad
1555 3424 1732 3474 divum
1763 3420 2046 3480 Jacobum.

478 3495 500 3540 1
513 3489 636 3545 563,
664 3489 718 3541 8.

550 3557 676 3632 ilice
707 3557 912 3632 editio,
938 3574 1040 3632 qua
1071 3561 1261 3615 eadem
1298 3561 1652 3616 continentur
1689 3571 1849 3632 atque
1887 3575 2046 3620 ante-

475 3630 735 3696 cedente,
781 3630 1078 3698 tnajortbus
1107 3633 1246 3701 typis
1276 3649 1437 3703 quain
1481 3633 1724 3687 l’arisiua
1761 3630 1897 3688 1545
1940 3640 2049 3691 ele-

476 3708 982 3774 ganteruett‘pressa
1027 3715 1148 3774 est;
1208 3713 1388 3757 textus
1445 3705 1588 3756 idem
1645 3715 1726 3758 cst
1779 3715 1942 3774 atque
1993 3711 2045 3761 in

476 3770 634 3842 i-ditt.
668 3768 808 3842 1515
836 3782 889 3824 et
921 3770 1076 3828 1565.
1112 3772 1345 3842 Reperis
1375 3775 1517 3828 hunc
1544 3774 1737 3827 librum
1771 3775 1820 3828 iit
1851 3768 2048 3832 biblio-

482 3841 638 3896 theca
665 3840 1052 3912 llamburgica.

1183 3912 1342 3969 1567.

549 3979 700 4057 Opus
735 3982 1156 4057 eruditissimum
1186 4014 1255 4025 -—
1283 4015 1353 4057 -τ-
1381 3984 1592 4057 (titulus
1627 3986 1765 4039 idem
1798 3996 1962 4057 atque
1993 3988 2045 4041 in

479 4053 610 4126 edit.
630 4054 1276 4126 proxinieatiteeedente)
1295 4055 1540 4109 Parisiis.
1561 4059 1717 4120 Apud
1735 4053 2048 4110 Auitoenum

468 4119 723 4186 Parvum,
752 4125 850 4194 sub
874 4124 1184 4194 intersignio
1213 4119 1316 4179 lilii
1345 4129 1516 4188 aurei,
1548 4119 1633 4178 uia
1660 4131 1727 4178 ad
1747 4128 1922 4180 diuum
1950 4126 2050 4180 Ja-

475 4200 684 4246 coltum.
721 4193 872 4246 1567.

549 4262 594 4386 1:
604 4266 816 4387 ἓιϐἓιιετ
841 4263 1029 4319 eadem
1058 4267 1246 4321 eodem
1276 4267 1434 4321 tuodo
1457 4265 1702 4320 continet
1723 4280 1886 4337 atque
1912 4268 2046 4321 edit.

477 4347 528 4386 3.
573 4347 731 4386 1006.

549 4403 679 4472 Ejus
707 4406 988 4474 exemplar
1022 4406 1090 4460 ad
1123 4422 1208 4461 me
1252 4409 1477 4461 missum
1526 4416 1609 4460 est
1650 4423 1680 4459 c
1717 4406 2045 4460 bibliotheca

475 4474 972 4547 LllgdUIHI-Balnva
997 4515 1012 4538 ,
1060 4477 1112 4530 in
1153 4492 1260 4547 quo
1290 4478 1552 4543 scriptum
1601 4487 1763 4547 erat:
1795 4495 1815 4527 ι
1855 4493 1922 4530 ex
1967 4481 2049 4531 bi-

1559 352 2071 410 PROLEGOMENA
2109 354 2285 412 EDlT.
2324 353 2735 412 LlPSlENSIS.’

2109 477 2155 535 Α
2185 483 2480 529 occurrunt
2536 473 2726 544 ordine
2779 469 3084 544 alphabeti;
3137 471 3204 526 de
3251 469 3365 525 Vita
3414 480 3479 544 et
3518 474 3743 544 scriptis

3638 349 3741 420 “6

2177 545 2362 603 lrenaai
2410 559 2478 597 ex
2513 542 2743 597 Eusebio
2786 552 2842 613 et
2876 541 3241 613 Hieronymo;
3277 549 3432 596 vetus
3465 541 3743 613 interpre-

2178 616 2308 672 tatio
2358 615 2570 668 collatis
2623 610 3021 680 exemplaribus
3078 610 3332 665 accurate
3390 610 3684 667 emendata
3726 632 3742 681 ;

2174 690 2360 744 Grieca
2393 683 2631 752 ejusdem
2665 681 2850 753 lreuaii
2896 696 3015 750 qua:
3061 682 3324 753 hactenus
3371 684 3600 753 reperiri
3639 700 3740 753 po-

2173 750 2431 818 ttierant,
2474 755 2550 808 uti
2588 752 2925 820 Epiphanius
2971 750 3191 819 scriptis
3232 750 3736 820 suisio‘seruer'at,

2172 829 2298 883 inde
2320 836 2570 892 excerpta
2596 819 2651 878 et
2683 837 2941 877 conversa
2985 821 3037 875 in
3074 820 3310 892 linguam
3351 819 3604 875 Latinam
3629 863 3645 886 ,
3685 819 3744 880 ut

2166 913 2292 954 cum
2328 890 2509 950 vetere
2540 895 2988 961 interpretatione
3008 890 3240 945 conferri
3265 893 3742 959 possint;summie

2167 967 2396 1036 singulis
2419 965 2690 1036 capitibus
2718 963 2952 1036 praeliqu
2976 1002 2991 1027 ,
3048 963 3244 1036 quibus
3284 961 3615 1036 plenissime
3644 964 3741 1036 de-

2167 1031 2409 1094 clafattir
2435 1031 2694 1104 quidquid
2722 1031 2794 1104 in
2840 1034 2907 1086 iis
2946 1033 3272 1104 principatitn
3297 1041 3408 1097 est;
3443 1032 3545 1104 laci
3583 1031 3738 1088 Scri-

2166 1121 2359 1178 ptura},
2393 1102 2622 1174 quorum
2665 1104 2718 1157 in
2762 1103 2829 1178 iis
2853 1103 3055 1178 mentio
3086 1105 3179 1178 lit,
3209 1103 3276 1156 ad
3297 1102 3741 1178 .niargiiieinno-

2167 1171 2303 1244 lati;
2347 1171 2554 1230 additas
2605 1183 2733 1229 sunt
2790 1175 2858 1244 iur
2903 1171 3011 1227 line
3067 1171 3486 1244 adoptationes,
3537 1175 3741 1242 quibus

2165 1241 2398 1304 obscura
2449 1247 2703 1316 pleraque
2746 1243 3130 1316 declarantur:
3171 1241 3516 1316 explicantur
3563 1245 3739 1316 etiam

2166 1317 2408 1374 nonnulli
2449 1313 2753 1384 Scriptura:
2804 1313 2943 1378 loci,
2976 1328 3040 1366 ac
3089 1313 3446 1384 respondetur
3476 1313 3571 1384 iis,
3609 1315 3740 1380 qui,

2163 1391 2427 1443 adversus
2458 1382 2601 1455 piam
2647 1384 2972 1451 doctrinam,
3007 1383 3168 1454 hujus
3204 1382 3380 1436 sancti
3413 1383 3516 1436 viri
3540 1394 3743 1439 aucto-

2165 1459 2323 1514 ritate
2350 1457 2502 1513 abusi
2543 1465 2691 1510 sunt.
2728 1475 2747 1509 ι

2234 1529 2386 1596 Quod
2438 1530 2485 1584 si
2539 1525 2942 1596 comparaveris
2991 1524 3095 1579 liac
3142 1521 3364 1596 Gallasii
3417 1541 3555 1594 opus
3609 1539 3739 1578 cum

2163 1595 2373 1654 Erasmi
2409 1599 2598 1664 editt.,
2625 1595 2892 1651 caucedes
2927 1596 2980 1650 id
3020 1609 3141 1648 esse
3188 1595 3358 1650 multo
3387 1596 3739 1666 praestantius

2162 1670 2290 1725 illis.
2351 1670 2458 1723 Sed
2523 1677 2704 1722 textus
2751 1666 2977 1721 Latinus
3029 1678 3136 1717 non
3197 1679 3262 1718 ex
3318 1667 3604 1720 codicibus
3652 1674 3742 1720 est

2161 1739 2503 1804 emendatus,
2541 1748 2596 1790 et
2634 1737 2854 1791 Graecus
2885 1734 3185 1804 saepissime
3207 1746 3516 1805 corruptus.
3545 1735 3739 1805 Expli-

2085 1821 2131 1881 Β
2159 1811 2402 1864 rationes
2437 1809 2571 1863 satis
2595 1810 2810 1881 quidem
2840 1807 3082 1881 prolixa;
3101 1819 3185 1857 res
3210 1807 3476 1881 obscuras
3503 1821 3611 1859 non
3644 1821 3740 1881 sa:

2159 1883 2228 1934 tis
2264 1878 2918 1946 illustrant,plurimaeque
2943 1876 3083 1928 haud
3113 1876 3289 1943 magni
3316 1886 3443 1929 sunt
3466 1877 3736 1930 momenti

2158 1950 2400 2019 nihilque
2439 1950 2506 2002 ad
2548 1958 2753 2002 textum
2787 1947 3184 2019 emendandum
3214 1947 3738 2019 co_nl'erunt.‘Quin-

2158 2030 2267 2072 tuin
2303 2015 2524 2082 librant,
2553 2035 2580 2070 a
2615 2019 2830 2070 nemine
2867 2024 3026 2068 antea
3059 2015 3112 2067 in
3157 2017 3426 2069 sectiones
3451 2016 3694 2070 divisum
3715 2052 3734 2081 ,

2155 2091 2332 2144 editor
2358 2091 2410 2143 in
2447 2089 2623 2156 capita
2653 2088 2994 2210 distinxit...“

2897 2173 2930 2208 θ

2897 2173 3022 2210 Ol].

2423 2231 2507 2284 ill.
2545 2229 2726 2284 Editio
2750 2227 2976 2283 Joannis
3005 2225 3195 2279 Jacobi
3225 2223 3458 2295 Grynari.

2227 2300 2347 2358 Uno
2376 2311 2583 2356 tantum
2612 2315 2756 2354 anno
2785 2307 3072 2368 postquam
3111 2294 3379 2368 Gallasiiis
3414 2297 3580 2368 libros
3602 2294 3733 2368 Αἰτε-

2157 2373 2258 2426 na-i
2294 2374 2344 2426 in
2383 2373 2658 2442 publicum
2705 2363 3003 2442 ediderat,‘
3024 2365 3261 2442 Joannes
3302 2363 3537 2442 Jacobus
3586 2366 3735 2442 Gryf

2156 2457 2324 2508 naeus,
2360 2435 2544 2512 pastor
2577 2441 2928 2501 Basileensis,
2967 2435 3116 2512 Opus
3144 2438 3263 2512 adu.
3298 2437 3539 2512 liwreses,
3581 2435 3731 2512 quod

2157 2507 2319 2564 vocat
2353 2507 2792 2577 eruditissimum,
2827 2523 2957 2562 noua
2997 2509 3117 2559 libri
3157 2507 3310 2574 primi
3351 2508 3727 2571 conversione,

2155 2583 2487 2650 singulorum
2529 2583 2762 2647 capitum
2805 2578 3154 2648 argumentis,
3193 2588 3242 2650 et
3279 2577 3441 2650 uaria:
3483 2577 3730 2650 lectionis

2155 2646 2948 2706 observationeillustratum'et
2993 2647 3317 2715 recognitum
3363 2646 3510 2699 foras
3549 2648 3728 2703 dedit.

2157 2721 2264 2776 Pro
2292 2723 2651 2775 translatione
2682 2722 2882 2774 veteris
2922 2719 3239 2786 interpretis
3272 2731 3469 2769 novant
3490 2755 3508 2780 ,
3542 2728 3633 2781 et,
3671 2727 3734 2772 ut

2155 2793 2288 2845 dicit
2311 2793 2362 2845 in
2388 2792 2724 2860 praefatione,
2756 2791 2925 2860 multo
2949 2792 3212 2841 meliorem
3243 2787 3554 2860 substituit;
3583 2790 3730 2854 quod

2156 2863 2294 2914 male
2316 2857 2470 2915 abeo
2492 2864 2693 2915 factum
2719 2876 2858 2922 esse,
2882 2859 2970 2911 alii
2998 2871 3126 2911 ante
3153 2857 3361 2924 niejaiu
3379 2857 3722 2924 judicaruut.

2155 2933 2307 2998 Quod
2339 2935 2505 2998 dixit,
2540 2949 2676 3002 opus
2719 2932 2879 2986 variis
2924 2928 3162 2983 lectionis
3208 2930 3566 3002 obseruatione
3595 2928 3728 3002 illii-

2153 2995 2379 3074 stratuin
2414 3015 2460 3074 et
2490 2995 2813 3072 recognitum
2844 3017 2977 3066 esse,
3011 3009 3198 3074 aperte
3227 2995 3420 3049 falsum
3452 3006 3576 3074 est;
3609 2999 3731 3050 nul-

2154 3073 2219 3125 la:
2260 3075 2405 3126 enim
2441 3073 2493 3126 in
2545 3071 2786 3140 margine
2829 3074 2996 3124 varia:
3046 3071 3308 3121 lectiones
3353 3071 3727 3140 reperiuntur.

2156 3144 2270 3209 Qua
2296 3144 2362 3196 de
2385 3158 2548 3196 causa
2579 3136 2796 3214 Grinttei
2832 3141 3029 3214 librum
3073 3141 3253 3190 minus
3295 3136 3482 3190 utilem
3533 3151 3731 3192 cense-

2155 3228 2297 3279 mus,
2331 3228 2494 3282 quam
2522 3211 2870 3282 Erasiiiianas
2904 3211 3191 3282 editiones.

2374 3281 2463 3338 IV.
2505 3284 2776 3336 Ediliones
2808 3279 3085 3332 Francisci
3118 3275 3488 3331 Feuardentii.

2729 3351 2867 3405 1575
2894 3361 2947 3401 et
2976 3350 3132 3403 1576.

2222 3423 2525 3478 Massucltis
2572 3421 2890 3490 prtefatioue
2924 3422 3136 3488 prodit,
3173 3418 3470 3490 primam_a
3519 3416 3724 3490 Franc.

2147 3493 2511 3548 Feuardeiiiio
2547 3486 2866 3547 adornatam
2900 3486 3198 3543 editionem
3247 3490 3388 3556 typis
3416 3486 3609 3542 Nivelli
3668 3504 3724 3543 a.

2151 3564 2289 3617 1575
2322 3575 2375 3616 et
2406 3563 2544 3617 1576
2575 3578 2911 3633 expressam,
2938 3574 3167 3628 eamque
3195 3572 3223 3609 a
3247 3573 3489 3633 priorum
3517 3557 3728 3633 editio-

2149 3649 2278 3687 num
2305 3635 2452 3687 vitiis
2487 3625 2722 3686 nonddm
2747 3633 2880 3685 satis
2906 3625 3265 3696 cupiit-gatain
3297 3643 3441 3696 esse.
3471 3625 3620 3680 Idem
3655 3644 3722 3682 es

2147 3703 2367 3771 Dupinii
2399 3715 2531 3755 nova
2577 3695 3041 3771 ecclesiasticarum
3088 3695 3363 3771 auctorum
3403 3695 3727 3771 Bibliotheca

2148 3766 2461 3827 didicimus.
2517 3772 2622 3826 Sed
2675 3785 2775 3824 nec
2819 3769 3021 3822 Grabio
3054 3781 3153 3820 nec
3193 3767 3325 3819 mihi
3357 3766 3628 3833 contigit,
3666 3779 3722 3819 ut

2149 3845 2293 3898 lianc
2324 3845 2620 3896 editionem
2654 3842 2706 3894 iii
2737 3839 3086 3894 bibliothecis
3133 3838 3529 3890 inveniremus.
3563 3838 3719 3902 Quod

2147 3929 2338 3983 parum
2371 3913 2562 3974 refert,
2609 3927 2732 3964 cum
2772 3913 3028 3963 meliores
3059 3905 3409 3961 Feuai'deiitii
3443 3908 3718 3961 editiones

2147 3987 2304 4038 nobis
2336 3998 2441 4038 non
2467 3983 2756 4036 defuerint.

2860 4048 3016 4104 1596.

2219 4123 2337 4177 Divi
2383 4121 2608 4186 Irenazi,
2653 4122 3018 4191 Lugdunensis
3066 4118 3296 4191 episcOpi
3337 4125 3387 4171 et
3421 4118 3718 4188 martyris,

2147 4197 2397 4246 adversus
2438 4193 2699 4246 Valentini
2723 4187 2767 4245 et
2801 4192 3056 4244 similium
3085 4187 3456 4242 Gnosticoruin
3491 4187 3718 4242 lite’reses

2147 4269 2265 4317 libri
2296 4281 2343 4325 ν,
2368 4266 2484 4331 jam
2515 4266 2741 4317 secundo
2773 4261 3016 4329 diligenti
3045 4259 3309 4312 editorum
3335 4260 3578 4311 codicum
3611 4261 3718 4312 col-

2148 4338 2364 4397 latione,
2396 4336 2727 4388 vetustissimi
2759 4345 3060 4400 maguthue
3095 4331 3221 4400 ﬁdei
3250 4331 3602 4395 manuscripti
3636 4345 3717 4382 co-

2149 4408 2284 4458 dicis
2319 4417 2471 4474 atque
2509 4407 2724 4457 alterius
2785 4402 3025 4455 Vaticani
3073 4405 3138 4453 ab
3185 4403 3474 4474 innumeris
3510 4401 3717 4452 mendis

2153 4471 2418 4542 repurgati
2453 4486 2498 4528 et
2540 4477 2742 4542 aliquot
2773 4474 3034 4540 capitibus
3054 4471 3234 4534 aucti;
3268 4481 3524 4542 prieterea
3549 4475 3712 4522 omni-

475 4520 669 4599 Μίδαι.
703 4547 803 4616 viri
834 4520 1258 4602 illustiis'lsdiavc‘i
1291 4520 1463 4601 Vosgii
1499 4520 1630 4604 19ίῖ
1661 4566 1677 4597 ι
1717 4520 1768 4599 lii
1800 4520 2046 4616 indigine
2079 4520 2122 4575 Β
2151 4520 2264 4606 bare,
2292 4520 2408 4614 (ἵκω
2437 4548 2576 4613 apud
2606 4520 2796 4616 deteres
2820 4520 3025 4616 e'astant
3048 4580 3062 4606 ,
3096 4520 3400 4616 [i'agiiieiitis
3427 4539 3631 4616 Urtecis
3659 4557 3718 4616 ac

481 4630 673 4669 manus
722 4615 902 4670 losuae
952 4618 1177 4672 Merceri
1231 4621 1412 4673 varias
1458 4619 1718 4672 lectiones
1763 4631 1793 4671 e
1837 4615 2046 4672 duobus

477 4688 636 4740 codd.
675 4697 862 4742 erutas
892 4692 1166 4758 ascripsit.

1185 4757 1322 4812 1570

862 4827 926 4882 ll.
960 4827 1140 4882 Editio
1168 4829 1378 4882 Nicolai
1409 4827 1655 4883 Gallasii.

552 4895 668 4950 Divi
702 4895 896 4952 Irenaii
926 4898 1099 4953 Crwci
1118 4902 1392 4969 scriptoris
1419 4900 1783 4966 eruditissimi,
1816 4901 2046 4970 episcopi

481 4964 868 5040 Lugdunensis,
898 4970 1022 5024 libri
1051 4964 1280 5040 quinque
1309 4972 1560 5024 adversus
1584 4964 1910 5039 portentosas
1931 4964 2043 5024 lia}-

480 5053 617 5092 reses
657 5036 920 5111 Valentini
953 5051 1000 5093 et
1028 5036 1275 5106 aliorum,
1315 5036 1615 5095 accuratius
1640 5057 1798 5111 quam
1824 5046 2044 5095 antehac

479 5109 774 5170 emendati,
803 5112 1001 5163 additis
1045 5111 1244 5165 Graecis
1290 5128 1408 5181 qua:
1455 5109 1671 5179 reperiri
1719 5121 2040 5181 potuerunt;

479 5193 640 5250 opera
685 5190 730 5232 et
758 5182 1030 5248 diligentia
1078 5180 1306 5236 Nicolai
1334 5180 1556 5236 Gallasii
1584 5221 1600 5246 ,
1650 5180 1726 5236 S.’
1751 5183 2044 5250 'l'lieologite

478 5248 817 5320 professoris,
851 5267 956 5304 una
984 5268 1102 5304 cum
1133 5255 1364 5320 ejusdem
1397 5253 1852 5307 adnotationibus.
1879 5248 2044 5304 Addi-

479 5327 588 5392 tus.
606 5332 680 5374 est
708 5324 866 5375 etiant
899 5323 1059 5375 indeii:
1095 5323 1555 5392 locupletissimus.
1589 5327 1742 5392 Apud
1783 5323 2042 5376 Joannem

479 5389 528 5448 le
547 5386 727 5463 Preua:
753 5403 800 5445 et
822 5394 1082 5447 Joannem
1102 5386 1352 5449 Paruum.
1377 5386 1652 5463 (Getievaij
1672 5393 1863 5447 MDUC
1875 5392 2039 5450 LXX.

557 5481 576 5514 ι
616 5461 674 5516 lii
725 5465 826 5518 lioc
857 5479 1020 5532 apere
1046 5461 1394 5519 continentur
1429 5480 1445 5519 :
1486 5461 1714 5534 epistula
1745 5465 1811 5517 ad
1843 5466 1905 5516 υ.
1931 5463 2040 5517 Ed-

483 5535 744 5606 mundum
800 5535 1180 5598 Gr'uidallum,
1237 5537 1550 5606 episc0pum
1607 5535 2038 5601 Londiiieiiseui,

480 5619 583 5671 qua
605 5603 778 5676 hujus
806 5607 1058 5676 editionis
1090 5603 1553 5676 atqueiuissiauis
1588 5608 1724 5661 ratio
1765 5607 2038 5668 redditur;

480 5674 726 5746 praelatio
756 5675 824 5729 ad
852 5677 1111 5731 lectorem
1155 5674 1219 5732 de
1263 5678 1512 5731 instituto
1537 5681 1705 5733 totius
1731 5678 1911 5746 operis
1935 5714 1950 5738 ,
1991 5686 2044 5730 et

483 5747 552 5797 de
586 5744 821 5800 utilitate
849 5747 1148 5817 colligenda
1189 5765 1255 5804 ex
1297 5749 1527 5802 lectione
1571 5744 1812 5804 veterum
1853 5751 2041 5801 docta-

482 5829 598 5885 rum
623 5830 637 5881 ;
667 5817 871 5873 (Bucca:
902 5820 1164 5875 dictiones
1192 5863 1204 5886 ,
1235 5836 1351 5890 Quae
1383 5821 1580 5887 passim
1615 5823 1753 5890 apud
1781 5820 2037 5877 iteiiieuin

2149 4609 2390 4679 Latinis,
2447 4609 2567 4669 item
2618 4613 2933 4685 quibusdam
2985 4613 3048 4665 S.
3103 4609 3422 4679 l’olycarpi,
3485 4613 3715 4678 episcopi

2148 4686 2480 4754 Smyrnensis
2504 4699 2548 4739 et
2574 4687 2842 4754 martyris,
2875 4685 3105 4750 scriptis,
3139 4692 3586 4754 nunquant_aiitea
3609 4687 3718 4754 edif

2146 4758 2213 4810 tis
2232 4750 2262 4822 ,’
2283 4757 2504 4828 denique
2550 4750 2802 4828 universis
2828 4757 3077 4828 aliorum
3118 4752 3352 4828 ejusdem
3394 4751 3461 4828 Ι).
3515 4750 3711 4828 [reniti

2147 4843 2385 4894 operum,
2405 4822 2520 4898 qua:
2547 4827 2775 4895 reperire
2799 4827 2984 4890 licuit,
3014 4828 3248 4898 partibus
3278 4822 3612 4898 locupletati.
3645 4849 3714 4860 -—

2146 4899 2357 4950 Addita:
2381 4894 2505 4951 sunt
2541 4894 2609 4950 aa
2645 4901 2857 4965 singula
2899 4905 3072 4964 capita
3102 4896 3265 4965 uaria:
3305 4894 3711 4965 adnotationes,

2145 4971 2336 5038 quibus
2363 4963 2782 5021 emendationuin
2816 4971 2950 5019 ratio
2982 4963 3252 5038 redditur,
3280 4964 3504 5038 obscura
3548 4965 3716 5038 multa

2146 5033 2507 5104 illustrantur,
2535 5049 2580 5092 et
2603 5039 2856 5106 quidquid
2890 5039 2956 5090 ad
2992 5036 3356 5106 antiquitatem
3389 5033 3718 5085 ecclesiasti~

2145 5126 2286 5171 cam,
2314 5125 2373 5161 ac
2405 5120 2513 5161 tant
2548 5105 2771 5162 ueterum
2798 5122 2956 5176 quant
2988 5105 3266 5158 recentium
3294 5107 3567 5176 Ittcreseon
3586 5119 3716 5156 cou-

2147 5182 2460 5248 [utalionem
2486 5181 2743 5248 pertinet,
2775 5175 2913 5246 quod
2958 5192 3022 5230 ea:
3065 5176 3144 5227 liis
3175 5175 3322 5248 libris
3354 5175 3468 5248 erui
3499 5176 3715 5248 potuit,

2145 5245 2350 5318 copiose
2373 5245 2625 5302 traditur.
2651 5277 2720 5287 —
2742 5245 2967 5301 Accessit
2998 5261 3200 5317 quoque
3222 5245 3438 5318 Arnobii
3463 5246 3716 5297 catholici

2143 5331 2190 5373 st
2210 5317 2521 5390 Serapionis
2553 5319 2793 5390 ngyptii
2827 5318 3102 5386 conﬂictus
3136 5317 3199 5369 de
3226 5317 3334 5369 Deo
3363 5317 3501 5390 trino
3529 5324 3580 5366 et
3612 5330 3718 5369 uno

2143 5403 2190 5442 et
2215 5386 2421 5444 duabus
2448 5393 2504 5444 in
2531 5386 2742 5447 Christo
2769 5402 2995 5452 naturis,
3019 5403 3284 5456 nunquam
3308 5386 3443 5453 typis
3463 5400 3714 5440 exc-usus.

2143 5463 2222 5513 Ad
2250 5465 2523 5517 iilustriss.
2549 5463 2838 5530 principem
2862 5472 2910 5513 et
2943 5460 3428 5530 reuerendissimuni
3460 5461 3717 5530 cardluaf

2144 5535 2242 5586 lein
2273 5535 2522 5587 Curatum
2550 5528 2960 5600 Lolliaringum,
2997 5530 3214 5583 Metensi
3251 5540 3297 5580 et
3337 5528 3721 5600 drgeiitiiienst

2143 5609 2403 5672 episcopo,
2435 5618 2537 5660 etc.
2567 5633 2638 5644 —
2668 5596 2858 5655 υιιιιιῖιι
2883 5608 3054 5655 studio
3080 5615 3123 5654 et
3155 5615 3311 5669 opera
3341 5596 3408 5672 [ί.
3436 5596 3714 5672 [fma-eiut

2145 5668 2513 5740 Feuardentii,
2553 5676 2757 5728 ordinis
2799 5672 2867 5726 [θ’.
2911 5668 3214 5735 Miuorum,
3259 5673 3313 5724 in
3358 5668 3420 5724 S.
3452 5668 3714 5736 facuttate

2151 5747 2439 5800 l’arisiensi
2472 5749 2700 5801 doctoris
2725 5745 2974 5814 theologi.
3009 5746 3236 5798 Accessit
3280 5745 3440 5814 index
3473 5744 3711 5807 scriptu-

2146 5835 2322 5874 rarum
2355 5831 2400 5874 ct
2434 5834 2607 5874 rerum
2637 5821 2800 5892 magis
2830 5813 3268 5873 memorabilium.
3312 5813 3531 5882 Reliqua
3576 5814 3711 5875 riae,
