3880 6358
465 353 567 411 455

1211 349 1269 404 S.
1310 348 1564 403 IRENIEI
1600 347 1908 404 EPISCOPI
1944 348 2432 408 LUGDUNENSIS
2467 349 2555 404 ET
2593 351 2953 408 MARTYRIS

3609 358 3716 414 456

460 481 672 522 versam
721 463 1104 527 substantiam.
1148 464 1252 518 nisi
1301 465 1376 525 ei,
1429 478 1548 532 qua:
1603 463 1932 528 confirmat,
1979 480 1997 519 ε

2139 484 2248 536 μει.
2283 465 2498 538 Ταύτην
2542 467 2598 519 δὲ
2626 467 2724 539 τὴν
2756 467 2984 538 δύναμιν
3010 468 3101 521 καὶ
3133 468 3296 539 Ὄρον
3328 468 3404 538 (7)
3435 470 3717 536 καλοῦσιν,

459 571 617 614 extra
669 556 754 628 (ι)
819 555 1240 612 inenarrabile'm
1311 555 1736 623 magnitudinem
1798 557 2033 611 custodit

460 651 670 713 omnia,
694 650 1030 704 occurrisset
1069 649 1276 704 virtuti.
1314 648 1464 703 Hanc
1485 659 1666 702 autem
1699 649 1950 703 virtutem
1976 661 2032 702 et

456 743 640 799 Horon
687 751 911 802 vocant,
954 757 982 794 a
1021 755 1124 810 qua
1171 739 1480 795 ahstentum
1514 739 1614 808 (‘2),
1646 749 1700 795 et
1740 739 2030 793 confirma-

458 843 606 898 tum,
654 832 745 886 vix
792 847 1066 886 reversuro
1111 830 1163 883 in
1207 833 1589 898 semetipsum,
1623 840 1678 885 et
1721 831 2029 886 credentem

449 925 558 992 jam
589 925 844 993 quoniam
877 923 1446 991 incomprehensibilis
1476 933 1561 977 est
1589 922 1754 977 Pater
1791 924 1898 992 (5),
1934 923 2030 976 de-

2138 559 2226 626 ὑφ’
2255 555 2322 629 ἧς
2359 561 2724 630 ἐπεσχῆσθαι,
2769 561 2860 613 καὶ
2905 559 3240 632 ἐστηρίχθαι,
3275 562 3369 614 καὶ
3405 562 3561 632 μόγις
3598 567 3718 617 ἐπι-

2139 651 2444 722 στρέψαντα
2473 655 2552 716 εἰς
2601 653 2824 716 ἑαυτὸν,
2873 656 2966 708 καὶ
3021 653 3330 717 πεισθέντα,
3374 657 3456 709 ὃτι
3510 658 3723 711 ἀκατά-

2133 741 2336 811 ληπτός
2376 744 2525 796 ἐστιν
2573 748 2600 798 ὁ
2653 745 2887 816 Πατὴρ,
2935 745 3231 799 ἀποθέσθαι
3279 748 3378 819 τὴν
3439 749 3720 820 προτέραν

2132 833 2448 905 ἐνθύμησιν,
2468 837 2564 889 σὺν
2585 836 2662 907 τῷ
2690 837 3050 908 ἐπιγινομένῳ
3072 838 3238 891 πάθει
3257 841 3321 892 ὲκ
3349 839 3441 892 τοῦ
3475 840 3719 908 ἐκπλήξι-

2130 943 2224 978 του
2261 928 2467 980 ἐκείνου
2501 929 2796 1000 θαύματος.

452 1018 699 1086 posuisse
723 1017 1007 1086 pristinam
1043 1014 1426 1079 intentionem,
1459 1030 1582 1069 cum
1604 1031 1690 1080 ea,
1717 1030 1840 1084 qua:
1879 1015 2027 1068 acci-

451 1111 625 1175 derat,
651 1110 902 1178 passione
931 1123 998 1161 ex
1033 1107 1123 1160 illa
1148 1110 1392 1177 stuporis
1427 1108 1812 1162 admiratione.

517 1203 571 1256 ὅ.
603 1202 833 1269 Quidam
901 1212 1083 1256 autem
1137 1204 1380 1272 ipsorum
1439 1202 1751 1270 hujusmodi
1800 1200 2017 1270 passio-

448 1311 594 1360 nem,
621 1305 675 1348 et
703 1295 1070 1352 reversionem
1128 1293 1369 1364 Sophim,
1430 1293 1579 1348 velut
1626 1292 1866 1346 fabulam
1891 1307 2022 1346 nar-

447 1388 670 1454 rant“)
711 1405 724 1441 :
755 1387 1146 1456 impossibilem
1172 1397 1228 1440 et
1272 1385 1876 1455 incomprehensibilern
1905 1400 2014 1438 rem

444 1497 564 1536 eam
590 1493 933 1550 aggressam,
965 1478 1248 1548 peperisse
1286 1477 1652 1531 substantiam
1701 1475 2015 1539 informem,

444 1577 658 1646 qualem
707 1586 958 1630 naturam
1013 1574 1253 1628 habebat
1309 1572 1509 1626 femina
1570 1585 1765 1640 parere
1799 1570 1879 1640 (5)
1911 1588 1923 1622 :
1960 1571 2011 1624 in

442 1684 604 1737 quam
639 1682 765 1722 cum
820 1665 1170 1729 intendisset,
1213 1665 1392 1732 primo
1451 1663 1674 1733 quidem
1715 1661 2013 1716 contrista-

444 1770 576 1826 tam,
630 1772 854 1832 propter
915 1759 1505 1814 inconsummationem
1580 1755 2007 1827 generationis:

443 1863 569 1922 post
611 1853 808 1906 deinde
861 1852 1134 1916 timuisse,
1186 1865 1257 1905 ne
1307 1854 1409 1905 hoc
1445 1850 1620 1919 ipsum
1686 1847 1848 1901 linem
1909 1848 2007 1902 ha-

445 1947 575 2000 beat
608 1939 662 2016 (li
721 1965 736 2002 :
791 1945 990 2000 dehinc
1015 1943 1322 2013 expavisse,
1355 1953 1410 1997 et
1438 1941 1764 2011 aporiatam,
1800 1939 1852 1994 id
1900 1949 2006 2004 est,

1664 2055 1866 2110 BlLLlI
1907 2055 2488 2113 INTERPRETATIO.

437 2157 582 2227 quod
615 2172 728 2210 rem
761 2155 1148 2226 impossibilem
1175 2170 1465 2225 aggressus
1493 2153 1974 2227 er_at,_cumqueit1
2002 2162 2247 2227 extrema
2274 2154 2506 2220 quadam
2540 2153 2815 2227 anxietate
2848 2159 3179 2227 versaretur,
3210 2166 3273 2205 ac
3297 2159 3409 2204 tum
3451 2149 3524 2201 oh
3565 2163 3702 2227 pro-

437 2221 726 2282 funditatis
770 2221 1232 2296 magnitudinem;
1253 2221 1912 2296 impervcstigabilemqtte
1943 2221 2119 2296 Patris
2151 2236 2422 2284 naturam,
2459 2233 2569 2296 tum
2601 2222 2669 2277 ob
2700 2221 3050 2296 _singnlaretn
3084 2237 3239 2296 suam
3272 2235 3398 2289 erga
3430 2234 3563 2273 eum
3604 2221 3698 2296 lit-.-

438 2299 820 2362 uevolentiam,
839 2292 904 2349 ad
941 2298 1200 2349 ulteriora
1230 2310 1445 2363 semper
1483 2292 1594 2362 pne
1616 2295 1789 2362 ipsius
1817 2293 2106 2347 dulcedine
2128 2308 2250 2346 sese
2277 2294 2620 2356 extenderet,
2645 2293 2712 2344 ad
2739 2302 3043 2345 extremum
3082 2294 3393 2359 absorptus,
3427 2292 3692 2363 atquein

436 2369 701 2436 integram
733 2357 1023 2421 essentiam
1057 2366 1318 2436 redactus
1333 2357 1540 2436 fuisset,
1571 2357 1671 2417 nisi
1709 2363 1910 2436 in__vim
1942 2377 2062 2414 eam
2090 2375 2144 2415 et
2175 2363 2510 2436 facultatem,
2545 2378 2666 2429 quae
2695 2364 2875 2436 ontnia
2905 2363 3082 2426 fulcit,
3108 2357 3272 2430 atque
3293 2371 3447 2414 extra
3489 2357 3699 2413 ineffa-

435 2431 595 2491 bilem
632 2437 1057 2506 magnitudinem
1110 2435 1374 2497 custodit,
1425 2435 1727 2506 incidisset.
1773 2433 1922 2506 lianc
1951 2439 2132 2506 autem
2171 2433 2278 2484 vim
2319 2431 2524 2506 Horum
2563 2432 2858 2506 appellant,
2893 2448 3059 2506 aquo
3130 2447 3434 2506 repressum
3469 2447 3609 2482 cum
3643 2441 3699 2482 et

434 2503 854 2562 sull‘ultutnesse
885 2507 1188 2560 dicuntzac
1219 2507 1433 2558 tandem
1466 2505 1757 2572 aliquando
1788 2504 1852 2556 ad
1887 2517 2006 2555 sese
2043 2503 2376 2564 redeuntem,
2411 2503 2624 2570 sibique
2656 2504 2870 2557 Patrem
2895 2503 3499 2570 incomprehensibilem
3559 2517 3695 2555 esse

433 2579 869 2646 persuadentem,
900 2577 1135 2646 priorem
1168 2576 1555 2644 cogitationem
1585 2575 1748 2628 simul
1781 2588 1904 2627 cum
1953 2588 2017 2626 ea
2048 2572 2326 2640 passione,
2375 2587 2497 2642 quae
2524 2588 2592 2626 ex
2631 2572 2900 2642 stupende
2935 2572 3028 2626 illo
3055 2572 3315 2626 miraculo
3358 2581 3478 2628 orta
3534 2582 3692 2636 erat,

432 2647 722 2702 abiecisse.

499 2672 501 2692 ¹
615 2663 664 2700 ι⁵
707 2685 722 2700 ο

499 2662 850 2773 ὲῗρὲἷῗιιιυιιί
904 2724 1083 2770 autem
1138 2715 1378 2784 ipsorum
1424 2713 1564 2766 hanc
1608 2711 1824 2782 Sophia:
1851 2711 2160 2781 passionem
2189 2753 2204 2779 ,
2237 2720 2292 2764 et
2335 2713 2747 2768 conversionem
2781 2714 2855 2767 ita
2885 2713 3284 2782 quodammodo
3335 2711 3691 2766 fabulantur.

2684 1098 2755 1130 at)
2824 1083 2841 1088 ”
2886 1071 2904 1090 ς

2195 1207 2246 1260 5.
2305 1209 2474 1260 Ἔνιοι
2497 1207 2553 1261 δὲ
2575 1207 2905 1308 αὺτῶνΛπως
2934 1209 3008 1278 (8)
3041 1209 3102 1261 τὺ
3132 1208 3302 1272 πάθος
3341 1210 3440 1280 τῆς
3480 1211 3712 1280 Σοφίας,

2122 1309 2214 1360 καὶ
2256 1309 2354 1380 τὴν
2412 1308 2744 1380 ἐπιστροφὴν
2801 1308 3185 1380 μυθολογοῦσιν
3231 1327 3243 1338 °
3287 1311 3564 1382 Ἀδυνάτῳ
3620 1315 3716 1366 καὶ

2119 1409 2486 1480 ἀκαταλήπτῳ
2532 1410 2814 1481 πράγματι
2867 1415 3036 1485 αὐτὴν
3085 1417 3555 1486 ὲπιχειρήσασαν,
3620 1432 3711 1466 τε-

2117 1516 2230 1566 κεῖν
2250 1513 2435 1567 οὐσίαν
2461 1513 2705 1585 ἄμορφον
2724 1515 2818 1586 (9),
2849 1517 2965 1569 οἵαν
2989 1517 3150 1585 φύσιν
3181 1514 3314 1588 εἶχε,
3345 1517 3574 1589 θήλειαν
3598 1517 3711 1586 (10)

2112 1621 2291 1671 τεκεῖν
2327 1635 2340 1648 ⁸
2380 1620 2446 1688 ἣν
2471 1619 2562 1672 καὶ
2593 1623 3027 1692 κατανοήσασαν,
3059 1623 3272 1697 πρῶτον
3304 1623 3400 1694 μὲν
3449 1620 3712 1690 λυπηθῆ-

2112 1733 2198 1769 ναι
2229 1716 2316 1770 διὰ
2348 1717 2408 1770 τὸ
2433 1719 2618 1781 ἀτελὲς
2644 1719 2743 1789 τῆς
2797 1721 3080 1789 γενέσεως,
3139 1721 3326 1774 ἔπειτα
3383 1719 3708 1791 φοϐηθῆναι

2115 1818 2246 1889 μηδὲ
2268 1817 2398 1871 αὐτὸ
2417 1817 2478 1871 τὸ
2502 1813 2637 1872 εἶναι
2666 1820 2882 1885 τελείως
2909 1822 3051 1893 ἔχειν
3079 1823 3189 1893 (11)
3212 1840 3225 1852 ·
3260 1821 3379 1874 εἶτα
3407 1822 3705 1892 ἐκστῆναι,

2112 1919 2206 1971 καὶ
2225 1919 2519 1991 ἀπορῆσαι,
2566 1920 2830 1991 ζητοῦσαν
2853 1922 2949 1994 τὴν
2987 1925 3186 1989 αἰτίαν,
3207 1925 3301 1976 καὶ
3340 1924 3520 1976 ὅντινα
3569 1921 3700 1991 τρό-

433 2873 552 2927 cap.
578 2857 667 2923 49,
697 2875 823 2929 pene
861 2857 1172 2929 dissolutum
1219 2873 1369 2921 esse;
1395 2867 1451 2910 et
1501 2864 1692 2929 auctor
1722 2854 1946 2909 lndiculi
1976 2895 1991 2918 ,
2026 2859 2070 2918 Β
2099 2853 2338 2929 quidem,
2367 2854 2410 2908 si
2432 2853 2684 2929 vertisset
2712 2874 2735 2929 :_
2761 2871 2822 2910 ne
2837 2855 2933 2929 hoc.
2960 2857 3132 2929 ipsum
3158 2853 3372 2929 (ᾀτελές
3397 2852 3692 2929 videlicet,

429 2923 558 2999 pene
586 2923 820 2997 periisse.
859 2931 1000 2995 Quin
1040 2939 1096 2980 et
1147 2927 1509 2996 Ireuzeusipse
1541 2926 1700 2999 infra,
1732 2940 1858 2999 pene
1881 2941 1996 2999 per-
2103 2925 3126 2999 inconsummatusfetus)perfectionem
3149 2925 3271 2999 (sibi
3293 2923 3562 2999 debitam)
3584 2940 3696 2999 non

429 2993 547 3056 diti.
586 2993 726 3066 Quae
783 2993 966 3051 omnia
1021 3013 1155 3067 pene
1206 2993 1531 3064 persuadent
1561 2998 1851 3065 scripsisse
1909 2996 1996 3049 in-
2099 2994 2305 3045 habent.
2358 2994 2710 3062 luterpretem
2759 2993 3634 3067 secutus'l‘ertullianusscripsit
3678 3011 3692 3044 :

430 3062 727 3137 aerpreiem
787 3070 929 3137 fere,
961 3062 1104 3137 quod
1159 3062 1464 3122 seribarutn
1510 3062 1780 3135 imperitia
1821 3077 2000 3120 muta—
2099 3073 2327 3137 metuere
2364 3076 2646 3131 postremo,
2687 3081 2750 3119 ne
2781 3066 2905 3137 finis
2937 3082 3136 3133 quoque
3187 3065 3471 3137 insisteret.
3522 3062 3589 3137 l_u
3621 3079 3695 3117 eo

431 3133 542 3191 tum
570 3139 641 3191 sit
674 3139 726 3191 in
760 3133 912 3206 forte,
979 3133 994 3137 “
1568 3133 1605 3207 7—
1700 3204 1710 3207 7
1790 3203 1801 3207 _
2101 3134 2283 3207 lapsus
2307 3138 2827 3207 est7ttterqtte7,qnod
2845 3135 2997 3198 τέλος
3031 3141 3186 3207 ﬁnem
3218 3133 3442 3207 verterit
3467 3179 3485 3204 ,
3538 3134 3691 3188 ἐυιιι

501 3209 579 3276 (l)
604 3208 734 3272 Quae
760 3203 768 3206 ⁷
792 3209 1091 3276 confirmat,
1142 3217 1188 3259 et
1221 3216 1390 3266 extra,
1423 3214 1529 3260 etc.
1567 3203 1893 3260 Particttlam
1922 3215 1994 3275 et,
2098 3205 2501 3276 l_tic7signilicet
2533 3205 2924 3276 perfectionem,
2974 3203 3507 3276 co'nsunnnationent.
3570 3215 3690 3257 etc.

430 3272 702 3346 iu'editis
741 3272 993 3332 omnibus
1043 3292 1323 3346 perperam
1381 3277 1434 3330 in
1481 3291 1716 3345 sequens
1783 3272 1995 3346 comma
2097 3272 2462 3346 Billiusvero,
2490 3272 3420 3346 et7Pet:t\'itts77legentlttmvoluntitt
3452 3272 3694 3346 Graeco;

431 3345 713 3412 trajectam
738 3386 752 3411 ,
796 3350 930 3402 bene
973 3337 1069 3401 suo
1099 3337 1216 3416 loco
1283 3347 1519 3416 restituit
1558 3337 1740 3400 editor
1765 3345 1993 3414 Anglus,

2110 3344 2175 3416 μὴ
2216 3344 2317 3416 καὶγ
2344 3342 2474 3396 αὐτὸ
2513 3341 2572 3394 τὸ
2608 3337 2746 3416 εἷναι
2775 3337 2930 3405 τέλοξ
2946 3344 3068 3416 ἔχῃ.
3095 3344 3329 3398 Grabius
3349 3355 3533 3416 autem
3567 3345 3695 3416 vul-

428 3419 624 3487 ductus
648 3419 970 3471 auctoritate
1001 3419 1123 3470 cod.
1146 3415 1297 3470 Voss.
1325 3414 1783 3480 etGrmcitextus,
1811 3412 1995 3487 στηριν
2097 3412 2277 3487 gatam
2306 3415 2592 3487 lectionem
2623 3412 2869 3467 Graecam
2895 3412 3115 3468 retinet.
3143 3416 3213 3487 At
3234 3413 3498 3487 particula
3520 3413 3694 3487 ,μηδὲ

429 3485 616 3558 (ouo-ﬂ,
652 3487 746 3539 καὶ
784 3487 974 3558 (ἐκτός,
1010 3496 1144 3551 etc.,
1189 3487 1386 3554 quibus
1431 3497 1729 3540 consonant
1750 3496 1805 3539 et
1836 3483 1990 3541 codd.
2101 3483 2399 3553 rejicienda
2452 3483 2690 3558 videtur,
2735 3493 2791 3537 et
2818 3486 3205 3558 commutanda
3250 3485 3302 3538 in
3332 3483 3407 3555 μὴ
3433 3483 3588 3558 ttat"
3619 3483 3695 3541 ile

428 3553 667 3609 ωσι-εἶμι.
693 3567 747 3610 et
776 3557 931 3610 Pass.
1207 3553 1219 3554 ί
1385 3624 1390 3625 7
2098 3566 2298 3625 caetero
2348 3568 2540 3621 parum
2602 3553 2872 3618 interest,
2923 3566 3104 3607 tttrunt
3168 3553 3378 3625 legatur
3399 3555 3582 3618 τέλος,
3619 3575 3691 3609 an

500 3628 578 3695 (2)
606 3628 933 3680 Abstentum.
967 3627 1080 3680 Hac
1133 3640 1266 3680 voce
1321 3624 1492 3678 utitur
1535 3626 1803 3695 interpres
1850 3626 1994 3681 infra
2095 3623 2364 3695 τελείως)
2411 3625 2552 3677 idem
2588 3625 2788 3695 quippe
2839 3640 3033 3680 sensus
3081 3623 3462 3692 eritJNempe
3511 3631 3693 3680 modo

428 3693 524 3749 lib.
551 3693 632 3761 ιιι,
671 3713 790 3766 cap.
819 3698 875 3761 4,
925 3713 979 3750 ιι.
1013 3697 1081 3762 5;
1126 3705 1352 3750 utuntur
1403 3706 1459 3748 et
1500 3693 1751 3748 auctores
1805 3697 1995 3750 Eccle-
2097 3696 2311 3747 dixerat
2344 3693 2584 3748 lrcuteus
2626 3694 2790 3748 fetum
2833 3695 3144 3763 informem,
3177 3698 3689 3750 inconsummatum

427 3767 639 3820 siastici
693 3784 757 3822 ac
803 3766 1051 3821 Concilia
1110 3767 1333 3835 passim,
1380 3766 1482 3836 sed
1511 3766 1618 3818 alio
1647 3779 1829 3819 sensu.
1893 3766 1994 3821 llic
2096 3773 2154 3818 et
2209 3766 2527 3826 invalidum,
2577 3780 2683 3836 uno
2745 3768 2911 3817 verbo
2954 3767 3244 3820 femineum
3294 3767 3491 3836 (quem
3564 3781 3689 3834 pra:

428 3849 556 3888 vero
604 3838 918 3907 significat,
965 3835 1617 3905 repressum,collibitum,
1667 3837 1731 3888 ab
1783 3837 1992 3905 incepto
2099 3835 2364 3907 tuast:qu
2411 3848 2544 3907 sexo
2606 3835 3007 3907 imperfectum
3046 3835 3311 3904 judicant
3341 3835 3584 3907 physici)
3653 3853 3686 3890 a

427 3904 750 3960 revocatum.
1021 3904 1026 3905 ⁷
1128 3975 1131 3976 7
1905 3904 1909 3905 ί
2096 3904 2298 3976 Sophia
2356 3905 2408 3956 itt
2454 3905 2626 3957 lucem
2664 3907 2941 3976 emissum.
2989 3904 3044 3959 Id
3093 3907 3180 3960 ubi
3223 3904 3506 3976 conspexit
3556 3909 3685 3970 illa,

2095 3975 2409 4027 contristata
2451 3984 2562 4037 est;
2624 3973 2819 4027 deinde
2877 3975 3097 4039 timuit,
3152 3993 3216 4030 ne
3274 3973 3438 4044 ipsum
3502 3981 3684 4031 etiam

499 4043 574 4115 (4)
614 4047 760 4100 Velut
814 4043 1048 4115 fabulam
1123 4059 1360 4098 narrant.
1409 4047 1504 4101 Gr.
1559 4045 1987 4116 μυθολογοῦσιν,
2094 4059 2226 4110 esse,
2258 4044 2406 4116 quod
2429 4055 2753 4112 pepererat,
2789 4045 3164 4113 perfectionem
3197 4043 3530 4102 nonhaberet
3564 4050 3683 4103 sibi

425 4114 567 4184 quod
599 4119 737 4170 male
764 4114 828 4170 ah
862 4120 1157 4184 interprete
1198 4118 1484 4170 redditum.
1545 4114 1806 4172 Fabulam
1857 4121 1982 4188 qui-

2110 4123 2296 4188 tatura
2323 4114 2586 4188 debitam,
2623 4129 2717 4188 seu
2741 4131 2804 4166 ne
2827 4119 2996 4188 ipsum
3037 4119 3194 4188 etiam
3217 4133 3326 4170 esse
3373 4119 3684 4184 non-plene

426 4192 546 4258 dem
580 4190 883 4258 narrabant
911 4188 1010 4249 illi,
1042 4190 1134 4258 sed
1161 4202 1290 4258 non
1336 4188 1484 4240 velut
1531 4189 1767 4241 fabulam
1810 4184 1980 4242 lta'he-
2011 4197 2055 4258 ε
2088 4203 2149 4241 ac
2175 4184 2630 4258 perfecteltaberet
2675 4184 3043 4253 itnperfectior
3067 4187 3155 4240 ille
3182 4203 3386 4250 sexus;
3423 4204 3491 4242 ue
3520 4191 3682 4242 scili-

425 4257 572 4316 bant.
611 4257 831 4312 Vertere
878 4257 1045 4326 igitur
1087 4256 1362 4326 debuisset
1415 4257 1708 4326 interpres,
1765 4259 1983 4310 commi-
2022 4254 2053 4258 ⁷
2088 4267 2176 4312 cet
2219 4254 2438 4309 invalidi
2491 4257 2652 4324 hujus
2699 4269 2867 4310 sexus
2924 4270 3113 4312 natura
3172 4257 3226 4311 itt
3277 4257 3510 4314 deformi
3563 4264 3681 4313 ista

426 4327 723 4390 niscnntur,
754 4327 836 4380 vel
866 4343 986 4379 cum
1007 4325 1236 4378 Tertull.
1266 4325 1678 4398 somniaveram.
1896 4397 1900 4398 7
2085 4327 2242 4398 prole
2273 4342 2378 4379 non
2414 4337 2558 4398 esset
2584 4327 2818 4391 integra.

495 4400 818 4470 (5)Qunlem
855 4405 1099 4470 naturam
1135 4397 1358 4470 habebat
1414 4397 1611 4464 femina
1645 4413 1846 4461 parere.
2085 4393 2104 4398 ⁷
2159 4396 2238 4466 (7)
2271 4398 2463 4470 "Oper.
2505 4393 3067 4470 Finem,7terminum:
3097 4399 3222 4468 quia
3251 4399 3496 4470 singulos
3523 4399 3673 4456 Eo-

423 4466 564 4530 λεια,
594 4485 698 4520 non
738 4466 954 4538 θήλειαν
1005 4465 1134 4538 legit
1187 4466 1473 4532 interpres,
1509 4477 1579 4538 et7
1603 4482 1748 4538 cum
1776 4481 1840 4520 eo
1882 4465 1984 4521 Bil-

2110 4465 2182 4522 ttts
2214 4465 2353 4538 intra
2373 4467 2694 4538 Pleromatis
2722 4468 2858 4520 tiucs
2895 4465 3206 4524 coercebat.

403 4540 530 4610 .ltus
559 4548 614 4591 et
639 4535 970 4596 tim-uarius;
1005 4536 1257 4602 lnmcque
1301 4550 1520 4610 sensum
1568 4535 1752 4610 Irenaei
1799 4537 1980 4610 verbis
2085 4608 2096 4610 7
2127 4539 2230 4610 7(8)
2249 4535 2401 4606 Πῶς.
2426 4535 3458 4610 llancparticulaurutinterrogationis
3477 4550 3674 4596 notant

2084 4608 2173 4662 hic
2200 4611 2400 4676 accipit
2453 4608 2751 4667 Petavius;
2797 4609 2958 4661 vertit
3019 4612 3162 4662 enim
3200 4608 3371 4663 {Sed
3433 4612 3674 4666 istorum

2081 4680 2296 4748 quidam
2327 4679 2474 4730 illam
2527 4679 2799 4744 sapientia:
2853 4680 3296 4746 perturbationem
3345 4697 3408 4732 ac
3440 4687 3676 4736 rest-itu-

2084 4753 2275 4800 tionem
2307 4748 2489 4816 quibus
2524 4750 2676 4816 nugis
2721 4750 3300 4803 involvunﬂnimirum
3327 4791 3341 4814 ,
3373 4761 3484 4804 etc.
3529 4755 3671 4806 (ire-

2082 4820 2313 4870 diderim
2337 4833 2436 4887 ego
2471 4831 2565 4870 aut
2588 4827 2821 4872 ornatus
2859 4835 3024 4872 causa
3070 4823 3333 4874 duntaxat
3381 4825 3662 4887 additam,

2082 4899 2176 4940 aut
2207 4890 2518 4968 significare
2547 4894 2644 4940 hoc
2666 4890 2838 4954 modo,
2867 4890 2965 4954 itu,
2996 4900 3129 4958 etc.,
3159 4908 3262 4944 non
3315 4891 3662 4960 hujusmodi,

2083 4969 2141 5010 ut
2171 4971 2330 5011 vertit
2351 4969 2640 5026 interpres.

2153 5031 2229 5098 (9)
2258 5027 2457 5080 Τεκεῖν
2483 5028 2704 5082 οὐσίαν
2723 5027 3010 5098 ἄμορφον.
3067 5029 3210 5084 Bene
3264 5033 3669 5089 auimadwrtit

2082 5096 2188 5170 hoc
2211 5096 2338 5152 loco
2377 5098 2646 5167 Grahius,
2692 5096 3090 5154 Tertullianum
3137 5119 3422 5170 perperam
3461 5106 3664 5159 οὐσίαν

2082 5169 2327 5239 ἄμορφον
2365 5185 2469 5243 non
2496 5171 2694 5243 partui,
2741 5172 2844 5243 sed
2867 5172 3094 5243 portenti
3139 5169 3323 5243 matri_
3359 5189 3456 5240 per
3487 5193 3665 5243 appo-

2082 5243 2336 5293 sitionent
2385 5240 2765 5310 adscripsisse.
2817 5240 3020 5295 Scribit
3067 5244 3213 5295 enim
3251 5239 3416 5294 :Pest
3468 5239 3661 5299 irritos

2082 5320 2322 5382 conatus,
2364 5319 2410 5362 et
2437 5311 2544 5376 spei
2580 5310 2950 5380 dejectionem,
2990 5313 3342 5380 deformatam
3393 5331 3511 5367 eam
3532 5321 3656 5382 put-

2083 5379 2192 5452 lore
2213 5382 2390 5444 credo,
2446 5379 2732 5452 et7macie,
2783 5395 2829 5434 et
2888 5379 3094 5435 incuria
3146 5385 3353 5452 fornice.
3422 5379 3634 5440 Contra

2082 5449 2316 5522 lremeus
2341 5461 2449 5503 tam
2480 5450 2566 5503 hic
2623 5466 2785 5520 quam
2818 5451 2911 5504 lib.
2949 5469 3009 5516 ιι,
3043 5449 3164 5522 cap.
3200 5455 3290 5515 ‘20,
3334 5472 3392 5508 tt.
3441 5453 3662 5510 3:1110-

2084 5536 2198 5593 runt
2222 5518 2296 5593 71E
2303 5537 2378 5593 on
2395 5518 2744 5573 substantiam
2774 5524 3047 5591 informem
3071 5518 3290 5593 peperit.

2157 5591 2266 5660 (ίυ)
2300 5589 2573 5655 Θήλειαν.
2596 5589 2892 5667 Sicomnes
2908 5589 3222 5667 editt.‘cum7
3242 5597 3361 5667 cod.
3387 5596 3522 5667 Reg.
3544 5595 3658 5651 Bil-

2086 5659 2194 5736 lius
2224 5677 2350 5716 vero
2381 5678 2502 5736 cum
2535 5663 2697 5717 veteri
2719 5665 3018 5736 interprete
3044 5665 3171 5734 legit
3204 5665 3414 5736 θήλεια.
3451 5659 3562 5724 Sed
3587 5673 3657 5723 de

2090 5733 2173 5785 his
2189 5747 2351 5799 supra
2381 5733 2444 5784 ad
2479 5743 2686 5786 textum
2715 5733 2993 5796 Latinum,
3029 5733 3144 5790 not.
3174 5738 3229 5790 5.

2164 5803 2208 5871 (Ι
2224 5808 2272 5872 1)
2307 5802 2616 5872 Μιιδάίντὸ
2633 5804 2696 5858 τὸ
2717 5801 2869 5858 εἶναι
2886 5808 3124 5872 τελείως
3140 5809 3318 5878 ἔχειν.
3337 5809 3655 5881 Legendutu

499 3977 576 4044 (5)
603 3979 784 4030 Pater.
817 3977 978 4030 Deest
1007 3977 1060 4030 in
1098 3975 1251 4032 Eras.
1285 3976 1427 4032 Gall.
1464 3985 1520 4030 et
1568 3976 1689 4030 cod.
1723 3976 1990 4032 Ottobon.

425 4609 681 4676 alliugunl
720 4627 734 4660 :
775 4609 1054 4673 informem
1103 4607 1450 4656 substantiam
1474 4645 1489 4668 ,
1527 4605 1736 4672 qualem
1784 4608 1978 4660 scilicet

427 4675 669 4728 maturam
714 4679 908 4744 femina
961 4676 1074 4728 sine
1108 4675 1379 4744 complexu
1406 4677 1585 4728 mariti
1611 4691 1797 4742 parere
1840 4687 1983 4744 pote-

426 4755 533 4809 rat,
565 4764 593 4797 a
619 4743 815 4814 Sophia
843 4746 1172 4813 procreatam
1197 4743 1379 4815 fuisse.
1399 4750 1468 4797 At
1489 4747 1690 4798 nodum
1717 4747 1769 4798 in
1797 4748 1977 4815 scirpo

422 4828 671 4882 quaerunt
736 4819 831 4870 illi.
890 4816 1088 4868 Planus
1148 4824 1232 4866 est
1281 4814 1593 4868 Graecorum
1650 4831 1874 4878 sensus,
1917 4814 1980 4871 isi

424 4901 544 4956 eum
576 4885 851 4941 Frontone
901 4887 1031 4939 Duc.
1069 4885 1414 4952 distinguas:
1466 4885 1582 4936 οἵαν
1630 4884 1791 4953 φύσιν
1839 4884 1976 4956 εἶχε,

424 4954 642 5025 θήλειαν
683 4961 880 5011 τεκεῖν.
920 4957 1140 5020 Qualem
1172 4965 1416 5007 naturam
1469 4958 1580 5022 ipsa
1612 4959 1856 5020 habebat,
1894 4954 1982 5024 er-

425 5027 652 5078 mineam
677 5031 895 5091 scilicet,
940 5027 1196 5094 peperisse
1227 5037 1246 5086 ,'
1303 5027 1385 5077 Vel
1422 5037 1478 5077 ut
1537 5025 1787 5079 Petavius
1813 5031 1981 5094 probe

425 5097 654 5150 reddidit
695 5099 1104 5165 :eiusdemque,
1133 5109 1289 5163 quam
1335 5095 1578 5158 habebat,
1637 5106 1840 5149 natura:
1903 5097 1981 5164 fe—

423 5181 622 5218 nonam
685 5169 964 5235 peperisse.
989 5166 1099 5219 Nec
1129 5179 1348 5216 necesse
1411 5175 1494 5218 est
1551 5168 1769 5218 verbum
1799 5168 1978 5218 τεκεῖν

424 5237 577 5302 quasi
620 5238 951 5298 superfluum
990 5249 1322 5303 expungere.
1368 5244 1426 5288 ut
1467 5235 1579 5289 vult
1613 5235 1838 5300 Fronto,
1870 5252 1976 5290 non

423 5309 567 5359 enim
616 5307 1018 5361 incommodum
1045 5315 1148 5358 est.
1182 5305 1404 5358 Certum
1435 5315 1518 5359 est
1547 5314 1728 5357 autem
1757 5321 1880 5359 cum
1910 5321 1981 5359 ex

424 5377 653 5430 Tertull.
699 5395 821 5446 cap.
856 5376 944 5440 10,
982 5387 1092 5428 ιυιιι
1126 5389 1192 5446 ex
1227 5374 1430 5428 lrenzno
1458 5378 1572 5444 ipso
1599 5376 1738 5428 infra
1772 5391 1892 5441 cap.
1921 5375 1978 5438 5,

421 5460 475 5501 et
503 5448 595 5500 lib.
625 5464 687 5515 ιι,
737 5445 860 5514 cap.
907 5447 996 5502 20.
1050 5445 1326 5512 informem
1358 5449 1530 5511 illum,
1586 5455 1640 5498 et
1685 5448 1977 5498 invalidum

423 5519 635 5586 baphia:
653 5517 1226 5586 fructum,femineum,
1251 5530 1343 5586 seu
1374 5516 1623 5581 feminam
1659 5518 1934 5586 exstitisse
1959 5532 1972 5566 :

421 5584 555 5640 adeo
589 5584 660 5640 ut
691 5590 909 5640 dubiuttt
956 5602 1060 5639 non
1111 5587 1201 5648 sit,
1252 5585 1382 5652 qttin
1437 5594 1537 5640 huc
1585 5587 1702 5640 loco
1755 5584 1973 5656 θήλειαν

420 5660 700 5724 scripserit
731 5659 1105 5711 sanctissimus
1130 5666 1356 5724 martyr.

495 5723 569 5798 (ti)
618 5728 971 5790 Timuisse,ne
1005 5728 1099 5798 ltoc
1118 5723 1283 5798 ipsum
1310 5797 1313 5798 7
1337 5726 1491 5798 finem
1522 5727 1726 5798 Itabeat.
1762 5726 1980 5797 Legisse

422 5793 910 5868 Videtut'iutet'pres
936 5815 948 5851 :
980 5795 1054 5868 μὴ
1083 5797 1176 5848 καὶ
1201 5793 1330 5846 αὐτ)
1362 5797 1511 5860 τέλος
1528 5797 1625 5870 ἔχῃ
1666 5842 1680 5865 ,
1719 5815 1818 5854 nec
1841 5793 1980 5852 ittale
