3880 6358
235 380 335 434 495

1249 368 1529 427 CONTRA
1569 369 1909 426 "IERESES
1943 369 2145 426 LIBER
2177 372 2457 430 PRIMUS.

3367 372 3472 427 494

233 512 319 557 τες
341 491 519 553 αὐτὸν,
546 489 791 543 τουτέστι
820 490 927 543 τῶν
962 489 1225 559 ψυχικῶψ
1254 487 1362 540 τῶν
1385 487 1440 540 δὲ
1477 488 1799 558 ἀριστερῶν,

1932 490 2126 558 [uidem
2160 488 2379 544 Patrem
2407 489 2652 543 dicentes
2677 500 2823 550 eum,
2859 486 2912 540 id
2943 492 3024 541 est
3052 484 3471 557 psychicorum;

231 584 464 640 τουτέστι
490 582 599 633 τῶν
627 581 849 644 ὑλικῶν,
888 581 1249 650 Δημιουργὸν,
1273 578 1601 649 συμπάντων
1624 578 1681 630 δὲ
1709 578 1803 647 βα-

236 676 397 729 σιλέα.
437 674 553 743 Τὴν
573 670 683 741 γὰρ
713 672 1038 744 Ἐνθύμησιν
1077 672 1278 742 ταύτην
1326 670 1678 741 βουληθεῖσαν
1727 671 1805 732 εἰς

233 769 387 839 τιμὴν
412 764 519 818 τῶν
546 764 765 817 Αξώνων
791 764 858 817 τὰ
884 764 1060 817 πάντα
1087 762 1328 832 ποιῆσαι,
1357 762 1571 823 εἰκόνας
1592 760 1806 827 λέγουσι

232 856 583 927 πεποιηκέναι
610 854 810 917 αὐτῶν,
842 854 1038 925 μᾶλλον
1062 856 1119 908 δὲ
1145 854 1235 907 τὸν
1268 853 1498 924 Σωτῆρα
1522 854 1588 906 δι’
1614 853 1803 922 αὐτῆς.

233 950 339 1004 Καὶ
363 949 531 1019 αὐτὴν
569 950 669 1021 μὲν
694 950 752 1001 ὲν
778 950 945 1002 εἰκόνι
973 948 1049 1017 (l)
1078 948 1170 1001 τοῦ
1209 947 1441 1018 ἀοράτου
1478 947 1689 1017 Πατρὸς
1724 963 1809 998 τε-

231 1041 546 1112 τηρηκέναι,
586 1039 660 1110 μὴ
698 1038 1103 1109 γινωσκομένην
1144 1037 1248 1090 ὑπὸ
1294 1036 1386 1089 τοῦ
1429 1034 1804 1107 Δημιουργοῦ’

232 1132 413 1187 τοῦτον
435 1132 493 1184 δὲ
520 1127 614 1183 τοῦ
646 1129 964 1201 μονογενοῦς
990 1130 1128 1194 υἱοῦ,
1152 1131 1258 1183 τῶν
1283 1130 1339 1183 δὲ
1366 1129 1565 1182 λοιπῶν
1591 1128 1809 1181 Mdiva

236 1225 359 1286 τοὺς
403 1223 507 1275 ὑπὸ
532 1224 735 1275 τούτων
766 1222 843 1293 (2)
871 1223 1159 1290 γεγονότας
1206 1220 1577 1291 ἅρχαγγέλους
1620 1238 1677 1271 τε
1718 1220 1809 1271 καὶ

236 1315 513 1385 ἀγγέλους.

300 1408 353 1460 2.
384 1406 603 1477 Πατέρα
636 1402 728 1460 οὖν
767 1408 859 1459 καὶ⁸
882 1406 1014 1458 Θεὸν
1045 1406 1292 1474 λέγουσιν
1335 1404 1493 1457 αὑτὸν
1535 1406 1812 1471 γεγονέναι

236 1498 337 1550 τῶν
359 1498 517 1560 ἐκτὸς
544 1498 637 1550 τοῦ
664 1496 1031 1568 Πληρώματος
1055 1536 1071 1559 ,
1092 1497 1322 1568 ποιητὴν
1336 1496 1465 1549 ὄντα
1483 1496 1697 1549 πάντων
1712 1496 1815 1565 ψυ-

236 1590 399 1662 χικῶν
426 1608 487 1643 τε
519 1592 614 1643 καὶ
642 1589 858 1643 ὑλικῶν.
888 1590 1251 1661 Διακρίναντα
1266 1587 1374 1660 γὰρ
1405 1588 1502 1651 τὰς
1521 1588 1614 1641 δύο
1629 1589 1815 1652 οὐσίας

239 1683 665 1753 ῳγκεχυμένας,
697 1682 788 1736 καὶ
828 1679 887 1746 ἐξ
924 1680 1228 1751 ἀσωμάτων
1270 1682 1813 1752 σωματοποιήσαντα,

238 1775 761 1846 δεδημιουργηκέναι
787 1774 858 1827 τά
897 1791 957 1827 τε
993 1773 1238 1844 οὐράνια,
1280 1773 1375 1826 καὶ
1397 1774 1465 1827 τὰ
1493 1775 1675 1844 γήϊνα,
1720 1774 1814 1826 καὶ

1906 582 2255 637 sinistrorum
2296 598 2450 647 vero,
2481 581 2533 635 id
2570 592 2656 636 est
2698 579 3009 651 hylicorum
3038 622 3052 643 ,
3083 580 3433 651 Demiurgum
3457 598 3477 637 :

1905 672 2147 726 omnium
2175 682 2355 727 autem
2387 687 2589 742 regem.
2629 671 2782 725 Hanc
2816 670 2964 724 enim
2995 670 3355 740 Enthymesin
3378 686 3478 727 vo-

1908 762 2106 817 lentem
2143 763 2195 815 in
2224 763 2460 817 Aionum
2509 762 2767 815 honorem
2801 760 2986 815 omnia
3040 759 3247 825 facere,
3280 761 3476 831 imagi-

1911 867 2005 906 nes
2056 852 2137 923 (6)
2166 854 2354 908 dicunt
2401 854 2595 909 fecisse
2632 854 2898 921 ipsorum,
2932 853 3107 922 magis
3142 863 3321 908 autem
3351 854 3478 909 Sal—

1909 952 2157 997 vatorem
2204 957 2303 1011 per
2339 943 2530 1011 ipsam.
2578 942 2645 996 Et
2680 941 2850 1009 ipsam
2881 942 3099 1011 quidem
3133 944 3186 996 in
3240 944 3479 1013 imagine

1912 1034 2203 1089 invisibilis
2241 1034 2421 1088 Patris
2471 1048 2830 1089 conservasse
2889 1034 3219 1104 incognitam
3283 1052 3314 1091 a
3371 1038 3479 1092 De-

1913 1126 2157 1195 miurgo:
2219 1126 2363 1179 hunc
2396 1133 2577 1179 autem
2628 1125 2888 1196 unigeniti
2942 1125 3065 1179 Filii
3095 1126 3206 1197 (7);
3242 1127 3482 1196 reliquo-

1914 1231 2034 1268 rum
2060 1230 2196 1270 vero
2232 1214 2469 1269 Ᾰίοηιιιιι
2499 1230 2615 1280 eos,
2636 1216 2732 1285 qui
2764 1214 2832 1269 ab
2864 1216 2968 1271 hoc
2992 1216 3118 1271 facti
3150 1228 3274 1271 sunt
3306 1219 3482 1287 angeli

1913 1316 1967 1359 et
1998 1304 2335 1374 archangeli.

1986 1398 2043 1450 9..
2074 1396 2292 1450 Patrem
2345 1398 2529 1464 itaque
2579 1397 2658 1465 (8)
2712 1407 2766 1451 et
2824 1398 2992 1452 Deum
3048 1399 3235 1453 dicunt
3277 1401 3482 1456 factum

1916 1502 2105 1543 eorum
2138 1502 2258 1556 quae
2291 1498 2418 1542 sunt
2464 1499 2621 1541 extra
2650 1488 2897 1543 Pleroma
2926 1491 3003 1559 (9)
3030 1532 3045 1555 ,
3099 1491 3482 1549 fabricatorem

1916 1591 2039 1632 esse
2071 1577 2183 1648 (l0)
2212 1580 2452 1632 omnium
2477 1579 2857 1648 psychicorum
2881 1590 2937 1634 et
2961 1581 3281 1651 hylicorum.
3315 1583 3486 1652 Sepa-

1924 1682 2136 1724 rantem
2167 1670 2315 1723 enim
2354 1669 2493 1723 duas
2522 1669 2857 1723 substantias
2887 1673 3141 1726 confusas
3170 1714 3186 1737 ,
3232 1683 3287 1726 et
3309 1676 3373 1729 de
3406 1676 3485 1727 in-

1920 1758 2299 1827 corporalibus
2330 1758 2636 1826 corporalia
2671 1758 2983 1823 facientem,
3025 1760 3322 1816 fabricasse
3365 1781 3487 1832 qua:

240 1867 517 1935 γεγονέναι
546 1866 746 1919 ὑλικῶν
772 1866 863 1919 καὶ
896 1864 1163 1935 ψυχικῶν,
1183 1864 1373 1930 δεξιῶν
1397 1867 1491 1919 καὶ
1514 1864 1817 1936 ἀριστερῶν

1932 1862 2048 1906 sunt
2103 1852 2350 1907 caelestia
2402 1860 2456 1905 et
2486 1862 2723 1914 terrena,
2754 1861 2809 1905 et
2833 1850 3036 1905 factum
3070 1853 3376 1923 hylicorum
3431 1864 3490 1911 et

238 1958 585 2029 δημιουργὸν,
615 1956 829 2025 κούφων
856 1958 947 2010 καὶ
994 1956 1225 2027 βαρέων,
1256 1956 1554 2027 ἀνωφερῶν
1587 1956 1681 2008 καὶ
1722 1973 1819 2009 κα-

239 2051 519 2121 τωφερῶν.
566 2050 738 2103 Ἐπτά
778 2050 885 2127 γὰρ
924 2050 1185 2118 οὐρανοὺς
1232 2048 1712 2111 κατεσκευακέναι,
1745 2041 1821 2100 ὧν

240 2143 419 2195 ἐπάνω
458 2143 555 2195 τὸν
579 2141 918 2212 Δημιουργὸν
946 2137 1084 2193 εἶναι
1117 2141 1362 2209 λέγουσι’
1401 2140 1494 2194 καὶ
1537 2140 1623 2194 διά
1666 2138 1823 2193 τοῦτο

252 2233 550 2302 Ἐϐδομάὃα
579 2232 836 2286 καλοῦσιν
865 2232 1048 2295 αὑτὸν,
1086 2232 1184 2303 τὴν
1213 2233 1269 2285 δὲ
1300 2233 1509 2303 μητέρα
1535 2230 1633 2301 τὴν
1674 2233 1824 2301 Ἀχα-

246 2323 377 2395 iam,
414 2322 700 2390 Ὀγδοάδα,
736 2321 1122 2386 ἀποσώζουσαν
1154 2322 1246 2376 τὸν
1272 2322 1504 2393 ἀριθμὸν
1542 2322 1635 2375 τοῦ
1674 2323 1829 2393 ἀρχεέ

242 2415 391 2482 γόνου
420 2413 526 2482 (5),
568 2411 662 2465 καὶ
698 2410 919 2481 πρώτης
953 2412 1034 2477 (αἱ)
1064 2411 1156 2465 τοῦ
1196 2411 1568 2482 Πληρώματος
1610 2410 1827 2478 ὐγδοά-

241 2507 340 2571 δος.
383 2507 527 2568 Τοὺς
568 2505 626 2558 δὲ
667 2504 808 2557 ἑπτὰ
847 2504 1125 2575 οὐρανοὺς,
1172 2506 1273 2556 οὐκ
1310 2499 1445 2556 εἶναι
1491 2501 1714 2571 νοητοὺς
1749 2503 1827 2571 (5)

1919 1948 2332 2017 psychicorum,
2382 1947 2700 2001 dextrorum
2726 1954 2779 2000 et
2809 1945 3151 2000 sinisuorum
3196 1946 3489 2003 fabricato-

1919 2056 2074 2107 rem,
2122 2040 2323 2094 levium
2372 2047 2428 2093 et
2456 2040 2703 2108 gravium
2734 2079 2749 2103 ,
2782 2055 2998 2093 sursum
3032 2039 3399 2095 advolantinm
3434 2054 3491 2095 et

1921 2134 2177 2187 deorsum
2210 2132 2657 2201 devergentium;
2717 2142 2924 2201 septem
2958 2147 3175 2202 quoque
3206 2134 3376 2189 cwlos
3407 2135 3485 2190 fe-

1922 2225 2086 2286 cisse,
2119 2238 2283 2291 super
2320 2237 2456 2290 quos
2490 2224 2836 2293 Demiurgum
2868 2239 2989 2280 esse
3017 2226 3233 2282 dicunt;
3277 2230 3344 2283 Et
3366 2246 3492 2299 pro-

1924 2326 2045 2384 pter
2098 2316 2198 2369 hoc
2233 2312 2637 2367 llehdomadam
2663 2324 3026 2378 vocanteum,
3054 2327 3280 2373 matrem
3309 2330 3490 2376 autem

1925 2408 2253 2470 Achainoth,
2285 2405 2538 2476 Ogdoada
2560 2448 2575 2469 ,
2615 2418 2923 2463 servantem
2977 2426 3258 2466 numerum
3292 2416 3494 2483 primo-

1927 2502 2123 2570 genitze
2168 2510 2223 2553 et
2246 2499 2523 2568 primaria:
2549 2498 2874 2553 Pleromatis
2925 2499 3215 2569 Ogdoadis.
3269 2502 3495 2575 Septem

1490 2614 1687 2668 BILLII
1725 2610 2307 2668 INTERPRETATIO.

246 2718 486 2772 eamdem
509 2731 634 2770 cum
651 2715 774 2786 ipso
789 2714 1080 2771 essentiam
1099 2712 1441 2786 habent,th
1463 2723 1547 2766 est
1562 2710 1969 2786 psychicnrum,
1993 2711 2293 2786 quaeetiam
2315 2709 2500 2786 dextra
2522 2709 2815 2786 appellant,
2833 2725 2994 2786 quam
3019 2726 3138 2780 quae
3159 2727 3224 2767 ex
3244 2714 3496 2782 passione

247 2797 299 2842 et
326 2787 560 2840 materia
590 2778 880 2855 procreata
912 2797 1070 2847 sunt,
1099 2799 1219 2853 qum
1270 2783 1493 2850 quidem
1543 2778 1766 2855 sinistra
1799 2778 2025 2855 vocant,
2052 2779 2395 2855 informasse.
2442 2778 2595 2855 Hunc
2623 2781 2765 2833 enim
2795 2778 2973 2855 omnia
3005 2778 3186 2855 {quae
3214 2778 3334 2850 post
3365 2799 3493 2855 eum

247 2849 605 2917 exstiterunt,
647 2856 719 2909 ita
770 2855 1035 2909 formasse
1085 2849 1359 2914 asserunt,
1391 2861 1449 2904 ut
1486 2851 1723 2914 occulte,
1771 2866 1833 2903 ac
1885 2851 2016 2903 nihil
2052 2849 2319 2915 ejusmodi
2357 2851 2622 2914 sentiens,
2660 2864 2688 2900 a
2718 2859 2887 2921 matre
2915 2849 3308 2921 impelleretur.
3349 2854 3495 2920 Quo-

249 2928 391 2982 circa
415 2938 469 2981 et
508 2925 958 2995 Metropatorcm,
985 2934 1039 2978 et
1063 2926 1378 2995 Apatorem,
1407 2930 1462 2975 et
1485 2921 1864 2995 Demiurgum,
1890 2936 1951 2975 ac
1973 2921 2190 2973 Patrem
2206 2934 2345 2995 _eum
2378 2929 2723 2995 nimcupant;
2756 2920 3072 2995 dextrorum
3114 2923 3356 2995 quidem.
3391 2927 3494 2978 hoc.

247 3006 328 3051 est
356 2989 749 3067 psychjcoru'm
788 2995 1005 3067 Patrem
1038 2989 1161 3067 eum
1195 2992 1541 3067 dictita_ntes;
1576 2989 1923 3067 sinistrarum
1958 2989 2308 3067 autemdroc
2337 2999 2420 3042 est
2448 2990 2746 3067 Itylicorum
2782 2992 3056 3067 opificem,
3095 2989 3339 3067 omnium
3367 3010 3498 3067 vero

248 3058 451 3130 regem:
496 3065 811 3119 Hancenim
841 3064 1213 3132 Enthymesiu,
1251 3063 1317 3115 ad
1346 3061 1581 3115 Ᾱὲοιιιιηι
1616 3061 1875 3115 honorem
1899 3071 2092 3114 cuncta
2118 3058 2331 3113 efﬁcere
2365 3060 2695 3132 cupientem,
2715 3059 2997 3132 imagines
3025 3076 3212 3132 eorum
3250 3062 3499 3118 effecisse

250 3137 495 3200 tradunt,
529 3137 617 3189 vel
671 3136 851 3202 potius
906 3129 1247 3204 Salvatorem
1281 3146 1445 3201 opera
1494 3132 1687 3204 ipsius.
1735 3132 1819 3184 Ab
1873 3145 1938 3183 eo
1981 3132 2125 3204 enim
2155 3131 2323 3198 ipsam
2366 3129 2581 3204 quidem
2626 3130 2675 3204 in
2714 3130 3227 3204 invisibilisMPatris
3263 3135 3499 3204 imagine

250 3204 319 3258 ita
355 3198 746 3259 conservatam
786 3218 932 3264 esse,
970 3212 1027 3255 ut
1061 3198 1351 3271 Dcmiurgo
1379 3216 1603 3268 prorsus
1636 3202 1815 3270 ignota
1862 3210 2049 3263 esset;
2104 3202 2247 3253 hunc
2293 3209 2477 3251 autem
2530 3199 2582 3251 in
2625 3198 2941 3269 Monogenis
2993 3200 3089 3254 lilii
3137 3198 3398 3271 imagine;
3443 3206 3497 3259 in

250 3276 591 3344 reliquorum
617 3289 749 3344 vero
774 3273 1033 3336 ᾹΞοιιιιιιι,
1063 3272 1425 3344 archangelos
1460 3280 1516 3325 et
1556 3273 1784 3339 angelos
1812 3285 1877 3324 ex
1909 3271 2048 3344 ipso
2068 3278 2403 3337 procreatus.

312 3339 382 3399 ‘2.-
414 3344 605 3412 Itaque
638 3343 851 3397 Patrem
881 3359 1041 3404 eum,
1068 3358 1130 3395 ac
1178 3339 1346 3394 Deum
1380 3356 1569 3412 eorum
1592 3381 1606 3403 ,
1633 3356 1755 3409 qua:
1786 3350 1960 3412 extra
1993 3339 2242 3412 Pleroma
2299 3348 2445 3412 sunt,
2476 3340 2752 3412 exstitisse
2800 3339 3009 3402 dicunt,
3041 3350 3222 3411 utpote
3258 3345 3498 3398 omnium

252 3426 358 3470 tam
383 3410 796 3485 psychicorum,
849 3428 1013 3485 quam
1056 3411 1722 3485 hylicorumellectorem.
1784 3410 2063 3485 Distinctis
2107 3410 2260 3485 enim
2311 3410 2528 3463 duabus
2583 3410 2689 3485 illis
2737 3412 2990 3485 essentiis
3042 3423 3167 3465 ante
3212 3413 3497 3475 confusis,

251 3479 409 3555 atque
437 3479 505 3540 ex
552 3479 892 3554 incorporeis
952 3483 1003 3536 in
1052 3479 1348 3551 cerporeas
1380 3481 1708 3545 immutatis,
1747 3489 1857 3533 tam
1907 3480 2188 3539 caelestia,
2226 3494 2389 3547 quam
2423 3480 2708 3534 terrestria
2736 3479 3068 3547 condidisse,
3099 3496 3153 3536 et
3196 3485 3501 3554 hylicorum

254 3640 327 3698 sic
360 3652 548 3692 rerum
575 3637 818 3709 omnium
841 3634 1090 3709 opificem
1124 3634 1391 3709 vocabant
1418 3633 1655 3709 Qhaldaﬁ
1681 3635 1819 3703 apud
1848 3640 1889 3696 (ζ
1924 3633 2303 3709 intellectuales
2330 3633 2483 3709 (non.
2501 3634 2893 3709 intelligibiles)
2920 3653 3030 3690 esse
3055 3638 3257 3691 dicunt.
3286 3639 3351 3693 Et
3378 3641 3499 3709 qui-

253 3709 557 3776 Orpheum.
591 3707 814 3760 citatum
846 3722 876 3759 a
910 3706 1186 3759 Clemente
1229 3705 1406 3776 Adicio,
1444 3704 1479 3776 l4.
1527 3719 1556 3755 ν
1585 3704 1815 3776 Strom.,

255 3769 1170 3851 ι).ΒθὸλιἋφοιτε-μητρὸπατορ,
1225 3769 1285 3851 οὗ
1330 3773 1487 3845 θυμῷ
1525 3773 1820 3851 πάντα-δο-

253 3842 552 3905 νεῖται-Ὃς
571 3842 739 3909 κινεῖς
765 3842 998 3916 ἀνέμους
1018 3886 1033 3908 ,
1068 3842 1174 3916 etc.
1216 3843 1241 3896 I
1252 3842 1531 3910 "corrupte
1558 3842 1611 3895 Μ
1622 3844 1821 3916 atripa-

254 3920 459 3983 (διπηιιὶ
483 3927 676 3970 cuncta
700 3913 1086 3969 volvisanimo:
1110 3914 1211 3978 Qui
1232 3923 1405 3966 ventos
1430 3930 1620 3967 moves.
1654 3913 1821 3966 Porro

258 3988 631 4061 μητροπάτωρ
669 3985 873 4061 Graecis
893 4000 1038 4061 avus
1062 3994 1336 4036 maternus
1363 3994 1467 4061 est,
1504 3998 1600 4036 seu
1630 3983 1821 4036 matris

255 4054 440 4129 pater;
468 4067 526 4111 et
554 4054 630 4129 ita
682 4055 863 4109 dictus
893 4055 1217 4129 Demiurgus
1238 4094 1253 4116 ,
1280 4054 1423 4129 quod
1460 4062 1665 4129 natura;
1692 4067 1820 4129 om-

257 4122 399 4183 nium
425 4122 629 4179 matris
658 4139 854 4193 parens
889 4133 1059 4178 esset.
1114 4124 1257 4175 idem
1292 4123 1522 4193 ἀπάτωρ
1557 4137 1586 4174 a
1626 4122 1821 4176 Valen-

259 4198 475 4253 tinianis
505 4197 685 4249 dictus
734 4193 837 4247 fuit
866 4195 1010 4262 quod
1068 4206 1095 4244 a
1140 4202 1315 4245 matre
1347 4193 1651 4246 Achainoth
1705 4193 1823 4245 sine

255 4280 410 4339 patre
433 4267 739 4339 productus
778 4274 988 4339 esset;_
1017 4263 1069 4315 in
1105 4264 1210 4339 hoc
1236 4262 1493 4339 Vulcano
1538 4272 1821 4339 poetarum

256 4331 468 4398 similis,
498 4334 592 4403 qui
621 4336 689 4388 ab
708 4335 896 4387 iisdem
918 4333 1082 4386 etiam
1104 4331 1333 4401 ἀπάτωρ
1356 4331 1662 4397 dicebatur,
1678 4333 1821 4401 quod

255 4423 285 4461 a
307 4406 524 4461 Junone
553 4405 667 4457 sola
700 4405 993 4470 productus
1022 4411 1187 4455 esset.

321 4479 398 4546 (l)
438 4474 547 4546 Ἐκ
568 4475 774 4546 εἰκόνι,
800 4484 911 4546 etc._
942 4472 1040 4526 llic
1073 4470 1255 4546 εἰκόνα
1277 4511 1313 4546 ,Α
1343 4479 1397 4525 et
1426 4482 1822 4546 consequenter

256 4547 307 4602 in
331 4542 489 4602 textu
523 4543 721 4598 Latino
749 4542 1030 4611 imaginem
1076 4556 1174 4609 pro
1208 4543 1264 4611 in
1296 4542 1543 4610 imagine,
1572 4543 1675 4611 legi
1710 4542 1824 4595 vult

256 4616 523 4671 Pamelius
539 4616 605 4666 ad
625 4630 674 4668 c.
700 4612 766 4668 l9
802 4610 950 4666 Tert.
974 4612 1092 4665 adv.
1118 4610 1263 4674 Val.;
1304 4613 1398 4666 sed
1430 4610 1651 4667 frustra.
1671 4612 1824 4665 Modo

257 4691 308 4741 in
332 4687 501 4755 priori
537 4685 641 4739 hoc
695 4693 965 4755 commate
991 4681 1363 4755 subintelligas
1390 4719 1407 4745 ,
1457 4683 1658 4755 ἑαυτήν
1689 4720 1704 4743 ,
1769 4686 1823 4735 in

258 4752 450 4811 ιεἰὶηο
480 4756 709 4822 seipsam
737 4792 753 4816 ,
792 4753 842 4805 in
875 4752 1232 4819 sequentibus
1261 4766 1389 4805 vero
1408 4792 1423 4815 ,
1452 4753 1511 4804 ἐν
1537 4752 1707 4805 εἰκόνι
1734 4769 1825 4804 τε-

256 4825 575 4898 τηρηκέναι,
613 4825 669 4877 in
696 4822 918 4898 imagine
946 4837 1298 4898 conservasse,
1328 4830 1547 4898 apertus
1588 4833 1826 4898 estsed-

259 4892 387 4950 susi
434 4897 653 4949 scilicet
688 4933 702 4955 ,
754 4893 1115 4961 Euthymcsin
1174 4892 1224 4943 in
1256 4893 1488 4960 imagine
1534 4892 1823 4946 invisibilis

260 4965 435 5019 Patris
461 4978 823 5019 conservasse
847 4968 1078 5029 seipsam
1109 4961 1436 5028 incognitam
1462 4978 1488 5013 a
1512 4962 1821 5029 Demiurgo;

265 5034 615 5103 Demiurgum
644 5042 821 5085 autem
847 5045 1202 5085 coaservasse
1221 5032 1273 5103 in
1299 5033 1530 5101 imagine
1562 5032 1825 5099 mrigeniti

262 5105 413 5169 Filii,
454 5102 685 5173 angelos
719 5118 846 5155 vero
881 5102 1342 5173 etﬂarchangelos
1380 5116 1741 5156 conservasse
1775 5104 1830 5155 iu

264 5176 494 5245 imagine
529 5168 865 5245 reliquorum
905 5168 1165 5245 Ilionam.

328 5240 405 5315 (ἶ)
438 5246 696 5315 Τούτων.
735 5242 959 5315 [Γούτου
992 5241 1120 5309 legit
1148 5240 1337 5295 Billius
1365 5255 1431 5295 ex
1466 5242 1636 5296 veteri
1670 5241 1833 5294 inter-

264 5312 429 5383 prete,
466 5324 525 5369 et
557 5312 923 5366 Tertulliano.

328 5380 559 5453 (3)705
608 5384 958 5453 ἀρχεγόνου.
1022 5380 1163 5449 Lege
1188 5397 1313 5437 cum
1368 5382 1685 5449 interprete,
1736 5380 1832 5449 τῆς

264 5454 573 5527 ἀρχεγόνου.

332 5518 699 5594 ἱλΥΠρώτης.
731 5522 822 5578 Sic
883 5521 1030 5594 cod.»
1067 5521 1203 5589 Reg.
1242 5535 1368 5575 cum
1397 5520 1554 5594 editt.
1583 5518 1725 5594 Gali.
1784 5526 1840 5572 et

270 5590 518 5660 Feuard.,
550 5605 607 5649 et
634 5590 717 5649 Sic
741 5595 903 5648 etiam
932 5592 1061 5663 legit
1082 5595 1369 5660 interpres.
1400 5590 1455 5643 lu
1480 5591 1692 5663 exteris
1716 5604 1839 5643 cum

222 5695 226 5698 ‹
272 5659 578 5735 Epiphauii,
620 5674 734 5735 t_um
771 5663 963 5716 [renati
987 5659 1181 5735 editt.,
1208 5659 1403 5735 vitiose
1431 5660 1536 5735 πρὸ
1566 5659 1681 5729 τῆς.

334 5728 409 5807 (5)
443 5731 751 5790 Οὐκ-εἷναι
781 5737 1059 5807 tantone.
1094 5732 1267 5802 Lege,
1303 5732 1396 5794 οὓς
1435 5728 1571 5785 εἶναι.
1599 5728 1838 5807 νοερούς,

274 5802 351 5863 sic
376 5802 523 5865 enim
557 5807 756 5875 legisse
783 5806 998 5861 videtur
1024 5810 1325 5874 interpres;
1360 5819 1481 5857 nam
1502 5802 1689 5869 vertit,
1712 5818 1840 5871 quos

1925 3708 2054 3777 dem
2083 3704 2521 3777 vocetnvoapods
2546 3745 2559 3767 ,
2617 3720 2738 3777 qum
2778 3705 2933 3777 Billio
2990 3722 3099 3773 pra:
3131 3710 3356 3777 νοητοὺς
3378 3704 3501 3777 jure

1926 3775 2123 3827 merito
2150 3773 2446 3848 arridet,_’a
2478 3773 2815 3848 Tertulliauo
2852 3776 3047 3829 lectam
3076 3773 3245 3848 fuisse
3288 3773 3501 3848 perspi-

1923 3857 2084 3897 cuum
2124 3852 2245 3897 est:
2282 3842 2450 3896 (Icelos
2479 3855 2680 3910 autem,
2715 3846 2890 3911 inquit
2913 3863 3031 3914 cap.
3063 3845 3155 3910 ‘20,
3193 3842 3377 3901 nae-ros
3412 3842 3502 3904 lie-

1921 3921 2130 3989 putant,
2157 3921 2207 3965 et
2264 3915 2528 3966 interdum
2553 3916 2795 3989 _angclos
2835 3932 2921 3968 eos
2961 3916 3183 3984 faciunt.
3236 3917 3501 3989 llancque

1926 3982 2213 4055 lectionem
2267 3982 2883 4055 cum‘apudhlreuseum
2915 4025 2929 4047 ,
2961 3982 3071 4038 tum
3102 3989 3241 4055 apud
3273 3982 3499 4043 Tertul-

1926 4053 2129 4126 l_i_anu_m
2188 4054 2361 4126 exigit
2406 4052 2524 4126 ipsa
2573 4053 3093 4126 ‘Valenliuianorttm
3139 4052 3494 4126 'hyputhesis.

1924 4120 2190 4176 Volebaut
2213 4120 2358 4176 enim
2377 4120 2546 4177 caelos
2566 4123 2941 4177 intellectuales
2958 4142 3088 4187 esse,
3116 4120 3308 4182 non'eo
3334 4144 3501 4184 sensu

1925 4193 2068 4265 quod
2108 4192 2705 4265 intelligentia_tantum
2748 4195 3373 4265 comprehenderentur,
3403 4202 3500 4254 sed

1925 4263 2253 4337 quud__sensu
2282 4273 2339 4337 et
2362 4262 2724 4337 intelligentia
2738 4262 2951 4337 praediti
2979 4276 3183 4337 essent,
3207 4262 3392 4334 utpote
3408 4271 3500 4337 qui

1924 4331 2097 4400 angeli
2112 4344 2312 4399 essent,
2329 4333 2379 4405 id
2397 4333 2778 4405 estabangelis
2796 4331 3280 4403 regerenturJlinc
3295 4354 3356 4405 pa
3367 4331 3504 4391 ra'di-

1924 4416 2044 4476 sum
2066 4418 2223 4469 supra
2242 4404 2450 4457 tertium
2468 4403 2987 4476 caelumexistentem,
3010 4407 3198 4458 virtute
3218 4403 3503 4476 archange-

1923 4469 2034 4523 lum
2062 4483 2309 4541 quartum
2335 4489 2444 4527 esse
2475 4474 2799 4528 statuebant.
2830 4474 2886 4527 Id
2913 4486 3273 4529 commentum
3305 4469 3501 4533 iterum

1926 4551 2246 4613 acceperant
2266 4560 2295 4597 a
2315 4543 2627 4607 Platonieis,
2649 4544 2741 4613 qui
2757 4544 2926 4599 caelos
2946 4544 3123 4597 anima
3148 4545 3501 4603 intellectuati

1926 4612 2183 4684 praeditos
2227 4627 2351 4668 esse
2402 4612 2729 4668 sentiebant.
2786 4614 3053 4684 Legautur
3092 4614 3338 4669 Plotinus
3397 4618 3503 4671 En-

1927 4681 2086 4734 uead.
2135 4698 2195 4747 ιι,
2225 4684 2322 4753 lib.
2359 4700 2416 4746 ιι,
2449 4694 2504 4753 et
2533 4699 2594 4737 ea
2635 4700 2757 4753 quae
2792 4681 3046 4752 inprima
3103 4686 3499 4742 Dissertatioue

1927 4758 2111 4804 nostra
2144 4753 2210 4804 de
2235 4752 2424 4807 haeresi
2457 4749 2831 4810 Valentiniana
2875 4749 3137 4808 diximus.

1998 4819 2075 4889 (6)
2107 4822 2395 4892 Imagines.
2415 4824 2488 4876 Ita
2510 4823 2742 4877 Feuard.
2768 4840 2833 4877 ex
2852 4824 3043 4878 Graeco
3065 4833 3119 4877 et
3139 4823 3495 4883 Tertulliano.

1928 4890 2069 4945 Male
2098 4890 2274 4945 auteiu
2307 4895 2465 4946 editt.
2502 4895 2658 4947 Eras.
2694 4905 2748 4948 et
2778 4894 2917 4948 Gali.
2952 4909 3049 4948 nec
3082 4910 3189 4949 non
3221 4912 3355 4951 mss.
3386 4914 3498 4952 οιιι-

1857 4974 1901 5029 Ῑ)
1932 4976 2030 5014 ues
2067 4963 2267 5031 habent
2294 4964 2592 5031 imaginem.

2001 5032 2079 5099 (7)
2118 5030 2273 5105 Hunc
2302 5044 2477 5105 autem
2506 5034 2761 5105 unigeniti
2788 5031 2944 5085 Filii.
2997 5032 3129 5105 Sci].
3156 5034 3212 5087 in
3244 5037 3495 5105 imagine.

1932 5099 2023 5155 Sic
2044 5104 2279 5155 restituit
2302 5102 2537 5155 Feuard.
2568 5099 2633 5156 ex
2667 5104 2783 5155 cod.
2806 5115 2914 5155 vet.
2939 5112 2995 5156 et
3018 5103 3251 5158 lectione
3282 5099 3492 5171 Graeca;

1931 5172 2129 5226 delevit
2158 5186 2305 5232 vero.
2337 5172 2476 5224 hunc
2505 5180 2679 5225 autem
2708 5174 3057 5243 unigenitum.
3112 5174 3279 5229 Codd.
3308 5191 3497 5231 omnes

1934 5257 2066 5313 nisis.
2104 5252 2251 5295 recte
2280 5242 2502 5313 habent,
2530 5243 2667 5295 hunc
2714 5254 2887 5295 autem
2917 5244 3204 5313 unigeniti;
3234 5247 3323 5299 sed
3358 5249 3498 5302 male

1932 5310 2135 5363 Ftlium
2174 5326 2271 5377 pro
2311 5310 2457 5362 Filii.

2005 5382 2081 5451 (8)
2116 5379 2331 5434 Patrem
2380 5382 2554 5449 itaque
2583 5420 2597 5441 ,
2622 5390 2755 5455 delc.
2794 5382 2932 5451 Lege
2984 5398 3049 5437 ex
3079 5383 3286 5446 Graeco,
3321 5386 3499 5455 itaque

1939 5450 2165 5521 Patrem_
2184 5466 2299 5502 eum
2331 5461 2375 5502 et
2406 5456 2570 5503 Deum
2597 5453 2779 5503 dicunt
2807 5450 3003 5521 factum
3027 5471 3136 5506 esse
3153 5470 3357 5517 eorum,
3385 5450 3494 5509 etc.

2010 5522 2088 5587 (9)
2128 5519 2399 5573 Pleroma.
2435 5521 2490 5573 lu
2528 5537 2660 5574 mss.
2689 5519 2942 5575 oninibus
2975 5540 3037 5575 ac
3064 5526 3216 5577 editt.
3255 5525 3407 5577 Erus.
3441 5538 3495 5579 et

1938 5589 2078 5647 Gali.
2126 5590 2265 5643 male
2291 5634 2321 5662 ,__
2358 5588 2679 5645 Pteromata.
2741 5593 2987 5647 Pleroma
3021 5594 3262 5662 reposuit
3294 5593 3493 5650 Feuar-

1940 5662 2158 5715 dentius
2189 5675 2253 5713 ex
2284 5658 2493 5719 Graico.

2012 5732 2123 5801 (10)
2160 5729 2561 5784 Fabricatorem
2588 5746 2716 5793 esse,
2745 5742 2848 5787 etc.
2870 5733 3055 5787 Deleto
3080 5749 3211 5797 esse,
3239 5732 3373 5802 lege,
3406 5742 3495 5790 ut-

1942 5813 2058 5872 pote
2084 5802 2457 5869 [abricatorcm
2497 5804 2730 5856 euntium
2764 5806 3150 5869 IISyc/ticorunt,
3193 5813 3301 5857 etc.
