3880 6358
404 404 507 460 499

1142 406 1201 463 S.
1239 406 1502 462 IRENZEI
1535 377 1840 461 EPISCOPI
1870 406 2361 465 LUGDUNENSIS
2395 406 2484 460 ET
2521 406 2883 464 MARTYRIS

3531 412 3647 467 500

400 518 637 572 cundum
693 531 816 584 nos,
867 520 1088 575 mundo.
1140 521 1217 575 De
1265 521 1683 592 expavescentia
1738 536 1868 577 vero
1911 532 1967 578 et

2083 523 2233 593 μάδι·
2284 523 2377 575 τὸν
2416 523 2471 576 δὲ
2518 525 2934 595 Παντοκράτορα
3087 523 3143 575 ὲν
3190 523 3268 594 τῷ
3316 524 3437 579 καθ’
3491 527 3647 598 ἡμᾶς

397 608 607 679 aporia,
642 610 798 679 quasi
850 610 916 666 de
940 613 1215 667 vesaniori
1247 612 1367 683 (1),
1405 612 1747 681 corporalia,
1773 628 1955 682 quem-

397 698 686 755 admodum
709 702 1078 770 praadiximus,
1113 705 1293 758 mundi
1320 704 1585 758 elementa
1618 703 1763 759 facta
1795 720 1917 761 esse
1944 723 1958 772 ;

398 798 606 844 terram
670 804 800 845 vero
854 794 1148 847 secundum
1213 794 1649 863 expavescentia
1710 804 1955 862 statum,

398 899 595 955 aquam
620 900 752 941 vero
782 887 1076 941 secundum
1109 888 1318 944 timoris
1352 898 1580 954 motum,
1610 906 1790 945 aerem
1832 907 1964 947 vero

398 977 724 1031 secundum‘
746 978 1024 1032 mmstitiae
1051 979 1303 1034 lixionem
1332 979 1407 1051 (‘2)
1434 998 1449 1046 ;
1487 982 1667 1051 ignem
1692 996 1821 1037 vero
1847 998 1965 1037 om-

396 1067 566 1122 nibus
586 1068 652 1123 iis
668 1070 847 1124 inesse
870 1069 1211 1138 27mortem
1230 1081 1284 1125 et
1298 1072 1685 1141 corruptelam,
1702 1072 1964 1142 quemad-

391 1154 615 1209 modum
642 1162 695 1211 et
716 1155 1075 1224 ignorantiam
1108 1160 1282 1215 tribus
1304 1163 1651 1229 passionibus
1674 1165 1967 1227 inabscon-

390 1261 509 1301 sam
542 1245 757 1301 docent.

465 1333 518 1387 5.
553 1335 685 1389 Cum
725 1336 1043 1393 tabricasset
1074 1339 1238 1408 igitur
1267 1342 1547 1407 mundum,
1596 1342 1727 1399 fecit
1771 1356 1824 1399 et
1854 1345 1959 1401 bo-

394 1427 595 1481 minem
623 1429 895 1498 cboicum,
929 1448 1032 1486 non
1059 1443 1236 1489 autem
1268 1435 1336 1489 ab
1361 1435 1461 1489 bac
1493 1436 1645 1491 arida
1668 1446 1837 1504 terra,
1866 1440 1959 1495 sed

395 1518 466 1572 ab
511 1519 765 1575 invisibili
817 1522 1143 1589 substantia,
1192 1534 1247 1580 et
1293 1528 1360 1581 ab
1405 1525 1661 1583 eﬂusibili
1708 1540 1762 1586 et
1794 1530 1957 1586 ﬂuida

394 1614 625 1668 materia
669 1614 1064 1684 accipientem:
1117 1626 1170 1673 et
1214 1617 1268 1671 in
1319 1620 1463 1675 hunc
1508 1621 1806 1680 insufﬂasse
1836 1640 1961 1697 psy-

393 1704 609 1760 cbicum
637 1706 715 1776 {5)
749 1705 1037 1761 definiunt.
1068 1707 1135 1762 Et
1161 1709 1303 1764 hunc
1340 1726 1461 1767 esse
1490 1717 1788 1770 secundum
1818 1716 1958 1771 ima-

394 1802 577 1870 ginem
610 1797 687 1868 (4)
721 1807 777 1852 et
809 1798 1216 1854 similitudinem
1243 1801 1790 1861 factumzsecundum
1822 1808 1960 1861 ima-

2067 615 2273 685 κόσμῳ.
2323 616 2418 668 Ἐκ
2463 615 2518 667 δὲ
2562 616 2661 685 τῆς
2696 615 3006 686 ἐκπλήξεως
3052 616 3143 669 καὶ
3190 617 3287 687 τῆς
3333 618 3649 690 ἀμηχανίας

2068 704 2161 774 (6),
2210 706 2285 768 ὡς
2332 709 2396 761 ἐκ
2426 705 2521 759 τοῦ
2574 708 2935 778 ἀσημοτέρου,
2980 707 3048 761 τά
3097 708 3403 778 σωματικὰ,
3456 709 3645 774 καθὼς

2066 796 2427 867 προείπαμεν,
2454 796 2546 850 τοῦ
2573 798 2776 868 κόσμου
2801 801 3037 869 στοιχεῖα
3063 800 3344 867 γεγονέναι
3363 818 3377 831 ⁸
3412 803 3512 872 τὴν
3541 802 3649 872 μὲν

2066 886 2141 955 (7)
2188 888 2331 940 κατὰ
2355 889 2453 958 τῆς
2478 888 2793 957 ἐκπλήξεως
2822 890 3032 954 στάσιν,
3086 890 3229 969 ύδωρ
3270 892 3327 944 δὲ
3373 891 3517 946 κατὰ
3540 895 3647 964 τὴν

2062 975 2157 1029 τοῦ
2191 976 2356 1046 φόϐου
2388 976 2515 1046 (τῶν
2547 976 2815 1048 δακρύων)
2844 978 2914 1049 (8)
2948 970 3189 1053 κίνησιν,
3222 981 3357 1051 ἀέρα
3391 1000 3452 1034 τε
3497 984 3649 1036 κατά

2062 1066 2162 1138 τὴν
2181 1066 2357 1137 λύπης
2386 1067 2549 1137 πῆξιν
2572 1085 2585 1098 ·
2618 1068 2680 1121 τὸ
2704 1068 2761 1122 δὲ
2785 1069 2897 1140 πῦρ
2936 1061 3142 1136 ἄπαισιν¹
3171 1073 3354 1137 αὐτοῖς
3389 1075 3643 1142 ἐκπεφυ-

2064 1156 2217 1211 κέναι
2251 1157 2325 1228 (9)
2361 1158 2595 1212 θάνατον
2634 1160 2728 1213 καὶ
2761 1161 2998 1233 φθορὰν,
3035 1162 3112 1225 ὡς
3134 1162 3229 1215 καὶ
3275 1164 3373 1235 τὴν
3414 1165 3647 1233 ἄγνοιαν

2061 1252 2174 1313 τοῖς
2196 1251 2344 1322 τρισὶ
2372 1249 2597 1303 πάθεσιν
2622 1252 2990 1323 ὲγκεκρύφθαι
3013 1242 3338 1323 διδᾷσκουσι.

2131 1254 2174 1313 ῖς
2196 1254 2344 1322 τρισὶ
2372 1254 2597 1303 πάθεσιν
2622 1254 2990 1323 ὲγκεκρύφθαι
3013 1254 3338 1415 διδῗρκουσι.

2131 1338 2184 1394 5.
2227 1340 2714 1411 Δημιουργήσαντα
2761 1341 2825 1411 δὴ
2863 1342 2953 1395 τὸν
3003 1343 3101 1396 κόσ
3145 1362 3235 1407 ον,
3276 1344 3643 1414 πεποιηκέναι

2062 1431 2156 1485 καὶ
2183 1431 2275 1484 τὸν
2324 1431 2608 1503 ἄνθρωπον
2650 1433 2742 1486 τὸν
2788 1432 3003 1502 χοϊκόν·
3037 1418 3139 1513 οὐκ
3186 1437 3294 1489 ἀπὸ
3331 1437 3539 1507 ταύτης
3583 1437 3644 1490 δὲ

2059 1524 2161 1594 τῆς
2191 1523 2359 1595 ξηρᾶς
2391 1526 2512 1596 γῆς,
2543 1524 2656 1578 ἀλλ’
2703 1524 2813 1578 ἀπὸ
2840 1524 2942 1595 τῆς
2992 1526 3223 1597 ἀοράτου
3276 1528 3483 1593 οὐσίας,
3531 1528 3646 1581 άπδ

2059 1616 2153 1670 τοῦ
2202 1617 2505 1687 κεχυμένου
2541 1616 2654 1687 (10)
2686 1618 2783 1671 κα).
2815 1618 3038 1690 ρευστοῦ
3083 1619 3182 1689 τῆς
3214 1619 3346 1690 ὕλης
3374 1619 3644 1673 λαϐόνταο

2061 1711 2155 1763 καὶ
2184 1712 2265 1773 εἰς
2297 1709 2483 1763 τοῦτον
2512 1710 2827 1780 ἐμφυσῆσαι
2859 1711 2951 1765 τὸν
2974 1711 3203 1782 ψυχικὸν
3233 1712 3344 1782 (Η)
3371 1713 3643 1784 διορίζον-

2059 1819 2166 1855 ται.
2198 1802 2309 1855 Kal.
2342 1802 2528 1855 τοῦτον
2567 1797 2706 1856 εἶναι
2734 1802 2825 1856 τὸν
2876 1802 2994 1856 κατ’
3025 1804 3208 1856 εἰκόνα
3243 1805 3336 1856 καὶ
3378 1804 3649 1875 ὁμοίωσιν

394 1893 572 1961 ginem
613 1891 831 1961 quidem
881 1891 1118 1963 bylicum
1182 1907 1302 1949 esse
1349 1896 1657 1964 proximum
1711 1899 1952 1968 quidem,

2083 1891 2352 1960 (eyovéta'
2394 1893 2513 1944 κατ’
2548 1891 2732 1944 εἰκόνα
2768 1893 2866 1962 μὲν
2896 1892 2988 1945 τὸν
3029 1891 3212 1947 ὑλικὸν
3238 1893 3504 1964 ὑπάρχειν
3538 1911 3649 1946 πα-

396 1985 491 2041 sed
532 2000 639 2041 non
682 1982 927 2053 ejusdem
974 1983 1293 2041 substantiae
1339 2001 1459 2043 esse
1495 1987 1957 2053 Deo;secundum

2083 1988 2363 2061 ιαπλήσιον
2408 1990 2527 2060 μὲν,
2583 1989 2694 2043 ἀλλ’
2733 1989 2831 2063 οὐχ
2871 1989 3152 2061 ὁμοούσιον
3198 1990 3278 2061 τῷ
3322 1989 3461 2061 Θεῷ,
3516 1991 3648 2045 καθ’

1606 2144 1807 2200 BILLII
1842 2147 2441 2207 ΙΝΤΕΒΡΒΕΤΔΤΙΟ.Δ

398 2260 734 2335 domicilium
770 2263 972 2335 habere
1006 2261 1401 2335 ;_Demiurgum
1438 2277 1619 2321 autem
1652 2268 1706 2323 in
1737 2269 2072 2335 subcoelesti,
2104 2272 2208 2326 hoc
2250 2280 2333 2326 est
2374 2271 2427 2325 in
2476 2268 2860 2334 Hebdomade;
2912 2269 3382 2325 Cosmocratorem
3418 2287 3552 2326 vero
3587 2273 3645 2327 in

394 2341 589 2414 nostro
613 2334 714 2388 hoc
754 2334 976 2414 mundo.
1009 2332 1293 2414 Postremo
1321 2349 1384 2414 es
1421 2346 1646 2407 stupore
1672 2348 1728 2393 et
1755 2332 2072 2414 ansietate,
2104 2341 2267 2414 velut
2293 2356 2361 2395 ex
2406 2340 2718 2414 ignobiliori
2765 2332 2977 2408 stirpe,
3024 2355 3332 2414 corporea._
3378 2343 3456 2395 uti
3506 2353 3646 2397 ante

394 2403 658 2483 diximus,
686 2405 873 2458 mundi
911 2403 1183 2483 elementa
1206 2404 1473 2473 prodiisse
1558 2417 1760 2464 terram
1790 2403 2371 2483 nimirum'secundum
2391 2403 2889 2483 st'uporisstatum,
2907 2403 3101 2483 aquam
3126 2403 3653 2483 secundunrmetus

394 2473 717 2551 motionem,
748 2489 926 2528 aerem
956 2472 1253 2551 secundum
1295 2478 2005 2551 mterorisiconcretionem,
2039 2481 2217 2551 ignem
2249 2472 2852 2551 denique'omnibusiis
2878 2472 3097 2551 insitum
3126 2494 3245 2535 esse
3264 2481 3644 2548 mortiferum,

394 2553 454 2665 ἓξ
482 2544 769 2666 ωιέιὶιῗυηί
803 2561 817 2609 ;
856 2542 1308 2613 quemadmodum
1351 2547 1517 2601 etiam
1561 2550 1923 2619 ignorantiam
1958 2542 2108 2605 hisce
2156 2551 2332 2607 tribus
2371 2542 2875 2621 perturbationibus
2915 2550 3157 2605 abditam
3198 2559 3254 2605 et
3299 2542 3643 2607 occultatam

460 2627 515 2664 se
569 2629 626 2666 ra
671 2630 738 2665 un
770 2651 789 2666 .

460 2627 515 2664 SB
545 2627 789 2668 tradunt.

469 2682 520 2759 5.
555 2682 787 2759 Condito
816 2694 995 2759 autem
1027 2688 1229 2743 mundo
1256 2684 1509 2759 liylicum,
1531 2691 1695 2742 etiam
1725 2690 2003 2745 hominem
2030 2690 2300 2757 effecisse,
2331 2704 2437 2744 non
2471 2690 2619 2744 illum
2648 2689 2866 2759 quidem
2911 2704 2978 2743 ex
3008 2688 3110 2745 hac
3142 2690 3296 2745 arida
3332 2698 3500 2751 terra.
3543 2691 3653 2746 sed

402 2752 473 2805 ab
502 2753 764 2831 invisibili
797 2757 1056 2822 essentia,
1112 2768 1167 2812 et
1193 2752 1359 2819 fusili.
1391 2776 1453 2831 ac
1490 2758 1648 2831 ﬂuida
1678 2762 1899 2813 materia
1933 2773 2227 2831 sumptum,
2272 2752 2526 2831 atquein
2568 2752 2697 2831 eum,
2739 2770 2927 2831 postea
2967 2760 3278 2831 psyclticum
3332 2759 3649 2816 insuﬂlasse

403 2831 674 2877 statuunt.
714 2823 976 2894 iiuncque
1003 2844 1125 2882 eum
1158 2844 1314 2896 esse,
1341 2830 1433 2898 qui
1470 2830 1536 2883 ad
1586 2831 1877 2901 imaginem
1911 2843 1965 2886 et
1992 2823 2408 2887 similitudinem
2440 2829 2618 2886 factus
2659 2823 2755 2884 sit;
2783 2823 3046 2898 ilylicu'tn'
3070 2832 3213 2885 enim
3253 2830 3409 2898 juxta
3439 2832 3648 2901 imagi-

397 2990 617 3076 gebant,
642 2991 968 3063 ὑπουράνιον
995 2994 1110 3074 diei
1145 2993 1324 3047 :alias
1349 2991 1795 3076 .coniunderetur
1839 3007 1960 3047 cum
1990 3016 2032 3073 ο
2067 2994 2386 3076 condiderat
2435 2996 2793 3076 Demiurgus;
2831 2994 3064 3076 alteram
3116 2991 3433 3076 animalem,
3465 3007 3646 3076 quam

397 3062 858 3127 Cosmocratore,
919 3063 1018 3131 qui"
1066 3063 1121 3116 in
1170 3080 1229 3118 eo
1271 3066 1359 3132 qui
1404 3064 1471 3116 sit
1518 3064 1803 3117 secundum
1869 3081 1962 3119 nos

397 3133 620 3203 mundo,
673 3148 737 3186 ac
779 3134 1005 3203 proinde
1049 3134 1149 3189 sub
1198 3134 1649 3203 cmlisdegebat.
1698 3133 1804 3188 Sed
1864 3149 1964 3189 nec

397 3202 560 3256 etiam
591 3201 1007 3274 ὑπερουράνιος,
1038 3201 1757 3274 (ιιιὶἀῳιίάίόίοείϐτθὺὶυε,
1795 3204 1963 3258 asseri

396 3280 580 3344 potest
614 3288 630 3344 ι
679 3272 816 3344 nam:
837 3272 1230 3344 ὓπερουράνιος
1264 3273 1429 3336 τόπος
1459 3275 1712 3341 proprius
1745 3284 1828 3327 est
1854 3290 1966 3326 ma-

398 3341 505 3396 tris
531 3343 836 3411 Acbamoth
859 3383 873 3404 ,
907 3341 1008 3397 nec
1032 3341 1080 3396 ei
1107 3344 1399 3397 convenire
1440 3352 1643 3411 potest,
1678 3344 1767 3411 qui
1803 3344 1853 3396 in
1880 3358 1966 3397 se-

401 3419 553 3535 riem
586 3411 740 3469 cadis
762 3410 1067 3478 habitabat,
1087 3412 1170 3465 vel
1200 3410 1556 3481 septimoipsi
1584 3410 1723 3469 ctelo
1754 3414 1965 3466 incum-

425 3482 593 3534 )cbat.
622 3482 806 3535 Ouare
853 3482 1139 3535 legendum
1176 3495 1307 3535 nuto
1330 3522 1345 3535 .
1390 3484 1470 3535 ei:
1522 3482 1611 3535 τὸν
1647 3484 1965 3535 ἐπουράνιον

425 3482 593 3553 iebat.
622 3482 806 3553 Quare
853 3482 1139 3553 legendum
1176 3495 1307 3551 puto
1330 3522 1345 3545 ,
1390 3484 1470 3545 ei;
1522 3482 1611 3535 τὸν
1647 3484 1966 3553 ἐπουράνιον

400 3551 589 3605 τόπον.
627 3550 719 3606 Sic
754 3550 1041 3620 scripsisse
1086 3550 1349 3606 Irenaeum
1381 3552 1563 3606 nullus
1608 3550 1822 3615 dubito;
1874 3557 1967 3608 sed

401 3622 671 3676 festinans
707 3621 890 3677 scriba
927 3622 1344 3691 praecedentium
1367 3636 1561 3677 vocum
1610 3623 1967 3678 similitudine

403 3692 665 3763 deceptus
688 3732 704 3754 ,
729 3691 871 3747 male
897 3691 1081 3762 legens
1113 3692 1331 3760 scripsit
1358 3692 1770 3763 ὑπερουράνιον.
1806 3691 1968 3748 Certe

401 3761 727 3833 ἐπουράνιον
748 3762 893 3833 legit
924 3761 1223 3833 interpres,
1264 3764 1429 3833 vertit
1461 3761 1635 3833 enim,
1679 3765 1735 3816 in
1773 3778 1832 3814 eo
1876 3764 1967 3833 qui

401 3832 471 3885 sit
496 3830 705 3887 incoelo
738 3830 903 3887 locus.
933 3830 1215 3886 Consentit
1244 3840 1298 3886 et
1322 3830 1691 3887 Tertullianus
1717 3830 1968 3887 scribens

407 3917 530 3973 cap.
559 3903 651 3966 25,
691 3903 864 3973 subest
894 3903 1030 3973 enim
1059 3902 1376 3973 Demiurgus
1402 3904 1456 3957 in
1486 3902 1807 3956 hebdomade
1844 3919 1964 3956 sua.

402 3971 474 4026 Et
499 3987 620 4041 cap.
647 3974 711 4028 51
747 3991 761 4026 ;
794 3972 862 4026 Et
892 3971 1208 4038 Demiurgus
1246 3971 1368 4026 hinc
1412 3973 1476 4027 de
1510 3973 1830 4027 hebdomade
1867 3989 1969 4027 C(2-

405 4044 528 4095 testi
551 4044 606 4095 in
634 4044 910 4098 superiora
941 4044 1185 4095 mutabit.
1226 4043 1330 4098 Ubi
1368 4044 1495 4097 dum
1543 4051 1749 4096 textum
1783 4056 1967 4098 emen-

405 4111 542 4167 dare
587 4111 770 4167 studet
809 4111 1081 4182 Pamelius
1104 4152 1118 4175 ,
1148 4114 1471 4182 corrumpit.
1518 4112 1863 4167 Auctoritate
1894 4115 1969 4168 si-

448 4183 629 4238 uidem
667 4182 810 4237 Billii
872 4181 1162 4243 abductus.
1220 4181 1385 4236 nullis
1430 4198 1560 4237 vero
1608 4182 1963 4238 codd.‘mss.

436 4264 582 4307 retus
614 4292 631 4319 ,
679 4252 921 4317 scribit,
977 4254 1041 4306 de
1095 4252 1414 4307 hebdomade
1464 4254 1793 4317 subcaelesti;
1844 4269 1964 4307 cum

404 4333 589 4416 tamen
615 4324 1108 4416 editionesnom'nes
1140 4324 1505 4416 p‘raicedentes
1546 4325 1832 4391 baberent,
1866 4339 1959 4377 σω·
2001 4360 2046 4416 D

402 4394 544 4456 lesti,
579 4402 634 4448 et
666 4395 743 4448 sic
781 4407 971 4446 revera
1002 4392 1285 4462 legendum
1313 4392 1407 4448 sit.

481 4465 561 4535 (t)
610 4463 907 4535 Vesaniori.
950 4464 1137 4535 Graece
1172 4462 1750 4535 ἀσημοτέροιιιηδιη
1795 4478 1978 4518 vocem

407 4534 608 4589 melius
655 4534 987 4589 reddidisset
1026 4534 1332 4603 interpres,
1364 4534 1694 4602 ignobiliori,
1731 4536 1982 4600 passione

407 4605 644 4670 scilicet,
688 4621 798 4658 non
828 4605 1023 4673 stirpe,
1054 4614 1110 4657 ut
1143 4605 1322 4659 minus
1356 4604 1491 4658 bene
1526 4605 1745 4672 scripsit
1770 4605 1978 4673 Billius.

407 4674 549 4729 Hinc
572 4675 781 4730 Fronto
821 4673 955 4728 Duc.
981 4682 1167 4728 monet
1197 4673 1598 4730 emendandum
1628 4689 1748 4728 esse
1772 4672 1981 4728 Tertul-

406 4744 616 4798 lianum
654 4760 776 4812 cap.
806 4746 899 4811 ‘25,
932 4753 988 4798 et
1012 4759 1109 4812 pro
1130 4784 1145 4809 ,
1174 4759 1239 4798 ea:
1274 4743 1487 4811 Sophia:
1515 4743 1818 4798 utilissimis
1843 4746 1982 4798 casi-

409 4816 523 4874 bus.
558 4816 845 4884 legendum
885 4814 1152 4869 vilissimis
1191 4814 1420 4869 casibus.

483 4885 562 4954 (2)
590 4882 853 4939 Mmstitiw
893 4884 1167 4953 ﬁxionem.
1206 4884 1298 4938 Sic
1339 4897 1404 4937 ex
1451 4882 1642 4939 Graeco
1672 4892 1726 4938 et
1764 4883 1979 4939 Tertul-

410 4953 561 5023 liano
594 4956 849 5019 restituo,
874 4970 1007 5024 pro,
1028 4956 1267 5008 materia:
1293 4953 1547 5009 lixionem
1571 4995 1584 5017 ,
1615 4954 1759 5024 quod
1788 4970 1980 5024 perpe-

410 5041 532 5081 ram
565 5026 771 5079 habent
793 5040 913 5079 cum
942 5025 1100 5079 editt.
1130 5038 1344 5089 omnes,
1372 5034 1483 5079 tum
1520 5040 1654 5080 mss.
1689 5025 1980 5079 Tertullia-

413 5111 520 5151 nus
548 5097 969 5164 siquidem,cap.
998 5093 1088 5157 23,
1122 5103 1267 5149 recte
1297 5094 1513 5159 scribit,
1541 5096 1585 5148 si
1618 5112 1723 5148 non
1742 5105 1790 5148 et
1819 5096 1977 5149 istum

413 5162 654 5234 (acrem)
698 5162 1205 5234 Sophim'mtestitia
1251 5166 1495 5219 celasset.
1533 5165 1829 5221 Existimat
1871 5166 1972 5218 Bil-

412 5237 527 5292 lius
559 5233 693 5305 ὕλης
723 5248 820 5302 pro
845 5233 1023 5305 λύπης
1048 5250 1328 5305 perperam
1362 5235 1559 5304 legisse
1594 5237 1972 5305 interpretem.

413 5308 532 5375 Ego
581 5320 713 5360 vero
758 5319 954 5360 censeo
995 5307 1351 5374 interpretem
1392 5316 1541 5361 recte
1581 5314 1634 5363 et
1679 5306 1873 5375 legisse
1920 5317 1975 5360 et

415 5377 745 5446 scripsisse;
798 5377 893 5429 sed
942 5376 1224 5443 imperitos
1276 5376 1361 5430 vel
1418 5378 1721 5431 oscitantes
1770 5377 1980 5433 scribas

418 5448 568 5502 male
594 5448 870 5515 legentes,
900 5447 1164 5499 mmstitia:
1187 5484 1206 5511 ,
1232 5455 1453 5516 prOptcr
1482 5447 1883 5516 similitudinem
1904 5446 1987 5504 lit-

416 5528 692 5580 terarum,
732 5530 1018 5585 perperam
1044 5515 1409 5570 con‘nnutasse
1439 5517 1492 5571 in
1525 5518 1776 5571 materiai.
1805 5515 1984 5581 Quare

418 5588 753 5640 auctoritate
781 5602 903 5640 cum
939 5595 1120 5640 textus
1154 5585 1349 5651 Graeci,
1379 5598 1492 5640 tum
1522 5588 1843 5641 Tertulliani
1868 5601 1983 5641 mo-

417 5665 526 5713 tus.
562 5657 783 5725 evidens
818 5656 1065 5725 spbalma
1087 5655 1377 5711 emendare
1405 5672 1510 5711 non
1542 5658 1806 5711 dubitavi.

492 5726 572 5795 (3)
613 5723 946 5795 Psychicum.
980 5726 1036 5779 1d
1066 5736 1169 5792 est,
1198 5727 1479 5780 animalem
1527 5729 1807 5783 hominem.
1843 5729 1984 5782 Duas

419 5798 566 5853 enim
602 5798 837 5852 hominis
875 5807 1057 5865 partes
1088 5796 1173 5851 hie
1202 5806 1445 5851 statuunt
1482 5797 1865 5865 Valentiniani,
1902 5799 1979 5851 al-

419 5879 593 5924 teram
620 5880 914 5937 terrenam,
942 5885 1100 5939 quam
1138 5885 1201 5924 es
1229 5868 1474 5936 c/fusibili
1500 5877 1545 5921 et
1567 5868 1731 5935 ﬂuida
1760 5870 1973 5923 materia

2069 3064 2456 3123 insulilaverat.
2491 3065 2627 3119 Hinc
2660 3060 2979 3118 Tertullian.
3011 3078 3133 3131 cap.
3165 3061 3234 3114 24
3265 3080 3279 3113 :
3318 3060 3533 3131 Figulat
3565 3061 3649 3115 ita

2067 3136 2328 3205 hominem
2362 3135 2673 3205 Demiurgus
2702 3144 2750 3187 et
2782 3136 2846 3187 de
2874 3133 3051 3205 afﬂatu
3080 3146 3177 3205 suo
3201 3132 3421 3185 animat.

2137 3204 2214 3269 (4)
2246 3205 2310 3258 Et
2348 3206 2489 3259 hunc
2518 3199 2628 3258 esse
2669 3199 2955 3257 secundum
3004 3202 3305 3269 imaginem,
3359 3210 3468 3255 etc.
3514 3199 3645 3256 Non

2068 3275 2302 3329 attendit
2337 3277 2609 3345 interpres
2635 3273 2699 3326 ad
2746 3273 3037 3345 articulum
3068 3269 3180 3345 τόν,
3214 3272 3330 3345 qui
3352 3272 3404 3323 in
3447 3269 3650 3325 Graeco

2068 3345 2269 3413 legitur
2319 3355 2445 3399 ante
2483 3340 2617 3398 ’κατ’
2646 3345 2849 3397 εἰκόνα.
2891 3341 3223 3413 Vertendum
3262 3340 3426 3413 igitur
3471 3350 3645 3413 erat:

2066 3428 2112 3467 et
2127 3410 2276 3468 “hunc
2317 3431 2428 3467 esse
2455 3431 2595 3476 eum,
2628 3415 2716 3483 qni
2744 3414 2811 3466 ad
2840 3412 3119 3483 imaginem
3146 3421 3193 3483 et
3227 3410 3645 3483 similitudinem

2068 3485 2241 3553 factus
2273 3486 2362 3539 sit.
2395 3485 2531 3539 Tum
2562 3478 2799 3537 vitandae
2831 3478 3202 3553 ambiguitatis
3234 3494 3401 3553 causa
3449 3480 3647 3549 legen-

2070 3549 2193 3607 dum
2222 3573 2234 3607 :
2268 3553 2497 3624 hylicum
2522 3554 2731 3624 quidem
2772 3549 3055 3624 secundum
3086 3549 3366 3624 imaginem
3401 3565 3646 3604 esse.....

2067 3619 2365 3693 psychicn'm
2393 3640 2511 3679 vero
2537 3619 2825 3693 secundum
2861 3619 3281 3693 similitudinem.

2169 3695 2223 3761 5)
2250 3693 2724 3761 Παντοκράτορα.
2769 3692 2927 3761 Lege
2953 3703 3095 3761 cum
3121 3688 3301 3761 veteri
3336 3689 3655 3761 interprete

2066 3775 2124 3888 iet
2151 3757 2379 3820 Tertull.
2407 3757 2879 3834 κοσμοκράτοραῖ
2911 3757 3195 3817 Diabolum
3217 3759 3361 3815 enim
3382 3757 3650 3832 intelligit

2096 3848 2326 3888 renaaus.

2096 3848 2326 3890 renaaus.

2140 3904 2216 3984 (ﬁ)
2250 3904 2620 3984 ᾉμηχαςνία-ς.
2655 3897 3058 3984 ‘Anqplaelegit
3079 3897 3387 3984 interpres.

2143 3969 2220 4043 (7)
2558 3969 2698 4054 Lege
2725 3969 2839 4054 γῆν
2856 3972 2955 4043 μέν
2979 3970 3317 4054 cumgeter'i‘
3341 3969 3564 4054 in'tcrp.
3586 3980 3649 4025 et

2068 4038 2297 4099 Tertull.
2325 4038 3066 4100 'Similitudi'nelitterarum
3110 4039 3147 4090 Γ
3181 4048 3237 4093 et
3275 4038 3317 4092 T
3368 4039 3643 4108 deceptus

2068 4115 2355 4180 imperitus
2379 4114 2585 4175 scriba,
2616 4113 2975 4180 posteriorem
3002 4109 3224 4180 scripsit
3248 4125 3344 4180 pro
3374 4112 3558 4180 priori.

2162 4124 2355 4171 )eritus
2379 4124 2585 4175 scriba,
2616 4124 2975 4180 posteriorem
3002 4124 3224 4231 scr’tlpsu
3248 4125 3344 4177 pro
3374 4125 3558 4176 priori.

2162 4185 2216 4256 8)
2252 4186 2362 4256 Τοῦ
2390 4184 2576 4256 φόϐου
2608 4180 3049 4256 τῷτίδοικρύων-ἶ
3095 4250 3105 4256 ⁸
3135 4178 3210 4256 (by
3252 4179 3646 4256 6axpdmv_de-

2070 4248 2171 4311 leri
2197 4248 2609 4310 'volunt'Billius
2629 4262 2685 4305 et
2708 4250 2983 4305 Petavius.
3009 4248 3302 4303 Existimat
3330 4248 3465 4305 vero
3496 4249 3643 4305 Gra-

2075 4327 2197 4381 bitts
2226 4325 2518 4379 delendum
2548 4322 2727 4392 potius
2757 4320 2848 4375 τοῦ
2884 4319 3050 4392 φόϐου
3069 4358 3083 4382 ,
3112 4321 3369 4392 quoniam
3391 4361 3406 4383 ,
3434 4319 3641 4392 inquit,

2075 4412 2139 4450 ea:
2160 4404 2323 4460 metu,
2367 4410 2473 4447 non
2512 4389 2754 4456 humida,
2801 4391 2895 4445 sed
2924 4389 3179 4460 animalis
3215 4390 3521 4444 substantia
3546 4406 3645 4444 or-

2080 4476 2190 4521 tmn
2217 4466 2450 4519 traxisse
2482 4465 2640 4517 modo
2671 4462 2980 4525 dicebatur;
3031 4476 3097 4514 ex
3147 4459 3406 4527 lacrymis
3455 4469 3651 4514 autem

2079 4536 2432 4590 Achamotbte
2463 4532 2648 4588 omnia
2683 4532 2907 4585 humida
2950 4528 3279 4599 proﬂuxisse
3317 4529 3522 4583 dictum
3555 4540 3643 4584 est

2081 4622 2133 4660 c.
2157 4605 2212 4659 4.
2248 4606 2318 4658 At
2342 4605 2432 4658 hic
2459 4604 2524 4657 de
2553 4610 2695 4655 metu
2720 4614 2899 4656 sermo
2924 4609 3008 4653 est
3029 4639 3043 4662 ,
3083 4615 3187 4652 non
3224 4608 3492 4666 quatenus
3517 4614 3647 4668 pas-

2080 4677 2163 4730 sio
2186 4684 2270 4730 est
2302 4692 2329 4728 a
2362 4674 2606 4735 triStitia,
2640 4672 2850 4739 aporia,
2888 4679 2943 4722 et
2972 4668 3323 4739 conversione
3357 4668 3642 4739 distincta;

2080 4747 2175 4801 sed
2241 4755 2513 4815 quatenus
2582 4738 2752 4815 ipsius
2798 4738 3112 4815 ἐκπλήξεως
3153 4738 3245 4815 καὶ
3300 4738 3642 4815 ᾁρηχανίας,

2082 4809 2523 4870 consternationis
2564 4809 2781 4867 affectio
2814 4821 2915 4865 est.
2961 4809 3090 4862 Duae
3121 4809 3262 4862 enim
3305 4809 3393 4861 hic
3438 4823 3644 4862 memo-

2078 4896 2272 4939 rantur
2299 4883 2575 4955 passionis
2600 4883 2760 4955 hujus
2779 4880 3126 4955 aﬂectiones,
3159 4877 3321 4955 φόϐος
3355 4880 3644 4955 εείιξροζοι

2076 4955 2256 5026 λύπη,
2299 4948 2814 5026 quibuSCUttt_iti_liil
2863 4948 3387 5026 co‘mmunediabent
3426 4948 3496 5002 τὰ
3551 4949 3643 5001 δά-

2078 5019 2238 5096 κρυα.
2273 5019 2457 5092 Quare
2483 5039 2607 5077 eum
2621 5021 2787 5096 _Billio
2815 5031 2869 5074 et
2900 5019 3139 5096 i’etavio,
3161 5019 3266 5073 imo
3286 5028 3339 5096 et
3375 5034 3500 5096 cum
3526 5029 3640 5096 vet.

2074 5088 2525 5165 interpfomitto
2566 5093 2688 5165 re,th
2745 5090 3015 5163 δακρύων,
3061 5099 3257 5145 etcum
3289 5088 3481 5143 iisdem
3523 5088 3645 5160 iege

2072 5165 2169 5235 τὴν
2200 5165 2292 5218 τοῦ
2319 5164 2484 5234 φόϐου
2518 5164 2751 5235 κίνησιν.

2144 5236 2220 5307 (9)
2258 5228 2701 5304 Ἐκπεφυκένὶιι.
2718 5232 2865 5307 Lege
2878 5248 3008 5307 cunt
3023 5232 3229 5307 inter_p._
3243 5228 3642 5307 μπεφυκέναι.

2080 5302 2220 5362 Hinc
2265 5302 2634 5361 Tertu‘llianus
2668 5302 2888 5372 “p.95
2923 5322 2936 5356 :
2964 5302 3060 5355 liis
3089 5302 3330 5355 omnibus
3372 5302 3639 5355 elementis

2080 5385 2236 5447 atque
2267 5376 2731 5447 corporibusiignis
2759 5373 3116 5447 inflabellatus
3150 5382 3248 5447 est.

2152 5441 2263 5517 (10)
2325 5441 2467 5501 Ἀπὸ
2500 5441 2990 5517 τοῦίκεχυμένου.
3036 5441 3191 5510 Legit
3233 5443 3524 5517 interpres,
3549 5441 3648 5494 καὶ.

2080 5518 2187 5570 ἀπὸ
2231 5513 2324 5571 τοῦ
2376 5513 2717 5586 κεχυμένουζ
2758 5515 2983 5569 licetqu
3037 5523 3214 5586 ta_tnen
3265 5513 3468 5578 absque
3513 5526 3642 5586 conf

2074 5588 2358 5655 iunctione
2410 5581 2526 5640 καί
2552 5589 2756 5642 habere
2800 5596 3033 5655 possunt
3072 5581 3261 5636 Graeca
3299 5597 3562 5655 sensum,
3596 5582 3641 5634 si

2077 5652 2214 5737 luce,
2240 5660 2349 5712 ἀπὸ
2384 5657 2476 5711 τοῦ
2503 5652 2822 5729 κεχυμένου,
2850 5667 2981 5721 etc.,
3007 5668 3102 5726 per
3127 5652 3517 5724 appositioneui
3546 5667 3637 5706 ae-
3688 5692 3691 5693 ν

2079 5741 2363 5783 cunantur.
3682 5742 3687 5745 '

2132 5746 2397 5867 lilia
2430 5799 2641 5852 τοῦτον
2667 5799 3016 5869 ἐμφυσῆσαι
3042 5798 3146 5852 τὸν
3170 5795 3452 5869 ψυχικόιζτ
3472 5793 3641 5869 Addit

2085 5866 2337 5926 Clemens
2404 5888 2469 5925 ex
2536 5866 2796 5926 cuman
2857 5872 3357 5927 Valentiniuuorum
3420 5866 3637 5920 Didase.
