3880 6358
402 354 504 414 50':
1138 350 1197 405 s.
1237 347 1499 407 meum
1527 336 1842 407 EPlSCOPl
1882 343 2373 405 LUGDUNENSIS
2404 340 2496 398 ET
2534 335 2895 397 MARTYRIS
3553 332 3670 390 sos

387 473 655 542 metipsos
692 479 815 524 esse
844 468 1056 539 volunt)
1088 470 1428 541 impossibile
1456 484 1579 527 esse
1607 469 1977 540 corruptelam

2100 465 2486 535 ιαταγένωνται
2518 461 2801 533 πράξεσιν.
2836 460 2935 513 Ὃν
2964 456 3074 529 γάρ
3112 453 3311 526 τρόπον
3357 453 3562 526 χρυσὸς
3606 454 3672 507 ἐν

390 561 703 632 percipere,
761 558 888 616 licet
941 562 997 616 in
1056 564 1474 633 quibuscunque
1527 564 1734 619 fuerint
1785 559 1970 618 faelis.

2100 555 2326 626 lep6dpq)
2377 550 2694 612 κατατεθεὶς
2745 550 2846 602 οὐκ
2905 546 3199 601 ἀποϐάλλει
3244 546 3343 617 τὴν
3395 543 3670 613 καλλονήν

394 645 869 715 Quemadmodum
922 653 1068 707 enim
1122 669 1320 709 aurum
1360 655 1412 709 in
1456 669 1615 710 emno
1660 654 1973 726 depositum

2100 646 2265 711 ιύτοῦ,
2302 643 2438 699 ἀλλὰ
2468 643 2565 714 τὴν
2600 642 2738 695 ἰδίαν
2771 640 2932 710 φύσιν
2956 638 3319 708 διαφυλάττει,
3337 636 3432 690 τοῦ
3463 636 3671 708 βορϐό-

394 753 503 793 non
551 742 756 795 amittit
814 743 1067 799 decorem
1124 760 1305 810 suum,
1357 746 1453 801 sed
1506 761 1664 802 suam
1720 755 1973 800 naturam

2100 754 2175 789 >ου
2225 735 2392 807 μηδὲν
2425 732 2679 803 ἀδικῆσαι
2712 729 3009 801 δυναμένου
3041 728 3134 782 τὸν
3161 728 3361 799 χρυσόν
3385 746 3398 757 ·
3429 727 3578 780 οὕτω
3609 727 3669 780 δὲ

396 833 661 899 custodit,
692 850 815 890 eum
845 851 1062 891 cmnum
1093 837 1228 891 nihil
1258 852 1459 893 nocere
1490 853 1624 893 auro
1652 838 1823 908 possit
1850 858 1863 893 :
1895 837 1976 893 sic

2100 827 2172 880 ιαὶ
2205 824 2402 888 αὐτοὺς
2422 822 2659 891 λέγουσι,
2695 819 2801 873 κᾶν
2832 818 3041 882 ὁποίαις
3064 817 3273 879 ὑλικαῖς
3293 816 3523 889 πράξεσι
3562 832 3670 868 xa-

395 934 450 979 et
479 927 799 996 semetipsos
835 928 1043 989 dicunt,
1088 928 1215 983 licet
1257 929 1307 981 in
1344 907 1761 1000 quibuscunque
1797 937 1974 985 mate-

2100 918 2428 986 ταγένωνται,
2451 914 2614 985 μηδὲν
2630 912 2827 975 αὐτοὺς
2852 908 3357 982 παραόλάπτεσθαι,
3377 907 3512 980 μηδὲ
3534 908 3673 963 ἁπο-

396 1016 625 1073 rialibus
652 1019 912 1085 operibus
941 1019 1050 1088 30
1080 1020 1212 1086 sint,
1243 1020 1381 1074 nihil
1407 1020 1736 1091 semetipsos
1764 1019 1977 1091 noceri,

2100 1005 2293 1063 ἰάλλειν
2314 1005 2415 1077 τὴν
2447 1000 2823 1074 πνευματικὴν
2849 1000 3164 1053 ὑπόστασιν.

397 1123 573 1179 neque
600 1110 858 1163 amittere
886 1110 1189 1179 spiritalem
1222 1110 1619 1166 substantiam.

466 1201 522 1255 3.
557 1201 897 1270 Quapropter
924 1210 996 1265 ,et
1030 1202 1345 1258 intimorate
1383 1203 1587 1270 omnia,
1627 1218 1748 1274 qua:
1781 1212 1980 1259 vetan-

2145 1210 2199 1264 5.
2244 1205 2336 1261 Διὸ
2366 1205 2431 1278 δὴ
2464 1204 2559 1259 καὶ
2589 1202 2661 1257 τά
2696 1200 3042 1275 ἀπειρημένα
3076 1199 3252 1253 πάντα
3284 1198 3456 1261 ἀδεῶς
3488 1196 3541 1250 oi
3578 1212 3675 1249 τε-

398 1298 511 1354 tur,
558 1291 612 1344 hi
663 1291 755 1359 qui
809 1301 936 1345 sunt
990 1295 1228 1361 Ipsorum
1279 1292 1505 1361 perfecti
1555 1302 1873 1363 operantur,
1909 1294 1978 1349 de

2100 1302 2338 1356 ,ειότατοι
2354 1299 2681 1370 πράττουσιν
2700 1294 2899 1361 αὐτῶν,
2917 1294 3045 1365 περὶ
3056 1285 3130 1346 ὧν
3150 1292 3244 1345 καὶ
3257 1290 3472 1362 Γραφαὶ
3482 1289 3676 1342 διαδε-

397 1380 595 1450 quibus
628 1379 928 1450 Scriptura:
968 1383 1318 1447 conﬁrmant,
1352 1382 1613 1451 quoniam
1650 1384 1739 1453 qui
1768 1383 1978 1453 faciunt

2100 1388 2377 1453 ἱαιοῦνται,
2394 1386 2536 1452 τοὺς
2550 1373 2873 1450 πὸιοῦντας
2890 1384 3043 1436 αὐτὰ
3062 1381 3389 1446 βασιλείαν
3415 1378 3572 1433 Θεοῦ
3579 1377 3675 1447 μὴ

396 1490 484 1538 ea,
523 1488 738 1543 regnum
780 1472 876 1527 Dei
912 1490 1019 1527 non
1052 1475 1519 1529 hcereditabunt“.
1567 1473 1781 1529 Etenim
1806 1474 1981 1531 idolo-

2100 1477 2575 1549 ιληρονομήσειν.
2592 1475 2704 1529 Καὶ
2721 1473 2831 1545 γὰρ
2846 1471 3168 1526 εἰδωλόθυτα
3202 1471 3279 1542 (5)
3295 1470 3572 1540 διαφόρως
3589 1467 3674 1537 (ι)

401 1563 555 1633 thyta
602 1562 981 1618 indill‘erenter
1027 1566 1383 1628 manducent,
1430 1562 1563 1617 nihil
1599 1562 1876 1633 inquinari
1909 1566 1978 1620 ab

2100 1571 2337 1636 μσθίουσι,
2370 1568 2503 1642 μηδὲ
2532 1565 2855 1639 μολύνεσθαι
2882 1565 2972 1619 ὑπ’
2996 1563 3177 1618 αὐτῶν
3205 1561 3530 1633 ἡγούμενοι·
3574 1559 3678 1611 καὶ

400 1654 469 1710 iis
513 1663 788 1725 putantes,
832 1664 887 1709 et
931 1654 985 1708 in
1025 1670 1243 1710 onmem
1294 1657 1437 1711 diem
1482 1652 1684 1711 festum
1731 1655 1981 1713 ethnico-

2100 1666 2171 1718 m‘t
2202 1665 2380 1718 πᾶσαν
2420 1660 2747 1733 ἑορτάσιμον
2778 1657 2887 1711 τῶν
2920 1656 3089 1711 ἐθνῶν
3131 1655 3344 1733 τέρψιν,
3382 1655 3463 1717 είς
3495 1652 3675 1724 τιμὴν

398 1762 545 1811 rum,
576 1760 676 1815 pro
700 1745 981 1815 voluptate
1012 1746 1065 1801 in
1100 1746 1308 1801 honore
1340 1748 1613 1803 idolorum
1644 1747 1720 1819 (1)
1749 1749 1977 1816 factum,

2100 1753 2187 1806 τῶν
2230 1751 2466 1805 εἰδώλων
2494 1749 2808 1822 γινομένην,
2854 1745 3061 1818 πριῖηοι
3110 1745 3374 1807 συνίασιν,
3413 1743 3492 1806 ὼς
3529 1742 3675 1813 μηδὲ

399 1836 563 1908 primi
591 1836 957 1907 conveniunt;
995 1836 1071 1892 uti
1105 1838 1157 1892 in
1192 1837 1367 1894 nihilo
1397 1840 1613 1909 quidem
1647 1839 1978 1910 abstineant,

2100 1846 2182 1917 τῆς
2203 1842 2356 1915 παρὰ
2386 1842 2504 1915 Θεῷ
2536 1842 2631 1896 καὶ
2663 1838 2973 1912 ἀνθρώποις
3005 1836 3391 1909 μεμισημένης
3420 1834 3525 1904 τῆς
3557 1832 3676 1887 τῶν

401 1927 549 1997 quod
593 1935 675 1982 est
728 1927 872 1998 apud
920 1926 1090 1983 Deum
1134 1936 1188 1983 et
1233 1928 1377 1998 apud
1426 1929 1675 1984 homines
1707 1928 1983 1998 odiosum,

403 2018 650 2073 muneris
696 2018 1048 2074 homicidiale
1085 2020 1478 2088 spectaculum.
1526 2020 1759 2089 Quidam
1798 2030 1984 2077 autem

400 2115 459 2161 et
504 2106 689 2161 carnis
733 2108 1108 2178 voluptatibus
1153 2109 1538 2166 insatiabiliter
1592 2110 1984 2176 inservientes,

401 2200 652 2256 carnalia
705 2201 1046 2269 carnalibus,
1105 2201 1380 2271 spiritalia
1438 2203 1778 2273 spiritalibus
1826 2205 1983 2261 reddi

404 2294 613 2359 dicunt.
645 2293 712 2347 Et
752 2294 975 2363 quidam
1020 2294 1242 2364 quidem
1272 2311 1339 2349 ex
1380 2296 1514 2365 ipsis
1554 2296 1694 2351 clam
1738 2311 1833 2352 eas
1868 2312 1987 2351 mu-

406 2384 592 2447 lieres,
633 2399 753 2453 qua:
798 2384 1016 2439 discunt
1057 2384 1129 2439 ab
1169 2385 1250 2440 eis
1290 2385 1597 2440 doctrinam
1650 2386 1816 2453 hanc,
1860 2402 1984 2443 cor-

406 2485 691 2546 rumpunt;
765 2476 1222 2545 quemadmodum
1298 2476 1484 2532 multa:
1553 2491 1703 2547 saepe
1774 2476 1845 2533 ab
1915 2477 1985 2534 iis

405 2583 583 2623 suasa:
629 2567 729 2637 (2),
782 2575 906 2636 post
950 2582 1232 2623 conversa:
1266 2568 1523 2624 mulieres
1568 2569 1637 2624 ad
1680 2570 1982 2626 Ecclesiae:

408 2658 530 2726 Dei,
564 2674 687 2712 cum
723 2658 936 2727 reliquo
965 2673 1156 2715 errore
1184 2669 1237 2714 et
1262 2659 1366 2714 hoc
1399 2659 1669 2717 confessae
1697 2672 1845 2721 sunt.
1876 2662 1984 2719 Alii

408 2762 541 2802 vero
579 2756 634 2800 ct
669 2746 981 2813 manifeste,
1014 2761 1083 2801 ne
1121 2745 1344 2817 quidem
1376 2748 1786 2815 erubescentes,
1818 2764 1985 2819 quas-

408 2853 627 2908 cunque
646 2837 1015 2892 adamaverint
1036 2837 1315 2903 mulieres,
1334 2837 1434 2894 bas
1454 2854 1485 2892 a
1503 2838 1635 2894 viris
1650 2839 1764 2895 suis
1779 2841 1989 2895 abstra-

409 2930 623 2995 bentes,
669 2944 795 2986 suas
832 2939 1031 2999 nuptas
1066 2929 1338 2987 fecerunt.
1370 2931 1477 2987 Alii
1515 2946 1647 2989 vero
1687 2933 1844 2989 valde
1872 2947 1990 2990 mo-

410 3021 560 3077 deste
583 3021 758 3089 initio,
784 3022 942 3091 quasi
974 3036 1101 3077 cum
1125 3022 1407 3081 sororibus
1426 3026 1693 3096 ﬁngentes
1714 3025 1985 3093 habitare,

2082 1935 2435 2007 θηριομάχων
2454 1934 2547 1986 καὶ
2571 1929 2909 2004 μονομαχίας
2938 1928 3263 1999 ἀνδροφόνου
3296 1926 3425 1989 θέας
3456 1926 3675 1996 ἀπέχε-

2083 2030 2207 2084 σθαι
2240 2028 2414 2091 ἐνίους
2444 2026 2645 2081 αὐτῶν.
2680 2027 2743 2080 Oi
2774 2024 2833 2079 δὲ
2865 2022 2960 2077 καὶ
2996 2025 3118 2086 ταῖς
3148 2022 3248 2093 τῆς
3293 2021 3498 2093 σαρκὸς
3541 2022 3676 2092 ἡδο.

2079 2122 2199 2183 ναῖς
2223 2118 2300 2189 (5)
2327 2116 2647 2188 κατακόρως
2668 2114 3009 2180 δουλεύοντες
3034 2114 3105 2169 τὰ
3125 2112 3361 2185 σαρκικὰ
3388 2115 3506 2177 τοῖς
3536 2130 3679 2184 σαρ-

2080 2212 2257 2272 κικοῖς
2286 2209 2380 2261 καὶ
2411 2205 2481 2260 τὰ
2522 2204 2869 2277 πνευματικὰ
2899 2207 3013 2269 τοῖς
3046 2204 3439 2275 πνευματικοῖς
3470 2202 3677 2256 ἀποδί-

2080 2300 2265 2353 δοσθαι
2285 2298 2521 2366 λέγουσι.
2556 2298 2667 2351 Καὶ
2688 2298 2737 2351 oi
2763 2297 2861 2369 μὲν
2880 2295 3059 2350 αὐτῶν
3089 2295 3265 2367 λάθρα
3286 2295 3385 2358 τὰς
3417 2295 3680 2348 διδασκο-

2084 2389 2252 2461 μὲνας
2286 2388 2375 2441 ὑπ’
2409 2386 2587 2441 αὐτῶν
2628 2386 2727 2458 τὴν
2766 2387 2985 2457 διδαχὴν
3014 2385 3219 2455 ταύτην
3256 2386 3523 2451 γυναῖκας
3553 2382 3677 2435 δια-

2081 2478 2416 2550 φθείρουσιν,
2447 2475 2523 2539 ὡς
2557 2474 2817 2539 πολλάκις
2852 2476 2945 2528 ὑπ’
2978 2474 3137 2527 ὲνίων
3161 2471 3343 2526 αὐτῶν
3383 2471 3679 2540 ἐξαπατη-

2082 2570 2297 2635 θεῖσαι,
2374 2568 2565 2622 ἐπειτα
2629 2565 3026 2639 ἐπιστρέψασαι
3090 2566 3342 2635 γυναῖκες
3417 2563 3499 2624 εἰς
3569 2562 3681 2644 τὴν

2097 2659 2423 2732 Ἐκκλησίαν
2446 2658 2540 2713 τοῦ
2569 2657 2726 2723 Θεοῦ,
2763 2659 2859 2713 σὺν
2882 2660 2948 2729 τῇ
2974 2657 3137 2727 λοιπῇ
3179 2655 3352 2725 πλάνῃ
3378 2652 3472 2706 καὶ
3504 2651 3678 2705 τοῦτο

2085 2751 2595 2823 ὲξωμολογήσαντο’
2626 2752 2675 2803 οἱ
2706 2750 2763 2804 δὲ
2800 2750 2895 2805 καὶ
2925 2748 3066 2802 κατὰ
3087 2748 3149 2800 τὸ
3186 2744 3417 2817 φανερὸν
3450 2745 3677 2814 ἀπερυ-

2086 2842 2427 2915 θριάσαντες,
2469 2836 2544 2897 ὧν
2587 2841 2654 2896 ἂν
2694 2841 2967 2915 ὲρασθῶσι
2998 2838 3291 2910 γυναικῶν,
3328 2836 3536 2900 ταύτας
3574 2838 3674 2889 ἀπ’

2085 2931 2295 3004 ἀνδρῶν
2309 2932 2744 2998 ἀποσπάσαντες,
2762 2931 2895 2993 ἰδίας
2908 2930 3151 3003 γαμετὰς
3163 2930 3454 3000 ἡγήσαντο.
3476 2925 3679 2977 Ἀλλοι

2085 3025 2145 3078 δὲ
2183 3020 2251 3079 αὖ
2294 3025 2455 3080 πάλιν
2489 3025 2702 3095 σεμνῶς
2750 3023 2868 3078 κατ’
2901 3021 3097 3096 ἀρχὰς,
3124 3021 3201 3085 ὡς
3237 3019 3376 3092 μετὰ
3417 3018 3679 3087 ἀδελφῶν

1607 3118 1810 3175 BlLLll
1845 3115 2429 3175 INTERPRETA'I'IO.

410 3226 595 3283 posse,
623 3218 686 3283 ut
716 3210 946 3283 salutem
976 3225 1399 3283 consequamur.
1429 3211 1499 3266 At
1524 3226 1584 3267 se
1611 3228 1717 3283 non
1750 3228 1846 3283 per
1872 3214 2162 3278 actionem,
2195 3214 2289 3269 sed
2311 3214 2453 3283 quod
2472 3222 2676 3283 natura
2699 3210 3014 3283 spirituales
3041 3208 3171 3271 sint,
3204 3207 3430 3262 omnino
3460 3222 3524 3283 ac
3552 3207 3679 3264 sine

412 3278 517 3333 ulla
546 3280 885 3354 dubitatione
916 3282 1095 3354 salvos
1128 3278 1243 3354 fore
1276 3281 1573 3354 afﬁrmant.
1616 3282 1686 3338 Ut
1716 3278 1859 3354 enim
1894 3283 2135 3354 hylicum
2179 3278 2343 3339 nullo'
2358 3282 2522 3338 modo
2562 3278 3209 3354 saluti—sparticepsesse
3249 3292 3407 3346 posse
3451 3278 3676 3354 dicunt,

412 3351 556 3419 quod
579 3350 697 3419 ejus
719 3366 889 3424 capax
923 3352 1146 3424 minime
1173 3352 1245 3406 sit
1275 3368 1289 3404 :
1324 3352 1405 3405 sic
1443 3366 1634 3424 rursus
1663 3348 1948 3421 spiritualé
1987 3351 2157 3423 (quod
2190 3353 2293 3424 ipsi
2320 3369 2378 3409 se
2411 3368 2536 3410 esse
2577 3348 2797 3424 volunt)'
2819 3367 2882 3406 ea
2916 3349 3224 3424 conditione
3258 3362 3403 3424 esse,
3433 3360 3494 3401 ut
3522 3348 3681 3424 nullo

455 3417 643 3473 rursus
670 3417 830 3473 modo
859 3422 1139 3494 inte_ritum
1172 3430 1333 3494 atque
1373 3417 1782 3494 corruptionem
1830 3417 2076 3492 recipere
2121 3417 2308 3493 queat,
2356 3417 2780 3494 quibuscuuque’
2821 3421 3038 3494 tandem
3078 3418 3130 3472 in
3178 3417 3396 3494 flagitiis
3438 3418 3679 3494 sceleri-

412 3437 643 3544 prorsus
670 3437 830 3473 mouo
859 3437 1139 3474 mteruum
1172 3437 1333 3487 atque
1373 3437 1782 3487 corruptionem
1830 3438 2076 3492 recipere
2121 3437 2308 3493 queat,
2356 3437 2772 3494 qutbuscuuque
2821 3437 3038 3476 tanuem
3078 3437 3130 3472 ιιι
3178 3437 3396 3486 naguus
3438 3437 3679 3473 SCBICI‘I-

435 3504 623 3565 iusque
649 3500 913 3544 versetur.
950 3490 1417 3565 Quemadmodum
1469 3492 1618 3565 enim
1663 3507 1858 3546 aurum
1920 3494 1972 3548 in
2011 3507 2173 3549 emno
2224 3495 2481 3565 positum,
2526 3492 2990 3565 pulchritudinem
3042 3503 3194 3542 suam
3241 3489 3395 3565 h3ud_
3434 3486 3681 3557 proinde

412 3555 640 3634 ιιιιιίιιὶι,
666 3574 857 3634 verum
890 3570 1142 3614 naturam
1170 3575 1346 3634 suam“
1368 3560 1947 3634 incolumemnservat,
1977 3578 2079 3619 nec
2127 3555 2445 3619 detrimenti
2468 3555 2787 3634 quidquam
2839 3563 2887 3617 ei
2936 3576 2967 3615 a
3013 3573 3196 3634 etenq
3218 3555 3398 3634 afferri
3436 3555 3632 3634 potest
3661 3573 3677 3610 :

410 3630 602 3682 codem
631 3630 789 3699 modo
815 3645 937 3684 sese
967 3644 1205 3699 quoque,
1238 3628 1570 3697 quibuslibet
1600 3631 1820 3687 tandem
1862 3633 1917 3689 in
1954 3635 2335 3692 materialibus
2374 3628 2683 3692 actionibus
2721 3641 3028 3696 versentur,
3062 3628 3200 3685 nihil
3228 3628 3355 3683 hinc
3386 3628 3529 3692 laedi,
3571 3641 3679 3684 nec

410 3698 717 3767 spiritualis
744 3698 996 3753 assentire
1022 3698 1290 3767 iacturam
1322 3699 1522 3754 facere.

464 3769 548 3824 ’3.
578 3770 698 3835 Quo
723 3771 887 3825 etiam
915 3770 993 3834 tit,
1026 3780 1085 3825 ut
1130 3785 1318 3825 eorum
1365 3769 1760 3841 perfectissimi
1788 3773 1991 3845 quique
2015 3773 2199 3833 omnia
2227 3787 2313 3843 ea,
2337 3789 2459 3848 quae
2484 3774 2623 3847 legis
2657 3771 2952 3829 interdicto
2975 3768 3356 3843 prohibentur,
3379 3776 3432 3823 ct
3454 3768 3520 3823 de
3550 3768 3679 3839 qui-

523 3861 569 3892 "
598 3860 922 3929 Gal.v,21.

483 3956 564 4027 (l)
608 3956 719 4030 _Pro
760 3958 1022 4030 υριυριαιε
1067 3958 1123 4013 in
1163 3958 1361 4030 honore
1408 3957 1696 4030 idolorum,
1724 3955 1986 4030 'e_tc.A_Sic
2011 3964 2058 4030 c
2087 3972 2271 4023 voces,
2306 3958 2483 4030 ἐνίους
2524 3956 2730 4030 αὐτῶν,
2760 3954 2831 4012 Ut
2869 3956 3055 4030 itaque
3096 3956 3269 4012 lector
3309 3964 3519 4030 rectum
3556 3956 3678 4024 ple-

413 4026 740 4081 auctoritate
767 4026 943 4082 Graeci
982 4038 1159 4083 textus
1201 4038 1257 4084 et
1290 4028 1579 4083 clarissimi
1628 4026 1885 4082 Cotelerii
1928 4029 1982 4083 in

416 4097 561 4168 notis
592 4096 659 4168 ad
702 4096 794 4151 lib.
841 4113 881 4151 ιι
926 4098 1153 4152 Constit.
1185 4099 1437 4167 apostol.,
1481 4113 1604 4168 cap.
1644 4096 1735 4168 61,
1777 4097 1987 4168 judicio

416 4167 650 4229 restitui,
683 4180 792 4237 pro
813 4181 879 4220 eo
909 4168 1054 4237 quod
1077 4169 1413 4225 inomnibus
1438 4166 1598 4223 codd.
1632 4166 1830 4222 vitiose
1861 4167 1991 4237 legi-

416 4246 506 4291 tur
534 4255 549 4289 :
577 4253 671 4304 pro
693 4235 1001 4311 uoluntate,
1030 4248 1136 4311 etc.
1184 4238 1335 4292 Haud
1367 4238 1608 4311 dubitem
1647 4236 1814 4301 enim,
1856 4235 1987 4311 quin

418 4311 692 4375 interpres
726 4307 1010 4375 scripserit
1038 4306 1333 4376 voluptate;
1360 4308 1454 4363 sed
1480 4324 1602 4361 cum
1639 4317 1855 4363 veteres
1880 4306 1988 4362 non

418 4376 795 4445 infrequenter
818 4378 1124 4447 scriberent
1148 4377 1465 4445 uolumptas,
1488 4376 1830 4447 volumptate,
1855 4386 1985 4441 etc.,

420 4446 558 4501 adeo
585 4454 643 4499 ut
668 4446 934 4501 interdqu
961 4447 1173 4502 dubites
1196 4458 1375 4501 utrum
1406 4446 1670 4512 voluntas,
1695 4447 1990 4512 uoluntate,

418 4531 487 4569 an
537 4516 795 4586 voluptas,
844 4517 1133 4586 voluptate,
1188 4518 1471 4587 legendum
1530 4518 1629 4583 sit;
1679 4517 1770 4585 qui
1817 4518 1990 4572 secuti

419 4594 595 4652 sunt,
648 4588 787 4640 hanc
840 4601 1031 4641 vocem
1092 4588 1408 4656 volumptate
1476 4588 1531 4641 in
1588 4587 1774 4640 Irenaai
1828 4587 1987 4656 codd.

422 4657 588 4721 nacti,
634 4657 1004 4725 imprudenter
1050 4655 1456 4712 cummutaruut
1502 4656 1554 4710 in
1599 4657 1881 4711 voluntate.
1932 4655 1990 4710 In

421 4728 580 4797 codd.
617 4726 857 4781 Clarum.
899 4739 955 4781 et
994 4727 1181 4782 Ottob.
1222 4742 1320 4797 pro
1379 4728 1437 4779 in
1476 4728 1674 4781 honore
1702 4727 1990 4794 idolorum,

420 4796 639 4864 legitur,
682 4798 738 4851 in
787 4798 983 4852 honore
1022 4813 1225 4862 eorum,
1280 4798 1510 4851 fortasse
1550 4811 1647 4865 pro
1697 4799 1752 4850 in
1797 4799 1994 4850 honore

423 4866 679 4931 deorum;
712 4881 831 4935 qua:
860 4881 1139 4934 postrema
1176 4868 1334 4921 lectio
1365 4865 1624 4920 Frontoni
1656 4867 1849 4920 Ducaao
1882 4882 1996 4920 ma-

427 4938 824 5007 gisarrideret.
860 4936 1040 4995 Monet
1079 4952 1208 4991 vero
1252 4936 1502 4992 laudatus
1537 4936 1841 4991 Cotelerius
1864 4945 1997 5007 post

427 5006 676 5074 verbum,
723 5007 1044 5074 abstineant,
1094 5009 1399 5063 addendum
1442 5021 1564 5063 esse
1609 5008 1673 5060 ab
1718 5022 1799 5061 eo.
1843 5006 1997 5072 Quod

425 5082 607 5149 autem
644 5072 862 5149 Graecas
894 5072 1061 5149 voces
1099 5080 1236 5133 duas
1284 5077 1637 5149 θηριομάχων
1689 5077 1784 5130 καὶ
1845 5094 1999 5148 μονο-

429 5145 653 5215 μαχίας,
683 5146 1053 5217 bestiariorum
1078 5157 1127 5201 et
1152 5145 1533 5217 gladiatorum,
1551 5145 1707 5201 Unica
1730 5145 1863 5203 voce
1883 5163 2000 5199 mu-

428 5220 570 5267 neris
603 5215 899 5287 reddiderit
938 5215 1233 5287 interpres,
1268 5218 1493 5273 Latinos
1536 5227 1790 5273 auctores
1834 5232 2000 5272 secu-

431 5292 519 5358 tus
535 5292 638 5358 est,
659 5286 855 5358 quibus
875 5302 1063 5340 munus
1087 5286 1192 5341 non
1217 5303 1339 5343 raro
1355 5289 1624 5356 signiﬁcat
1639 5287 1995 5358 spectaculum

428 5341 834 5422 gladiatoi'ium,
857 5368 951 5410 aut
980 5358 1265 5411 bestiarum
1288 5341 1616 5422 quibuscum
1637 5341 1883 5412 h'omines
1903 5359 1997 5411 de-
2026 5341 2072 5397 Ῑ)

434 5435 763 5498 pugnarent.
811 5425 1165 5498 SicrrSuetou.
1198 5429 1251 5484 'ru
1290 5425 1502 5483 Caesare
1531 5426 1771 5482 :Bestias
1800 5443 2003 5498 quoque

429 5493 727 5566 admunus
754 5497 931 5563 pepuli
973 5509 1303 5566 comparatas
1334 5501 1740 5553 trucidaverant.
1759 5493 1825 5551 Ei
1844 5493 2001 5552 ibid:

436 5560 934 5637 Edidilspectacula
965 5560 1097 5620 varii
1124 5570 1346 5635 generis,
1378 5585 1567 5622 munus
1604 5568 2003 5637 gladiatorium,

432 5636 590 5702 ludos
631 5634 790 5687 etiam
835 5634 1142 5702 regionatim
1185 5640 1311 5689 urbe
1360 5648 1493 5693 tota.
1538 5634 1677 5691 Hinc
1716 5638 2007 5692 munerarii
2038 5635 2049 5647 '

437 5700 788 5777 dicebantur,
840 5700 1242 5777 quiiejusmodi
1288 5708 1599 5777 spectacula
1646 5708 2002 5763 exhibebant.

436 5772 603 5826 Addit
638 5772 877 5843 denique
922 5772 1155 5831 Grabius
1190 5772 1335 5833 inter
1378 5788 1547 5834 retem
1585 5780 1786 5834 vitioso
1820 5779 2007 5833 codice

437 5856 597 5897 usum
628 5880 646 5904 .
708 5861 815 5901 nun
866 5846 1065 5904 lenissc
1114 5846 1250 5904 duas
1306 5795 1525 5904 uftimas
1583 5848 1745 5904 huius
1800 5848 2006 5904 periodi

437 5856 597 5897 usum
628 5880 646 5911 ,
708 5861 815 5901 nun
866 5846 1065 5917 legisse
1100 5846 1250 5927 [luas
1292 5846 1525 5926 ultimas
1583 5848 1745 5928 huius
1800 5848 2006 5920 periodi

2088 4042 2326 4098 numque
2370 4029 2661 4083 verborum
2712 4026 2899 4082 lrenaai
2948 4042 3170 4098 sensum
3239 4028 3530 4098 percipiat,
3582 4041 3676 4082 se-

2087 4097 2342 4169 quentem
2387 4112 2576 4153 eorum
2623 4100 2713 4169 dat
2752 4098 3059 4169 versionem
3112 4097 3195 4151 vir
3242 4097 3547 4169 eruditus:
3606 4098 3680 4149 ad

2089 4167 2265 4223 omnia
2298 4168 2487 4237 festiva
2514 4167 2789 4237 gentilium
2826 4168 3225 4232 oblectamenta,
3262 4182 3383 4234 quia
3411 4169 3465 4219 in
3502 4168 3678 4219 hono-

2089 4254 2196 4292 rem
2232 4238 2497 4291 idolorum
2539 4238 2913 4301 instituuntur,
2953 4238 3111 4307 primi
3153 4239 3425 4306 conﬂuunt
3464 4248 3484 4287 :
3534 4238 3677 4290 adeo

2090 4320 2149 4361 ut
2180 4308 2420 4361 nonnulli
2449 4324 2629 4360 eorum
2662 4323 2725 4360 ne
2756 4308 2970 4376 quidem
3002 4308 3296 4361 abstineant
3327 4308 3391 4359 ab
3428 4322 3487 4360 eo
3526 4308 3677 4375 quod

2092 4376 2200 4431 Deo
2246 4378 2642 4446 hominibusque
2685 4379 2912 4430 maxime
2958 4379 3184 4431 invisum
3230 4387 3327 4444 est,
3371 4378 3677 4444 spectacqu

2089 4463 2271 4501 eorum
2300 4447 2391 4514 qui
2425 4445 2560 4499 cum
2584 4446 2761 4500 bestiis
2794 4458 3053 4516 pugnant,
3094 4446 3173 4501 vel
3208 4463 3326 4501 cum
3366 4445 3676 4499 hominibus

2093 4518 2228 4572 bello
2257 4519 2520 4586 congressi
2550 4534 2635 4571 eos
2662 4521 2889 4570 credunt.

2163 4588 2239 4659 (Ξ)
2280 4584 2370 4640 Abi
2394 4588 2467 4659 iis
2486 4604 2686 4659 suam.
2733 4586 2826 4641 Gr.
2870 4586 2961 4640 ὑπ’
2989 4586 3146 4640 ὲνίων
3187 4586 3364 4641 αὐτῶν
3397 4584 3675 4655 ἐξαπατη-

2094 4657 2291 4724 θεῖσαι,
2322 4674 2354 4710 a
2382 4657 2701 4725 quibusdam
2730 4659 2963 4725 ipsorum
2991 4659 3382 4711 circumventae.

2164 4728 2244 4800 (5)
2276 4723 2405 4800 Kal
2453 4726 2564 4799 γὰρ
2613 4723 3007 4800 εξὸωζλόθυτα,
3040 4738 3149 4782 etc.
3202 4728 3258 4780 Id
3307 4742 3337 4779 a
3385 4723 3677 4800 Nicolaitis

2093 4795 2481 4855 anéticorum
2512 4795 2755 4853 amnium
2780 4798 3095 4866 parentibus
3124 4806 3449 4866 acceperant
3475 4795 3675 4849 Valen-

2097 4869 2310 4923 tiniani.
2352 4868 2433 4923 llli
2475 4865 3036 4939 siquidem,_August.
3078 4877 3215 4939 teste
3256 4865 3350 4920 lib.
3389 4865 3466 4939 De
3508 4866 3673 4930 ham,

2096 4952 2218 5009 Cap.
2248 4940 2303 5003 5,
2333 4955 2425 4994 nec
2456 4940 2521 4992 ab
2543 4937 2619 5009 iis
2649 4937 2953 5009 qua:_idolis
2986 4938 3348 5000 immolantur,
3376 4937 3517 5009 cibos
3542 4951 3675 4988 suos

2096 5007 2447 5077 separabant;
2479 5020 2527 5063 et
2567 5007 2705 5062 alios
2745 5007 2879 5061 ritus
2923 5009 3197 5077 gentilium
3235 5007 3674 5077 superstitionum

2098 5076 2205 5132 nun
2234 5085 2631 5133 aversabantur.
2670 5077 2792 5133 Jam
2829 5079 3037 5147 pridem
3066 5078 3125 5132 S.
3168 5076 3407 5130 Joannes
3443 5076 3670 5147 Apocal.

2098 5164 2164 5212 ιι.
2192 5150 2284 5214 υ,
2312 5149 2402 5213 20,
2446 5149 2497 5203 id
2527 5149 2733 5204 crimen
2777 5146 2835 5201 iu
2870 5149 2936 5203 iis
2985 5148 3253 5203 haereticis
3293 5146 3672 5217 reprehendit,

2100 5227 2160 5273 ut
2182 5220 2432 5275 observat
2463 5219 2700 5276 lrenzeus
2735 5217 2876 5273 infra
2903 5233 3023 5288 cap.
3055 5217 3146 5272 27.

2282 5291 2597 5374 έιαξαόρως.
2623 5289 2932 5371 Ιρςειιάιιιη
2965 5285 3087 5374 cuin
3117 5285 3669 5374 ἰρξθνριὰδιαφόριος.

2196 5355 2252 5441 5.)
2283 5363 2345 5414 οι
2366 5355 2441 5441 ἑὲ
2460 5355 2566 5441 ea!
2584 5355 2846 5441 ταῖξττῐς
2866 5358 3091 5441 sesese
3116 5355 3378 5441 ᾐδοιὶαῖςν
3537 5355 3677 5441 Σμξν

2097 5426 2735 5503 pissi'maGnosticorum
2786 5426 2987 5503 ﬂagitia
3033 5426 3206 5503 fusius
3236 5426 3499 5503 describit
3533 5426 3673 5494 Epi-

2100 5497 2289 5573 phan.,
2324 5502 2456 5555 han.
2494 5500 2601 5573 26.!
2628 5500 2687 5555 Si
2709 5501 2845 5573 quis
2864 5497 3113 5573 miretur
3156 5502 3211 5555 in
3247 5508 3325 5553 tot
3362 5497 3670 5550 facinorum

2101 5570 2290 5641 putide
2326 5586 2485 5627 cceno
2512 5571 2675 5626 altius
2708 5570 2994 5641 immersos
3037 5572 3282 5641 homines
3312 5577 3494 5641 mente
3526 5581 3672 5641 pra}-

2103 5636 2244 5697 ditos
2275 5642 2509 5697 volutari
2538 5641 2801 5712 potuisse,
2832 5640 2978 5712 illius
3004 5640 3311 5712 meminerit
3338 5638 3485 5707 quod
3525 5636 3671 5712 scri-

2102 5714 2185 5769 bit
2216 5707 2579 5782 Hieronymus
2611 5712 2665 5764 in
2693 5725 2811 5779 cap.
2839 5727 2891 5765 ix
2931 5708 3340 5782 0sea::diﬁicile
3363 5707 3669 5765 htcrcti'rum

2103 5784 2327 5840 inveniri
2361 5784 2452 5855 qui
2487 5782 2673 5855 diligat
2706 5782 3019 5837 castitatem.

3474 5924 3536 5943 ,/"
