3880 6358
448 290 551 352 ειι
1191 292 1254 352 S.
1288 290 1549 350 [BENE]
1583 290 1891 350 EPISCOPl
1931 292 2020 352 ιιι

2133 291 2416 351 UNENSIS
2446 294 2537 351 ET
2576 294 2938 353 MARTYRIS
3625 300 3750 357 5η

442 419 670 476 vocant,
701 416 764 468 et
785 411 853 470 de
882 411 1080 470 szecuio
1109 427 1233 470 esse
1257 414 1471 482 dicunt,
1502 414 1870 471 necessariam
1899 430 2020 471 con-

2133 415 2390 487 ψυχικοὺς
2408 416 2485 488 (5)
2500 416 2844 488 ὀνομάζουσι,
2864 413 2959 469 καὶ
2981 412 3048 468 ὲκ
3074 413 3280 486 κόσμου
3301 407 3440 468 εἶναι
3464 409 3751 484 λέγουσι,

444 501 761 567 tinentiam,
789 512 846 558 et
871 504 1072 559 bonam
1104 505 1505 574 operationem,
1549 505 1629 559 uti
1661 519 1761 576 per
1787 519 1908 560 eam
1938 518 2020 560 ve-

2133 505 2225 558 καὶ
2273 506 2577 575 ἀναγκαίαν
2625 507 2756 578 ἡμῖν
2788 506 2889 577 τὴν
2940 506 3264 579 ἐγκράτειαν
3282 544 3299 570 ,
3349 506 3446 567 καὶ
3493 507 3750 579 ἀγαθὴν

450 594 671 647 niamus
709 594 763 647 in
801 595 1107 651 medietatis
1150 596 1366 660 locum;
1413 596 1518 651 sibi
1566 606 1773 658 autem,
1816 596 2020 667 spirita'

2133 596 2348 669 πρᾶξιν,
2381 598 2469 651 ἵνα
2499 598 2569 651 δι’
2592 598 2760 668 αὐτῆς
2780 597 3022 669 ἔλθωμεν
3043 598 3123 662 εἰς
3152 598 3246 651 τὸν
3277 597 3377 669 τῆς
3411 599 3747 669 μεσότητος

449 682 599 738 libus
637 692 693 738 et
733 682 998 753 perfectis
1039 687 1274 751 vocatis,
1316 687 1465 741 nullo
1507 688 1686 742 modo.
1726 686 1843 742 Non
1887 689 2020 745 enim

2133 691 2311 743 τόπον⁸
2353 691 2535 754 αὐτοῖς
2570 689 2628 743 δὲ
2658 692 3045 761 πνευματικοῖς
3065 706 3126 742 τε
3152 690 3246 743 καὶ
3268 690 3496 755 τελείοις
3515 692 3749 745 καλου-

449 775 698 843 operatio
735 775 789 829 in
822 775 1073 831 Pieroma
1106 777 1346 843 inducit,
1379 777 1471 833 sed
1514 793 1727 845 semen,
1771 780 1915 850 quod
1950 791 2020 838 εει

2133 780 2315 853 μένοις
2340 767 2625 852 μηδαμῶς.
2660 782 2735 835 Οὐ
2766 780 2877 852 γὰρ
2911 780 3107 852 πρᾶξις
3138 781 3218 844 είς
3252 780 3525 852 πλήρωμα
3569 782 3748 835 εἰσά-

450 866 578 922 inde
621 868 880 938 pusillum
924 870 1143 940 quidem
1192 871 1480 941 emissum,
1538 870 1630 926 hic
1680 881 1865 929 autem
1911 888 2020 944 per-

2133 890 2239 943 γει,
2275 872 2413 928 ἀλλά
2441 874 2503 927 τὸ
2536 874 2757 944 σπέρμα
2778 873 2842 927 τὸ
2871 872 3081 927 ἐκεῖθεν
3112 873 3307 943 νήπιον
3345 872 3737 944 ἐκπεμπόμε-

449 959 652 1017 Ξεειιιιιι
684 960 912 1016 factum.
1915 1027 1918 1031 ι
2127 982 2238 1031 νον,
2273 965 2460 1019 ἐνθάδε
2495 964 2570 1038 (6)
2595 965 2991 1036 τελειοὺμενον.
3747 949 3755 959 ’

1794 1118 1903 1189 32
1958 1095 2194 1175 ca’pur
2232 1118 2346 1176 vn.

451 1232 698 1298 Perfecto
729 1234 971 1290 universo
1000 1235 1197 1291 semine
1232 1244 1451 1289 matrem
1488 1235 1804 1296 Achamotlt.
1838 1252 1957 1290 cum
1989 1236 2317 1305 spiritalibus
2340 1237 2659 1301 hominibus,
2683 1237 2742 1292 in
2772 1237 3021 1293 Pleroma
3045 1240 3432 1303 transiturum;
3462 1240 3745 1297 Demiur-

519 1323 667 1375 gum,
692 1321 811 1359 cum
836 1306 1179 1368 animalibus.
1210 1307 1266 1359 in
1303 1306 1599 1359 medietatis
1630 1306 1847 1371 locant;
1878 1306 2139 1360 hominem
2188 1324 2308 1361 vero
2353 1308 2593 1361 choicum
2628 1310 2684 1363 in
2726 1307 3083 1375 corruptelam
3136 1309 3425 1367 abiturum.
3481 1311 3741 1367 Materia

521 1374 639 1442 igne
670 1375 1045 1450 consumenda.
1079 1376 1416 1450 Illaspltemia
1447 1374 1723 1450 inlibriin
1751 1392 1926 1450 perant
1951 1392 2016 1431 ea:
2044 1376 2106 1431 Β.
2149 1376 2361 1449 Virgine
2387 1376 2849 1434 Incarnationem.
2875 1374 3077 1434 Divisio
3120 1382 3541 1450 prophetiarum,
3581 1395 3639 1436 et
3667 1384 3739 1437 de

519 1462 703 1500 earum
734 1446 955 1515 origine.
990 1444 1201 1514 Supina
1235 1444 1508 1514 Demiurgi
1532 1446 1823 1515 ignoratio.

524 1563 577 1617 l.
607 1562 740 1616 Cum
776 1569 956 1614 autem
984 1560 1299 1615 universum
1329 1575 1515 1615 semen
1560 1560 1864 1630 perfectum
1907 1561 2024 1617 iue-

451 1654 546 1720 rit,
588 1653 894 1708 Achamoth
934 1652 1156 1721 quidem
1214 1663 1444 1706 matrem
1497 1654 1740 1722 ipsorum
1794 1654 2030 1729 transire

452 1747 519 1800 de
568 1745 884 1801 medietatis
933 1744 1053 1800 loco
1088 1745 1299 1809 dicunt,
1335 1755 1390 1800 et
1440 1746 1586 1800 intra
1639 1744 1887 1802 Pleroma
1940 1747 2028 1801 in-

456 1839 649 1901 troire,
680 1844 735 1892 et
762 1838 1009 1907 recipere
1049 1852 1311 1906 sponsum
1345 1854 1504 1893 suum
1546 1837 1913 1905 Saivatorem,
1936 1838 2029 1909 qui

452 1941 537 1985 est
570 1945 633 1984 ex
667 1930 922 1985 omnibus
950 1928 1151 1995 factus,
1193 1930 1270 1984 uti
1319 1932 1542 2003 syzygia
1584 1931 1679 1986 iiat
1728 1931 2031 1988 Saivatoris

2194 1563 2249 1618 l.
2290 1566 2460 1619 Ὅταν
2496 1565 2554 1619 δὲ
2600 1565 2706 1619 πᾶν
2738 1564 2801 1619 τὸ
2844 1565 3067 1638 σπέρμα
3129 1564 3412 1638 τελειωθῇ,
3455 1565 3562 1637 τὴν
3626 1565 3743 1637 μὲν

2136 1655 2389 1728 Ἀχαμὼθ
2430 1656 2531 1728 τὴν
2572 1657 2785 1728 μήτερα
2813 1656 2994 1710 αὐτῶν
3023 1655 3327 1726 μεταϐῆναι
3364 1656 3439 1727 (7)
3478 1654 3581 1708 τοῦ
3620 1656 3735 1727 τῆς

2130 1748 2426 1819 μεσότητος
2464 1748 2633 1802 τόπου
2687 1748 2943 1816 λέγουσι,
2998 1748 3092 1801 καὶ
3139 1747 3291 1812 ἐντὸς
3342 1747 3740 1819 πληρώματος

2124 1840 2406 1905 εἰσελθεῖν,
2441 1840 2535 1894 καὶ
2567 1839 2859 1894 ἀπολαϐεῖν
2888 1839 2981 1893 τὸν
3012 1839 3243 1911 νυμφίον
3280 1839 3450 1910 αὐτῆς
3476 1839 3571 1892 τὸν
3603 1841 3734 1893 Ear-

2122 1932 2287 2002 τῆρα,
2327 1930 2419 1984 τὸν
2453 1931 2517 1983 ὲκ
2540 1930 2756 1984 πάντων
2786 1930 3064 1999 γεγονότα,
3110 1929 3198 1982 ἴνα
3231 1926 3461 1996 συζυγία
3490 1927 3737 1999 γένηται

452 2031 505 2077 et
543 2022 780 2091 Sophiae,
812 2037 932 2091 quae
963 2032 1045 2077 est
1073 2019 1404 2077 Acbamotb.
1439 2022 1507 2077 Et
1551 2023 1655 2077 hoc
1696 2037 1817 2077 esse
1864 2038 2020 2091 spon«

2134 2024 2231 2077 τοῦ
2258 2024 2512 2096 Σωτῆρος
2538 2022 2754 2093 καὶτῆς
2786 2022 2984 2091 Σοφίας
3010 2022 3109 2093 τῆς
3141 2020 3415 2092 Ἀχαμώθο
3434 2024 3534 2074 καὶ
3558 2021 3737 2074 τοῦτο

454 2128 576 2166 ειιιιι
610 2121 665 2166 et
707 2127 965 2181 sponsam
1015 2113 1089 2181 (l)
1127 2130 1141 2167 :
1187 2111 1561 2183 Nymphontem
1600 2112 1679 2182 (9.)
1712 2128 1862 2181 vero,
1913 2114 2031 2167 uni-

452 2219 671 2259 versum
705 2204 975 2259 Pleroma.
1022 2204 1310 2275 Spiritales
1338 2219 1495 2271 vero,
1542 2206 1875 2276 cxspoliatos
1900 2207 2022 2261 ani-

459 2311 577 2350 mas
608 2296 711 2365 (ὅ),
740 2306 792 2351 et
824 2297 1056 2365 spiritus
1086 2297 1492 2352 intellectuaies
1538 2296 1734 2363 iactos,
1768 2299 2026 2368 inappre-

453 2387 809 2442 hensibiliter
847 2389 924 2458 t4)
966 2398 1019 2444 et
1066 2388 1420 2445 invisibiliter
1452 2389 1597 2444 intra
1636 2388 1890 2443 Plcroma
1945 2391 2028 2444 in-

449 2497 695 2551 gressus,
745 2496 975 2551 sponsas
1009 2482 1164 2537 reddi
1214 2481 1317 2547 iis,
1354 2480 1447 2550 qui
1495 2482 1643 2537 circa
1685 2480 2029 2538 Salvatorem

448 2582 579 2630 sunt
610 2573 841 2643 angelis.
876 2572 1230 2644 Demiurgum
1260 2588 1392 2629 vero
1418 2574 1657 2630 transire
1682 2581 1738 2628 et
1768 2573 1944 2642 ipsum
1976 2572 2028 2627 in

449 2665 642 2722 matris
665 2680 778 2722 sua:
801 2665 1019 2733 Sophim
1049 2664 1252 2733 locum,
1276 2666 1379 2722 hoc
1406 2673 1493 2723 est
1534 2666 1591 2722 in
1640 2665 2017 2722 medietatem.

2134 2113 2271 2169 εἶναι
2294 2112 2528 2186 νυμφίον
2559 2113 2654 2165 καὶ
2680 2110 2918 2183 νύμφην,
2954 2109 3218 2181 νυμιρῶνα
3254 2110 3311 2162 δὲ
3342 2109 3404 2162 τὸ
3440 2111 3555 2162 πᾶν
3584 2109 3735 2179 πλή-

2133 2222 2325 2279 ρωμα·
2382 2205 2508 2268 τοὺς
2549 2204 2607 2257 δὲ
2660 2204 3063 2273 πνευματικοὺς
3113 2200 3563 2272 ἀποδυσαμένους
3626 2202 3736 2265 τὰς

2121 2297 2318 2368 ψυχὰς,
2358 2298 2451 2350 καὶ
2484 2295 2769 2366 πνεύματα
2808 2294 2971 2367 νοερὰ
3008 2294 3352 2365 γενομένους,
3385 2295 3732 2366 ἀκρατῆ-τως

2124 2391 2218 2443 καὶ
2232 2390 2475 2461 ἀοράτως
2491 2388 2641 2451 ἐντὸς
2656 2386 3018 2460 πληρώματος
3030 2386 3384 2451 εἰσελθόντας,
3400 2386 3461 2439 νύ
3471 2405 3633 2457 μφας
3646 2387 3733 2457 (8)

2126 2479 2559 2552 ἀποδοθήσεσθαι
2590 2482 2703 2543 τοῖς
2749 2479 2879 2551 περὶ
2907 2478 2998 2535 τὸν
3031 2479 3257 2550 Σωτῆρα
3290 2478 3573 2547 ἀγγέλοις.
3613 2479 3727 2532 Τὸν

2124 2573 2181 2627 δὲ
2214 2576 2286 2644 Δη
2298 2570 2554 2644 μιουργδν
2590 2570 2889 2643 μεταόῆναι
2920 2570 3013 2623 καὶ
3040 2569 3203 2623 αὑτὸν
3242 2571 3321 2634 εἰς
3350 2571 3441 2624 τὸν
3472 2572 3581 2642 τῆς
3612 2588 3728 2643 μη-

2127 2662 2255 2737 τρὸς
2284 2661 2485 2734 Σοφίας
2520 2660 2595 2734 (9)
2621 2661 3099 2727 τόπον,τουτὲστιν
3133 2662 3191 2715 ἐν
3216 2664 3281 2733 τῇ
3307 2661 3593 2736 μεσότητι⁸
3623 2663 3730 2727 τάς

1648 2838 1853 2896 BILLII
1890 2836 2477 2896 INTERPRETATIO.

446 2961 733 3025 suadeant,
769 2959 858 3015 his
889 2957 1023 3029 ipsis
1053 2958 1242 3015 verbis
1264 2966 1495 3014 utuntur
1521 2975 1536 3012 :
1563 2956 1825 3028 Quisquis
1846 2958 1905 3029 in
1934 2957 2139 3029 mundo
2162 2957 2433 3029 exsistens
2460 2954 2884 3029 mulieremnon
2913 2953 3143 3029 amavit,
3169 2952 3243 3010 ita
3266 2960 3325 3009 ut
3354 2967 3417 3009 ea
3434 2953 3726 3029 potiatur,

450 3047 558 3085 non
588 3042 671 3085 est
692 3024 757 3086 ex
790 3024 1042 3097 veriiate,
1071 3045 1171 3085 nec
1210 3031 1276 3085 ad
1304 3031 1595 3085 veritatem
1638 3024 1949 3098 perveniet;
1991 3028 2241 3097 quisquis
2283 3036 2467 3082 autem
2501 3026 2567 3098 de
2606 3024 3124 3098 mundo‘essistens
3169 3040 3294 3080 cum
3337 3025 3572 3098 muliere
3589 3040 3723 3098 rem

449 3101 661 3167 habuit,
692 3117 797 3155 non
826 3091 1109 3169 perveniet
1134 3100 1202 3155 ad
1233 3100 1545 3162 veritatem,
1578 3091 1837 3168 quoniam
1868 3091 2385 3169 in'co'ncupiscentia
2413 3096 2627 3151 mulieri
2654 3095 2962 3169 succubuit.
2976 3091 3262 3169 Propterea
3282 3095 3441 3149 nobis
3465 3095 3719 3169 quidem,

450 3186 587 3241 quos
620 3164 909 3243 psychiéos
943 3179 1165 3243 vocant.
1203 3171 1366 3243 aeide
1399 3164 1611 3243 mundo
1632 3183 1758 3225 esse
1788 3177 2059 3243 statuunt,
2092 3164 2465 3243 necessarium
2507 3180 2627 3243 esse
2651 3164 3003 3243 continentiae
3033 3179 3096 3218 ac
3130 3166 3404 3243 bonarum
3428 3164 3717 3243 actionum

447 3233 712 3304 s'tudiu'm',
743 3254 801 3294 ut
832 3255 929 3305 per
951 3256 1048 3295 eas
1075 3240 1141 3293 ad
1174 3240 1483 3294 medietatis
1515 3233 1691 3294 locum
1722 3239 2133 3307 perveniamus;
2170 3238 2268 3291 sibi
2302 3248 2507 3296 autem.
2541 3237 2642 3291 hoc
2672 3242 2845 3307 estut
2869 3233 3056 3307 ipsise
3081 3245 3298 3297 vocant,
3326 3234 3719 3307 spirituaiibus

449 3320 509 3364 et
537 3312 814 3380 perfectis,
836 3304 1289 3379 haudquaquam.
1321 3308 1507 3378 Neque
1532 3308 1677 3380 enim
1705 3304 1977 3363 actionem
2005 3308 2210 3380 aditum
2248 3308 2313 3361 ad
2350 3309 2597 3363 Pleroma
2628 3305 2873 3372 munire;
2903 3304 2999 3360 sed
3025 3319 3237 3371 semen,
3267 3305 3412 3377 quod
3441 3304 3713 3376 pusillum

450 3378 670 3451 quidem
698 3381 847 3436 illinc
870 3378 1170 3447 emittitur,
1201 3380 1292 3436 hic
1328 3389 1511 3435 autem
1544 3379 1809 3435 adolescit
1839 3393 1904 3435 ac
1932 3378 2243 3450 perﬁcitur.

1895 3530 2125 3589 CAPUT
2163 3529 2276 3586 ιιι.

526 3656 580 3711 1.
613 3656 751 3713 Cum
798 3663 982 3712 autem
1044 3654 1360 3711 universum
1415 3668 1601 3711 semen
1639 3654 1951 3778 iperlectum
2003 3652 2193 3715 fuerit.
2235 3662 2347 3707 tum
2400 3652 2619 3708 demum
2651 3651 2985 3719 Achamoth,
3028 3660 3263 3709 matrem
3319 3651 3592 3724 ipsorum,
3647 3672 3713 3713 ex

526 3728 771 3778 edietatis
804 3726 926 3778 loco
951 3725 1336 3778 miaraturam.
1360 3736 1525 3778 atoue
1556 3726 1609 3778 iu
1685 3724 1890 3778 ieroma
1916 3723 2332 3778 inaressuram‘.
2380 3737 2445 3777 ac
2471 3738 2728 3778 suonsum
2773 3738 2932 3778 suum
2960 3766 2974 3778 .
3007 3723 3113 3778 hoc
3144 3733 3229 3778 est
3258 3722 3610 3778 Salvatorem
3642 3744 3712 3778 ex

458 3728 771 3783 medietatis
804 3726 926 3783 loco
951 3725 1336 3798 migraturam,
1360 3736 1525 3796 atque
1556 3726 1609 3779 iu

1685 3724 1890 3780 ieroma
1916 3723 2332 3793 ingressuram,
2380 3737 2445 3777 ac
2471 3738 2728 3792 sponsum
2773 3738 2932 3778 suum
2960 3766 2974 3790 ,
3007 3723 3113 3778 hoc
3144 3733 3229 3778 est
3258 3722 3610 3781 Salvatorem
3642 3744 3713 3783 ex

449 3798 707 3861 omnibus
735 3807 943 3862 ortum,
977 3791 1324 3867 accepturam
1352 3791 1497 3859 esse,
1522 3804 1582 3849 ut
1609 3794 1923 3867 coniugium
1950 3791 2200 3867 exsistat
2227 3791 2527 3851 Salvatoris
2551 3801 2608 3848 et
2650 3793 2977 3867 _A_chamoth.
3023 3793 3095 3867 Et
3130 3793 3233 3867 hoc
3262 3808 3402 3867 esse,
3433 3798 3587 3864 quod
3621 3814 3716 3866 per

449 3883 708 3938 sponsum
751 3877 808 3922 et
854 3861 1126 3937 sponsam'
1144 3866 1513 3938 signiﬁcetur,
1536 3861 2009 3938 quemadmodum
2043 3872 2099 3919 et
2143 3861 2393 3938 Pleroma
2445 3878 2542 3938 per
2574 3863 2889 3938 cubiculum
2946 3862 3210 3938 nuptiale.
3245 3864 3315 3938 A_t
3361 3861 3500 3938 venio
3543 3861 3715 3937 spiric

453 3932 651 3998 tuaies.
695 3932 899 3992 animis
931 3945 1146 4004 exutos,
1172 3932 1237 3991 ac
1275 3937 1503 4005 spiritus
1534 3932 1900 4004 intelligentes
1931 3932 2743 4005 eifectos,incomprehensibili
2774 3943 2829 3988 et
2865 3933 3124 4005 invisibili
3170 3933 3332 3988 modo
3361 3934 3413 3989 in
3446 3932 3708 3992 Pleroma

455 4009 752 4077 ingressos,
780 4007 834 4061 in
864 4023 1092 4077 sponsas
1127 4002 1468 4077 assignatum
1496 4005 1565 4060 iri
1601 4002 1813 4076 angelis
1847 4003 2066 4077 iis._‘qui
2102 4002 2463 4077 _Sa_lvatorem
2491 4005 2868 4077 circumstant.
2920 4002 3269 4077 Demiurgum
3320 4019 3484 4077 porro
3517 4007 3710 4061 itidem

450 4073 625 4146 ipsum
658 4079 723 4132 ad
762 4073 953 4148 matris
980 4077 1198 4145 Sophia;
1233 4073 1435 4148 locum,
1461 4077 1567 4148 hoc
1600 4073 1703 4148 est,
1737 4077 1808 4148 ad!
1838 4073 2148 4148 medietatis
2182 4073 2360 4148 locum
2397 4073 2760 4148 transiturum
2800 4088 2944 4137 esse,
2983 4073 3234 4148 atquein
3264 4073 3456 4148 eadem
3485 4092 3713 4148 quoque

453 4141 677 4218 regione
706 4146 919 4203 animas
947 4141 1162 4213 eorum,
1189 4148 1280 4217 qui
1303 4145 1578 4216 justitiam
1609 4146 1901 4212 coluerint,
1944 4144 1998 4201 in
2030 4143 2218 4215 quiete
2266 4141 2480 4200 futuras
2538 4158 2682 4200 esse.
2718 4141 2906 4215 Neque
2950 4144 3099 4198 enim
3128 4145 3375 4215 psychici
3406 4141 3711 4216 quidquam

517 4325 596 4396 (ι)
630 4325 696 4380 Et
720 4327 817 4381 hoc
838 4343 946 4381 esse
976 4342 1225 4397 sponsum
1250 4335 1296 4378 et
1324 4342 1591 4394 sponsam.
1627 4324 1711 4397 De
1741 4324 2009 4395 quibusin

2133 4321 2458 4397 ἄνομάζουσι,
2483 4325 2577 4378 καὶ
2603 4322 2667 4378 ἐκ
2700 4324 2905 4397 κόσμου
2927 4319 3065 4379 εἶναι
3098 4324 3366 4395 λέγουσιν,
3396 4327 3708 4397 ἀναγκαίαν

452 4394 777 4466 scripturis,
800 4407 853 4452 et
876 4398 1158 4465 speciatim
1184 4396 1374 4453 Matth.
1405 4412 1531 4459 xxv,
1560 4394 1775 4460 omne
1807 4398 2013 4449 obviam

448 4484 657 4536 sponso.
689 4469 1132 4535 Quotiescunque
1153 4467 1296 4520 enim
1335 4468 1386 4520 in
1416 4466 1715 4536 Scripturis
1745 4466 1927 4536 sponsi
1961 4475 2016 4519 et

449 4553 661 4607 spousze
710 4539 917 4593 mentio
952 4536 1214 4607 occurrit,
1249 4537 1299 4589 id
1328 4537 1511 4591 statim
1544 4535 1628 4591 ad
1668 4535 2013 4592 Salvatorem

448 4620 504 4663 et
528 4608 787 4676 Solihiam
815 4606 1105 4663 trahebant
1131 4622 1365 4676 nugaccs
1391 4607 1504 4660 isti.

520 4674 1012 4748 (2)‘Nymphonem.
1038 4677 1093 4748 in
1117 4674 1310 4748 Graeco
1336 4676 1704 4748 vupgfbvaﬁd
1719 4685 1823 4748 ρει
1849 4674 2017 4748 thala-

447 4745 593 4803 mum
622 4745 931 4817 nuptialem.
969 4747 1055 4802 vel
1102 4745 1415 4817 cubiculum
1432 4745 1687 4816 nuptiale.
1718 4745 2017 4801 Tertullia-

451 4833 553 4872 nus
576 4814 704 4883 cap.
726 4821 787 4873 5i
815 4838 829 4873 :
858 4817 961 4872 Hie
979 4819 1077 4871 erit
1106 4819 1160 4871 in
1183 4814 1469 4885 Scripturis
1493 4814 1718 4885 sponsus
1741 4830 1762 4871 :
1789 4826 1840 4870 et
1870 4833 2018 4885 spon-

449 4888 575 4941 salis
608 4887 879 4943 Pleroma.
912 4889 1202 4944 Existimat
1246 4887 1436 4941 Billius
1479 4887 1733 4941 aliusisse
1770 4885 2014 4940 Valenti-

450 4956 644 5012 uianos
664 4960 729 5012 ad
756 4960 887 5012 illud
912 4960 1102 5013 Matth.
1133 4974 1210 5023 Ix,
1242 4958 1310 5012 l5
1336 4955 1464 5025 :Mh
1492 4956 1780 5011 δύνανται
1806 4960 1860 5011 οὶ
1898 4956 2015 5011 υἱοὶ

450 5026 900 5097 τοῦνυμφῶνος
936 5028 1199 5093 πενθεῖν,
1230 5040 1337 5084 etc.
1374 5026 1631 5095 Nunquid
1655 5038 1871 5097 possunt
1911 5027 2018 5095 ﬁlii

453 5093 674 5169 thalami
699 5093 948 5169 nuptialis
974 5100 1141 5169 (vulg.
1172 5099 1375 5168 sponsi)
1407 5093 1724 5169 jejunarei

523 5168 600 5235 (5)
634 5167 1233 5234 Exspatiatos'animas.
1283 5167 1563 5223 Aniniales
1601 5168 1814 5223 scilicet
1850 5184 1878 5222 a
1912 5167 2018 5224 De-

450 5237 663 5309 miiirgo
699 5238 921 5292 animali
956 5239 1274 5309 insulliatas,
1308 5247 1366 5293 ut
1394 5236 1650 5309 superius
1681 5238 1887 5292 dictum
1910 5248 2014 5293 est.

451 5304 773 5361 Nihil-enim
795 5310 1025 5361 animale
1053 5309 1193 5361 intra
1225 5304 1478 5364 Pleroma
1503 5309 1774 5374 transibit,
1800 5320 1858 5363 ut
1892 5324 2016 5363 mox

452 5376 767 5448 subjicitur.
804 5376 1005 5432 Confer
1027 5376 1344 5448 Tertullian.
1375 5393 1498 5448 cap.
1534 5375 1624 5431 52.

522 5446 600 5517 (4)
634 5447 1225 5517 Inapprehensibiliter.
1266 5449 1320 5503 Id
1344 5446 1550 5513 est,‘ita
1579 5458 1687 5501 uta
1719 5447 2019 5518 superiori.

452 5518 942 5591 nospotestatibus
974 5532 1073 5591 n_e_c
1116 5518 1371 5584 detineri,
1413 5534 1514 5574 nec
1564 5518 1737 5573 videri
1790 5531 2016 5591 queant,

454 5597 512 5640 ut
541 5586 770 5642 inferius
792 5587 1173 5655 explicabitur.
1636 5603 1646 5613 ο

522 5655 600 5728 (5)
639 5655 821 5725 Ἦμᾶς
842 5656 1069 5728 καλοὺς
1097 5658 1416 5728 ψυχικούς,
1448 5668 1555 5715 etc.
1585 5660 1709 5716 litec
1736 5661 1807 5715 ita
1836 5673 2019 5715 cmen-

452 5725 627 5781 danda
653 5741 774 5784 csse
812 5738 996 5784 censet
1043 5725 1273 5785 Billius:
1309 5731 1439 5801 ἡμῖν
1477 5732 1593 5802 μὲν,
1629 5731 1721 5795 οὓς
1754 5729 2017 5801 ψυχικοῦς

2120 4376 2621 4467 eitgy‘g‘paésa.g
2638 4376 2756 4448 ac:
2773 4376 2873 4467 Si};
2888 4376 3616 4467 ‘qsi(rediisses;tanta:
3626 4376 3711 4455 ἰκῖξέ

2123 4464 2211 4521 ιιιέ
2264 4464 2558 4535 interpres.
2607 4467 2708 4518 Ast
2760 4464 2998 4521 Grahius
3042 4464 3320 4521 existimat
3378 4468 3526 4521 nulla
3589 4470 3705 4525 htec

2119 4536 2499 4591 emendatione
2544 4535 2810 4605 indigere,
2843 4547 3073 4605 excepto
3105 4552 3211 4591 uno
3245 4537 3434 4601 verbo,
3477 4539 3703 4605 καλούς,

2118 4605 2262 4683 quod
2289 4606 2820 4683 _omitten_du_m_est;
2861 4607 2961 4683 nisi
3000 4607 3162 4671 forte,
3201 4607 3402 4683 inquit,
3436 4615 3701 4683 tanquam

2119 4676 2443 4747 appositum,
2476 4676 2746 4747 adimi;
2798 4677 3071 4746 accipere,
3121 4687 3175 4731 et
3215 4676 3295 4731 ita
3344 4676 3705 4747 interpretari

2118 4744 2275 4816 velis,
2306 4746 2451 4816 quod
2476 4744 2841 4816 Valentiniani
2875 4744 2979 4800 non
3011 4762 3203 4802 omnes
3244 4744 3560 4816 promiscue
3609 4766 3703 4805 ca-

2120 4815 2372 4888 tholicos,
2404 4815 2501 4888 sed
2532 4816 2726 4888 probos
2771 4816 2971 4880 solum,
3004 4815 3389 4888 psychicorum
3421 4818 3588 4874 titulo
3626 4823 3707 4875 di-

2119 4887 2265 4956 gnati
2294 4886 2513 4942 l‘ucriut.
2557 4886 2663 4941 Sed
2691 4895 2929 4941 veterem
2957 4886 3153 4957 iuterp.
3178 4902 3301 4942 cum
3336 4886 3496 4942 Biliio
3530 4895 3694 4961 sequi

2161 4964 2371 5011 rzestat.

2120 4971 2570 5098 Ρΐῗὲὶῗιῗέἒνθάδε.
2612 5025 2707 5083 Sic
2739 5027 2861 5098 cod.
2905 5026 3045 5096 Reg.
3100 5041 3220 5081 cum
3252 5028 3509 5098 omnibus
3535 5030 3705 5088 editt.

2122 5096 2579 5168 tum’Epiphanii.
2612 5106 2723 5151 tum
2758 5096 2968 5162 irenzei,
3004 5106 3229 5168 excepta
3276 5096 3609 5164 Osoniensi,
3646 5104 3699 5155 in

2118 5184 2224 5238 qua
2246 5167 2532 5238 perperam
2563 5170 2760 5238 legitur
2785 5168 2999 5222 ὲκθάιδε.
3026 5167 3249 5238 Legisse
3275 5179 3452 5225 tamen
3476 5170 3701 5226 videtur

2121 5236 2415 5307 interpres,
2443 5236 2576 5307 ἔνθα
2602 5237 2684 5295 δέ.

2190 5306 2654 5383 ςηζιίεζᾳϐἦνᾳι.
2676 5307 2836 5383 Cod.‘
2856 5308 2987 5383 βας.
3027 5308 3380 5383 μεταστῆναι.
3411 5308 3704 5381 Epiphanii

2120 5379 2255 5450 edit.
2296 5379 2639 5441 Basiicensis,
2678 5379 2999 5450 μεταϐῆναι.

2154 5448 2270 5572 3‘(8)
2302 5448 2731 5535 βὶσελθόνταζυ,
2758 5448 3018 5521 νύμφας.
3071 5450 3203 5505 Cod.
3256 5449 3394 5521 Reg.
3436 5448 3704 5503 εἰσελθεῖν

2191 5536 2216 5572 ς
2262 5536 2501 5572 vuum;

2121 5536 2216 5582 τας
2262 5537 2323 5572 νυ
2332 5536 2501 5587 μφας.

2189 5538 2530 5659 ῗθῖἓξόεξῗᾶξι.
2562 5588 2839 5645 inferioris
2865 5589 3075 5646 scilicet
3110 5592 3319 5660 σοφίας.
3347 5605 3469 5660 (ιιιτε
3494 5590 3567 5644 ita
3602 5606 3700 5643 vo-

2122 5646 2734 5733 ειιίιιίῇπαῖτρωνυμικῶς
2769 5676 2797 5715 a
2829 5670 3003 5718 matre
3024 5661 3143 5731 ejus
3173 5646 3399 5733 Szipiiizi,
3437 5671 3495 5714 ut
3533 5678 3696 5732 snpe-

2124 5732 2237 5785 rius
2273 5731 2475 5786 dictum
2503 5742 2611 5785 est.
