3880 6358
491 354 596 409 ﬁlii
1256 354 1314 411 S.
1351 352 1613 409 ΠῖΕΝᾸΞι
1644 351 1954 410 EPISCOPI
1994 349 2483 408 LUGDUNENSIS
2514 350 2603 406 ET
2645 347 3007 406 MARTYRIS
3656 352 3775 407 516

492 484 581 529 tur
604 475 682 544 (l)
716 475 780 527 ad
833 474 1089 540 Pilatum,
1146 474 1293 529 illum
1358 476 1447 542 qui
1494 472 1775 543 depositus
1837 485 1961 528 erat
2007 474 2019 526 i

2247 472 2460 524 τατεϋὲν
2503 470 2720 541 πνεῦμα
2763 470 3023 541 Χριστοῦ.
3074 469 3211 523 Ἀλλ’
3246 470 3365 522 οὐδὲ
3412 469 3474 522 τὸ
3509 469 3627 523 ἀπὸ
3664 470 3779 539 τῆς

487 564 1119 634 eumspiritumChristi.
1153 564 1257 619 Sed
1293 581 1360 619 ne
1383 565 1433 619 id
1461 565 1703 634 quidem,
1729 567 1871 635 quod
1902 582 1930 618 a
1954 582 2019 619 m:

2250 563 2377 633 τρὸς
2411 561 2631 632 σπέρμα
2680 560 3005 615 πεπονθέναι
3052 561 3317 629 λέγουσιν.
3366 561 3603 624 Ἀπαθὲς
3656 561 3779 632 γὰρ

492 666 576 711 tre
620 665 742 711 erat
786 671 998 720 semen,
1047 672 1265 726 passum
1298 671 1418 710 esse
1465 658 1675 710 dicunt.
1730 657 2024 726 lmpassihil

2246 658 2258 704 ί
2290 651 2445 713 αὐτὸ,
2480 652 2539 703 τὸ
2572 652 2938 721 πνευματικὸν
2966 652 3066 717 (8),
3102 653 3193 704 καὶ
3227 654 3457 723 ἀόρατον
3481 653 3579 705 καὶ
3610 652 3778 723 αὐτῷ

489 746 635 803 enim
661 755 715 801 et
747 746 900 813 illud,
941 748 1143 816 quippe
1183 747 1448 816 spiritale,
1488 757 1542 802 et
1589 748 1863 803 invisibile
1899 749 2021 803 etiat

2264 742 2614 815 Δημιουργῷ.
2648 743 2856 797 Ἐπαθε
2890 743 2944 796 δέ
2966 743 3173 807 λοιπὸν,
3207 746 3326 796 κατ’
3350 745 3570 808 αὐτοὺς,
3607 745 3642 796 ὁ
3662 743 3776 812 ψυ-

491 837 590 908 ipsi
626 837 945 907 Demiurgo.
980 837 1182 893 Passus
1202 849 1286 893 est
1311 846 1490 894 autem
1511 839 1589 907 (2)
1605 842 1905 894 secundum
1943 843 2023 894 hos

2242 833 2317 897 ιὸς
2352 833 2608 903 Χριστὸς,
2644 835 2738 887 καὶ
2760 835 2789 885 ὁ
2822 836 2886 887 ἐκ
2916 835 3015 905 τῆς
3034 835 3343 905 οἰκονομίας
3378 851 3774 887 κατεσκευασ-

487 927 738 983 animalis
761 927 1049 993 Christus,
1081 937 1136 982 et
1161 929 1252 983 ille
1281 930 1371 997 qui
1401 943 1469 983 ex
1500 929 1861 1000 dispositione
1889 931 2019 985 fahri

2243 938 2326 983 νος
2354 920 2768 991 μυστηριωδῶς,
2809 921 2878 973 ἵν’
2912 921 3154 994 ἐπιδείξῃ
3196 922 3359 975 αὑτοῦ
3396 922 3529 994 (9)ή
3566 923 3775 993 μήτηρ

486 1030 641 1076 catus
663 1021 715 1074 in
740 1022 1020 1091 mysterio,
1050 1029 1110 1074 ut
1136 1022 1385 1075 ostendat
1411 1036 1509 1089 per
1526 1036 1649 1076 eum
1678 1032 1855 1077 mater
1878 1033 2018 1093 typut

2240 1030 2252 1065 ρ
2283 1012 2451 1066 τύπον
2486 1012 2581 1066 τοῦ
2615 1014 2726 1067 ἄνω
2755 1014 3015 1085 Χριστοῦ,
3043 1015 3252 1067 ἐκείνου
3282 1015 3376 1068 τοῦ
3411 1014 3772 1068 ἐπεκταθένο

485 1111 786 1181 superioris
808 1110 1035 1172 Christi,
1072 1109 1217 1163 illius
1240 1111 1333 1179 qui
1374 1120 1635 1165 extensus
1671 1120 1755 1165 est
1776 1111 1963 1177 Cruci,
2009 1128 2017 1162 ι

2239 1120 2251 1165 ς
2282 1102 2359 1173 τῷ
2382 1104 2631 1174 Σταυρῷ,
2661 1104 2753 1157 καὶ
2788 1103 3170 1176 μορφώσαντος
3190 1105 3288 1177 τὴν
3332 1104 3596 1175 ’Δχαμὼθ
3629 1104 3771 1176 μόρ-

484 1202 742 1256 formavit
784 1202 1086 1257 Aehamoth
1139 1202 1523 1257 formationem
1582 1203 1885 1257 secundum
1931 1203 2016 1258 sul

2240 1208 2333 1245 ισιν
2371 1192 2468 1263 τὴν
2513 1193 2633 1245 κατ’
2659 1192 2879 1247 οὐσίαν’
2937 1194 3113 1248 πάντα
3160 1195 3270 1266 γὰρ
3315 1195 3491 1249 ταῦτα
3540 1194 3772 1259 τύπους

481 1294 745 1349 stantiam
769 1294 813 1324 ⁸⁷
849 1311 863 1347 :
890 1294 1072 1348 omnia
1103 1293 1250 1349 enim
1279 1293 1391 1348 hinc
1420 1294 1662 1363 exempla
1692 1293 1908 1349 illormn
1940 1309 2013 1349 est

1288 1294 1391 1348 hinc
1420 1294 1662 1363 exempla
1692 1293 1908 1349 illormn
1940 1308 2060 1350 esse
2158 1284 2383 1337 ἐκείνων
2410 1279 2547 1338 εἶναι
2580 1284 2820 1353 λέγουσι·

481 1384 692 1439 dicunt.

552 1476 608 1531 '5.
644 1476 751 1531 Eas
778 1491 931 1539 vero,
964 1490 1089 1546 quae
1135 1477 1448 1531 habuerunt
1478 1490 1665 1531 semen
1697 1476 1750 1531 id
1780 1476 1926 1546 quod
1966 1486 2054 1533 est

2237 1475 2282 1529 5.
2336 1472 2448 1536 Τὰς
2495 1473 2552 1527 δὲ
2603 1473 2901 1545 ἐσχηκυίας
2953 1473 3014 1527 τὸ
3063 1472 3282 1544 σπέρμα
3329 1473 3430 1543 τῆς
3487 1472 3769 1544 Ἀχαμὼθ

481 1567 552 1623 ab
578 1567 907 1631 Achamoth,
940 1569 1177 1630 animas,
1216 1566 1468 1623 meliores
1486 1568 1677 1622 dicunt
1706 1566 1875 1623 fuisse
1892 1584 2013 1637 quat

2237 1565 2333 1637 χὰς
2372 1558 2628 1636 ἀμείνους
2677 1566 2894 1634 λέγουσι
2935 1566 3218 1635 γεγονέναι
3266 1565 3376 1620 τῶν
3400 1566 3655 1619 λοιπῶνο
3684 1567 3769 1618 διὸ

483 1660 723 1730 reliquas
756 1677 772 1714 :
804 1672 1140 1729 quapropter
1190 1669 1247 1715 et
1297 1660 1420 1729 plus
1459 1674 1554 1715 eas
1605 1660 1834 1716 dilectas
1881 1676 1910 1715 a
1958 1662 2015 1717 Β(

2234 1658 2251 1709 l.
2278 1657 2461 1711 πλεῖον
2504 1657 2613 1710 τῶν
2655 1656 2827 1711 ἄλλων
2851 1657 3167 1728 ἠγαπῆσθαι
3195 1656 3300 1708 ὑπὸ
3338 1656 3431 1708 τοῦ
3462 1659 3766 1728 Δημιουρ-

483 1749 734 1821 miurgo,
770 1766 877 1805 non
922 1751 1131 1807 sciente
1161 1766 1406 1817 causam,
1444 1752 1540 1806 sed
1576 1766 1607 1805 a
1637 1752 1931 1821 semetipso
1958 1767 2015 1823 βυ

2234 1746 2275 1811 5,
2323 1747 2396 1817 μὴ
2429 1746 2630 1809 εἰδότος
2658 1746 2757 1816 τὴν
2782 1745 2980 1809 αἰτίαν,
3013 1745 3147 1798 ἀλλὰ
3188 1747 3322 1817 παρ’
3348 1746 3518 1799 αὑτοῦ
3534 1747 3766 1815 λογιζο-

484 1850 636 1895 tante
659 1856 782 1897 esse
812 1841 967 1896 tales.
995 1841 1338 1912 Quapropter
1360 1852 1415 1896 et
1438 1842 1489 1896 in
1524 1843 1842 1912 prophetas,
1874 1844 2016 1897 aiunt

2234 1854 2317 1890 νου
2347 1832 2483 1893 εἶναι
2515 1834 2785 1898 τοιαύτας.
2816 1834 2907 1887 Διὸ
2940 1835 3033 1887 καὶ
3064 1837 3143 1898 εἰς
3193 1840 3477 1907 προφήτας
3496 1876 3512 1900 ,
3555 1838 3766 1905 φασὶν,

478 1930 589 2002 34
616 1930 980 1987 distribuebat
1012 1947 1105 1987 eas
1134 1932 1236 2003 (3),
1263 1941 1316 1986 et
1334 1932 1679 1998 sacerdotes,
1703 1943 1759 1987 et
1781 1948 1963 2003 reges.
1990 1933 2010 1986 ε

2236 1947 2380 1982 ισσεν
2414 1928 2612 1991 αὐτοὺς
2655 1928 2788 1996 (10),
2823 1929 2916 1981 καὶ
2954 1930 3137 2000 ἱερεῖς,
3185 1929 3278 1981 καὶ
3328 1928 3593 1998 βασιλεῖς.
3649 1930 3768 1984 Καὶ

482 2023 655 2079 multa
696 2025 763 2080 de
790 2025 894 2080 hoc
924 2025 1135 2080 semine
1159 2025 1240 2093 (6)
1266 2025 1410 2079 dicta
1437 2039 1533 2095 per
1556 2027 1851 2094 prophetas
1889 2041 2014 2096 expt

2234 2022 2322 2076 λλὰ
2366 2020 2472 2074 ὑπὸ
2500 2020 2594 2073 τοῦ
2646 2020 2959 2091 σπέρματος
2990 2020 3179 2073 τούτου
3214 2022 3327 2089 (ll)
3354 2022 3623 2093 εἰρῆσθαι
3672 2023 3766 2076 διὰ

482 2123 661 2170 nunt:
692 2115 893 2185 quippe
936 2129 1063 2170 cum
1089 2114 1301 2170 altioris
1333 2122 1543 2169 naturae
1569 2125 1715 2171 esset
1753 2117 1855 2185 t5).
1886 2115 2014 2170 Mult

2231 2129 2259 2165 ν
2290 2110 2587 2183 προφητῶν
2638 2109 2977 2179 ἐξηγοῦνται,
3004 2110 3099 2171 ἅτε
3139 2110 3477 2182 ὑψηλοτέρας
3519 2111 3761 2181 φύσεος

477 2214 661 2260 autem
706 2214 761 2259 et
801 2214 1032 2261 matrem
1084 2207 1149 2260 de
1190 2204 1565 2274 superioribus
1596 2206 1799 2261 dixisse
1827 2207 2009 2262 dicunt

2235 2201 2501 2274 αρχούσας
2531 2201 2665 2270 (12).
2683 2200 2860 2253 Πολλὰ
2887 2200 2944 2253 δὲ
2972 2202 3066 2254 καὶ
3101 2202 3201 2273 τὴν
3236 2203 3444 2273 μητέρα
3472 2204 3617 2274 περὶ
3648 2204 3767 2256 τῶν

478 2297 573 2356 sed
610 2305 665 2355 ct
698 2311 792 2368 per
827 2296 973 2351 hunc
1016 2295 1116 2367 (6),
1150 2305 1205 2352 et
1232 2311 1329 2366 per
1358 2310 1487 2363 eas,
1515 2311 1637 2366 quae
1668 2297 1737 2351 ab
1766 2298 1870 2353 hoc
1900 2298 2010 2353 laet

2228 2295 2406 2365 ωτέρω
2447 2294 2727 2364 εἰρηκέναι
2773 2293 3043 2361 λέγουσιν,
3085 2293 3221 2347 ἀλλὰ
3264 2296 3358 2347 καὶ
3401 2294 3491 2347 διὰ
3522 2295 3760 2357 τούτου,

478 2402 605 2448 sunt
640 2392 855 2459 animae.
882 2390 960 2445 Ac
992 2389 1255 2458 deinceps
1278 2388 1531 2444 dividunt
1561 2389 1901 2457 prophetias,
1950 2392 2010 2444 ah

2232 2386 2383 2439 ὶτῶν
2412 2386 2517 2438 ὑπὸ
2563 2384 2750 2438 τούτου
2798 2386 3104 2456 γενομένων
3151 2386 3357 2456 ψυχῶν.
3393 2387 3505 2440 Καὶ
3551 2388 3764 2442 λοιπὸν

478 2483 610 2554 quid
644 2482 863 2552 quidem
905 2496 934 2535 a
964 2487 1139 2535 matre
1178 2478 1381 2534 dictum
1438 2478 1721 2545 docentes,
1768 2480 1974 2550 aliquid

2230 2496 2405 2533 ινουσι
2435 2478 2534 2542 τὰς
2572 2478 2930 2549 προφητείας,
2954 2479 3014 2532 τὸ
3044 2479 3144 2549 μέν
3181 2497 3231 2531 τι
3254 2480 3361 2532 ἀπὸ
3386 2480 3487 2551 τῆς
3530 2484 3762 2554 μητρὸς

476 2573 708 2641 semine,
735 2572 940 2642 aliquid
969 2582 1150 2625 autem
1180 2571 1249 2624 ab
1277 2570 1395 2639 ipso
1422 2568 1717 2637 Demiurgo
1747 2589 1760 2625 :
1785 2586 1841 2626 et
1867 2571 2008 2628 Jesut

2227 2568 2399 2639 ιῆσθαι
2432 2568 2700 2631 Θέλοντες,
2731 2567 2791 2621 τὸ
2817 2568 2874 2621 δέ
2899 2586 2951 2621 τι
2976 2569 3082 2622 ἀπὸ
3103 2569 3196 2622 τοῦ
3228 2570 3566 2642 σπέρματος,
3601 2575 3674 2627 τὸ
3702 2576 3759 2627 δέ

479 2664 814 2720 tantumdem
859 2661 1066 2732 aliquid
1114 2660 1340 2732 quidem
1378 2657 1555 2732 [per]
1597 2660 1938 2717 Salvatorem
1975 2664 2011 2732 (Ἰ

2229 2660 2335 2714 ἀπὸ
2359 2660 2451 2713 τοῦ
2474 2659 2839 2732 Δημιουργοῦ.
2869 2660 3028 2714 Ἀλλὰ
3062 2662 3156 2715 καὶ
3186 2662 3275 2715 τὸν
3312 2662 3525 2733 Ἰησοῦν
3552 2666 3757 2719 ὡσαύ-

479 2830 776 2901 Spiritum,
800 2827 895 2901 qui
938 2827 991 2882 in
1026 2840 1147 2901 eum
1177 2823 1430 2881 conditus
1458 2825 1658 2894 fuerat,
1693 2844 1815 2883 cum
1849 2830 1915 2883 ad
1950 2829 2183 2901 Pilatum
2209 2827 2593 2901 adduceretur.
2628 2826 2769 2901 Quin
2799 2842 2870 2881 ne
2892 2842 3080 2901 semen
3110 2826 3330 2895 quidem
3356 2826 3701 2901 illud,quod
3726 2847 3757 2888 τι

479 2897 659 2956 matre
690 2897 995 2979 profectum
1028 2898 1229 2977 luerat,
1263 2910 1583 2979 perpessum
1609 2912 1737 2979 esse
1764 2900 1985 2979 dicunt;
2023 2900 2240 2979 etenim
2281 2899 2334 2952 id
2374 2913 2603 2979 quoun
2620 2898 2772 2979 omni
2813 2899 3164 2979 perpessione
3192 2897 3747 2979 prmstantitis'_esse.

476 2980 664 3041 utpote
691 2966 1001 3041 spirituale,
1028 2982 1094 3021 ac
1119 2981 1189 3021 ne
1218 2967 1272 3021 in
1301 2967 1472 3034 ipsius
1499 2966 1665 3041 etiam
1703 2970 1982 3039 Demiurgi
2020 2976 2300 3038 aspectum
2330 2966 2553 3041 cadens.
2584 2969 2685 3031 Ita,
2721 2967 2789 3023 de
2820 2966 3058 3036 ipsorum
3089 2968 3385 3041 s_ententia,
3419 2969 3747 3038 psychicus

475 3037 693 3094 demum
727 3037 982 3109 Christus
1011 3052 1326 3109 perpessus
1342 3045 1534 3109 est,_et
1562 3037 1609 3092 is
1630 3042 1723 3107 qui
1752 3054 1821 3093 ex
1846 3037 2250 3109 dispensatione
2273 3039 2505 3109 mystico
2534 3041 2693 3093 modo
2720 3048 3069 3092 constructus
3103 3037 3279 3109 fuerat
3305 3056 3319 3102 ;
3366 3049 3428 3091 ut
3465 3037 3565 3107 per
3608 3056 3749 3095 eum

476 3119 650 3165 mater
677 3107 980 3181 superioris
1011 3105 1160 3181 illius
1196 3105 1509 3181 Christi,_iu
1539 3105 1953 3181 cruceextensi,
1981 3110 2186 3180 quique
2207 3105 2461 3163 essentia:
2485 3108 2718 3165 formam
2752 3110 3105 3163 Achamothm
3135 3105 3515 3178 impresserat,
3545 3118 3752 3181 typum

474 3176 835 3248 exprimeret.
864 3176 991 3233 Haec
1022 3179 1170 3232 enim
1206 3177 1397 3248 omnia
1425 3176 1629 3246 ﬁguras
1662 3179 1878 3234 illorum
1904 3176 2029 3235 esse
2061 3176 2308 3233 tradunt.

550 3245 605 3303 3.
640 3249 865 3303 Animas
889 3263 1056 3317 porro
1086 3261 1203 3310 eas,
1226 3260 1347 3317 quae
1373 3245 1728 3317 Achatnotbae
1760 3264 1945 3304 semen
1972 3249 2306 3311 habuerunt,
2336 3248 2561 3317 reliquis
2584 3250 2839 3304 meliores
2867 3262 2930 3303 ac
2960 3248 3367 3315 praestantiores
3387 3261 3511 3302 esse
3536 3249 3748 3315 aiunt;

476 3332 651 3389 eoque
681 3316 904 3373 nomine
928 3333 1038 3386 pra:
1069 3316 1286 3389 ueteris
1316 3316 1600 3389 adamatas
1624 3333 1748 3375 esse
1780 3334 1808 3373 a
1839 3320 2157 3389 Demiurgo,
2188 3320 2278 3388 qui
2312 3320 2390 3389 rei
2414 3316 2643 3384 hujusce
2669 3334 2891 3375 causam
2938 3319 3355 3389 haudquaquam
3384 3332 3751 3387 perspectam

478 3388 734 3453 habebat,
776 3402 965 3443 verum
999 3386 1270 3442 beneficio
1308 3400 1412 3442 suo
1449 3386 1586 3442 tales
1609 3402 1704 3445 eas
1736 3404 1859 3446 esse
1888 3386 2270 3446 existimabat.
2296 3388 2563 3456 Quocirca
2590 3404 2686 3446 eas
2713 3392 2766 3445 in
2800 3386 3119 3461 prophetas,
3152 3386 3338 3457 utipsi
3373 3386 3672 3459 inquiunt,
3695 3400 3753 3446 et

475 3483 521 3517 "'
556 3482 689 3539 Vide
711 3499 830 3556 sup.
860 3499 980 3554 cap.
1008 3483 1063 3539 4.

552 3577 633 3647 (l)
668 3577 798 3631 Cum
827 3580 1144 3649 traheretur.
1166 3574 1597 3649 Feuardentium
1625 3573 2050 3649 sequimur,7qui
2081 3577 2123 3635 C
2157 3573 2350 3649 barum
2374 3643 2387 3649 _
2409 3572 2694 3649 omissam,
2738 3574 3069 3649 auctoritate
3124 3573 3318 3649 Graeci
3356 3582 3541 3649 textus
3582 3592 3746 3649 sup-

474 3643 1398 3713 sic,monenteFrontoneDucﬁex
1424 3646 1615 3702 Grzeco
1636 3644 2043 3715 προσαγομένου
2159 3644 2324 3715 plevi,
2374 3643 2609 3715 hamulis
2667 3653 2846 3715 tamen
2890 3644 3199 3715 _iuclusam.
3277 3645 3431 3699 llaud
3500 3643 3747 3701 dubium

478 3710 811 3773 emendavit.
848 3710 1229 3773 Emendationi
1255 3717 1587 3786 suifragatur
1619 3710 1802 3786 Ottob.
1828 3710 1956 3768 cod.
1986 3716 2041 3767 ln
2148 3710 2301 3786 euqu
2324 3714 2454 3786 quin
2491 3712 2599 3766 ἀπὸ
2641 3710 2734 3786 τοῦ
2766 3712 3015 3786 Σωτῆρος
3058 3716 3280 3770 verterit
3328 3718 3608 3785 interpres
3658 3720 3748 3775 vel

477 3789 696 3843 cteteris
720 3803 842 3842 eum
867 3789 1024 3841 editt.
1059 3798 1170 3843 tum
1201 3804 1332 3843 mss.
1366 3781 1650 3857 perperam
1681 3785 1900 3857 legitur,
1927 3800 2044 3857 cum
2147 3781 2624 3857 per7$alpatorent,
2659 3783 2739 3857 vel
2767 3798 2797 3834 a
2834 3781 3132 3838 Saluatore.

476 3860 795 3924 traderetur,
827 3858 968 3911 male
995 3851 1383 3912 transformata
1417 3872 1446 3910 a
1468 3851 1871 3925 festinantibus
1904 3856 2008 3925 seri

2221 3852 2297 3921 (8)
2346 3853 2457 3907 Καὶ
2484 3851 2653 3925 αὐτὸΔ
2678 3851 2744 3925 tt}
2790 3857 3240 3921 πνευματικόν.’
3268 3854 3413 3925 Lege
3457 3871 3589 3909 cum
3625 3868 3741 3912 vet.

476 3927 563 3981 bis
584 3926 617 3979 It
644 3928 696 3981 in
723 3921 790 3982 d.
814 3927 924 3982 Hos
953 3938 1158 3994 tamen,
1190 3936 1439 3983 errantes
1470 3928 1614 3987 licet,
1645 3924 1797 3992 sequi
1835 3923 2001 3994 (ξι-ιιὺί

1687 3924 1797 3992 equi
1835 3923 2042 3994 Qrabio
2147 3922 2376 3994 interpr.
2417 3923 2516 3994 κα).
2536 3922 2686 3994 αῦτὸ,
2716 3921 2810 3974 ἆτε
2840 3926 3219 3994 πνευματικόν.

482 3996 722 4064 placuit;
747 3998 995 4066 quamvis
1020 3991 1201 4055 tamen
1233 3999 1285 4052 in
1312 3997 1498 4051 multis
1531 3995 1653 4049 aliis
1676 3991 1807 4048 loCis
1840 3993 2014 4047 Feuar

482 4066 701 4122 dentio.
746 4082 814 4120 ex
853 4068 968 4121 solo
997 4078 1147 4121 textu
1183 4066 1374 4122 Graeco
1400 4066 1658 4120 Latinum
1702 4063 2014 4118 emendanti

2217 3992 2293 4122 (9)
2358 3991 2660 4059 Ἐπιδείξῃ
2711 3992 2917 4045 αὑτοῦ.
2961 3991 3098 4062 Lege
3140 3994 3380 4065 ἐπιδείξῃ
3416 3994 3484 4047 δι’
3535 3996 3737 4052 αὐτοῦ.

2242 4062 2326 4122 10)
2358 4064 2663 4115 Ἕτασσεν
2687 4063 2930 4122 αὐτούς.
2986 4064 3164 4122 seca;
3198 4080 3319 4120 cuui
3353 4077 3460 4119 vel.
3486 4065 3737 4122 interpr.

476 4062 701 4138 dentio,
746 4062 814 4120 ex
853 4068 968 4138 solo
997 4078 1147 4121 textu
1183 4066 1374 4122 Graeco
1400 4066 1658 4120 Latinum
1702 4064 2008 4118 emendanti

2218 4062 2326 4138 (10)
2358 4063 2930 4138 ’ῌτασσεζρὺτοιξφ
2986 4064 3164 4138 sese;
3198 4080 3319 4120 cuui
3353 4062 3460 4119 vel.
3486 4065 3736 4138 interpr.

483 4135 765 4190 adhaerere
793 4152 896 4190 non
927 4137 1281 4191 dubitaverit.
1709 4201 1719 4204 7
1852 4202 1858 4204 _
1932 4164 1935 4165 ν
2147 4142 2204 4189 et
2232 4132 2460 4204 Tertull.
2488 4132 2729 4204 cap._29.
2767 4133 2963 4204 melius
2994 4134 3215 4204 legeris.

548 4204 629 4275 (2)
666 4204 865 4259 Passus
905 4217 980 4259 est
1005 4216 1202 4260 autem.
1226 4206 1471 4260 Grmcam
1500 4217 1688 4258 vocem
1708 4201 1894 4275 λοιπόν
1913 4216 2045 4275 pra!»

2218 4203 2264 4275 (l
2280 4202 2329 4275 1)
2369 4202 2514 4255 Ὑπὸ
2541 4201 2647 4256 τοῦ
2663 4201 3000 4271 σπέρματος
3014 4201 3249 4258 τούτου.
3270 4202 3583 4271 Legeudum
3618 4209 3740 4263 vult

482 4273 1045 4351 termisitintcrpres.
1084 4275 1416 4351 Verteudum
1459 4281 1732 4329 eratcum
1762 4273 1989 4328 Petavio
2024 4289 2039 4327 :
2144 4273 2432 4351 Petavius,
2464 4275 2554 4351 _ad
2605 4276 2904 4351 marginem
2958 4275 3243 4351 Epiphanii
3293 4289 3345 4342 p.
3383 4275 3511 4340 192,
3549 4276 3738 4351 ᾧπέρ,

477 4355 644 4398 restat
670 4347 850 4414 igitur,
884 4343 936 4398 ut
968 4360 1153 4413 passus
1181 4345 1271 4405 sit,
1298 4354 1408 4400 etc.
1634 4412 1666 4414 _7
1887 4410 1900 4414 7
1924 4411 1956 4414 __
1983 4412 2012 4414 _7
2146 4359 2252 4398 non
2286 4343 2414 4406 ὑπό,
2447 4344 2706 4414 deceptus
2749 4344 2956 4397 scilicet
3005 4343 3179 4399 veteri
3217 4343 3733 4411 interpretatione":

548 4414 623 4537 ηδ)
668 4410 1032 4471 .Distribue6at
1083 4429 1193 4468 eas.
1228 4414 1495 4468 Ἐτασσεν
1543 4412 1739 4467 melius
1804 4410 2043 4467 reddidit
2144 4414 2311 4466 multa
2342 4414 2406 4466 de
2444 4411 2540 4464 hoc
2570 4414 2765 4467 semine
2806 4415 2949 4466 dicta
2979 4431 3069 4479 per
3099 4410 3381 4484 prophetas
3405 4429 3736 4484 exponunt;

548 4487 664 4537 lius
706 4484 1078 4537 constituebat.
1134 4479 1234 4537 Ms.
1283 4484 1455 4537 codex
1504 4500 1532 4537 a
1582 4483 1856 4536 Frontone
1904 4481 2037 4536 Duc.
2145 4499 2308 4537 uuam
2346 4484 2851 4537 interpretationem
2892 4488 3063 4537 secuti
3110 4497 3238 4537 sunt
3281 4483 3476 4537 Btllins
3506 4496 3565 4537 et
3593 4485 3736 4537 Gal-

476 4479 664 4539 Billius
706 4484 1078 4538 constituebat.
1134 4479 1234 4537 Ms.
1283 4484 1455 4538 codex
1504 4500 1532 4537 a
1582 4483 1856 4536 Frontone
1904 4481 2037 4536 Duc.
2145 4499 2308 4552 quam
2346 4484 2851 4549 interpretationem
2892 4488 3063 4539 secuti
3099 4479 3238 4539 sunt
3281 4479 3478 4538 Billins
3506 4496 3565 4538 et
3593 4479 3737 4542 Gal;

474 4556 696 4618 citatus,
754 4566 808 4607 et
862 4553 1015 4609 Pass.
1075 4568 1174 4623 pro
1219 4568 1307 4606 eas
1360 4554 1562 4609 habent
1624 4568 1733 4617 eos,
1794 4554 1937 4606 sicut
1986 4561 2043 4607 et
2147 4555 2334 4607 Iasius.
2372 4552 2478 4605 Sed
2511 4554 2801 4623 genuinam
2831 4567 2954 4623 esse
3003 4554 3286 4609 lectionem
3320 4553 3448 4620 ὑπό,
3484 4556 3735 4610 demon-

474 4624 662 4678 Grazce
690 4624 905 4687 αὐτούς.
1077 4621 1092 4623 ’
1196 4692 1209 4693 7
1436 4692 1441 4693 7
1758 4692 1761 4693 7
1904 4690 1947 4693 __
1994 4692 2001 4693 7
2151 4631 2327 4678 strant
2351 4636 2472 4693 quae
2502 4621 2624 4693 mox
2656 4621 2874 4689 subiicit
2900 4624 3133 4680 lrenmus
3161 4643 3174 4678 :
3204 4624 3459 4677 Dividunt
3491 4630 3736 4693 prophe-

547 4694 624 4764 (4)
670 4693 742 4747 De
787 4695 886 4747 hoc
924 4693 1142 4752 semine.
1193 4692 1338 4763 Lege
1388 4692 1454 4746 ab
1490 4695 1587 4746 hoc
1635 4692 1851 4749 semine.
1904 4690 2041 4747 Vide
2152 4694 2276 4755 tias,
2308 4692 2511 4764 aliquid
2530 4692 2788 4764 quidemn
2814 4704 2981 4747 matre
3017 4697 3215 4748 dictum
3242 4698 3362 4762 (per
3390 4690 3728 4763 prophetas)

476 4760 615 4835 infra
653 4773 835 4835 n_otatn
871 4765 954 4818 ll.
992 4833 999 4835 7
1275 4760 1299 4763 ⁷
1489 4832 1533 4835 __
1576 4832 1606 4835 η
1720 4832 1735 4835 _
1890 4832 1901 4835 _

2197 4773 2411 4835 acentes,
2441 4760 2644 4835 aliquid
2673 4779 2703 4814 a
2730 4764 2942 4835 semine,
2970 4764 3030 4816 τὸ
3053 4764 3110 4817 δέ
3136 4782 3186 4816 τι
3214 4760 3321 4816 ἀπὸ
3346 4764 3441 4816 τοῦ
3459 4760 3729 4835 σπέρμαὲ-

547 4833 622 4903 (5)
662 4832 793 4887 Cum
823 4833 1028 4887 altioris
1054 4841 1261 4886 natura:
1291 4841 1445 4889 esset.
1489 4832 1677 4887 Melius
1712 4832 1857 4887 forte
1890 4832 2035 4902 lege-
2142 4849 2254 4895 τος,
2287 4832 2490 4904 aliquid
2517 4841 2692 4884 autem
2725 4833 2937 4904 qbipso
2976 4835 3282 4904 Demiurgo.
3317 4836 3467 4887 Adeo
3502 4832 3729 4889 ut'eer-

476 4900 647 4974 retur,
675 4904 1041 4974 _cumaltioris
1067 4914 1272 4974 natura:
1297 4914 1490 4956 essent.
1740 4972 1746 4974 7
1948 4900 1964 4902 “
2071 4918 2117 4974 ι)
2149 4912 2259 4956 tum
2286 4900 2391 4974 sit,
2410 4917 2475 4955 ex
2512 4913 2694 4974 mente
2728 4900 3249 4974 valentiniauormn,
3280 4906 3580 4974 prophetas
3608 4922 3728 4960 non

546 4972 624 5041 (6)
666 4971 770 5043 Per
799 4973 960 5027 hunc.
1008 4975 1177 5042 Supp.
1230 4973 1573 5043 Demiurgum
1639 4972 1805 5025 multa
1852 4974 1914 5027 de
1950 4991 2038 5028 su-
2072 4971 2100 4974 ⁷
2143 4974 2233 5043 de
2260 4973 2485 5043 semine
2516 4972 2724 5043 locutos
2776 4973 2981 5038 fuisse;
3040 4977 3133 5029 sed
3186 4971 3389 5038 semen,
3433 4976 3728 5041 spiritales

473 5042 770 5114 perioribus
807 5043 952 5095 dicta
988 5059 1099 5096 esse
1127 5041 1350 5106 dicunt,
1379 5052 1427 5095 et
1453 5041 1552 5114 per
1579 5059 1693 5106 eas,
1721 5058 1838 5112 qua:
1868 5061 1899 5096 a
1937 5045 2039 5098 De-
2137 5041 2351 5114 scilicet
2385 5041 2611 5114 _animas
2658 5041 2724 5096 iis
2752 5043 2982 5110 infusus,
3010 5059 3108 5114 per
3137 5059 3231 5100 eos
3260 5044 3534 5099 interdum
3571 5052 3723 5100 vati-

474 5111 683 5183 rniurgo
714 5111 871 5183 {cette
901 5121 1024 5183 sunt
1049 5116 1262 5177 animte,
1292 5113 1566 5183 spiritales
1586 5110 1901 5183 scilicet,7et
1929 5116 2040 5183 spi-
2135 5110 2533 5183 ciniafudisse.

475 5179 621 5234 ritali
657 5180 865 5255 semine
900 5181 1138 5255 imbuta),
1171 5190 1230 5234 ut
1275 5179 1399 5236 tnox
1445 5183 1765 5255 explicatur.
1802 5181 1929 5255 llaec
1957 5179 2006 5237 ia

2206 5179 2316 5251 (l2)
2358 5180 2802 5255 Ύπαρχούσας.
2857 5183 3225 5255 ’Υπὰρχοντος
3255 5183 3358 5253 legi
3389 5183 3580 5255 volunt
3604 5184 3724 5238 Bil-

473 5265 597 5303 men
630 5264 743 5321 non
776 5252 842 5301 ad
898 5250 1266 5321 Dentiurgum,
1311 5255 1403 5306 sed
1451 5250 1531 5305 ad“
1554 5268 1769 5319 semen,
1817 5253 1882 5306 de
1930 5268 2037 5321 quo
2135 5250 2240 5305 lius
2289 5261 2346 5305 et
2394 5251 2686 5317 Petavius,
2733 5268 2832 5308 nec
2879 5250 3136 5309 dissentit
3182 5250 3381 5308 Fronto
3435 5252 3574 5308 Duc.
3612 5255 3723 5310 llic

472 5320 678 5393 mentio
707 5322 953 5393 proxime
986 5320 1125 5393 laeta
1152 5334 1255 5383 esu
1288 5324 1454 5393 refert
1472 5322 1819 5393 _Cornarius;
1850 5332 1905 5393 et
1937 5320 2039 5377 mi-
2136 5331 2317 5393 tameu
2345 5324 2681 5393 suspicatur
2718 5326 2979 5393 scriptum
3031 5325 3099 5377 ab
3139 5323 3341 5378 Irenaeo
3387 5324 3583 5386 fuisse.
3617 5326 3722 5379 ἅτε

472 5406 576 5444 nus
611 5388 766 5443 bene.
798 5389 871 5441 Ea
901 5403 1028 5466 vero
1057 5391 1136 5466 sic
1179 5392 1435 5459 exprimit
1471 5391 1744 5453 Petavius,
1784 5402 1839 5445 ut
1873 5391 2004 5466 (arma

2187 5388 2723 5466 iqko'répatg'qtioeuiq
2778 5388 3151 5466 ὑπαρχούσας,
3208 5403 3267 5447 ut
3319 5396 3594 5466 referatur
3646 5396 3719 5448 ad

468 5473 690 5533 co_rum7
720 5473 958 5533 sensum7
998 5460 1411 5533 haudquaquam
1483 5472 1809 5530 assequatur
1845 5483 1856 5516 :
1888 5462 2030 5526 Quin
2126 5460 2340 5515 animas
2367 5460 2600 5532 spiritali
2635 5466 2844 5521 semine
2876 5460 3130 5529 imbutas,
3165 5478 3283 5533 qua:
3314 5464 3527 5517 ideoin
3579 5480 3717 5533 pro-

468 5528 631 5602 etiam
656 5528 720 5583 de
744 5528 1560 5602 calestibusmultadisputasse
1597 5528 1835 5595 matrem,
1864 5535 2031 5601 deque
2128 5533 2344 5602 phetas,
2397 5528 2452 5585 et
2506 5535 2858 5598 sacerdotes,
2897 5545 2952 5590 et
3002 5528 3159 5601 reges
3182 5528 3715 5601 'eonstitueban'tur,

465 5598 682 5671 animis,
729 5614 859 5662 quos
895 5599 981 5671 _vet
1029 5598 1137 5663 ille,
1176 5601 1253 5653 vel
1281 5602 1369 5669 qui
1407 5602 1603 5671 abjllo
1644 5602 1855 5654 oriundi
1885 5598 2027 5669 sunt,
2125 5598 2269 5671 quod
2298 5610 2480 5656 essent
2511 5612 2723 5659 natura:
2758 5598 3130 5669 sublimioris;
3164 5615 3221 5660 et
3267 5619 3386 5671 quae
3430 5606 3496 5658 de
3542 5598 3717 5659 dictis

465 5669 850 5744 produxerunt.
883 5668 1107 5744 Quae775i
1135 5671 1258 5738 quis
1286 5668 1407 5744 cum
1460 5670 1664 5744 Graicis
1713 5672 2027 5738 contulerit,
2127 5668 2160 5744 ai
2186 5672 2393 5744 semine
2425 5673 2719 5740 adduntur,
2746 5676 2950 5730 inserta
2984 5668 3149 5729 luisse
3181 5668 3710 5744 mr'puetttltesitin.

466 5735 750 5817 πέτει]φὶ
786 5752 951 5817 sensu
976 5735 1303 5817 aliena;esse
1329 5742 1718 5817 deprehendet.
1803 5812 1815 5817 7
1987 5735 2022 5817 _'
2128 5741 2258 5807 Qua:
2286 5742 2507 5817 quidem
2533 5735 2845 5817 doctissimi
2877 5746 2985 5804 viri
3022 5735 3329 5817 conjectura
3360 5745 3483 5801 aliis
3517 5742 3713 5804 forsan

434 5884 456 5904 ί
527 5806 610 5879 ,(7)
650 5807 757 5867 Per
778 5807 1123 5869 Satvatorem.
1152 5806 1475 5869 Particulam
1503 5828 1616 5884 per,
1644 5812 1855 5872 incuria
1892 5810 2031 5873 scri—
2128 5806 2278 5871 certa
2301 5806 2748 5904 ratio7videbitur.

2758 5905 2765 5927 ι

2069 5916 2147 5936 -40
