  <div class='ocr_page' id='page_1' title='image "/cluster/home/n/w/nwhite01/storage/ocr_20150623/7/hvd.32044019206614/271.png"; bbox 0 0 3880 6358; ppageno 0'>
   <div class='ocr_carea' id='block_1_1' title="bbox 448 352 550 407">
    <p class='ocr_par' dir='ltr' id='par_1_1' title="bbox 448 352 550 407">
     <span class='ocr_line' id='line_1_1' title="bbox 448 352 550 407; baseline 0 0"><span class='ocrx_word' id='word_1_1' title='bbox 448 352 550 407; x_wconf 75' lang='grc'><strong>527</strong></span> 
     </span>
    </p>
   </div>
   <div class='ocr_carea' id='block_1_2' title="bbox 1190 354 2935 424">
    <p class='ocr_par' dir='ltr' id='par_1_2' title="bbox 1190 354 2935 424">
     <span class='ocr_line' id='line_1_2' title="bbox 1190 354 2935 424; baseline 0.009 -15"><span class='ocrx_word' id='word_1_2' title='bbox 1190 355 1247 411; x_wconf 86' lang='lat' dir='ltr'><strong>S.</strong></span> <span class='ocrx_word' id='word_1_3' title='bbox 1287 354 1545 412; x_wconf 62' lang='lat' dir='ltr'><strong>lRENxEl</strong></span> <span class='ocrx_word' id='word_1_4' title='bbox 1583 355 1891 412; x_wconf 83' lang='lat' dir='ltr'><strong>EPlSCOPl</strong></span> <span class='ocrx_word' id='word_1_5' title='bbox 1932 356 2418 419; x_wconf 73' lang='lat' dir='ltr'><strong>LUGDUNENSIS</strong></span> <span class='ocrx_word' id='word_1_6' title='bbox 2457 365 2543 421; x_wconf 84' lang='lat' dir='ltr'>ET</span> <span class='ocrx_word' id='word_1_7' title='bbox 2578 361 2935 424; x_wconf 78' lang='lat' dir='ltr'><strong>MARTYRIS</strong></span> 
     </span>
    </p>
   </div>
   <div class='ocr_carea' id='block_1_3' title="bbox 3594 374 3699 436">
    <p class='ocr_par' dir='ltr' id='par_1_3' title="bbox 3594 374 3699 436">
     <span class='ocr_line' id='line_1_3' title="bbox 3594 374 3699 436; baseline 0.01 -1"><span class='ocrx_word' id='word_1_8' title='bbox 3594 374 3699 436; x_wconf 72' lang='lat'><strong>528</strong></span> 
     </span>
    </p>
   </div>
   <div class='ocr_carea' id='block_1_4' title="bbox 447 456 1971 565">
    <p class='ocr_par' dir='ltr' id='par_1_4' title="bbox 447 456 1971 550">
     <span class='ocr_line' id='line_1_4' title="bbox 447 456 1971 550; baseline 0.003 -21"><span class='ocrx_word' id='word_1_9' title='bbox 447 456 589 530; x_wconf 79' lang='lat' dir='ltr'><strong>esse.</strong></span> <span class='ocrx_word' id='word_1_10' title='bbox 624 476 691 530; x_wconf 83' lang='lat' dir='ltr'><strong>Et</strong></span> <span class='ocrx_word' id='word_1_11' title='bbox 731 475 879 529; x_wconf 88' lang='lat' dir='ltr'><strong>illum</strong></span> <span class='ocrx_word' id='word_1_12' title='bbox 909 484 1089 531; x_wconf 88' lang='lat' dir='ltr'><strong>autem</strong></span> <span class='ocrx_word' id='word_1_13' title='bbox 1122 477 1415 545; x_wconf 90' lang='lat' dir='ltr'><strong>similiter,</strong></span> <span class='ocrx_word' id='word_1_14' title='bbox 1453 481 1542 549; x_wconf 99' lang='lat' dir='ltr'><strong>qui</strong></span> <span class='ocrx_word' id='word_1_15' title='bbox 1587 479 1788 534; x_wconf 88' lang='lat' dir='ltr'><strong>multas</strong></span> <span class='ocrx_word' id='word_1_16' title='bbox 1832 491 1971 550; x_wconf 73' lang='lat' dir='ltr'><strong>parti</strong></span> 
     </span>
    </p>
   </div>
   <div class='ocr_carea' id='block_1_5' title="bbox 2085 456 3700 565">
    <p class='ocr_par' dir='ltr' id='par_1_5' title="bbox 2085 483 3700 565">
     <span class='ocr_line' id='line_1_5' title="bbox 2085 483 3700 565; baseline 0.009 -30"><span class='ocrx_word' id='word_1_17' title='bbox 2085 533 2089 544; x_wconf 79' lang='lat'><em>_</em></span> <span class='ocrx_word' id='word_1_18' title='bbox 2111 483 2333 550; x_wconf 76' lang='grc' dir='ltr'>ρανῶν.</span> <span class='ocrx_word' id='word_1_19' title='bbox 2371 487 2571 542; x_wconf 84' lang='grc' dir='ltr'>Τοῦτον</span> <span class='ocrx_word' id='word_1_20' title='bbox 2597 490 2706 561; x_wconf 77' lang='grc' dir='ltr'><strong>γὰρ</strong></span> <span class='ocrx_word' id='word_1_21' title='bbox 2727 490 2944 559; x_wconf 84' lang='grc' dir='ltr'>λέγουσι</span> <span class='ocrx_word' id='word_1_22' title='bbox 2971 491 3061 545; x_wconf 77' lang='grc' dir='ltr'>τὸν</span> <span class='ocrx_word' id='word_1_23' title='bbox 3091 492 3255 564; x_wconf 80' lang='grc' dir='ltr'><strong>μέσον</strong></span> <span class='ocrx_word' id='word_1_24' title='bbox 3288 489 3425 547; x_wconf 75' lang='grc' dir='ltr'>εἶναι</span> <span class='ocrx_word' id='word_1_25' title='bbox 3457 493 3555 565; x_wconf 83' lang='grc'><strong>(7).</strong></span> <span class='ocrx_word' id='word_1_26' title='bbox 3584 498 3700 552; x_wconf 77' lang='grc' dir='ltr'><strong>Κά-</strong></span> 
     </span>
    </p>
   </div>
   <div class='ocr_carea' id='block_1_6' title="bbox 439 566 2021 640">
    <p class='ocr_par' dir='ltr' id='par_1_6' title="bbox 439 566 2021 640">
     <span class='ocr_line' id='line_1_6' title="bbox 439 566 2021 640; baseline 0.003 -19"><span class='ocrx_word' id='word_1_27' title='bbox 439 567 664 637; x_wconf 70' lang='lat' dir='ltr'><strong>justitiaa</strong></span> <span class='ocrx_word' id='word_1_28' title='bbox 695 566 1054 622; x_wconf 86' lang='lat' dir='ltr'><strong>confitebatur</strong></span> <span class='ocrx_word' id='word_1_29' title='bbox 1081 585 1141 623; x_wconf 89' lang='lat' dir='ltr'><strong>se</strong></span> <span class='ocrx_word' id='word_1_30' title='bbox 1166 569 1383 634; x_wconf 57' lang='lat' dir='ltr'><strong>fecisse,</strong></span> <span class='ocrx_word' id='word_1_31' title='bbox 1418 581 1540 640; x_wconf 89' lang='lat' dir='ltr'><strong>post</strong></span> <span class='ocrx_word' id='word_1_32' title='bbox 1562 571 1756 624; x_wconf 88' lang='lat' dir='ltr'><strong>deinde</strong></span> <span class='ocrx_word' id='word_1_33' title='bbox 1784 570 2021 626; x_wconf 86' lang='lat' dir='ltr'><strong>noluisse</strong></span> 
     </span>
    </p>
   </div>
   <div class='ocr_carea' id='block_1_7' title="bbox 445 658 2021 731">
    <p class='ocr_par' dir='ltr' id='par_1_7' title="bbox 445 658 2021 731">
     <span class='ocr_line' id='line_1_7' title="bbox 445 658 2021 731; baseline 0.001 -17"><span class='ocrx_word' id='word_1_34' title='bbox 445 660 599 728; x_wconf 90' lang='lat' dir='ltr'><strong>sequi</strong></span> <span class='ocrx_word' id='word_1_35' title='bbox 633 658 735 731; x_wconf 83' lang='grc' dir='ltr'>(ι),</span> <span class='ocrx_word' id='word_1_36' title='bbox 765 659 857 713; x_wconf 84' lang='lat' dir='ltr'><strong>sed</strong></span> <span class='ocrx_word' id='word_1_37' title='bbox 882 674 909 711; x_wconf 89' lang='lat' dir='ltr'><strong>a</strong></span> <span class='ocrx_word' id='word_1_38' title='bbox 944 659 1148 713; x_wconf 76' lang='lat' dir='ltr'><strong>divitiis</strong></span> <span class='ocrx_word' id='word_1_39' title='bbox 1180 660 1406 725; x_wconf 86' lang='lat' dir='ltr'><strong>victum,</strong></span> <span class='ocrx_word' id='word_1_40' title='bbox 1464 669 1522 713; x_wconf 93' lang='lat' dir='ltr'><strong>ut</strong></span> <span class='ocrx_word' id='word_1_41' title='bbox 1561 675 1630 715; x_wconf 88' lang='lat' dir='ltr'><strong>ne</strong></span> <span class='ocrx_word' id='word_1_42' title='bbox 1662 660 1815 715; x_wconf 82' lang='lat' dir='ltr'><strong>ﬁeret</strong></span> <span class='ocrx_word' id='word_1_43' title='bbox 1843 661 2021 730; x_wconf 86' lang='lat' dir='ltr'><strong>perfe-</strong></span> 
     </span>
    </p>
   </div>
   <div class='ocr_carea' id='block_1_8' title="bbox 444 749 2012 823">
    <p class='ocr_par' dir='ltr' id='par_1_8' title="bbox 444 749 2012 823">
     <span class='ocr_line' id='line_1_8' title="bbox 444 749 2012 823; baseline 0.002 -19"><span class='ocrx_word' id='word_1_44' title='bbox 444 760 584 823; x_wconf 77' lang='lat' dir='ltr'><strong>ctus,</strong></span> <span class='ocrx_word' id='word_1_45' title='bbox 616 761 670 803; x_wconf 91' lang='lat' dir='ltr'><strong>et</strong></span> <span class='ocrx_word' id='word_1_46' title='bbox 700 751 843 805; x_wconf 87' lang='lat' dir='ltr'><strong>hunc</strong></span> <span class='ocrx_word' id='word_1_47' title='bbox 904 749 971 803; x_wconf 90' lang='lat' dir='ltr'><strong>de</strong></span> <span class='ocrx_word' id='word_1_48' title='bbox 1030 752 1288 819; x_wconf 78' lang='lat' dir='ltr'><strong>psycliico</strong></span> <span class='ocrx_word' id='word_1_49' title='bbox 1340 766 1538 820; x_wconf 81' lang='lat' dir='ltr'><strong>genere</strong></span> <span class='ocrx_word' id='word_1_50' title='bbox 1597 749 1766 805; x_wconf 85' lang='lat' dir='ltr'><strong>fuisse</strong></span> <span class='ocrx_word' id='word_1_51' title='bbox 1811 752 2012 807; x_wconf 90' lang='lat' dir='ltr'><strong>volunt.</strong></span> 
     </span>
    </p>
   </div>
   <div class='ocr_carea' id='block_1_9' title="bbox 443 824 2014 911">
    <p class='ocr_par' dir='ltr' id='par_1_9' title="bbox 443 824 2014 911">
     <span class='ocr_line' id='line_1_9' title="bbox 443 824 2014 911; baseline -0.002 -13"><span class='ocrx_word' id='word_1_52' title='bbox 443 824 703 909; x_wconf 75' lang='lat' dir='ltr'><strong>spiritale</strong></span> <span class='ocrx_word' id='word_1_53' title='bbox 739 856 864 895; x_wconf 76' lang='lat' dir='ltr'><strong>vero</strong></span> <span class='ocrx_word' id='word_1_54' title='bbox 896 839 998 911; x_wconf 68' lang='lat'><strong>(2),</strong></span> <span class='ocrx_word' id='word_1_55' title='bbox 1033 840 1084 893; x_wconf 94' lang='lat' dir='ltr'><strong>in</strong></span> <span class='ocrx_word' id='word_1_56' title='bbox 1119 856 1182 894; x_wconf 67' lang='grc' dir='ltr'>(ιο</span> <span class='ocrx_word' id='word_1_57' title='bbox 1206 842 1348 910; x_wconf 84' lang='lat' dir='ltr'><strong>quod</strong></span> <span class='ocrx_word' id='word_1_58' title='bbox 1399 842 1532 893; x_wconf 90' lang='lat' dir='ltr'><strong>dicit</strong></span> <span class='ocrx_word' id='word_1_59' title='bbox 1561 858 1574 893; x_wconf 92' lang='lat'><strong>:</strong></span> <span class='ocrx_word' id='word_1_60' title='bbox 1619 840 1844 894; x_wconf 83' lang='lat' dir='ltr'><strong>Remitte</strong></span> <span class='ocrx_word' id='word_1_61' title='bbox 1875 860 2014 895; x_wconf 88' lang='lat' dir='ltr'><strong>mor-</strong></span> 
     </span>
    </p>
   </div>
   <div class='ocr_carea' id='block_1_10' title="bbox 440 932 2013 1000">
    <p class='ocr_par' dir='ltr' id='par_1_10' title="bbox 440 932 2013 1000">
     <span class='ocr_line' id='line_1_10' title="bbox 440 932 2013 1000; baseline 0 -14"><span class='ocrx_word' id='word_1_62' title='bbox 440 946 559 987; x_wconf 75' lang='lat' dir='ltr'><strong>tuos</strong></span> <span class='ocrx_word' id='word_1_63' title='bbox 591 934 807 1000; x_wconf 76' lang='lat' dir='ltr'><strong>sepelire</strong></span> <span class='ocrx_word' id='word_1_64' title='bbox 837 945 1071 986; x_wconf 80' lang='lat' dir='ltr'><strong>mortuos</strong></span> <span class='ocrx_word' id='word_1_65' title='bbox 1100 950 1245 996; x_wconf 75' lang='lat' dir='ltr'><strong>suos,</strong></span> <span class='ocrx_word' id='word_1_66' title='bbox 1274 942 1327 983; x_wconf 86' lang='lat' dir='ltr'><strong>tu</strong></span> <span class='ocrx_word' id='word_1_67' title='bbox 1370 942 1543 984; x_wconf 75' lang='lat' dir='ltr'><strong>autem</strong></span> <span class='ocrx_word' id='word_1_68' title='bbox 1575 932 1706 984; x_wconf 78' lang='lat' dir='ltr'><strong>rade</strong></span> <span class='ocrx_word' id='word_1_69' title='bbox 1729 941 1777 984; x_wconf 85' lang='lat' dir='ltr'><strong>et</strong></span> <span class='ocrx_word' id='word_1_70' title='bbox 1801 948 2013 986; x_wconf 82' lang='lat' dir='ltr'><strong>annun-</strong></span> 
     </span>
    </p>
   </div>
   <div class='ocr_carea' id='block_1_11' title="bbox 438 1020 2007 1093">
    <p class='ocr_par' dir='ltr' id='par_1_11' title="bbox 438 1020 2007 1093">
     <span class='ocr_line' id='line_1_11' title="bbox 438 1020 2007 1093; baseline 0.001 -17"><span class='ocrx_word' id='word_1_71' title='bbox 438 1024 514 1078; x_wconf 83' lang='lat' dir='ltr'><strong>tiu</strong></span> <span class='ocrx_word' id='word_1_72' title='bbox 544 1041 757 1093; x_wconf 72' lang='lat' dir='ltr'><strong>regnum</strong></span> <span class='ocrx_word' id='word_1_73' title='bbox 796 1023 891 1077; x_wconf 81' lang='lat' dir='ltr'><strong>Dei</strong></span> <span class='ocrx_word' id='word_1_74' title='bbox 919 1023 999 1087; x_wconf 77' lang='grc'><strong>¹⁹;</strong></span> <span class='ocrx_word' id='word_1_75' title='bbox 1032 1033 1086 1077; x_wconf 88' lang='lat' dir='ltr'><strong>et</strong></span> <span class='ocrx_word' id='word_1_76' title='bbox 1122 1020 1386 1076; x_wconf 71' lang='lat' dir='ltr'><strong>Zaceltmo</strong></span> <span class='ocrx_word' id='word_1_77' title='bbox 1420 1022 1731 1091; x_wconf 82' lang='lat' dir='ltr'><strong>publicano,</strong></span> <span class='ocrx_word' id='word_1_78' title='bbox 1771 1024 1959 1079; x_wconf 84' lang='lat' dir='ltr'><strong>dicens</strong></span> <span class='ocrx_word' id='word_1_79' title='bbox 1994 1042 2007 1077; x_wconf 93' lang='lat'><strong>:</strong></span> 
     </span>
    </p>
   </div>
   <div class='ocr_carea' id='block_1_12' title="bbox 439 1114 2009 1185">
    <p class='ocr_par' dir='ltr' id='par_1_12' title="bbox 439 1114 2009 1185">
     <span class='ocr_line' id='line_1_12' title="bbox 439 1114 2009 1185; baseline 0.001 -17"><span class='ocrx_word' id='word_1_80' title='bbox 439 1115 737 1183; x_wconf 79' lang='lat' dir='ltr'><strong>l’mperans</strong></span> <span class='ocrx_word' id='word_1_81' title='bbox 778 1115 1053 1177; x_wconf 73' lang='lat' dir='ltr'><strong>descende,</strong></span> <span class='ocrx_word' id='word_1_82' title='bbox 1108 1116 1359 1185; x_wconf 78' lang='lat' dir='ltr'><strong>quoniam</strong></span> <span class='ocrx_word' id='word_1_83' title='bbox 1398 1116 1554 1169; x_wconf 80' lang='lat' dir='ltr'><strong>hodie</strong></span> <span class='ocrx_word' id='word_1_84' title='bbox 1607 1116 1661 1169; x_wconf 84' lang='lat' dir='ltr'><strong>in</strong></span> <span class='ocrx_word' id='word_1_85' title='bbox 1711 1114 1867 1169; x_wconf 85' lang='lat' dir='ltr'><strong>domo</strong></span> <span class='ocrx_word' id='word_1_86' title='bbox 1918 1126 2009 1169; x_wconf 87' lang='lat' dir='ltr'><strong>tua</strong></span> 
     </span>
    </p>
   </div>
   <div class='ocr_carea' id='block_1_13' title="bbox 432 1208 2005 1281">
    <p class='ocr_par' dir='ltr' id='par_1_13' title="bbox 432 1208 2005 1281">
     <span class='ocr_line' id='line_1_13' title="bbox 432 1208 2005 1281; baseline 0.001 -18"><span class='ocrx_word' id='word_1_87' title='bbox 432 1222 633 1275; x_wconf 84' lang='lat' dir='ltr'><strong>oportet</strong></span> <span class='ocrx_word' id='word_1_88' title='bbox 667 1228 745 1263; x_wconf 87' lang='lat' dir='ltr'><strong>me</strong></span> <span class='ocrx_word' id='word_1_89' title='bbox 782 1226 995 1263; x_wconf 75' lang='lat' dir='ltr'><strong>uulnere</strong></span> <span class='ocrx_word' id='word_1_90' title='bbox 1032 1210 1205 1279; x_wconf 75' lang='lat'><strong>(5)”.</strong></span> <span class='ocrx_word' id='word_1_91' title='bbox 1259 1208 1322 1263; x_wconf 77' lang='lat' dir='ltr'><strong>Et</strong></span> <span class='ocrx_word' id='word_1_92' title='bbox 1374 1210 1631 1264; x_wconf 82' lang='lat' dir='ltr'><strong>fermeuti</strong></span> <span class='ocrx_word' id='word_1_93' title='bbox 1686 1212 2005 1281; x_wconf 80' lang='lat' dir='ltr'><strong>parabolam</strong></span> 
     </span>
    </p>
   </div>
   <div class='ocr_carea' id='block_1_14' title="bbox 430 1301 2002 1371">
    <p class='ocr_par' dir='ltr' id='par_1_14' title="bbox 430 1301 2002 1371">
     <span class='ocr_line' id='line_1_14' title="bbox 430 1301 2002 1371; baseline 0.002 -16"><span class='ocrx_word' id='word_1_94' title='bbox 430 1301 533 1371; x_wconf 71' lang='lat' dir='ltr'><strong>(l),</strong></span> <span class='ocrx_word' id='word_1_95' title='bbox 571 1303 710 1370; x_wconf 71' lang='lat' dir='ltr'><strong>quod</strong></span> <span class='ocrx_word' id='word_1_96' title='bbox 737 1303 934 1355; x_wconf 85' lang='lat' dir='ltr'><strong>mulier</strong></span> <span class='ocrx_word' id='word_1_97' title='bbox 974 1301 1329 1355; x_wconf 74' lang='lat' dir='ltr'><strong>abscondisse</strong></span> <span class='ocrx_word' id='word_1_98' title='bbox 1362 1302 1563 1357; x_wconf 89' lang='lat' dir='ltr'><strong>dicitur</strong></span> <span class='ocrx_word' id='word_1_99' title='bbox 1590 1304 1643 1356; x_wconf 95' lang='lat' dir='ltr'><strong>in</strong></span> <span class='ocrx_word' id='word_1_100' title='bbox 1670 1302 1860 1358; x_wconf 67' lang='lat' dir='ltr'><strong>farinae</strong></span> <span class='ocrx_word' id='word_1_101' title='bbox 1886 1316 2002 1359; x_wconf 86' lang='lat' dir='ltr'><strong>sata</strong></span> 
     </span>
    </p>
   </div>
   <div class='ocr_carea' id='block_1_15' title="bbox 430 1393 2001 1463">
    <p class='ocr_par' dir='ltr' id='par_1_15' title="bbox 430 1393 2001 1463">
     <span class='ocr_line' id='line_1_15' title="bbox 430 1393 2001 1463; baseline 0.003 -17"><span class='ocrx_word' id='word_1_102' title='bbox 430 1396 570 1457; x_wconf 88' lang='lat' dir='ltr'><strong>tria,</strong></span> <span class='ocrx_word' id='word_1_103' title='bbox 628 1393 729 1447; x_wconf 84' lang='lat' dir='ltr'><strong>tria</strong></span> <span class='ocrx_word' id='word_1_104' title='bbox 784 1409 987 1463; x_wconf 82' lang='lat' dir='ltr'><strong>genera</strong></span> <span class='ocrx_word' id='word_1_105' title='bbox 1044 1394 1395 1449; x_wconf 90' lang='lat' dir='ltr'><strong>manifestare</strong></span> <span class='ocrx_word' id='word_1_106' title='bbox 1448 1395 1659 1453; x_wconf 86' lang='lat' dir='ltr'><strong>dicunt.</strong></span> <span class='ocrx_word' id='word_1_107' title='bbox 1717 1394 2001 1451; x_wconf 85' lang='lat' dir='ltr'><strong>Mulierem</strong></span> 
     </span>
    </p>
   </div>
   <div class='ocr_carea' id='block_1_16' title="bbox 426 1486 2001 1560">
    <p class='ocr_par' dir='ltr' id='par_1_16' title="bbox 426 1486 2001 1560">
     <span class='ocr_line' id='line_1_16' title="bbox 426 1486 2001 1560; baseline 0.001 -19"><span class='ocrx_word' id='word_1_108' title='bbox 426 1488 686 1556; x_wconf 84' lang='lat' dir='ltr'><strong>quidem,</strong></span> <span class='ocrx_word' id='word_1_109' title='bbox 749 1488 1006 1556; x_wconf 87' lang='lat' dir='ltr'><strong>Sophiam</strong></span> <span class='ocrx_word' id='word_1_110' title='bbox 1055 1488 1162 1543; x_wconf 91' lang='lat' dir='ltr'><strong>dici</strong></span> <span class='ocrx_word' id='word_1_111' title='bbox 1215 1488 1452 1551; x_wconf 80' lang='lat' dir='ltr'><strong>docent;</strong></span> <span class='ocrx_word' id='word_1_112' title='bbox 1503 1486 1693 1543; x_wconf 68' lang='lat' dir='ltr'><strong>farina:</strong></span> <span class='ocrx_word' id='word_1_113' title='bbox 1726 1504 1855 1543; x_wconf 71' lang='lat' dir='ltr'><strong>vero</strong></span> <span class='ocrx_word' id='word_1_114' title='bbox 1890 1489 2001 1560; x_wconf 82' lang='lat'><strong>39</strong></span> 
     </span>
    </p>
   </div>
   <div class='ocr_carea' id='block_1_17' title="bbox 424 1579 1994 1650">
    <p class='ocr_par' dir='ltr' id='par_1_17' title="bbox 424 1579 1994 1650">
     <span class='ocr_line' id='line_1_17' title="bbox 424 1579 1994 1650; baseline -0.001 -14"><span class='ocrx_word' id='word_1_115' title='bbox 424 1592 541 1636; x_wconf 87' lang='lat' dir='ltr'><strong>sata</strong></span> <span class='ocrx_word' id='word_1_116' title='bbox 575 1582 700 1648; x_wconf 87' lang='lat' dir='ltr'><strong>tria,</strong></span> <span class='ocrx_word' id='word_1_117' title='bbox 734 1582 836 1635; x_wconf 86' lang='lat' dir='ltr'><strong>tria</strong></span> <span class='ocrx_word' id='word_1_118' title='bbox 870 1594 1072 1650; x_wconf 85' lang='lat' dir='ltr'><strong>genera</strong></span> <span class='ocrx_word' id='word_1_119' title='bbox 1112 1579 1419 1646; x_wconf 86' lang='lat' dir='ltr'><strong>hominum,</strong></span> <span class='ocrx_word' id='word_1_120' title='bbox 1447 1580 1716 1649; x_wconf 84' lang='lat' dir='ltr'><strong>spiritale,</strong></span> <span class='ocrx_word' id='word_1_121' title='bbox 1736 1580 1994 1647; x_wconf 89' lang='lat' dir='ltr'><strong>animale,</strong></span> 
     </span>
    </p>
   </div>
   <div class='ocr_carea' id='block_1_18' title="bbox 423 1670 1996 1739">
    <p class='ocr_par' dir='ltr' id='par_1_18' title="bbox 423 1670 1996 1739">
     <span class='ocr_line' id='line_1_18' title="bbox 423 1670 1996 1739; baseline -0.001 -12"><span class='ocrx_word' id='word_1_122' title='bbox 423 1676 693 1729; x_wconf 81' lang='lat' dir='ltr'><strong>rboicum.</strong></span> <span class='ocrx_word' id='word_1_123' title='bbox 726 1672 1079 1727; x_wconf 87' lang='lat' dir='ltr'><strong>Fermentum</strong></span> <span class='ocrx_word' id='word_1_124' title='bbox 1134 1685 1289 1733; x_wconf 84' lang='lat' dir='ltr'><strong>vero,</strong></span> <span class='ocrx_word' id='word_1_125' title='bbox 1329 1670 1506 1739; x_wconf 90' lang='lat' dir='ltr'><strong>ipsum</strong></span> <span class='ocrx_word' id='word_1_126' title='bbox 1540 1670 1883 1725; x_wconf 86' lang='lat' dir='ltr'><strong>Salvatorem</strong></span> <span class='ocrx_word' id='word_1_127' title='bbox 1913 1672 1996 1725; x_wconf 86' lang='lat' dir='ltr'><strong>di-</strong></span> 
     </span>
    </p>
   </div>
   <div class='ocr_carea' id='block_1_19' title="bbox 421 1762 1992 1826">
    <p class='ocr_par' dir='ltr' id='par_1_19' title="bbox 421 1762 1992 1826">
     <span class='ocr_line' id='line_1_19' title="bbox 421 1762 1992 1826; baseline -0.002 -4"><span class='ocrx_word' id='word_1_128' title='bbox 421 1779 568 1824; x_wconf 80' lang='lat' dir='ltr'><strong>ctum</strong></span> <span class='ocrx_word' id='word_1_129' title='bbox 602 1771 811 1826; x_wconf 89' lang='lat' dir='ltr'><strong>dicunt.</strong></span> <span class='ocrx_word' id='word_1_130' title='bbox 852 1769 917 1823; x_wconf 76' lang='lat' dir='ltr'><strong>Et</strong></span> <span class='ocrx_word' id='word_1_131' title='bbox 953 1765 1176 1819; x_wconf 81' lang='lat' dir='ltr'><strong>Paulum</strong></span> <span class='ocrx_word' id='word_1_132' title='bbox 1227 1777 1410 1819; x_wconf 83' lang='lat' dir='ltr'><strong>autem</strong></span> <span class='ocrx_word' id='word_1_133' title='bbox 1460 1764 1745 1818; x_wconf 87' lang='lat' dir='ltr'><strong>manifeste</strong></span> <span class='ocrx_word' id='word_1_134' title='bbox 1788 1762 1992 1819; x_wconf 79' lang='lat' dir='ltr'><strong>dixisse</strong></span> 
     </span>
    </p>
   </div>
   <div class='ocr_carea' id='block_1_20' title="bbox 2125 579 3701 657">
    <p class='ocr_par' dir='ltr' id='par_1_20' title="bbox 2125 579 3701 657">
     <span class='ocr_line' id='line_1_20' title="bbox 2125 579 3701 657; baseline 0.008 -28"><span class='ocrx_word' id='word_1_135' title='bbox 2125 579 2301 631; x_wconf 79' lang='grc' dir='ltr'>κεῖνον</span> <span class='ocrx_word' id='word_1_136' title='bbox 2337 581 2393 633; x_wconf 82' lang='grc' dir='ltr'><strong>δὲ</strong></span> <span class='ocrx_word' id='word_1_137' title='bbox 2418 582 2679 645; x_wconf 83' lang='grc' dir='ltr'><strong>ὡσαύτως</strong></span> <span class='ocrx_word' id='word_1_138' title='bbox 2701 584 2792 637; x_wconf 81' lang='grc' dir='ltr'>τὸν</span> <span class='ocrx_word' id='word_1_139' title='bbox 2808 584 2876 636; x_wconf 82' lang='grc' dir='ltr'>τὰ</span> <span class='ocrx_word' id='word_1_140' title='bbox 2894 584 3118 637; x_wconf 84' lang='grc' dir='ltr'>πλεῖστα</span> <span class='ocrx_word' id='word_1_141' title='bbox 3146 586 3285 656; x_wconf 84' lang='grc' dir='ltr'>μέρη</span> <span class='ocrx_word' id='word_1_142' title='bbox 3311 586 3410 657; x_wconf 80' lang='grc' dir='ltr'><strong>τῆς</strong></span> <span class='ocrx_word' id='word_1_143' title='bbox 3430 587 3701 641; x_wconf 76' lang='grc' dir='ltr'>δικαιοσύ-</span> 
     </span>
    </p>
   </div>
   <div class='ocr_carea' id='block_1_21' title="bbox 2120 671 3699 751">
    <p class='ocr_par' dir='ltr' id='par_1_21' title="bbox 2120 671 3699 751">
     <span class='ocr_line' id='line_1_21' title="bbox 2120 671 3699 751; baseline 0.009 -31"><span class='ocrx_word' id='word_1_144' title='bbox 2120 686 2218 739; x_wconf 83' lang='grc' dir='ltr'><strong>νης</strong></span> <span class='ocrx_word' id='word_1_145' title='bbox 2238 671 2645 745; x_wconf 78' lang='grc' dir='ltr'><strong>ὁμολογήσαντα</strong></span> <span class='ocrx_word' id='word_1_146' title='bbox 2668 678 3046 747; x_wconf 80' lang='grc' dir='ltr'><strong>πεποιηκέναι,</strong></span> <span class='ocrx_word' id='word_1_147' title='bbox 3080 678 3271 731; x_wconf 80' lang='grc' dir='ltr'>ἔπειτα</span> <span class='ocrx_word' id='word_1_148' title='bbox 3304 678 3378 750; x_wconf 82' lang='grc' dir='ltr'>μὴ</span> <span class='ocrx_word' id='word_1_149' title='bbox 3402 678 3699 751; x_wconf 77' lang='grc' dir='ltr'><strong>θελήσαντα</strong></span> 
     </span>
    </p>
   </div>
   <div class='ocr_carea' id='block_1_22' title="bbox 2118 760 3699 844">
    <p class='ocr_par' dir='ltr' id='par_1_22' title="bbox 2118 760 3699 844">
     <span class='ocr_line' id='line_1_22' title="bbox 2118 760 3699 844; baseline 0.009 -34"><span class='ocrx_word' id='word_1_150' title='bbox 2118 760 2497 833; x_wconf 80' lang='grc' dir='ltr'>ἀκολουθῆσαι,</span> <span class='ocrx_word' id='word_1_151' title='bbox 2534 765 2669 819; x_wconf 74' lang='grc' dir='ltr'>ἀλλὰ</span> <span class='ocrx_word' id='word_1_152' title='bbox 2704 767 2808 819; x_wconf 85' lang='grc' dir='ltr'><strong>ὑπὸ</strong></span> <span class='ocrx_word' id='word_1_153' title='bbox 2839 767 3068 821; x_wconf 83' lang='grc' dir='ltr'>πλούτου</span> <span class='ocrx_word' id='word_1_154' title='bbox 3104 770 3425 838; x_wconf 78' lang='grc' dir='ltr'>ἡττηθέντα,</span> <span class='ocrx_word' id='word_1_155' title='bbox 3476 772 3614 844; x_wconf 82' lang='grc' dir='ltr'>πρὸς</span> <span class='ocrx_word' id='word_1_156' title='bbox 3638 774 3699 825; x_wconf 79' lang='grc' dir='ltr'>τὸ</span> 
     </span>
    </p>
   </div>
   <div class='ocr_carea' id='block_1_23' title="bbox 2119 852 3698 932">
    <p class='ocr_par' dir='ltr' id='par_1_23' title="bbox 2119 852 3698 932">
     <span class='ocr_line' id='line_1_23' title="bbox 2119 852 3698 932; baseline 0.009 -28"><span class='ocrx_word' id='word_1_157' title='bbox 2119 853 2193 921; x_wconf 83' lang='grc' dir='ltr'>μὴ</span> <span class='ocrx_word' id='word_1_158' title='bbox 2242 852 2445 908; x_wconf 87' lang='grc' dir='ltr'>τέλειον</span> <span class='ocrx_word' id='word_1_159' title='bbox 2478 857 2749 925; x_wconf 77' lang='grc' dir='ltr'>γενέσθαι,</span> <span class='ocrx_word' id='word_1_160' title='bbox 2789 861 2880 913; x_wconf 74' lang='grc' dir='ltr'>καὶ</span> <span class='ocrx_word' id='word_1_161' title='bbox 2915 860 3104 913; x_wconf 88' lang='grc' dir='ltr'>τοῦτον</span> <span class='ocrx_word' id='word_1_162' title='bbox 3132 862 3225 913; x_wconf 88' lang='grc' dir='ltr'><strong>τοῦ</strong></span> <span class='ocrx_word' id='word_1_163' title='bbox 3246 862 3479 931; x_wconf 73' lang='grc' dir='ltr'>ψυχικοῦ</span> <span class='ocrx_word' id='word_1_164' title='bbox 3508 865 3698 932; x_wconf 79' lang='grc' dir='ltr'><strong>γένους</strong></span> 
     </span>
    </p>
   </div>
   <div class='ocr_carea' id='block_1_24' title="bbox 2114 945 3695 1027">
    <p class='ocr_par' dir='ltr' id='par_1_24' title="bbox 2114 945 3695 1027">
     <span class='ocr_line' id='line_1_24' title="bbox 2114 945 3695 1027; baseline 0.009 -31"><span class='ocrx_word' id='word_1_165' title='bbox 2114 945 2391 1012; x_wconf 85' lang='grc' dir='ltr'>γεγονέναι</span> <span class='ocrx_word' id='word_1_166' title='bbox 2425 948 2654 1002; x_wconf 77' lang='grc' dir='ltr'><strong>θέλουσι.</strong></span> <span class='ocrx_word' id='word_1_167' title='bbox 2691 951 2763 1003; x_wconf 87' lang='grc' dir='ltr'>Τὸ</span> <span class='ocrx_word' id='word_1_168' title='bbox 2794 952 2849 1004; x_wconf 80' lang='grc' dir='ltr'><strong>δὲ</strong></span> <span class='ocrx_word' id='word_1_169' title='bbox 2883 953 3252 1023; x_wconf 77' lang='grc' dir='ltr'>πνευματικὸν</span> <span class='ocrx_word' id='word_1_170' title='bbox 3278 956 3337 1006; x_wconf 84' lang='grc' dir='ltr'>ὲν</span> <span class='ocrx_word' id='word_1_171' title='bbox 3390 956 3469 1027; x_wconf 88' lang='grc' dir='ltr'>τῷ</span> <span class='ocrx_word' id='word_1_172' title='bbox 3499 958 3695 1012; x_wconf 80' lang='grc' dir='ltr'>εἰπεῖν·</span> 
     </span>
    </p>
   </div>
   <div class='ocr_carea' id='block_1_25' title="bbox 2117 1038 3691 1117">
    <p class='ocr_par' dir='ltr' id='par_1_25' title="bbox 2117 1038 3691 1117">
     <span class='ocr_line' id='line_1_25' title="bbox 2117 1038 3691 1117; baseline 0.01 -29"><span class='ocrx_word' id='word_1_173' title='bbox 2117 1038 2292 1105; x_wconf 61' lang='grc' dir='ltr'><strong>Ἄφες</strong></span> <span class='ocrx_word' id='word_1_174' title='bbox 2321 1040 2461 1105; x_wconf 71' lang='grc' dir='ltr'>τοὺς</span> <span class='ocrx_word' id='word_1_175' title='bbox 2488 1042 2741 1109; x_wconf 75' lang='grc' dir='ltr'>νεκροὺς</span> <span class='ocrx_word' id='word_1_176' title='bbox 2773 1045 2959 1112; x_wconf 71' lang='grc' dir='ltr'>θάψαι</span> <span class='ocrx_word' id='word_1_177' title='bbox 3000 1046 3141 1112; x_wconf 78' lang='grc' dir='ltr'>τοὺς</span> <span class='ocrx_word' id='word_1_178' title='bbox 3164 1045 3393 1099; x_wconf 80' lang='grc' dir='ltr'><strong>ἑαυτῶν</strong></span> <span class='ocrx_word' id='word_1_179' title='bbox 3420 1052 3691 1117; x_wconf 58' lang='grc' dir='ltr'>νεκρούς</span> 
     </span>
    </p>
   </div>
   <div class='ocr_carea' id='block_1_26' title="bbox 2109 1126 3691 1203">
    <p class='ocr_par' dir='ltr' id='par_1_26' title="bbox 2109 1126 3691 1203">
     <span class='ocr_line' id='line_1_26' title="bbox 2109 1126 3691 1203; baseline 0.006 -21"><span class='ocrx_word' id='word_1_180' title='bbox 2109 1126 2190 1183; x_wconf 83' lang='grc' dir='ltr'>σὺ</span> <span class='ocrx_word' id='word_1_181' title='bbox 2204 1131 2271 1182; x_wconf 79' lang='grc' dir='ltr'><em>δὲ</em></span> <span class='ocrx_word' id='word_1_182' title='bbox 2286 1132 2595 1200; x_wconf 79' lang='grc' dir='ltr'>πορευθεὶς</span> <span class='ocrx_word' id='word_1_183' title='bbox 2609 1131 2921 1203; x_wconf 65' lang='grc' dir='ltr'>διάγγελλε</span> <span class='ocrx_word' id='word_1_184' title='bbox 2938 1134 3385 1202; x_wconf 77' lang='grc' dir='ltr'>τὴνβασιλείαν</span> <span class='ocrx_word' id='word_1_185' title='bbox 3396 1138 3503 1191; x_wconf 86' lang='grc' dir='ltr'><strong>τοῦ</strong></span> <span class='ocrx_word' id='word_1_186' title='bbox 3522 1140 3691 1192; x_wconf 76' lang='grc' dir='ltr'>Θεοῦ·</span> 
     </span>
    </p>
   </div>
   <div class='ocr_carea' id='block_1_27' title="bbox 2109 1222 3690 1296">
    <p class='ocr_par' dir='ltr' id='par_1_27' title="bbox 2109 1222 3690 1296">
     <span class='ocr_line' id='line_1_27' title="bbox 2109 1222 3690 1296; baseline 0.005 -20"><span class='ocrx_word' id='word_1_187' title='bbox 2109 1222 2201 1277; x_wconf 72' lang='grc' dir='ltr'>καὶ</span> <span class='ocrx_word' id='word_1_188' title='bbox 2220 1224 2313 1275; x_wconf 69' lang='grc' dir='ltr'><strong>ἐπὶ</strong></span> <span class='ocrx_word' id='word_1_189' title='bbox 2343 1225 2610 1294; x_wconf 86' lang='grc' dir='ltr'>Ζακχαίου</span> <span class='ocrx_word' id='word_1_190' title='bbox 2632 1225 2723 1278; x_wconf 86' lang='grc' dir='ltr'><strong>τοῦ</strong></span> <span class='ocrx_word' id='word_1_191' title='bbox 2741 1225 2970 1279; x_wconf 84' lang='grc' dir='ltr'><strong>τελώνου</strong></span> <span class='ocrx_word' id='word_1_192' title='bbox 2992 1226 3183 1280; x_wconf 78' lang='grc' dir='ltr'>εἰπών’</span> <span class='ocrx_word' id='word_1_193' title='bbox 3210 1230 3491 1296; x_wconf 82' lang='grc' dir='ltr'><strong>Σπεύσας</strong></span> <span class='ocrx_word' id='word_1_194' title='bbox 3510 1232 3690 1284; x_wconf 83' lang='grc' dir='ltr'>κατά-</span> 
     </span>
    </p>
   </div>
   <div class='ocr_carea' id='block_1_28' title="bbox 2106 1317 3691 1391">
    <p class='ocr_par' dir='ltr' id='par_1_28' title="bbox 2106 1317 3691 1391">
     <span class='ocr_line' id='line_1_28' title="bbox 2106 1317 3691 1391; baseline 0.005 -20"><span class='ocrx_word' id='word_1_195' title='bbox 2106 1320 2258 1386; x_wconf 72' lang='grc' dir='ltr'>ϐηθι,</span> <span class='ocrx_word' id='word_1_196' title='bbox 2280 1317 2368 1371; x_wconf 84' lang='grc' dir='ltr'>ὅτι</span> <span class='ocrx_word' id='word_1_197' title='bbox 2383 1318 2646 1387; x_wconf 78' lang='grc' dir='ltr'><strong>σήμερον</strong></span> <span class='ocrx_word' id='word_1_198' title='bbox 2659 1320 2729 1372; x_wconf 76' lang='grc' dir='ltr'><em>ἐν</em></span> <span class='ocrx_word' id='word_1_199' title='bbox 2744 1319 2821 1385; x_wconf 85' lang='grc' dir='ltr'>τῷ</span> <span class='ocrx_word' id='word_1_200' title='bbox 2837 1321 2981 1385; x_wconf 78' lang='grc' dir='ltr'>οἴκῳ</span> <span class='ocrx_word' id='word_1_201' title='bbox 2998 1334 3113 1373; x_wconf 80' lang='grc' dir='ltr'><strong>σου</strong></span> <span class='ocrx_word' id='word_1_202' title='bbox 3131 1319 3227 1373; x_wconf 82' lang='grc' dir='ltr'>δεῖ</span> <span class='ocrx_word' id='word_1_203' title='bbox 3230 1340 3307 1389; x_wconf 79' lang='grc' dir='ltr'><strong>με</strong></span> <span class='ocrx_word' id='word_1_204' title='bbox 3326 1322 3545 1391; x_wconf 73' lang='grc' dir='ltr'>μεῖναι.</span> <span class='ocrx_word' id='word_1_205' title='bbox 3566 1326 3691 1379; x_wconf 64' lang='grc' dir='ltr'><strong>Ἰόιὶ⁴</strong></span> 
     </span>
    </p>
   </div>
   <div class='ocr_carea' id='block_1_29' title="bbox 2102 1402 3687 1483">
    <p class='ocr_par' dir='ltr' id='par_1_29' title="bbox 2102 1402 3687 1483">
     <span class='ocr_line' id='line_1_29' title="bbox 2102 1402 3687 1483; baseline 0.006 -22"><span class='ocrx_word' id='word_1_206' title='bbox 2102 1426 2226 1473; x_wconf 87' lang='grc' dir='ltr'>τους</span> <span class='ocrx_word' id='word_1_207' title='bbox 2240 1402 2348 1481; x_wconf 83' lang='grc' dir='ltr'><strong>γὰρ</strong></span> <span class='ocrx_word' id='word_1_208' title='bbox 2362 1411 2728 1481; x_wconf 83' lang='grc' dir='ltr'>πνευματικοῦ</span> <span class='ocrx_word' id='word_1_209' title='bbox 2742 1412 2929 1480; x_wconf 82' lang='grc' dir='ltr'>γένους</span> <span class='ocrx_word' id='word_1_210' title='bbox 2944 1412 3309 1481; x_wconf 86' lang='grc' dir='ltr'>καταγγέλλου</span> <span class='ocrx_word' id='word_1_211' title='bbox 3317 1430 3368 1467; x_wconf 91' lang='grc' dir='ltr'><strong>σι</strong></span> <span class='ocrx_word' id='word_1_212' title='bbox 3384 1416 3687 1483; x_wconf 83' lang='grc' dir='ltr'>γεγονέναι.</span> 
     </span>
    </p>
   </div>
   <div class='ocr_carea' id='block_1_30' title="bbox 2104 1500 3687 1575">
    <p class='ocr_par' dir='ltr' id='par_1_30' title="bbox 2104 1500 3687 1575">
     <span class='ocr_line' id='line_1_30' title="bbox 2104 1500 3687 1575; baseline 0.003 -21"><span class='ocrx_word' id='word_1_213' title='bbox 2104 1502 2211 1555; x_wconf 70' lang='grc' dir='ltr'><strong>Καὶ</strong></span> <span class='ocrx_word' id='word_1_214' title='bbox 2225 1502 2319 1573; x_wconf 82' lang='grc' dir='ltr'>τὴν</span> <span class='ocrx_word' id='word_1_215' title='bbox 2334 1504 2430 1573; x_wconf 82' lang='grc' dir='ltr'>τῆς</span> <span class='ocrx_word' id='word_1_216' title='bbox 2446 1502 2508 1568; x_wconf 73' lang='grc' dir='ltr'><strong>ξύ</strong></span> <span class='ocrx_word' id='word_1_217' title='bbox 2517 1521 2623 1574; x_wconf 83' lang='grc' dir='ltr'><strong>μης</strong></span> <span class='ocrx_word' id='word_1_218' title='bbox 2640 1503 2970 1574; x_wconf 77' lang='grc' dir='ltr'>παραϐολὴν,</span> <span class='ocrx_word' id='word_1_219' title='bbox 2983 1503 3048 1574; x_wconf 79' lang='grc' dir='ltr'>ἣν</span> <span class='ocrx_word' id='word_1_220' title='bbox 3070 1500 3101 1575; x_wconf 76' lang='grc' dir='ltr'><strong>ἡ</strong></span> <span class='ocrx_word' id='word_1_221' title='bbox 3122 1502 3259 1573; x_wconf 80' lang='grc' dir='ltr'>γυνὴ</span> <span class='ocrx_word' id='word_1_222' title='bbox 3288 1504 3687 1575; x_wconf 80' lang='grc' dir='ltr'>ἑγκεκρυφέναι</span> 
     </span>
    </p>
   </div>
   <div class='ocr_carea' id='block_1_31' title="bbox 2100 1592 3683 1666">
    <p class='ocr_par' dir='ltr' id='par_1_31' title="bbox 2100 1592 3683 1666">
     <span class='ocr_line' id='line_1_31' title="bbox 2100 1592 3683 1666; baseline 0.003 -22"><span class='ocrx_word' id='word_1_223' title='bbox 2100 1592 2312 1661; x_wconf 84' lang='grc' dir='ltr'>λέγεται</span> <span class='ocrx_word' id='word_1_224' title='bbox 2331 1595 2409 1657; x_wconf 87' lang='grc' dir='ltr'><strong>εἰς</strong></span> <span class='ocrx_word' id='word_1_225' title='bbox 2428 1594 2657 1665; x_wconf 77' lang='grc' dir='ltr'>ἀλεύρου</span> <span class='ocrx_word' id='word_1_226' title='bbox 2678 1596 2814 1647; x_wconf 85' lang='grc' dir='ltr'><strong>σάτα</strong></span> <span class='ocrx_word' id='word_1_227' title='bbox 2831 1593 3055 1664; x_wconf 84' lang='grc' dir='ltr'>τρία,τὰ</span> <span class='ocrx_word' id='word_1_228' title='bbox 3089 1594 3216 1664; x_wconf 82' lang='grc' dir='ltr'>τρία</span> <span class='ocrx_word' id='word_1_229' title='bbox 3242 1594 3369 1665; x_wconf 90' lang='grc' dir='ltr'>γένη</span> <span class='ocrx_word' id='word_1_230' title='bbox 3386 1594 3580 1666; x_wconf 80' lang='grc' dir='ltr'>δηλοῦν</span> <span class='ocrx_word' id='word_1_231' title='bbox 3597 1596 3683 1649; x_wconf 87' lang='grc' dir='ltr'>λέ-</span> 
     </span>
    </p>
   </div>
   <div class='ocr_carea' id='block_1_32' title="bbox 2097 1683 3683 1755">
    <p class='ocr_par' dir='ltr' id='par_1_32' title="bbox 2097 1683 3683 1755">
     <span class='ocr_line' id='line_1_32' title="bbox 2097 1683 3683 1755; baseline 0.002 -20"><span class='ocrx_word' id='word_1_232' title='bbox 2097 1698 2270 1751; x_wconf 91' lang='grc' dir='ltr'>γουσι.</span> <span class='ocrx_word' id='word_1_233' title='bbox 2291 1684 2524 1737; x_wconf 80' lang='grc' dir='ltr'>Γυναῖκα</span> <span class='ocrx_word' id='word_1_234' title='bbox 2548 1684 2644 1753; x_wconf 79' lang='grc' dir='ltr'>μὲν</span> <span class='ocrx_word' id='word_1_235' title='bbox 2661 1683 2767 1755; x_wconf 84' lang='grc' dir='ltr'><strong>γὰρ</strong></span> <span class='ocrx_word' id='word_1_236' title='bbox 2800 1684 2897 1755; x_wconf 81' lang='grc' dir='ltr'>τὴν</span> <span class='ocrx_word' id='word_1_237' title='bbox 2930 1684 3126 1752; x_wconf 76' lang='grc' dir='ltr'>Σοφίαν</span> <span class='ocrx_word' id='word_1_238' title='bbox 3142 1683 3683 1751; x_wconf 78' lang='grc' dir='ltr'>λέγεσθαιδιδάσκου-</span> 
     </span>
    </p>
   </div>
   <div class='ocr_carea' id='block_1_33' title="bbox 2099 1774 3683 1847">
    <p class='ocr_par' dir='ltr' id='par_1_33' title="bbox 2099 1774 3683 1847">
     <span class='ocr_line' id='line_1_33' title="bbox 2099 1774 3683 1847; baseline 0.001 -20"><span class='ocrx_word' id='word_1_239' title='bbox 2099 1790 2199 1828; x_wconf 76' lang='grc' dir='ltr'>σιν·</span> <span class='ocrx_word' id='word_1_240' title='bbox 2219 1774 2446 1845; x_wconf 83' lang='grc' dir='ltr'>ἀλεύρου</span> <span class='ocrx_word' id='word_1_241' title='bbox 2466 1774 2601 1827; x_wconf 83' lang='grc' dir='ltr'>σάτα</span> <span class='ocrx_word' id='word_1_242' title='bbox 2614 1774 2689 1844; x_wconf 89' lang='grc'><strong>(8)</strong></span> <span class='ocrx_word' id='word_1_243' title='bbox 2702 1775 2905 1847; x_wconf 78' lang='grc' dir='ltr'>τὰτρία</span> <span class='ocrx_word' id='word_1_244' title='bbox 2916 1774 3042 1846; x_wconf 76' lang='grc' dir='ltr'>γένη</span> <span class='ocrx_word' id='word_1_245' title='bbox 3061 1775 3167 1827; x_wconf 84' lang='grc' dir='ltr'><strong>τῶν</strong></span> <span class='ocrx_word' id='word_1_246' title='bbox 3180 1775 3275 1828; x_wconf 82' lang='grc' dir='ltr'><strong>ἀνο</strong></span> <span class='ocrx_word' id='word_1_247' title='bbox 3284 1774 3502 1845; x_wconf 81' lang='grc' dir='ltr'>ρώπων,</span> <span class='ocrx_word' id='word_1_248' title='bbox 3520 1794 3683 1829; x_wconf 77' lang='grc' dir='ltr'>πνευ-</span> 
     </span>
    </p>
   </div>
   <div class='ocr_carea' id='block_1_34' title="bbox 420 1835 1971 1939">
    <p class='ocr_par' dir='ltr' id='par_1_34' title="bbox 420 1855 1966 1928">
     <span class='ocr_line' id='line_1_34' title="bbox 420 1855 1966 1928; baseline -0.002 -15"><span class='ocrx_word' id='word_1_249' title='bbox 420 1864 662 1928; x_wconf 72' lang='lat' dir='ltr'><strong>rliuicos,</strong></span> <span class='ocrx_word' id='word_1_250' title='bbox 695 1860 980 1925; x_wconf 83' lang='lat' dir='ltr'><strong>animales,</strong></span> <span class='ocrx_word' id='word_1_251' title='bbox 1011 1859 1307 1928; x_wconf 83' lang='lat' dir='ltr'><strong>spiritales.</strong></span> <span class='ocrx_word' id='word_1_252' title='bbox 1358 1858 1501 1911; x_wconf 80' lang='lat' dir='ltr'><strong>Alibi</strong></span> <span class='ocrx_word' id='word_1_253' title='bbox 1536 1856 1757 1924; x_wconf 85' lang='lat' dir='ltr'><strong>quidem</strong></span> <span class='ocrx_word' id='word_1_254' title='bbox 1791 1875 1804 1910; x_wconf 94' lang='lat'>:</span> <span class='ocrx_word' id='word_1_255' title='bbox 1848 1855 1966 1921; x_wconf 82' lang='lat' dir='ltr'><strong>Qua</strong></span> 
     </span>
    </p>
   </div>
   <div class='ocr_carea' id='block_1_35' title="bbox 2085 1835 3681 1939">
    <p class='ocr_par' dir='ltr' id='par_1_35' title="bbox 2102 1835 3681 1939">
     <span class='ocr_line' id='line_1_35' title="bbox 2102 1835 3681 1939; baseline 0.004 -23"><span class='ocrx_word' id='word_1_256' title='bbox 2102 1835 2631 1935; x_wconf 40' lang='lat' dir='ltr'><strong>partitam-duxtxbv,‘</strong></span> <span class='ocrx_word' id='word_1_257' title='bbox 2648 1835 2851 1935; x_wconf 44' lang='lat' dir='ltr'><strong>x&#39;o&#39;ixév&#39;</strong></span> <span class='ocrx_word' id='word_1_258' title='bbox 2870 1835 3045 1937; x_wconf 70' lang='grc' dir='ltr'>ζύμην</span> <span class='ocrx_word' id='word_1_259' title='bbox 3060 1867 3116 1918; x_wconf 83' lang='grc' dir='ltr'><strong>δὲ</strong></span> <span class='ocrx_word' id='word_1_260' title='bbox 3142 1835 3301 1919; x_wconf 75' lang='grc' dir='ltr'>αὑτὸν</span> <span class='ocrx_word' id='word_1_261' title='bbox 3326 1864 3416 1918; x_wconf 79' lang='grc' dir='ltr'>τὸν</span> <span class='ocrx_word' id='word_1_262' title='bbox 3447 1835 3681 1939; x_wconf 70' lang='grc' dir='ltr'>Σιυτῆρα</span> 
     </span>
    </p>
   </div>
   <div class='ocr_carea' id='block_1_36' title="bbox 418 1948 1987 2019">
    <p class='ocr_par' dir='ltr' id='par_1_36' title="bbox 418 1948 1987 2019">
     <span class='ocr_line' id='line_1_36' title="bbox 418 1948 1987 2019; baseline -0.002 -14"><span class='ocrx_word' id='word_1_263' title='bbox 418 1956 485 2009; x_wconf 80' lang='lat' dir='ltr'><strong>lis</strong></span> <span class='ocrx_word' id='word_1_264' title='bbox 509 1954 742 2019; x_wconf 78' lang='lat' dir='ltr'><strong>choicus,</strong></span> <span class='ocrx_word' id='word_1_265' title='bbox 776 1952 904 2007; x_wconf 77' lang='lat' dir='ltr'><strong>tales</strong></span> <span class='ocrx_word' id='word_1_266' title='bbox 930 1963 975 2006; x_wconf 88' lang='lat' dir='ltr'><strong>et</strong></span> <span class='ocrx_word' id='word_1_267' title='bbox 1003 1952 1169 2006; x_wconf 80' lang='lat' dir='ltr'><strong>cltoici</strong></span> <span class='ocrx_word' id='word_1_268' title='bbox 1190 1952 1257 2003; x_wconf 67' lang='grc' dir='ltr'>εί.</span> <span class='ocrx_word' id='word_1_269' title='bbox 1294 1950 1437 2003; x_wconf 85' lang='lat' dir='ltr'><strong>Alibi</strong></span> <span class='ocrx_word' id='word_1_270' title='bbox 1464 1959 1647 2002; x_wconf 86' lang='lat' dir='ltr'><strong>autem</strong></span> <span class='ocrx_word' id='word_1_271' title='bbox 1681 1965 1695 2001; x_wconf 90' lang='lat'><strong>:</strong></span> <span class='ocrx_word' id='word_1_272' title='bbox 1724 1948 1987 2002; x_wconf 65' lang='lat' dir='ltr'><strong>Animalia</strong></span> 
     </span>
    </p>
   </div>
   <div class='ocr_carea' id='block_1_37' title="bbox 415 2040 1989 2115">
    <p class='ocr_par' dir='ltr' id='par_1_37' title="bbox 415 2040 1989 2115">
     <span class='ocr_line' id='line_1_37' title="bbox 415 2040 1989 2115; baseline -0.006 -12"><span class='ocrx_word' id='word_1_273' title='bbox 415 2051 570 2103; x_wconf 76' lang='lat' dir='ltr'><strong>homo</strong></span> <span class='ocrx_word' id='word_1_274' title='bbox 596 2063 696 2099; x_wconf 83' lang='lat' dir='ltr'><strong>non</strong></span> <span class='ocrx_word' id='word_1_275' title='bbox 728 2046 945 2113; x_wconf 76' lang='lat' dir='ltr'><strong>percipit</strong></span> <span class='ocrx_word' id='word_1_276' title='bbox 974 2060 1091 2115; x_wconf 79' lang='lat' dir='ltr'><strong>qua:</strong></span> <span class='ocrx_word' id='word_1_277' title='bbox 1121 2053 1243 2097; x_wconf 83' lang='lat' dir='ltr'><strong>sunt</strong></span> <span class='ocrx_word' id='word_1_278' title='bbox 1268 2044 1483 2111; x_wconf 78' lang='lat' dir='ltr'><strong>spiritus</strong></span> <span class='ocrx_word' id='word_1_279' title='bbox 1509 2043 1576 2094; x_wconf 81' lang='lat'><strong>&quot;.</strong></span> <span class='ocrx_word' id='word_1_280' title='bbox 1596 2040 1737 2095; x_wconf 84' lang='lat' dir='ltr'><strong>Alibi</strong></span> <span class='ocrx_word' id='word_1_281' title='bbox 1764 2052 1946 2094; x_wconf 81' lang='lat' dir='ltr'><strong>autem</strong></span> <span class='ocrx_word' id='word_1_282' title='bbox 1973 2057 1989 2094; x_wconf 90' lang='lat'><strong>:</strong></span> 
     </span>
    </p>
   </div>
   <div class='ocr_carea' id='block_1_38' title="bbox 414 2130 1991 2206">
    <p class='ocr_par' dir='ltr' id='par_1_38' title="bbox 414 2130 1991 2206">
     <span class='ocr_line' id='line_1_38' title="bbox 414 2130 1991 2206; baseline -0.007 -12"><span class='ocrx_word' id='word_1_283' title='bbox 414 2138 687 2206; x_wconf 81' lang='lat' dir='ltr'><strong>Spiritalis</strong></span> <span class='ocrx_word' id='word_1_284' title='bbox 718 2138 986 2191; x_wconf 76' lang='lat' dir='ltr'><strong>exaruinat</strong></span> <span class='ocrx_word' id='word_1_285' title='bbox 1010 2134 1267 2189; x_wconf 75' lang='lat' dir='ltr'><strong>onmia”.</strong></span> <span class='ocrx_word' id='word_1_286' title='bbox 1289 2133 1550 2186; x_wconf 81' lang='lat' dir='ltr'><strong>Animalis</strong></span> <span class='ocrx_word' id='word_1_287' title='bbox 1577 2143 1751 2184; x_wconf 81' lang='lat' dir='ltr'><strong>autem</strong></span> <span class='ocrx_word' id='word_1_288' title='bbox 1780 2130 1859 2201; x_wconf 83' lang='grc'><strong>(5)</strong></span> <span class='ocrx_word' id='word_1_289' title='bbox 1887 2147 1991 2184; x_wconf 83' lang='lat' dir='ltr'><strong>non</strong></span> 
     </span>
    </p>
   </div>
   <div class='ocr_carea' id='block_1_39' title="bbox 414 2216 1985 2297">
    <p class='ocr_par' dir='ltr' id='par_1_39' title="bbox 414 2216 1985 2297">
     <span class='ocr_line' id='line_1_39' title="bbox 414 2216 1985 2297; baseline -0.004 -16"><span class='ocrx_word' id='word_1_290' title='bbox 414 2216 633 2296; x_wconf 73' lang='lat' dir='ltr'><strong>percipit</strong></span> <span class='ocrx_word' id='word_1_291' title='bbox 664 2242 781 2297; x_wconf 73' lang='lat' dir='ltr'><strong>qua:</strong></span> <span class='ocrx_word' id='word_1_292' title='bbox 808 2237 928 2280; x_wconf 79' lang='lat' dir='ltr'><strong>sunt</strong></span> <span class='ocrx_word' id='word_1_293' title='bbox 956 2225 1197 2295; x_wconf 75' lang='lat' dir='ltr'><strong>spiritus,</strong></span> <span class='ocrx_word' id='word_1_294' title='bbox 1237 2224 1303 2277; x_wconf 88' lang='lat' dir='ltr'><strong>de</strong></span> <span class='ocrx_word' id='word_1_295' title='bbox 1337 2223 1628 2289; x_wconf 79' lang='lat' dir='ltr'><strong>Demiurgo</strong></span> <span class='ocrx_word' id='word_1_296' title='bbox 1656 2222 1862 2276; x_wconf 85' lang='lat' dir='ltr'><strong>dictqu</strong></span> <span class='ocrx_word' id='word_1_297' title='bbox 1899 2220 1948 2274; x_wconf 90' lang='lat' dir='ltr'><strong>di</strong></span> <span class='ocrx_word' id='word_1_298' title='bbox 1968 2254 1985 2266; x_wconf 73' lang='grc' dir='ltr'><strong><em>ο</em></strong></span> 
     </span>
    </p>
   </div>
   <div class='ocr_carea' id='block_1_40' title="bbox 413 2313 1990 2388">
    <p class='ocr_par' dir='ltr' id='par_1_40' title="bbox 413 2313 1990 2388">
     <span class='ocr_line' id='line_1_40' title="bbox 413 2313 1990 2388; baseline -0.006 -15"><span class='ocrx_word' id='word_1_299' title='bbox 413 2331 565 2384; x_wconf 89' lang='lat' dir='ltr'><strong>eunt,</strong></span> <span class='ocrx_word' id='word_1_300' title='bbox 593 2321 682 2387; x_wconf 91' lang='lat' dir='ltr'><strong>qui</strong></span> <span class='ocrx_word' id='word_1_301' title='bbox 716 2334 839 2373; x_wconf 87' lang='lat' dir='ltr'><strong>cum</strong></span> <span class='ocrx_word' id='word_1_302' title='bbox 870 2320 1162 2388; x_wconf 79' lang='lat' dir='ltr'><strong>psycltieus</strong></span> <span class='ocrx_word' id='word_1_303' title='bbox 1220 2316 1327 2379; x_wconf 85' lang='lat' dir='ltr'><strong>sit,</strong></span> <span class='ocrx_word' id='word_1_304' title='bbox 1368 2332 1475 2368; x_wconf 90' lang='lat' dir='ltr'><strong>non</strong></span> <span class='ocrx_word' id='word_1_305' title='bbox 1524 2313 1850 2382; x_wconf 82' lang='lat' dir='ltr'><strong>cognoverit</strong></span> <span class='ocrx_word' id='word_1_306' title='bbox 1894 2327 1990 2366; x_wconf 82' lang='lat' dir='ltr'><strong>ne-</strong></span> 
     </span>
    </p>
   </div>
   <div class='ocr_carea' id='block_1_41' title="bbox 411 2410 1980 2482">
    <p class='ocr_par' dir='ltr' id='par_1_41' title="bbox 411 2410 1980 2482">
     <span class='ocr_line' id='line_1_41' title="bbox 411 2410 1980 2482; baseline -0.003 -19"><span class='ocrx_word' id='word_1_307' title='bbox 411 2429 516 2482; x_wconf 85' lang='lat' dir='ltr'><strong>que</strong></span> <span class='ocrx_word' id='word_1_308' title='bbox 549 2423 773 2468; x_wconf 82' lang='lat' dir='ltr'><strong>matrem</strong></span> <span class='ocrx_word' id='word_1_309' title='bbox 810 2410 1112 2479; x_wconf 85' lang='lat' dir='ltr'><strong>spiritalem</strong></span> <span class='ocrx_word' id='word_1_310' title='bbox 1162 2410 1540 2474; x_wconf 74' lang='lat' dir='ltr'><strong>exsistcntem,</strong></span> <span class='ocrx_word' id='word_1_311' title='bbox 1586 2421 1761 2476; x_wconf 88' lang='lat' dir='ltr'><strong>neque</strong></span> <span class='ocrx_word' id='word_1_312' title='bbox 1795 2421 1980 2459; x_wconf 90' lang='lat' dir='ltr'><strong>semen</strong></span> 
     </span>
    </p>
   </div>
   <div class='ocr_carea' id='block_1_42' title="bbox 412 2496 1976 2574">
    <p class='ocr_par' dir='ltr' id='par_1_42' title="bbox 412 2496 1976 2574">
     <span class='ocr_line' id='line_1_42' title="bbox 412 2496 1976 2574; baseline -0.005 -16"><span class='ocrx_word' id='word_1_313' title='bbox 412 2505 549 2574; x_wconf 76' lang='lat' dir='ltr'><strong>ejus,</strong></span> <span class='ocrx_word' id='word_1_314' title='bbox 589 2519 761 2574; x_wconf 83' lang='lat' dir='ltr'><strong>neque</strong></span> <span class='ocrx_word' id='word_1_315' title='bbox 785 2518 901 2567; x_wconf 86' lang='lat' dir='ltr'><strong>eos,</strong></span> <span class='ocrx_word' id='word_1_316' title='bbox 940 2502 1030 2570; x_wconf 86' lang='lat' dir='ltr'><strong>qui</strong></span> <span class='ocrx_word' id='word_1_317' title='bbox 1086 2511 1211 2556; x_wconf 90' lang='lat' dir='ltr'><strong>sunt</strong></span> <span class='ocrx_word' id='word_1_318' title='bbox 1256 2503 1307 2555; x_wconf 93' lang='lat' dir='ltr'><strong>in</strong></span> <span class='ocrx_word' id='word_1_319' title='bbox 1357 2499 1684 2560; x_wconf 75' lang='lat' dir='ltr'><strong>l&#39;leromate,</strong></span> <span class='ocrx_word' id='word_1_320' title='bbox 1742 2496 1976 2552; x_wconf 63' lang='lat' dir='ltr'><strong>Eoncs.</strong></span> 
     </span>
    </p>
   </div>
   <div class='ocr_carea' id='block_1_43' title="bbox 410 2592 1981 2666">
    <p class='ocr_par' dir='ltr' id='par_1_43' title="bbox 410 2592 1981 2666">
     <span class='ocr_line' id='line_1_43' title="bbox 410 2592 1981 2666; baseline -0.005 -14"><span class='ocrx_word' id='word_1_321' title='bbox 410 2602 677 2666; x_wconf 73' lang='lat' dir='ltr'><strong>Quoniam</strong></span> <span class='ocrx_word' id='word_1_322' title='bbox 714 2608 895 2653; x_wconf 87' lang='lat' dir='ltr'><strong>autem</strong></span> <span class='ocrx_word' id='word_1_323' title='bbox 937 2612 1152 2659; x_wconf 89' lang='lat' dir='ltr'><strong>eorum,</strong></span> <span class='ocrx_word' id='word_1_324' title='bbox 1184 2611 1321 2663; x_wconf 92' lang='lat' dir='ltr'><strong>quos</strong></span> <span class='ocrx_word' id='word_1_325' title='bbox 1351 2594 1661 2651; x_wconf 82' lang='lat' dir='ltr'><strong>salvaturns</strong></span> <span class='ocrx_word' id='word_1_326' title='bbox 1703 2604 1824 2647; x_wconf 85' lang='lat' dir='ltr'><strong>crat</strong></span> <span class='ocrx_word' id='word_1_327' title='bbox 1858 2592 1981 2647; x_wconf 76' lang='lat' dir='ltr'><strong>Sal-</strong></span> 
     </span>
    </p>
   </div>
   <div class='ocr_carea' id='block_1_44' title="bbox 408 2685 1977 2760">
    <p class='ocr_par' dir='ltr' id='par_1_44' title="bbox 408 2685 1977 2760">
     <span class='ocr_line' id='line_1_44' title="bbox 408 2685 1977 2760; baseline -0.003 -18"><span class='ocrx_word' id='word_1_328' title='bbox 408 2704 585 2754; x_wconf 75' lang='lat' dir='ltr'><strong>vator,</strong></span> <span class='ocrx_word' id='word_1_329' title='bbox 618 2691 775 2744; x_wconf 86' lang='lat' dir='ltr'><strong>initia</strong></span> <span class='ocrx_word' id='word_1_330' title='bbox 803 2691 1014 2760; x_wconf 85' lang='lat' dir='ltr'><strong>accepit</strong></span> <span class='ocrx_word' id='word_1_331' title='bbox 1046 2688 1147 2758; x_wconf 87' lang='lat'><strong>(6),</strong></span> <span class='ocrx_word' id='word_1_332' title='bbox 1177 2687 1400 2741; x_wconf 85' lang='lat' dir='ltr'><strong>Paulum</strong></span> <span class='ocrx_word' id='word_1_333' title='bbox 1432 2687 1633 2740; x_wconf 82' lang='lat' dir='ltr'><strong>dixisse</strong></span> <span class='ocrx_word' id='word_1_334' title='bbox 1662 2703 1677 2740; x_wconf 86' lang='lat'><strong>:</strong></span> <span class='ocrx_word' id='word_1_335' title='bbox 1719 2685 1780 2738; x_wconf 75' lang='lat' dir='ltr'><strong>Et</strong></span> <span class='ocrx_word' id='word_1_336' title='bbox 1811 2687 1858 2737; x_wconf 77' lang='lat' dir='ltr'><strong>si</strong></span> <span class='ocrx_word' id='word_1_337' title='bbox 1884 2686 1977 2738; x_wconf 84' lang='lat' dir='ltr'><strong>de-</strong></span> 
     </span>
    </p>
   </div>
   <div class='ocr_carea' id='block_1_45' title="bbox 404 2776 1974 2867">
    <p class='ocr_par' dir='ltr' id='par_1_45' title="bbox 404 2776 1974 2867">
     <span class='ocr_line' id='line_1_45' title="bbox 404 2776 1974 2867; baseline -0.004 -32"><span class='ocrx_word' id='word_1_338' title='bbox 404 2784 587 2835; x_wconf 81' lang='lat' dir='ltr'><strong>libutio</strong></span> <span class='ocrx_word' id='word_1_339' title='bbox 638 2792 843 2844; x_wconf 72' lang='lat' dir='ltr'><strong>sancta,</strong></span> <span class='ocrx_word' id='word_1_340' title='bbox 871 2794 917 2834; x_wconf 84' lang='lat' dir='ltr'><strong>et</strong></span> <span class='ocrx_word' id='word_1_341' title='bbox 960 2798 1135 2835; x_wconf 68' lang='lat' dir='ltr'><strong>&quot;iussa</strong></span> <span class='ocrx_word' id='word_1_342' title='bbox 1164 2779 1229 2867; x_wconf 60' lang='grc' dir='ltr'><strong>ἠδ.</strong></span> <span class='ocrx_word' id='word_1_343' title='bbox 1282 2780 1679 2834; x_wconf 86' lang='lat' dir='ltr'><strong>Delibationcm</strong></span> <span class='ocrx_word' id='word_1_344' title='bbox 1732 2776 1974 2847; x_wconf 83' lang='lat' dir='ltr'><strong>quidem,</strong></span> 
     </span>
    </p>
   </div>
   <div class='ocr_carea' id='block_1_46' title="bbox 2096 1951 3677 2027">
    <p class='ocr_par' dir='ltr' id='par_1_46' title="bbox 2096 1951 3677 2027">
     <span class='ocr_line' id='line_1_46' title="bbox 2096 1951 3677 2027; baseline 0.002 -22"><span class='ocrx_word' id='word_1_345' title='bbox 2096 1951 2344 2024; x_wconf 77' lang='grc' dir='ltr'>εἰρῆσθαι</span> <span class='ocrx_word' id='word_1_346' title='bbox 2376 1953 2702 2007; x_wconf 84' lang='grc' dir='ltr'>διδάσκουσι.</span> <span class='ocrx_word' id='word_1_347' title='bbox 2727 1954 2835 2005; x_wconf 73' lang='grc' dir='ltr'><strong>Καὶ</strong></span> <span class='ocrx_word' id='word_1_348' title='bbox 2855 1954 2944 2006; x_wconf 82' lang='grc' dir='ltr'>τὸν</span> <span class='ocrx_word' id='word_1_349' title='bbox 2972 1953 3180 2008; x_wconf 80' lang='grc' dir='ltr'>Παῦλον</span> <span class='ocrx_word' id='word_1_350' title='bbox 3203 1953 3496 2024; x_wconf 69' lang='grc' dir='ltr'>διαρρήδην</span> <span class='ocrx_word' id='word_1_351' title='bbox 3526 1957 3677 2027; x_wconf 86' lang='grc' dir='ltr'>εἰρη-</span> 
     </span>
    </p>
   </div>
   <div class='ocr_carea' id='block_1_47' title="bbox 2088 2042 3675 2115">
    <p class='ocr_par' dir='ltr' id='par_1_47' title="bbox 2088 2042 3675 2115">
     <span class='ocr_line' id='line_1_47' title="bbox 2088 2042 3675 2115; baseline 0.003 -20"><span class='ocrx_word' id='word_1_352' title='bbox 2088 2043 2239 2096; x_wconf 90' lang='grc' dir='ltr'>κέναι</span> <span class='ocrx_word' id='word_1_353' title='bbox 2291 2043 2541 2112; x_wconf 78' lang='grc' dir='ltr'>χοῖκοὺς,</span> <span class='ocrx_word' id='word_1_354' title='bbox 2580 2043 2867 2113; x_wconf 71' lang='grc' dir='ltr'>ψυχικοὺς,</span> <span class='ocrx_word' id='word_1_355' title='bbox 2919 2042 3339 2113; x_wconf 72' lang='grc' dir='ltr'>πνευματικούςο</span> <span class='ocrx_word' id='word_1_356' title='bbox 3374 2043 3511 2096; x_wconf 79' lang='grc' dir='ltr'>ὅπου</span> <span class='ocrx_word' id='word_1_357' title='bbox 3557 2046 3675 2115; x_wconf 82' lang='grc' dir='ltr'>μὲν.</span> 
     </span>
    </p>
   </div>
   <div class='ocr_carea' id='block_1_48' title="bbox 2090 2132 3675 2205">
    <p class='ocr_par' dir='ltr' id='par_1_48' title="bbox 2090 2132 3675 2205">
     <span class='ocr_line' id='line_1_48' title="bbox 2090 2132 3675 2205; baseline 0.001 -18"><span class='ocrx_word' id='word_1_358' title='bbox 2090 2132 2225 2201; x_wconf 82' lang='grc' dir='ltr'><strong>Οῖος</strong></span> <span class='ocrx_word' id='word_1_359' title='bbox 2240 2138 2271 2187; x_wconf 85' lang='grc' dir='ltr'><em>ὀ</em></span> <span class='ocrx_word' id='word_1_360' title='bbox 2294 2134 2517 2203; x_wconf 72' lang='grc' dir='ltr'>χοϊκός,</span> <span class='ocrx_word' id='word_1_361' title='bbox 2536 2135 2789 2187; x_wconf 76' lang='grc' dir='ltr'>τοιοῦτοι</span> <span class='ocrx_word' id='word_1_362' title='bbox 2816 2135 2911 2188; x_wconf 78' lang='grc' dir='ltr'>καὶ</span> <span class='ocrx_word' id='word_1_363' title='bbox 2934 2138 2986 2187; x_wconf 79' lang='lat' dir='ltr'><strong>oi</strong></span> <span class='ocrx_word' id='word_1_364' title='bbox 3003 2135 3214 2203; x_wconf 77' lang='grc' dir='ltr'>χοϊκοί·</span> <span class='ocrx_word' id='word_1_365' title='bbox 3234 2135 3366 2187; x_wconf 82' lang='grc' dir='ltr'>ὅπου</span> <span class='ocrx_word' id='word_1_366' title='bbox 3383 2133 3461 2196; x_wconf 82' lang='grc' dir='ltr'><strong>δὲ,</strong></span> <span class='ocrx_word' id='word_1_367' title='bbox 3491 2138 3675 2205; x_wconf 81' lang='grc' dir='ltr'>Ψυχι-</span> 
     </span>
    </p>
   </div>
   <div class='ocr_carea' id='block_1_49' title="bbox 2085 2224 3667 2297">
    <p class='ocr_par' dir='ltr' id='par_1_49' title="bbox 2085 2224 3667 2297">
     <span class='ocr_line' id='line_1_49' title="bbox 2085 2224 3667 2297; baseline -0.001 -18"><span class='ocrx_word' id='word_1_368' title='bbox 2085 2225 2190 2291; x_wconf 69' lang='grc' dir='ltr'><strong>κὸς</strong></span> <span class='ocrx_word' id='word_1_369' title='bbox 2216 2224 2284 2277; x_wconf 83' lang='grc' dir='ltr'><strong>δὲ</strong></span> <span class='ocrx_word' id='word_1_370' title='bbox 2304 2225 2611 2293; x_wconf 74' lang='grc' dir='ltr'><strong>ἄνθρωπος</strong></span> <span class='ocrx_word' id='word_1_371' title='bbox 2636 2228 2708 2279; x_wconf 83' lang='grc' dir='ltr'>οὐ</span> <span class='ocrx_word' id='word_1_372' title='bbox 2742 2225 2973 2295; x_wconf 73' lang='grc' dir='ltr'>δέχεται</span> <span class='ocrx_word' id='word_1_373' title='bbox 2995 2226 3063 2280; x_wconf 87' lang='grc' dir='ltr'>τὰ</span> <span class='ocrx_word' id='word_1_374' title='bbox 3084 2226 3189 2279; x_wconf 84' lang='grc' dir='ltr'><strong>τοῦ</strong></span> <span class='ocrx_word' id='word_1_375' title='bbox 3208 2226 3553 2293; x_wconf 83' lang='grc' dir='ltr'>Πνεύματος</span> <span class='ocrx_word' id='word_1_376' title='bbox 3573 2228 3667 2297; x_wconf 89' lang='grc'><strong>(9).</strong></span> 
     </span>
    </p>
   </div>
   <div class='ocr_carea' id='block_1_50' title="bbox 2083 2316 3667 2387">
    <p class='ocr_par' dir='ltr' id='par_1_50' title="bbox 2083 2316 3667 2387">
     <span class='ocr_line' id='line_1_50' title="bbox 2083 2316 3667 2387; baseline 0.002 -17"><span class='ocrx_word' id='word_1_377' title='bbox 2083 2318 2216 2370; x_wconf 79' lang='grc' dir='ltr'>ὅπου</span> <span class='ocrx_word' id='word_1_378' title='bbox 2243 2316 2320 2381; x_wconf 77' lang='grc' dir='ltr'>δὲ,</span> <span class='ocrx_word' id='word_1_379' title='bbox 2340 2318 2747 2387; x_wconf 77' lang='grc' dir='ltr'>Πνευματικὸς</span> <span class='ocrx_word' id='word_1_380' title='bbox 2780 2319 3086 2385; x_wconf 77' lang='grc' dir='ltr'>ἀνακρίνει</span> <span class='ocrx_word' id='word_1_381' title='bbox 3108 2318 3324 2373; x_wconf 73' lang='grc' dir='ltr'>πάντα.</span> <span class='ocrx_word' id='word_1_382' title='bbox 3352 2322 3425 2374; x_wconf 85' lang='grc' dir='ltr'><strong>Τὸ</strong></span> <span class='ocrx_word' id='word_1_383' title='bbox 3444 2321 3526 2380; x_wconf 82' lang='grc' dir='ltr'><strong>δὲ.</strong></span> <span class='ocrx_word' id='word_1_384' title='bbox 3549 2324 3667 2373; x_wconf 80' lang='grc' dir='ltr'><strong>Ψυ-</strong></span> 
     </span>
    </p>
   </div>
   <div class='ocr_carea' id='block_1_51' title="bbox 2084 2409 3667 2483">
    <p class='ocr_par' dir='ltr' id='par_1_51' title="bbox 2084 2409 3667 2483">
     <span class='ocr_line' id='line_1_51' title="bbox 2084 2409 3667 2483; baseline 0.003 -22"><span class='ocrx_word' id='word_1_385' title='bbox 2084 2409 2255 2478; x_wconf 76' lang='grc' dir='ltr'>χικὸς</span> <span class='ocrx_word' id='word_1_386' title='bbox 2292 2412 2364 2463; x_wconf 81' lang='grc' dir='ltr'>οὐ</span> <span class='ocrx_word' id='word_1_387' title='bbox 2385 2409 2617 2479; x_wconf 82' lang='grc' dir='ltr'>δέχεται</span> <span class='ocrx_word' id='word_1_388' title='bbox 2662 2412 2732 2463; x_wconf 70' lang='grc' dir='ltr'>τὰ</span> <span class='ocrx_word' id='word_1_389' title='bbox 2758 2410 2862 2463; x_wconf 82' lang='grc' dir='ltr'><strong>τοῦ</strong></span> <span class='ocrx_word' id='word_1_390' title='bbox 2882 2412 3248 2480; x_wconf 83' lang='grc' dir='ltr'>Πνεύματος,</span> <span class='ocrx_word' id='word_1_391' title='bbox 3297 2412 3388 2464; x_wconf 76' lang='grc' dir='ltr'><strong>ἐπὶ</strong></span> <span class='ocrx_word' id='word_1_392' title='bbox 3433 2412 3533 2465; x_wconf 91' lang='grc' dir='ltr'><strong>τοῦ</strong></span> <span class='ocrx_word' id='word_1_393' title='bbox 3566 2414 3667 2483; x_wconf 81' lang='grc' dir='ltr'><strong>Δη-</strong></span> 
     </span>
    </p>
   </div>
   <div class='ocr_carea' id='block_1_52' title="bbox 2083 2500 3669 2575">
    <p class='ocr_par' dir='ltr' id='par_1_52' title="bbox 2083 2500 3669 2575">
     <span class='ocr_line' id='line_1_52' title="bbox 2083 2500 3669 2575; baseline 0.001 -21"><span class='ocrx_word' id='word_1_394' title='bbox 2083 2500 2343 2574; x_wconf 86' lang='grc' dir='ltr'>μιουργοῦ</span> <span class='ocrx_word' id='word_1_395' title='bbox 2367 2520 2529 2571; x_wconf 74' lang='grc' dir='ltr'>φασιν</span> <span class='ocrx_word' id='word_1_396' title='bbox 2562 2501 2833 2571; x_wconf 76' lang='grc' dir='ltr'>εἰρῆσθαι,</span> <span class='ocrx_word' id='word_1_397' title='bbox 2860 2502 2938 2565; x_wconf 81' lang='grc' dir='ltr'>ὂν,</span> <span class='ocrx_word' id='word_1_398' title='bbox 2968 2501 3195 2572; x_wconf 70' lang='grc' dir='ltr'>ψυχικὸν</span> <span class='ocrx_word' id='word_1_399' title='bbox 3220 2504 3371 2569; x_wconf 81' lang='grc' dir='ltr'>ὄντα,</span> <span class='ocrx_word' id='word_1_400' title='bbox 3410 2504 3485 2575; x_wconf 82' lang='grc' dir='ltr'>μὴ</span> <span class='ocrx_word' id='word_1_401' title='bbox 3509 2506 3669 2572; x_wconf 75' lang='grc' dir='ltr'>ἐγνω-</span> 
     </span>
    </p>
   </div>
   <div class='ocr_carea' id='block_1_53' title="bbox 2080 2592 3663 2665">
    <p class='ocr_par' dir='ltr' id='par_1_53' title="bbox 2080 2592 3663 2665">
     <span class='ocr_line' id='line_1_53' title="bbox 2080 2592 3663 2665; baseline 0.002 -20"><span class='ocrx_word' id='word_1_402' title='bbox 2080 2592 2231 2645; x_wconf 87' lang='grc' dir='ltr'>κέναι</span> <span class='ocrx_word' id='word_1_403' title='bbox 2263 2594 2396 2663; x_wconf 82' lang='grc' dir='ltr'>μήτε</span> <span class='ocrx_word' id='word_1_404' title='bbox 2429 2594 2528 2665; x_wconf 79' lang='grc' dir='ltr'>τὴν</span> <span class='ocrx_word' id='word_1_405' title='bbox 2570 2594 2783 2665; x_wconf 84' lang='grc' dir='ltr'>μητέρα</span> <span class='ocrx_word' id='word_1_406' title='bbox 2812 2594 3187 2664; x_wconf 77' lang='grc' dir='ltr'>πνευματικὴν</span> <span class='ocrx_word' id='word_1_407' title='bbox 3212 2594 3398 2659; x_wconf 78' lang='grc' dir='ltr'>οὖσαν,</span> <span class='ocrx_word' id='word_1_408' title='bbox 3434 2597 3575 2665; x_wconf 77' lang='grc' dir='ltr'>μήτε</span> <span class='ocrx_word' id='word_1_409' title='bbox 3603 2598 3663 2649; x_wconf 75' lang='grc' dir='ltr'><strong>τὸ</strong></span> 
     </span>
    </p>
   </div>
   <div class='ocr_carea' id='block_1_54' title="bbox 2079 2684 3657 2757">
    <p class='ocr_par' dir='ltr' id='par_1_54' title="bbox 2079 2684 3657 2757">
     <span class='ocr_line' id='line_1_54' title="bbox 2079 2684 3657 2757; baseline 0.003 -20"><span class='ocrx_word' id='word_1_410' title='bbox 2079 2684 2298 2755; x_wconf 79' lang='grc' dir='ltr'>σπέρμα</span> <span class='ocrx_word' id='word_1_411' title='bbox 2323 2685 2509 2755; x_wconf 75' lang='grc' dir='ltr'>αὐτῆς,</span> <span class='ocrx_word' id='word_1_412' title='bbox 2553 2687 2687 2755; x_wconf 74' lang='grc' dir='ltr'>μήτε</span> <span class='ocrx_word' id='word_1_413' title='bbox 2729 2687 2855 2750; x_wconf 78' lang='grc' dir='ltr'>τοὺς</span> <span class='ocrx_word' id='word_1_414' title='bbox 2877 2687 2934 2737; x_wconf 83' lang='grc' dir='ltr'>ἐν</span> <span class='ocrx_word' id='word_1_415' title='bbox 2963 2686 3039 2755; x_wconf 82' lang='grc' dir='ltr'>τῷ</span> <span class='ocrx_word' id='word_1_416' title='bbox 3070 2686 3394 2757; x_wconf 77' lang='grc' dir='ltr'>πληρώματι</span> <span class='ocrx_word' id='word_1_417' title='bbox 3424 2688 3657 2750; x_wconf 78' lang='grc' dir='ltr'>Αξῶνας.</span> 
     </span>
    </p>
   </div>
   <div class='ocr_carea' id='block_1_55' title="bbox 2080 2773 3661 2850">
    <p class='ocr_par' dir='ltr' id='par_1_55' title="bbox 2080 2773 3661 2850">
     <span class='ocr_line' id='line_1_55' title="bbox 2080 2773 3661 2850; baseline 0.003 -23"><span class='ocrx_word' id='word_1_418' title='bbox 2080 2776 2199 2828; x_wconf 83' lang='grc' dir='ltr'><strong>Ὅτι</strong></span> <span class='ocrx_word' id='word_1_419' title='bbox 2219 2773 2341 2830; x_wconf 76' lang='grc' dir='ltr'><strong>ἰδὼν</strong></span> <span class='ocrx_word' id='word_1_420' title='bbox 2361 2777 2469 2848; x_wconf 89' lang='lat' dir='ltr'><strong>(l0)</strong></span> <span class='ocrx_word' id='word_1_421' title='bbox 2481 2776 2677 2847; x_wconf 69' lang='grc' dir='ltr'>ἤμελλε</span> <span class='ocrx_word' id='word_1_422' title='bbox 2698 2777 2832 2843; x_wconf 72' lang='grc' dir='ltr'>σώζε</span> <span class='ocrx_word' id='word_1_423' title='bbox 2842 2794 2886 2830; x_wconf 85' lang='grc' dir='ltr'><strong>ιν</strong></span> <span class='ocrx_word' id='word_1_424' title='bbox 2898 2782 2923 2831; x_wconf 80' lang='grc' dir='ltr'>ὁ</span> <span class='ocrx_word' id='word_1_425' title='bbox 2938 2777 3146 2850; x_wconf 73' lang='grc' dir='ltr'>Σωτὴρ,</span> <span class='ocrx_word' id='word_1_426' title='bbox 3165 2782 3367 2833; x_wconf 79' lang='grc' dir='ltr'>τούτων</span> <span class='ocrx_word' id='word_1_427' title='bbox 3381 2779 3478 2842; x_wconf 77' lang='grc' dir='ltr'><strong>τὰς</strong></span> <span class='ocrx_word' id='word_1_428' title='bbox 3495 2782 3661 2850; x_wconf 82' lang='grc' dir='ltr'>ἀπαρ-</span> 
     </span>
    </p>
   </div>
   <div class='ocr_carea' id='block_1_56' title="bbox 1638 2977 2453 3037">
    <p class='ocr_par' dir='ltr' id='par_1_56' title="bbox 1638 2977 2453 3037">
     <span class='ocr_line' id='line_1_56' title="bbox 1638 2977 2453 3037; baseline 0.001 -2"><span class='ocrx_word' id='word_1_429' title='bbox 1638 2978 1836 3037; x_wconf 86' lang='lat' dir='ltr'><strong>BlLLlI</strong></span> <span class='ocrx_word' id='word_1_430' title='bbox 1875 2977 2453 3036; x_wconf 66' lang='lat' dir='ltr'><strong>INTERPRETATIO.</strong></span> 
     </span>
    </p>
   </div>
   <div class='ocr_carea' id='block_1_57' title="bbox 402 3121 3653 3191">
    <p class='ocr_par' dir='ltr' id='par_1_57' title="bbox 402 3121 3653 3191">
     <span class='ocr_line' id='line_1_57' title="bbox 402 3121 3653 3191; baseline -0 -13"><span class='ocrx_word' id='word_1_431' title='bbox 402 3125 595 3179; x_wconf 66' lang='lat' dir='ltr'><strong>mediae</strong></span> <span class='ocrx_word' id='word_1_432' title='bbox 624 3123 818 3178; x_wconf 79' lang='lat' dir='ltr'><strong>classis</strong></span> <span class='ocrx_word' id='word_1_433' title='bbox 840 3139 961 3178; x_wconf 85' lang='lat' dir='ltr'><strong>esse</strong></span> <span class='ocrx_word' id='word_1_434' title='bbox 982 3132 1256 3190; x_wconf 83' lang='lat' dir='ltr'><strong>asserunt,</strong></span> <span class='ocrx_word' id='word_1_435' title='bbox 1286 3122 1741 3191; x_wconf 87' lang='lat' dir='ltr'><strong>quemadmodum</strong></span> <span class='ocrx_word' id='word_1_436' title='bbox 1772 3133 1824 3175; x_wconf 92' lang='lat' dir='ltr'><strong>et</strong></span> <span class='ocrx_word' id='word_1_437' title='bbox 1856 3122 2028 3185; x_wconf 88' lang='lat' dir='ltr'><strong>illum,</strong></span> <span class='ocrx_word' id='word_1_438' title='bbox 2059 3122 2175 3190; x_wconf 91' lang='lat' dir='ltr'><strong>qni,</strong></span> <span class='ocrx_word' id='word_1_439' title='bbox 2207 3137 2327 3175; x_wconf 91' lang='lat' dir='ltr'><strong>cum</strong></span> <span class='ocrx_word' id='word_1_440' title='bbox 2355 3122 2557 3175; x_wconf 88' lang='lat' dir='ltr'><strong>multas</strong></span> <span class='ocrx_word' id='word_1_441' title='bbox 2593 3121 2821 3188; x_wconf 73' lang='lat' dir='ltr'><strong>iustitia:</strong></span> <span class='ocrx_word' id='word_1_442' title='bbox 2860 3131 3044 3188; x_wconf 85' lang='lat' dir='ltr'><strong>partes</strong></span> <span class='ocrx_word' id='word_1_443' title='bbox 3069 3138 3099 3177; x_wconf 82' lang='lat' dir='ltr'><strong>a</strong></span> <span class='ocrx_word' id='word_1_444' title='bbox 3132 3138 3192 3177; x_wconf 88' lang='lat' dir='ltr'><strong>se</strong></span> <span class='ocrx_word' id='word_1_445' title='bbox 3238 3122 3493 3191; x_wconf 84' lang='lat' dir='ltr'><strong>impletas</strong></span> <span class='ocrx_word' id='word_1_446' title='bbox 3536 3139 3653 3179; x_wconf 83' lang='lat' dir='ltr'><strong>esse</strong></span> 
     </span>
    </p>
   </div>
   <div class='ocr_carea' id='block_1_58' title="bbox 398 3192 3651 3265">
    <p class='ocr_par' dir='ltr' id='par_1_58' title="bbox 398 3192 3651 3265">
     <span class='ocr_line' id='line_1_58' title="bbox 398 3192 3651 3265; baseline -0.001 -16"><span class='ocrx_word' id='word_1_447' title='bbox 398 3197 774 3265; x_wconf 78' lang='lat' dir='ltr'><strong>profiteretur,</strong></span> <span class='ocrx_word' id='word_1_448' title='bbox 810 3205 997 3265; x_wconf 87' lang='lat' dir='ltr'><strong>postea</strong></span> <span class='ocrx_word' id='word_1_449' title='bbox 1021 3204 1203 3248; x_wconf 87' lang='lat' dir='ltr'><strong>tamen</strong></span> <span class='ocrx_word' id='word_1_450' title='bbox 1235 3208 1357 3265; x_wconf 82' lang='lat' dir='ltr'><strong>eum</strong></span> <span class='ocrx_word' id='word_1_451' title='bbox 1387 3193 1539 3265; x_wconf 75' lang='lat' dir='ltr'><strong>sequi</strong></span> <span class='ocrx_word' id='word_1_452' title='bbox 1571 3194 1916 3265; x_wconf 75' lang='lat' dir='ltr'><strong>detrectavit,</strong></span> <span class='ocrx_word' id='word_1_453' title='bbox 1949 3194 2255 3265; x_wconf 77' lang='lat' dir='ltr'><strong>opibusque</strong></span> <span class='ocrx_word' id='word_1_454' title='bbox 2288 3194 2462 3265; x_wconf 84' lang='lat' dir='ltr'><strong>victus</strong></span> <span class='ocrx_word' id='word_1_455' title='bbox 2496 3202 2604 3265; x_wconf 84' lang='lat' dir='ltr'><strong>est.</strong></span> <span class='ocrx_word' id='word_1_456' title='bbox 2630 3203 2685 3246; x_wconf 89' lang='lat' dir='ltr'><strong>et</strong></span> <span class='ocrx_word' id='word_1_457' title='bbox 2714 3208 2755 3265; x_wconf 90' lang='lat' dir='ltr'><strong>a_</strong></span> <span class='ocrx_word' id='word_1_458' title='bbox 2770 3192 3110 3265; x_wconf 79' lang='lat' dir='ltr'><strong>perfectione</strong></span> <span class='ocrx_word' id='word_1_459' title='bbox 3133 3193 3467 3265; x_wconf 69' lang='lat' dir='ltr'><strong>retardauts.</strong></span> <span class='ocrx_word' id='word_1_460' title='bbox 3519 3192 3651 3247; x_wconf 83' lang='lat' dir='ltr'><strong>Nam</strong></span> 
     </span>
    </p>
   </div>
   <div class='ocr_carea' id='block_1_59' title="bbox 398 3260 3656 3334">
    <p class='ocr_par' dir='ltr' id='par_1_59' title="bbox 398 3260 3656 3334">
     <span class='ocr_line' id='line_1_59' title="bbox 398 3260 3656 3334; baseline -0.001 -16"><span class='ocrx_word' id='word_1_461' title='bbox 398 3260 457 3318; x_wconf 75' lang='lat' dir='ltr'><strong>et</strong></span> <span class='ocrx_word' id='word_1_462' title='bbox 480 3265 622 3320; x_wconf 85' lang='lat' dir='ltr'><strong>lutne</strong></span> <span class='ocrx_word' id='word_1_463' title='bbox 646 3266 710 3317; x_wconf 91' lang='lat' dir='ltr'><strong>de</strong></span> <span class='ocrx_word' id='word_1_464' title='bbox 732 3260 989 3334; x_wconf 67' lang='lat' dir='ltr'><strong>psjchico</strong></span> <span class='ocrx_word' id='word_1_465' title='bbox 1020 3277 1221 3332; x_wconf 79' lang='lat' dir='ltr'><strong>genere</strong></span> <span class='ocrx_word' id='word_1_466' title='bbox 1268 3261 1438 3317; x_wconf 83' lang='lat' dir='ltr'><strong>fuisse</strong></span> <span class='ocrx_word' id='word_1_467' title='bbox 1464 3262 1568 3316; x_wconf 85' lang='lat' dir='ltr'><strong>illis</strong></span> <span class='ocrx_word' id='word_1_468' title='bbox 1592 3262 1789 3334; x_wconf 77' lang='lat' dir='ltr'><strong>placet.</strong></span> <span class='ocrx_word' id='word_1_469' title='bbox 1838 3260 2082 3332; x_wconf 78' lang='lat' dir='ltr'><strong>Denith</strong></span> <span class='ocrx_word' id='word_1_470' title='bbox 2114 3260 2397 3334; x_wconf 79' lang='lat' dir='ltr'><strong>spirituale</strong></span> <span class='ocrx_word' id='word_1_471' title='bbox 2429 3264 2480 3334; x_wconf 86' lang='lat' dir='ltr'><strong>in</strong></span> <span class='ocrx_word' id='word_1_472' title='bbox 2522 3263 2618 3334; x_wconf 15' lang='lat' dir='ltr'><strong>illis</strong></span> <span class='ocrx_word' id='word_1_473' title='bbox 2644 3261 2826 3334; x_wconf 63' lang='lat' dir='ltr'><strong>verbis</strong></span> <span class='ocrx_word' id='word_1_474' title='bbox 2848 3278 2971 3317; x_wconf 91' lang='lat' dir='ltr'><strong>eum</strong></span> <span class='ocrx_word' id='word_1_475' title='bbox 3004 3264 3277 3334; x_wconf 85' lang='lat' dir='ltr'><strong>indicasse</strong></span> <span class='ocrx_word' id='word_1_476' title='bbox 3306 3282 3317 3315; x_wconf 94' lang='lat'><strong>:</strong></span> <span class='ocrx_word' id='word_1_477' title='bbox 3354 3260 3487 3334; x_wconf 73' lang='lat' dir='ltr'><strong>Sine</strong></span> <span class='ocrx_word' id='word_1_478' title='bbox 3517 3278 3656 3334; x_wconf 65' lang='lat' dir='ltr'><strong>nigr-</strong></span> 
     </span>
    </p>
   </div>
   <div class='ocr_carea' id='block_1_60' title="bbox 400 3329 3649 3403">
    <p class='ocr_par' dir='ltr' id='par_1_60' title="bbox 400 3329 3649 3403">
     <span class='ocr_line' id='line_1_60' title="bbox 400 3329 3649 3403; baseline -0 -18"><span class='ocrx_word' id='word_1_479' title='bbox 400 3345 519 3387; x_wconf 78' lang='lat' dir='ltr'><strong>tuos</strong></span> <span class='ocrx_word' id='word_1_480' title='bbox 552 3329 770 3402; x_wconf 68' lang='lat' dir='ltr'><strong>sepelire</strong></span> <span class='ocrx_word' id='word_1_481' title='bbox 797 3329 1045 3386; x_wconf 59' lang='lat' dir='ltr'><strong>mortuos</strong></span> <span class='ocrx_word' id='word_1_482' title='bbox 1065 3349 1223 3403; x_wconf 73' lang='lat' dir='ltr'><strong>suos;</strong></span> <span class='ocrx_word' id='word_1_483' title='bbox 1254 3343 1309 3385; x_wconf 88' lang='lat' dir='ltr'><strong>tu</strong></span> <span class='ocrx_word' id='word_1_484' title='bbox 1337 3348 1455 3385; x_wconf 76' lang='lat' dir='ltr'><strong>vero</strong></span> <span class='ocrx_word' id='word_1_485' title='bbox 1488 3331 1780 3400; x_wconf 70' lang='lat' dir='ltr'><strong>profectus,</strong></span> <span class='ocrx_word' id='word_1_486' title='bbox 1805 3329 2065 3386; x_wconf 81' lang='lat' dir='ltr'><strong>annuuiia</strong></span> <span class='ocrx_word' id='word_1_487' title='bbox 2094 3331 2466 3403; x_wconf 76' lang='lat' dir='ltr'><strong>regnum__Dei.</strong></span> <span class='ocrx_word' id='word_1_488' title='bbox 2499 3333 2561 3386; x_wconf 66' lang='lat' dir='ltr'><strong>lit</strong></span> <span class='ocrx_word' id='word_1_489' title='bbox 2590 3349 2712 3387; x_wconf 89' lang='lat' dir='ltr'><strong>eum</strong></span> <span class='ocrx_word' id='word_1_490' title='bbox 2743 3330 2975 3403; x_wconf 67' lang='lat' dir='ltr'><strong>Zacltmo</strong></span> <span class='ocrx_word' id='word_1_491' title='bbox 3001 3332 3294 3403; x_wconf 83' lang='lat' dir='ltr'><strong>publicano</strong></span> <span class='ocrx_word' id='word_1_492' title='bbox 3331 3331 3479 3403; x_wconf 73' lang='lat' dir='ltr'><strong>dixit</strong></span> <span class='ocrx_word' id='word_1_493' title='bbox 3504 3348 3517 3384; x_wconf 89' lang='lat'><strong>:</strong></span> <span class='ocrx_word' id='word_1_494' title='bbox 3549 3329 3649 3387; x_wconf 76' lang='lat' dir='ltr'><strong>Fe-</strong></span> 
     </span>
    </p>
   </div>
   <div class='ocr_carea' id='block_1_61' title="bbox 397 3399 3648 3473">
    <p class='ocr_par' dir='ltr' id='par_1_61' title="bbox 397 3399 3648 3473">
     <span class='ocr_line' id='line_1_61' title="bbox 397 3399 3648 3473; baseline -0.001 -16"><span class='ocrx_word' id='word_1_495' title='bbox 397 3399 905 3464; x_wconf 41' lang='lat' dir='ltr'><strong>stinans&#39;deuende,</strong></span> <span class='ocrx_word' id='word_1_496' title='bbox 941 3404 1067 3473; x_wconf 84' lang='lat' dir='ltr'><strong>quia</strong></span> <span class='ocrx_word' id='word_1_497' title='bbox 1101 3402 1257 3455; x_wconf 79' lang='lat' dir='ltr'><strong>hodie</strong></span> <span class='ocrx_word' id='word_1_498' title='bbox 1280 3404 1333 3454; x_wconf 84' lang='lat' dir='ltr'><strong>in</strong></span> <span class='ocrx_word' id='word_1_499' title='bbox 1359 3399 1515 3473; x_wconf 84' lang='lat' dir='ltr'><strong>domo</strong></span> <span class='ocrx_word' id='word_1_500' title='bbox 1546 3399 1637 3454; x_wconf 81' lang='lat' dir='ltr'><strong>tua</strong></span> <span class='ocrx_word' id='word_1_501' title='bbox 1661 3413 1860 3473; x_wconf 76' lang='lat' dir='ltr'><strong>oportet</strong></span> <span class='ocrx_word' id='word_1_502' title='bbox 1888 3418 1969 3454; x_wconf 85' lang='lat' dir='ltr'><strong>me</strong></span> <span class='ocrx_word' id='word_1_503' title='bbox 2024 3399 2257 3473; x_wconf 77' lang='lat' dir='ltr'><strong>manere.</strong></span> <span class='ocrx_word' id='word_1_504' title='bbox 2312 3399 2423 3473; x_wconf 84' lang='lat' dir='ltr'><strong>llos</strong></span> <span class='ocrx_word' id='word_1_505' title='bbox 2466 3417 2698 3473; x_wconf 85' lang='lat' dir='ltr'><strong>namque</strong></span> <span class='ocrx_word' id='word_1_506' title='bbox 2731 3399 3034 3473; x_wconf 74' lang='lat' dir='ltr'><strong>spiritttalis</strong></span> <span class='ocrx_word' id='word_1_507' title='bbox 3071 3401 3284 3471; x_wconf 90' lang='lat' dir='ltr'><strong>generis</strong></span> <span class='ocrx_word' id='word_1_508' title='bbox 3323 3401 3499 3473; x_wconf 81' lang='lat' dir='ltr'><strong>fuisse</strong></span> <span class='ocrx_word' id='word_1_509' title='bbox 3541 3412 3648 3455; x_wconf 84' lang='lat' dir='ltr'><strong>tra-</strong></span> 
     </span>
    </p>
   </div>
   <div class='ocr_carea' id='block_1_62' title="bbox 397 3471 3651 3542">
    <p class='ocr_par' dir='ltr' id='par_1_62' title="bbox 397 3471 3651 3542">
     <span class='ocr_line' id='line_1_62' title="bbox 397 3471 3651 3542; baseline -0 -17"><span class='ocrx_word' id='word_1_510' title='bbox 397 3477 549 3527; x_wconf 89' lang='lat' dir='ltr'><strong>dunt.</strong></span> <span class='ocrx_word' id='word_1_511' title='bbox 584 3475 757 3540; x_wconf 84' lang='lat' dir='ltr'><strong>Atque</strong></span> <span class='ocrx_word' id='word_1_512' title='bbox 786 3471 962 3527; x_wconf 86' lang='lat' dir='ltr'><strong>etiam</strong></span> <span class='ocrx_word' id='word_1_513' title='bbox 988 3473 1247 3538; x_wconf 73' lang='lat' dir='ltr'><strong>paraliola</strong></span> <span class='ocrx_word' id='word_1_514' title='bbox 1281 3487 1368 3531; x_wconf 86' lang='lat' dir='ltr'><strong>ea,</strong></span> <span class='ocrx_word' id='word_1_515' title='bbox 1400 3472 1451 3542; x_wconf 93' lang='lat' dir='ltr'><strong>in</strong></span> <span class='ocrx_word' id='word_1_516' title='bbox 1485 3487 1596 3542; x_wconf 87' lang='lat' dir='ltr'><strong>qua</strong></span> <span class='ocrx_word' id='word_1_517' title='bbox 1620 3473 1686 3542; x_wconf 86' lang='lat' dir='ltr'><strong>de</strong></span> <span class='ocrx_word' id='word_1_518' title='bbox 1720 3471 1990 3542; x_wconf 71' lang='lat' dir='ltr'><strong>fermento</strong></span> <span class='ocrx_word' id='word_1_519' title='bbox 2017 3472 2231 3541; x_wconf 87' lang='lat' dir='ltr'><strong>agitur,</strong></span> <span class='ocrx_word' id='word_1_520' title='bbox 2264 3472 2407 3542; x_wconf 83' lang='lat' dir='ltr'><strong>quod</strong></span> <span class='ocrx_word' id='word_1_521' title='bbox 2466 3472 2659 3526; x_wconf 83' lang='lat' dir='ltr'><strong>nmlier</strong></span> <span class='ocrx_word' id='word_1_522' title='bbox 2698 3471 2772 3526; x_wconf 42' lang='lat' dir='ltr'><strong>in&#39;</strong></span> <span class='ocrx_word' id='word_1_523' title='bbox 2796 3473 2966 3527; x_wconf 91' lang='lat' dir='ltr'><strong>tribus</strong></span> <span class='ocrx_word' id='word_1_524' title='bbox 3012 3473 3205 3526; x_wconf 76' lang='lat' dir='ltr'><strong>farina:</strong></span> <span class='ocrx_word' id='word_1_525' title='bbox 3246 3472 3380 3525; x_wconf 84' lang='lat' dir='ltr'><strong>satis</strong></span> <span class='ocrx_word' id='word_1_526' title='bbox 3418 3472 3651 3542; x_wconf 75' lang='lat' dir='ltr'><strong>abscon-</strong></span> 
     </span>
    </p>
   </div>
   <div class='ocr_carea' id='block_1_63' title="bbox 396 3540 3642 3612">
    <p class='ocr_par' dir='ltr' id='par_1_63' title="bbox 396 3540 3642 3612">
     <span class='ocr_line' id='line_1_63' title="bbox 396 3540 3642 3612; baseline 0 -17"><span class='ocrx_word' id='word_1_527' title='bbox 396 3543 544 3597; x_wconf 86' lang='lat' dir='ltr'><strong>disse</strong></span> <span class='ocrx_word' id='word_1_528' title='bbox 574 3544 797 3608; x_wconf 88' lang='lat' dir='ltr'><strong>dicitur,</strong></span> <span class='ocrx_word' id='word_1_529' title='bbox 829 3545 925 3596; x_wconf 86' lang='lat' dir='ltr'><strong>tria</strong></span> <span class='ocrx_word' id='word_1_530' title='bbox 956 3543 1071 3595; x_wconf 76' lang='lat' dir='ltr'><strong>lucc</strong></span> <span class='ocrx_word' id='word_1_531' title='bbox 1104 3558 1303 3611; x_wconf 76' lang='lat' dir='ltr'><strong>genera</strong></span> <span class='ocrx_word' id='word_1_532' title='bbox 1332 3541 1602 3595; x_wconf 86' lang='lat' dir='ltr'><strong>declarari</strong></span> <span class='ocrx_word' id='word_1_533' title='bbox 1635 3541 1847 3594; x_wconf 88' lang='lat' dir='ltr'><strong>dicunt.</strong></span> <span class='ocrx_word' id='word_1_534' title='bbox 1877 3540 1984 3612; x_wconf 84' lang='lat' dir='ltr'><strong>Per</strong></span> <span class='ocrx_word' id='word_1_535' title='bbox 2014 3540 2302 3595; x_wconf 86' lang='lat' dir='ltr'><strong>mulierem</strong></span> <span class='ocrx_word' id='word_1_536' title='bbox 2337 3542 2507 3612; x_wconf 87' lang='lat' dir='ltr'><strong>enim,</strong></span> <span class='ocrx_word' id='word_1_537' title='bbox 2535 3542 2795 3610; x_wconf 84' lang='lat' dir='ltr'><strong>Sophiam</strong></span> <span class='ocrx_word' id='word_1_538' title='bbox 2828 3542 3233 3612; x_wconf 83' lang='lat' dir='ltr'><strong>intelligendam</strong></span> <span class='ocrx_word' id='word_1_539' title='bbox 3263 3555 3387 3612; x_wconf 79' lang='lat' dir='ltr'><strong>esse</strong></span> <span class='ocrx_word' id='word_1_540' title='bbox 3412 3540 3642 3603; x_wconf 86' lang='lat' dir='ltr'><strong>docent;</strong></span> 
     </span>
    </p>
   </div>
   <div class='ocr_carea' id='block_1_64' title="bbox 392 3610 3646 3692">
    <p class='ocr_par' dir='ltr' id='par_1_64' title="bbox 392 3610 3646 3692">
     <span class='ocr_line' id='line_1_64' title="bbox 392 3610 3646 3692; baseline -0 -28"><span class='ocrx_word' id='word_1_541' title='bbox 392 3625 493 3692; x_wconf 78' lang='lat' dir='ltr'><strong>per</strong></span> <span class='ocrx_word' id='word_1_542' title='bbox 525 3613 716 3692; x_wconf 68' lang='lat' dir='ltr'><strong>farinae</strong></span> <span class='ocrx_word' id='word_1_543' title='bbox 751 3623 893 3677; x_wconf 85' lang='lat' dir='ltr'><strong>sata,</strong></span> <span class='ocrx_word' id='word_1_544' title='bbox 918 3610 1121 3692; x_wconf 53' lang='lat' dir='ltr'><strong>triplex</strong></span> <span class='ocrx_word' id='word_1_545' title='bbox 1145 3614 1422 3692; x_wconf 78' lang='lat' dir='ltr'><strong>liominum</strong></span> <span class='ocrx_word' id='word_1_546' title='bbox 1456 3626 1649 3692; x_wconf 71' lang='lat' dir='ltr'><strong>genus,</strong></span> <span class='ocrx_word' id='word_1_547' title='bbox 1683 3611 1987 3692; x_wconf 78' lang='lat' dir='ltr'><strong>spirituale,</strong></span> <span class='ocrx_word' id='word_1_548' title='bbox 2019 3612 2356 3692; x_wconf 77' lang='lat' dir='ltr'><strong>psycllieunt,</strong></span> <span class='ocrx_word' id='word_1_549' title='bbox 2391 3611 2667 3692; x_wconf 62' lang='lat' dir='ltr'><strong>I_iylictim;</strong></span> <span class='ocrx_word' id='word_1_550' title='bbox 2720 3610 3047 3692; x_wconf 46' lang='lat' dir='ltr'><strong>{canentum</strong></span> <span class='ocrx_word' id='word_1_551' title='bbox 3074 3624 3256 3666; x_wconf 90' lang='lat' dir='ltr'><strong>autem</strong></span> <span class='ocrx_word' id='word_1_552' title='bbox 3298 3610 3646 3692; x_wconf 72' lang='lat' dir='ltr'><strong>Salvatorem</strong></span> 
     </span>
    </p>
   </div>
   <div class='ocr_carea' id='block_1_65' title="bbox 394 3680 3642 3750">
    <p class='ocr_par' dir='ltr' id='par_1_65' title="bbox 394 3680 3642 3750">
     <span class='ocr_line' id='line_1_65' title="bbox 394 3680 3642 3750; baseline -0.001 -15"><span class='ocrx_word' id='word_1_553' title='bbox 394 3680 569 3748; x_wconf 85' lang='lat' dir='ltr'><strong>ipsum</strong></span> <span class='ocrx_word' id='word_1_554' title='bbox 607 3683 812 3737; x_wconf 87' lang='lat' dir='ltr'><strong>dicttnn</strong></span> <span class='ocrx_word' id='word_1_555' title='bbox 853 3697 995 3737; x_wconf 85' lang='lat' dir='ltr'><strong>esse.</strong></span> <span class='ocrx_word' id='word_1_556' title='bbox 1030 3680 1252 3735; x_wconf 83' lang='lat' dir='ltr'><strong>Paulum</strong></span> <span class='ocrx_word' id='word_1_557' title='bbox 1293 3684 1417 3734; x_wconf 89' lang='lat' dir='ltr'><strong>item</strong></span> <span class='ocrx_word' id='word_1_558' title='bbox 1438 3683 1683 3741; x_wconf 81' lang='lat' dir='ltr'><strong>CIIUlCOS,</strong></span> <span class='ocrx_word' id='word_1_559' title='bbox 1713 3681 2027 3750; x_wconf 78' lang='lat' dir='ltr'><strong>psycliicos,</strong></span> <span class='ocrx_word' id='word_1_560' title='bbox 2084 3680 2475 3747; x_wconf 86' lang='lat' dir='ltr'><strong>etspirituales</strong></span> <span class='ocrx_word' id='word_1_561' title='bbox 2517 3682 2747 3737; x_wconf 80' lang='lat' dir='ltr'><strong>dixisse.</strong></span> <span class='ocrx_word' id='word_1_562' title='bbox 2788 3682 3035 3748; x_wconf 79' lang='lat' dir='ltr'><strong>Exempli</strong></span> <span class='ocrx_word' id='word_1_563' title='bbox 3084 3696 3248 3735; x_wconf 88' lang='lat' dir='ltr'><strong>causa</strong></span> <span class='ocrx_word' id='word_1_564' title='bbox 3292 3696 3419 3735; x_wconf 88' lang='lat' dir='ltr'><strong>cum</strong></span> <span class='ocrx_word' id='word_1_565' title='bbox 3456 3681 3590 3733; x_wconf 75' lang='lat' dir='ltr'><strong>dixit</strong></span> <span class='ocrx_word' id='word_1_566' title='bbox 3628 3698 3642 3734; x_wconf 88' lang='lat'><strong>:</strong></span> 
     </span>
    </p>
   </div>
   <div class='ocr_carea' id='block_1_66' title="bbox 393 3749 3641 3821">
    <p class='ocr_par' dir='ltr' id='par_1_66' title="bbox 393 3749 3641 3821">
     <span class='ocr_line' id='line_1_66' title="bbox 393 3749 3641 3821; baseline 0 -19"><span class='ocrx_word' id='word_1_567' title='bbox 393 3750 583 3816; x_wconf 73' lang='lat' dir='ltr'><strong>Qualis</strong></span> <span class='ocrx_word' id='word_1_568' title='bbox 607 3764 864 3817; x_wconf 83' lang='lat' dir='ltr'><strong>terrenus,</strong></span> <span class='ocrx_word' id='word_1_569' title='bbox 893 3753 1023 3805; x_wconf 79' lang='lat' dir='ltr'><strong>tales</strong></span> <span class='ocrx_word' id='word_1_570' title='bbox 1052 3765 1097 3805; x_wconf 87' lang='lat' dir='ltr'><strong>et</strong></span> <span class='ocrx_word' id='word_1_571' title='bbox 1129 3753 1347 3805; x_wconf 82' lang='lat' dir='ltr'><strong>terreni.</strong></span> <span class='ocrx_word' id='word_1_572' title='bbox 1381 3751 1449 3804; x_wconf 87' lang='lat' dir='ltr'><strong>Et</strong></span> <span class='ocrx_word' id='word_1_573' title='bbox 1478 3766 1665 3805; x_wconf 86' lang='lat' dir='ltr'><strong>rursus</strong></span> <span class='ocrx_word' id='word_1_574' title='bbox 1689 3749 1722 3805; x_wconf 67' lang='grc' dir='ltr'><strong>ι</strong></span> <span class='ocrx_word' id='word_1_575' title='bbox 1745 3749 2003 3821; x_wconf 74' lang='lat' dir='ltr'><strong>Animalia</strong></span> <span class='ocrx_word' id='word_1_576' title='bbox 2035 3751 2189 3803; x_wconf 78' lang='grc' dir='ltr'>Ιιοιιιο</span> <span class='ocrx_word' id='word_1_577' title='bbox 2216 3768 2322 3805; x_wconf 82' lang='lat' dir='ltr'><strong>non</strong></span> <span class='ocrx_word' id='word_1_578' title='bbox 2354 3752 2573 3818; x_wconf 81' lang='lat' dir='ltr'><strong>percipit</strong></span> <span class='ocrx_word' id='word_1_579' title='bbox 2601 3769 2661 3804; x_wconf 90' lang='lat' dir='ltr'><strong>ea</strong></span> <span class='ocrx_word' id='word_1_580' title='bbox 2691 3768 2809 3821; x_wconf 68' lang='lat' dir='ltr'><strong>quia</strong></span> <span class='ocrx_word' id='word_1_581' title='bbox 2835 3763 2956 3805; x_wconf 79' lang='lat' dir='ltr'><strong>sunt</strong></span> <span class='ocrx_word' id='word_1_582' title='bbox 2982 3753 3221 3821; x_wconf 58' lang='lat' dir='ltr'><strong>spiritus.</strong></span> <span class='ocrx_word' id='word_1_583' title='bbox 3255 3751 3320 3805; x_wconf 86' lang='lat' dir='ltr'><strong>Et</strong></span> <span class='ocrx_word' id='word_1_584' title='bbox 3343 3751 3459 3803; x_wconf 86' lang='lat' dir='ltr'><strong>alio</strong></span> <span class='ocrx_word' id='word_1_585' title='bbox 3490 3751 3603 3804; x_wconf 86' lang='lat' dir='ltr'><strong>loco</strong></span> <span class='ocrx_word' id='word_1_586' title='bbox 3627 3767 3641 3803; x_wconf 88' lang='lat'><strong>:</strong></span> 
     </span>
    </p>
   </div>
   <div class='ocr_carea' id='block_1_67' title="bbox 392 3820 3642 3891">
    <p class='ocr_par' dir='ltr' id='par_1_67' title="bbox 392 3820 3642 3891">
     <span class='ocr_line' id='line_1_67' title="bbox 392 3820 3642 3891; baseline -0.001 -16"><span class='ocrx_word' id='word_1_587' title='bbox 392 3821 702 3886; x_wconf 74' lang='lat' dir='ltr'><strong>Spirilualis</strong></span> <span class='ocrx_word' id='word_1_588' title='bbox 728 3823 907 3876; x_wconf 82' lang='lat' dir='ltr'><strong>omnia</strong></span> <span class='ocrx_word' id='word_1_589' title='bbox 934 3823 1219 3891; x_wconf 71' lang='lat' dir='ltr'><strong>dijudicat.</strong></span> <span class='ocrx_word' id='word_1_590' title='bbox 1255 3822 1390 3876; x_wconf 92' lang='lat' dir='ltr'><strong>lllud</strong></span> <span class='ocrx_word' id='word_1_591' title='bbox 1420 3830 1600 3875; x_wconf 84' lang='lat' dir='ltr'><strong>autem</strong></span> <span class='ocrx_word' id='word_1_592' title='bbox 1633 3838 1646 3874; x_wconf 89' lang='lat'><strong>:</strong></span> <span class='ocrx_word' id='word_1_593' title='bbox 1679 3820 1941 3875; x_wconf 68' lang='lat' dir='ltr'><strong>Animalia</strong></span> <span class='ocrx_word' id='word_1_594' title='bbox 1983 3837 2085 3875; x_wconf 81' lang='lat' dir='ltr'><strong>non</strong></span> <span class='ocrx_word' id='word_1_595' title='bbox 2118 3823 2338 3889; x_wconf 85' lang='lat' dir='ltr'><strong>percipit</strong></span> <span class='ocrx_word' id='word_1_596' title='bbox 2366 3838 2425 3891; x_wconf 72' lang='lat' dir='ltr'><strong>ea</strong></span> <span class='ocrx_word' id='word_1_597' title='bbox 2448 3836 2565 3891; x_wconf 73' lang='lat' dir='ltr'><strong>qua:</strong></span> <span class='ocrx_word' id='word_1_598' title='bbox 2595 3820 2717 3874; x_wconf 80' lang='lat' dir='ltr'><strong>sunt</strong></span> <span class='ocrx_word' id='word_1_599' title='bbox 2768 3824 3023 3890; x_wconf 79' lang='lat' dir='ltr'><strong>spiritus;</strong></span> <span class='ocrx_word' id='word_1_600' title='bbox 3054 3823 3122 3875; x_wconf 88' lang='lat' dir='ltr'><strong>de</strong></span> <span class='ocrx_word' id='word_1_601' title='bbox 3167 3820 3463 3889; x_wconf 86' lang='lat' dir='ltr'><strong>Demiurgo</strong></span> <span class='ocrx_word' id='word_1_602' title='bbox 3493 3836 3642 3891; x_wconf 82' lang='lat' dir='ltr'><strong>usur-</strong></span> 
     </span>
    </p>
   </div>
   <div class='ocr_carea' id='block_1_68' title="bbox 393 3890 3635 3961">
    <p class='ocr_par' dir='ltr' id='par_1_68' title="bbox 393 3890 3635 3961">
     <span class='ocr_line' id='line_1_68' title="bbox 393 3890 3635 3961; baseline 0.001 -20"><span class='ocrx_word' id='word_1_603' title='bbox 393 3900 582 3958; x_wconf 83' lang='lat' dir='ltr'><strong>patum</strong></span> <span class='ocrx_word' id='word_1_604' title='bbox 608 3907 733 3948; x_wconf 88' lang='lat' dir='ltr'><strong>esse</strong></span> <span class='ocrx_word' id='word_1_605' title='bbox 760 3894 939 3955; x_wconf 89' lang='lat' dir='ltr'><strong>aiunt,</strong></span> <span class='ocrx_word' id='word_1_606' title='bbox 968 3890 1057 3961; x_wconf 83' lang='lat' dir='ltr'><strong>qui</strong></span> <span class='ocrx_word' id='word_1_607' title='bbox 1088 3907 1209 3945; x_wconf 91' lang='lat' dir='ltr'><strong>cum</strong></span> <span class='ocrx_word' id='word_1_608' title='bbox 1243 3890 1496 3946; x_wconf 85' lang='lat' dir='ltr'><strong>animalis</strong></span> <span class='ocrx_word' id='word_1_609' title='bbox 1519 3901 1687 3957; x_wconf 88' lang='lat' dir='ltr'><strong>esset,</strong></span> <span class='ocrx_word' id='word_1_610' title='bbox 1719 3906 1819 3945; x_wconf 89' lang='lat' dir='ltr'><strong>nec</strong></span> <span class='ocrx_word' id='word_1_611' title='bbox 1856 3898 2111 3961; x_wconf 78' lang='lat' dir='ltr'><strong>matrem,</strong></span> <span class='ocrx_word' id='word_1_612' title='bbox 2143 3908 2264 3957; x_wconf 69' lang='lat' dir='ltr'><strong>qua:</strong></span> <span class='ocrx_word' id='word_1_613' title='bbox 2294 3890 2601 3959; x_wconf 87' lang='lat' dir='ltr'><strong>spiritualis</strong></span> <span class='ocrx_word' id='word_1_614' title='bbox 2627 3901 2769 3955; x_wconf 84' lang='lat' dir='ltr'><strong>erat,</strong></span> <span class='ocrx_word' id='word_1_615' title='bbox 2804 3906 2902 3944; x_wconf 89' lang='lat' dir='ltr'><strong>nec</strong></span> <span class='ocrx_word' id='word_1_616' title='bbox 2937 3892 3107 3960; x_wconf 90' lang='lat' dir='ltr'><strong>ipsius</strong></span> <span class='ocrx_word' id='word_1_617' title='bbox 3138 3904 3352 3951; x_wconf 83' lang='lat' dir='ltr'><strong>semen,</strong></span> <span class='ocrx_word' id='word_1_618' title='bbox 3405 3904 3507 3945; x_wconf 88' lang='lat' dir='ltr'><strong>nec</strong></span> <span class='ocrx_word' id='word_1_619' title='bbox 3544 3890 3635 3961; x_wconf 82' lang='lat' dir='ltr'><strong>de-</strong></span> 
     </span>
    </p>
   </div>
   <div class='ocr_carea' id='block_1_69' title="bbox 394 3959 3642 4031">
    <p class='ocr_par' dir='ltr' id='par_1_69' title="bbox 394 3959 3642 4031">
     <span class='ocr_line' id='line_1_69' title="bbox 394 3959 3642 4031; baseline -0 -18"><span class='ocrx_word' id='word_1_620' title='bbox 394 3962 561 4029; x_wconf 85' lang='lat' dir='ltr'><strong>nique</strong></span> <span class='ocrx_word' id='word_1_621' title='bbox 588 3962 816 4027; x_wconf 63' lang='lat' dir='ltr'><strong>IEonas,</strong></span> <span class='ocrx_word' id='word_1_622' title='bbox 841 3964 933 4029; x_wconf 90' lang='lat' dir='ltr'><strong>qui</strong></span> <span class='ocrx_word' id='word_1_623' title='bbox 969 3959 1020 4016; x_wconf 87' lang='lat' dir='ltr'><strong>in</strong></span> <span class='ocrx_word' id='word_1_624' title='bbox 1058 3961 1367 4016; x_wconf 86' lang='lat' dir='ltr'><strong>Pleromate</strong></span> <span class='ocrx_word' id='word_1_625' title='bbox 1394 3972 1543 4026; x_wconf 88' lang='lat' dir='ltr'><strong>sunt,</strong></span> <span class='ocrx_word' id='word_1_626' title='bbox 1586 3961 1925 4031; x_wconf 82' lang='lat' dir='ltr'><strong>cognoverit.</strong></span> <span class='ocrx_word' id='word_1_627' title='bbox 1960 3959 2080 4014; x_wconf 70' lang='lat' dir='ltr'><strong>iam</strong></span> <span class='ocrx_word' id='word_1_628' title='bbox 2110 3961 2251 4027; x_wconf 87' lang='lat' dir='ltr'><strong>quod</strong></span> <span class='ocrx_word' id='word_1_629' title='bbox 2278 3976 2493 4031; x_wconf 78' lang='lat' dir='ltr'><strong>eorum,</strong></span> <span class='ocrx_word' id='word_1_630' title='bbox 2531 3962 2729 4027; x_wconf 87' lang='lat' dir='ltr'><strong>quibus</strong></span> <span class='ocrx_word' id='word_1_631' title='bbox 2756 3959 2985 4016; x_wconf 86' lang='lat' dir='ltr'><strong>salutem</strong></span> <span class='ocrx_word' id='word_1_632' title='bbox 3033 3962 3300 4015; x_wconf 86' lang='lat' dir='ltr'><strong>allaturns</strong></span> <span class='ocrx_word' id='word_1_633' title='bbox 3347 3970 3505 4022; x_wconf 90' lang='lat' dir='ltr'><strong>erat,</strong></span> <span class='ocrx_word' id='word_1_634' title='bbox 3537 3959 3642 4031; x_wconf 85' lang='lat' dir='ltr'><strong>pri-</strong></span> 
     </span>
    </p>
   </div>
   <div class='ocr_carea' id='block_1_70' title="bbox 395 4029 3639 4100">
    <p class='ocr_par' dir='ltr' id='par_1_70' title="bbox 395 4029 3639 4100">
     <span class='ocr_line' id='line_1_70' title="bbox 395 4029 3639 4100; baseline -0.001 -18"><span class='ocrx_word' id='word_1_635' title='bbox 395 4032 579 4100; x_wconf 80' lang='lat' dir='ltr'><strong>mitias</strong></span> <span class='ocrx_word' id='word_1_636' title='bbox 608 4032 861 4087; x_wconf 84' lang='lat' dir='ltr'><strong>Salvator</strong></span> <span class='ocrx_word' id='word_1_637' title='bbox 890 4034 1267 4100; x_wconf 88' lang='lat' dir='ltr'><strong>assmnpserit,</strong></span> <span class='ocrx_word' id='word_1_638' title='bbox 1302 4032 1526 4086; x_wconf 86' lang='lat' dir='ltr'><strong>Paulum</strong></span> <span class='ocrx_word' id='word_1_639' title='bbox 1556 4032 1640 4086; x_wconf 92' lang='lat' dir='ltr'><strong>bis</strong></span> <span class='ocrx_word' id='word_1_640' title='bbox 1661 4029 1851 4086; x_wconf 61' lang='lat' dir='ltr'><strong>Verbis</strong></span> <span class='ocrx_word' id='word_1_641' title='bbox 1901 4039 2161 4085; x_wconf 87' lang='lat' dir='ltr'><strong>testatum</strong></span> <span class='ocrx_word' id='word_1_642' title='bbox 2198 4046 2319 4085; x_wconf 86' lang='lat' dir='ltr'><strong>esse</strong></span> <span class='ocrx_word' id='word_1_643' title='bbox 2345 4048 2359 4082; x_wconf 91' lang='lat'><strong>:</strong></span> <span class='ocrx_word' id='word_1_644' title='bbox 2411 4029 2468 4083; x_wconf 86' lang='lat' dir='ltr'><strong>Si</strong></span> <span class='ocrx_word' id='word_1_645' title='bbox 2505 4032 2663 4085; x_wconf 70' lang='lat' dir='ltr'><strong>radis;</strong></span> <span class='ocrx_word' id='word_1_646' title='bbox 2712 4041 2898 4085; x_wconf 73' lang='lat' dir='ltr'><strong>sancta</strong></span> <span class='ocrx_word' id='word_1_647' title='bbox 2922 4071 2937 4096; x_wconf 90' lang='lat'><strong>,</strong></span> <span class='ocrx_word' id='word_1_648' title='bbox 2991 4033 3171 4099; x_wconf 78' lang='lat' dir='ltr'><strong>utique</strong></span> <span class='ocrx_word' id='word_1_649' title='bbox 3199 4040 3245 4084; x_wconf 87' lang='lat' dir='ltr'><strong>et</strong></span> <span class='ocrx_word' id='word_1_650' title='bbox 3277 4046 3480 4083; x_wconf 76' lang='lat' dir='ltr'><strong>ntaua.</strong></span> <span class='ocrx_word' id='word_1_651' title='bbox 3507 4030 3639 4100; x_wconf 79' lang='lat' dir='ltr'><strong>Quo</strong></span> 
     </span>
    </p>
   </div>
   <div class='ocr_carea' id='block_1_71' title="bbox 396 4099 3635 4172">
    <p class='ocr_par' dir='ltr' id='par_1_71' title="bbox 396 4099 3635 4172">
     <span class='ocr_line' id='line_1_71' title="bbox 396 4099 3635 4172; baseline -0.002 -17"><span class='ocrx_word' id='word_1_652' title='bbox 396 4099 527 4157; x_wconf 89' lang='lat' dir='ltr'><strong>loco</strong></span> <span class='ocrx_word' id='word_1_653' title='bbox 553 4118 650 4171; x_wconf 91' lang='lat' dir='ltr'><strong>per</strong></span> <span class='ocrx_word' id='word_1_654' title='bbox 680 4102 973 4171; x_wconf 86' lang='lat' dir='ltr'><strong>primitias,</strong></span> <span class='ocrx_word' id='word_1_655' title='bbox 1003 4103 1055 4156; x_wconf 91' lang='lat' dir='ltr'><strong>id</strong></span> <span class='ocrx_word' id='word_1_656' title='bbox 1078 4099 1233 4172; x_wconf 29' lang='lat' dir='ltr'><strong>’quod</strong></span> <span class='ocrx_word' id='word_1_657' title='bbox 1258 4101 1540 4172; x_wconf 83' lang='lat' dir='ltr'><strong>spirituale</strong></span> <span class='ocrx_word' id='word_1_658' title='bbox 1567 4110 1673 4166; x_wconf 85' lang='lat' dir='ltr'><strong>est,</strong></span> <span class='ocrx_word' id='word_1_659' title='bbox 1706 4100 2009 4171; x_wconf 85' lang='lat' dir='ltr'><strong>significari</strong></span> <span class='ocrx_word' id='word_1_660' title='bbox 2041 4102 2275 4166; x_wconf 86' lang='lat' dir='ltr'><strong>docent;</strong></span> <span class='ocrx_word' id='word_1_661' title='bbox 2305 4115 2400 4170; x_wconf 89' lang='lat' dir='ltr'><strong>per</strong></span> <span class='ocrx_word' id='word_1_662' title='bbox 2432 4116 2668 4155; x_wconf 83' lang='lat' dir='ltr'><strong>massam</strong></span> <span class='ocrx_word' id='word_1_663' title='bbox 2697 4110 2877 4155; x_wconf 87' lang='lat' dir='ltr'><strong>autem</strong></span> <span class='ocrx_word' id='word_1_664' title='bbox 2912 4116 3033 4167; x_wconf 89' lang='lat' dir='ltr'><strong>nos,</strong></span> <span class='ocrx_word' id='word_1_665' title='bbox 3060 4101 3165 4154; x_wconf 81' lang='lat' dir='ltr'><strong>lioe</strong></span> <span class='ocrx_word' id='word_1_666' title='bbox 3209 4111 3295 4154; x_wconf 85' lang='lat' dir='ltr'><strong>est</strong></span> <span class='ocrx_word' id='word_1_667' title='bbox 3327 4099 3635 4169; x_wconf 72' lang='lat' dir='ltr'><strong>psycliicam</strong></span> 
     </span>
    </p>
   </div>
   <div class='ocr_carea' id='block_1_72' title="bbox 462 4250 1977 4320">
    <p class='ocr_par' dir='ltr' id='par_1_72' title="bbox 462 4250 1977 4320">
     <span class='ocr_line' id='line_1_72' title="bbox 462 4250 1977 4320; baseline -0.003 -12"><span class='ocrx_word' id='word_1_668' title='bbox 462 4254 504 4286; x_wconf 83' lang='grc'><strong>¹⁹</strong></span> <span class='ocrx_word' id='word_1_669' title='bbox 533 4253 670 4308; x_wconf 89' lang='lat' dir='ltr'><strong>Luc.</strong></span> <span class='ocrx_word' id='word_1_670' title='bbox 703 4266 780 4320; x_wconf 72' lang='grc' dir='ltr'>ιχ,</span> <span class='ocrx_word' id='word_1_671' title='bbox 803 4251 945 4306; x_wconf 82' lang='grc'><strong>60.¹⁰</strong></span> <span class='ocrx_word' id='word_1_672' title='bbox 977 4251 1111 4306; x_wconf 90' lang='lat' dir='ltr'><strong>Luc.</strong></span> <span class='ocrx_word' id='word_1_673' title='bbox 1140 4266 1253 4318; x_wconf 73' lang='lat' dir='ltr'><strong>xu,</strong></span> <span class='ocrx_word' id='word_1_674' title='bbox 1287 4253 1342 4307; x_wconf 84' lang='lat'><strong>5.</strong></span> <span class='ocrx_word' id='word_1_675' title='bbox 1443 4252 1487 4284; x_wconf 81' lang='lat'>“</span> <span class='ocrx_word' id='word_1_676' title='bbox 1540 4252 1559 4306; x_wconf 91' lang='lat' dir='ltr'><strong>l</strong></span> <span class='ocrx_word' id='word_1_677' title='bbox 1601 4250 1728 4306; x_wconf 88' lang='lat' dir='ltr'><strong>Cor.</strong></span> <span class='ocrx_word' id='word_1_678' title='bbox 1765 4267 1854 4316; x_wconf 69' lang='lat' dir='ltr'><strong>xv,</strong></span> <span class='ocrx_word' id='word_1_679' title='bbox 1888 4251 1977 4306; x_wconf 71' lang='grc'><strong>48.</strong></span> 
     </span>
    </p>
   </div>
   <div class='ocr_carea' id='block_1_73' title="bbox 455 4431 2031 4503">
    <p class='ocr_par' dir='ltr' id='par_1_73' title="bbox 455 4431 2031 4503">
     <span class='ocr_line' id='line_1_73' title="bbox 455 4431 2031 4503; baseline -0.003 -15"><span class='ocrx_word' id='word_1_680' title='bbox 455 4433 536 4503; x_wconf 82' lang='lat' dir='ltr'><strong>(l)</strong></span> <span class='ocrx_word' id='word_1_681' title='bbox 589 4431 842 4503; x_wconf 77' lang='lat' dir='ltr'><strong>Noluisse</strong></span> <span class='ocrx_word' id='word_1_682' title='bbox 888 4433 1057 4501; x_wconf 76' lang='lat' dir='ltr'><strong>sequi.</strong></span> <span class='ocrx_word' id='word_1_683' title='bbox 1107 4432 1441 4487; x_wconf 78' lang='lat' dir='ltr'><strong>Vertcudum</strong></span> <span class='ocrx_word' id='word_1_684' title='bbox 1490 4442 1645 4498; x_wconf 88' lang='lat' dir='ltr'><strong>erat,</strong></span> <span class='ocrx_word' id='word_1_685' title='bbox 1701 4432 2031 4495; x_wconf 83' lang='lat' dir='ltr'><strong>nolentemc</strong></span> 
     </span>
    </p>
   </div>
   <div class='ocr_carea' id='block_1_74' title="bbox 382 4502 1952 4573">
    <p class='ocr_par' dir='ltr' id='par_1_74' title="bbox 382 4502 1952 4573">
     <span class='ocr_line' id='line_1_74' title="bbox 382 4502 1952 4573; baseline -0.001 -15"><span class='ocrx_word' id='word_1_686' title='bbox 382 4502 552 4573; x_wconf 60' lang='lat' dir='ltr'><strong>cretii,</strong></span> <span class='ocrx_word' id='word_1_687' title='bbox 584 4510 646 4573; x_wconf 77' lang='lat' dir='ltr'><strong>ut</strong></span> <span class='ocrx_word' id='word_1_688' title='bbox 669 4502 892 4558; x_wconf 58' lang='lat' dir='ltr'><strong>Gra‘eus</strong></span> <span class='ocrx_word' id='word_1_689' title='bbox 924 4513 1128 4569; x_wconf 77' lang='lat' dir='ltr'><strong>textus,</strong></span> <span class='ocrx_word' id='word_1_690' title='bbox 1172 4514 1226 4557; x_wconf 88' lang='lat' dir='ltr'><strong>et</strong></span> <span class='ocrx_word' id='word_1_691' title='bbox 1265 4504 1603 4573; x_wconf 85' lang='lat' dir='ltr'><strong>constructio</strong></span> <span class='ocrx_word' id='word_1_692' title='bbox 1640 4503 1952 4573; x_wconf 84' lang='lat' dir='ltr'><strong>requirunt.</strong></span> 
     </span>
    </p>
   </div>
   <div class='ocr_carea' id='block_1_75' title="bbox 454 4571 1955 4646">
    <p class='ocr_par' dir='ltr' id='par_1_75' title="bbox 454 4571 1955 4646">
     <span class='ocr_line' id='line_1_75' title="bbox 454 4571 1955 4646; baseline -0.001 -19"><span class='ocrx_word' id='word_1_693' title='bbox 454 4571 533 4646; x_wconf 70' lang='grc'><strong>(2)</strong></span> <span class='ocrx_word' id='word_1_694' title='bbox 570 4571 845 4646; x_wconf 69' lang='lat' dir='ltr'><strong>Spiritale_</strong></span> <span class='ocrx_word' id='word_1_695' title='bbox 864 4589 1003 4646; x_wconf 66' lang='lat' dir='ltr'><strong>vero.</strong></span> <span class='ocrx_word' id='word_1_696' title='bbox 1050 4573 1301 4646; x_wconf 56' lang='lat' dir='ltr'><strong>scilicet,</strong></span> <span class='ocrx_word' id='word_1_697' title='bbox 1325 4572 1593 4646; x_wconf 81' lang='lat' dir='ltr'><strong>hominum</strong></span> <span class='ocrx_word' id='word_1_698' title='bbox 1640 4588 1825 4641; x_wconf 78' lang='lat' dir='ltr'><strong>genus.</strong></span> <span class='ocrx_word' id='word_1_699' title='bbox 1863 4572 1955 4626; x_wconf 86' lang='lat' dir='ltr'><strong>Sic</strong></span> 
     </span>
    </p>
   </div>
   <div class='ocr_carea' id='block_1_76' title="bbox 382 4641 1953 4709">
    <p class='ocr_par' dir='ltr' id='par_1_76' title="bbox 382 4641 1953 4709">
     <span class='ocr_line' id='line_1_76' title="bbox 382 4641 1953 4709; baseline -0.003 -11"><span class='ocrx_word' id='word_1_700' title='bbox 382 4641 540 4698; x_wconf 64' lang='lat' dir='ltr'><strong>editi.</strong></span> <span class='ocrx_word' id='word_1_701' title='bbox 592 4644 773 4709; x_wconf 76' lang='lat' dir='ltr'><strong>Eras.,</strong></span> <span class='ocrx_word' id='word_1_702' title='bbox 808 4642 948 4699; x_wconf 85' lang='lat' dir='ltr'><strong>Gali.</strong></span> <span class='ocrx_word' id='word_1_703' title='bbox 993 4651 1048 4697; x_wconf 89' lang='lat' dir='ltr'><strong>et</strong></span> <span class='ocrx_word' id='word_1_704' title='bbox 1091 4641 1327 4696; x_wconf 83' lang='lat' dir='ltr'><strong>Feuard.</strong></span> <span class='ocrx_word' id='word_1_705' title='bbox 1376 4643 1567 4697; x_wconf 90' lang='lat' dir='ltr'><strong>melius</strong></span> <span class='ocrx_word' id='word_1_706' title='bbox 1608 4656 1769 4709; x_wconf 81' lang='lat' dir='ltr'><strong>quam</strong></span> <span class='ocrx_word' id='word_1_707' title='bbox 1819 4656 1953 4694; x_wconf 90' lang='lat' dir='ltr'><strong>mss.</strong></span> 
     </span>
    </p>
   </div>
   <div class='ocr_carea' id='block_1_77' title="bbox 381 4709 1956 4773">
    <p class='ocr_par' dir='ltr' id='par_1_77' title="bbox 381 4709 1956 4773">
     <span class='ocr_line' id='line_1_77' title="bbox 381 4709 1956 4773; baseline -0.004 -4"><span class='ocrx_word' id='word_1_708' title='bbox 381 4714 544 4769; x_wconf 88' lang='lat' dir='ltr'><strong>codd.</strong></span> <span class='ocrx_word' id='word_1_709' title='bbox 573 4724 627 4769; x_wconf 91' lang='lat' dir='ltr'><strong>et</strong></span> <span class='ocrx_word' id='word_1_710' title='bbox 658 4716 815 4768; x_wconf 87' lang='lat' dir='ltr'><strong>cditt.</strong></span> <span class='ocrx_word' id='word_1_711' title='bbox 854 4712 1032 4769; x_wconf 81' lang='lat' dir='ltr'><strong>Oxon.</strong></span> <span class='ocrx_word' id='word_1_712' title='bbox 1066 4713 1356 4773; x_wconf 73' lang='lat' dir='ltr'><strong>spiritalem</strong></span> <span class='ocrx_word' id='word_1_713' title='bbox 1390 4728 1506 4766; x_wconf 83' lang='lat' dir='ltr'><strong>rero</strong></span> <span class='ocrx_word' id='word_1_714' title='bbox 1532 4726 1550 4763; x_wconf 93' lang='lat'><em>:</em></span> <span class='ocrx_word' id='word_1_715' title='bbox 1577 4711 1628 4763; x_wconf 90' lang='lat' dir='ltr'><strong>in</strong></span> <span class='ocrx_word' id='word_1_716' title='bbox 1660 4709 1852 4765; x_wconf 75' lang='lat' dir='ltr'><strong>Graeco</strong></span> <span class='ocrx_word' id='word_1_717' title='bbox 1879 4710 1956 4764; x_wconf 88' lang='lat' dir='ltr'><strong>si-</strong></span> 
     </span>
    </p>
   </div>
   <div class='ocr_carea' id='block_1_78' title="bbox 380 4780 1955 4855">
    <p class='ocr_par' dir='ltr' id='par_1_78' title="bbox 380 4780 1955 4855">
     <span class='ocr_line' id='line_1_78' title="bbox 380 4780 1955 4855; baseline -0.001 -19"><span class='ocrx_word' id='word_1_718' title='bbox 380 4785 598 4851; x_wconf 83' lang='lat' dir='ltr'><strong>quidem</strong></span> <span class='ocrx_word' id='word_1_719' title='bbox 648 4784 866 4855; x_wconf 86' lang='lat' dir='ltr'><strong>legitur,</strong></span> <span class='ocrx_word' id='word_1_720' title='bbox 908 4782 1055 4855; x_wconf 54' lang='lat' dir='ltr'><strong>&quot;toﬁs</strong></span> <span class='ocrx_word' id='word_1_721' title='bbox 1088 4782 1479 4855; x_wconf 78' lang='grc' dir='ltr'>πνευματικόν,</span> <span class='ocrx_word' id='word_1_722' title='bbox 1527 4790 1582 4855; x_wconf 83' lang='lat' dir='ltr'><strong>et</strong></span> <span class='ocrx_word' id='word_1_723' title='bbox 1622 4780 1783 4855; x_wconf 76' lang='lat' dir='ltr'><strong>paulo</strong></span> <span class='ocrx_word' id='word_1_724' title='bbox 1824 4789 1955 4835; x_wconf 86' lang='lat' dir='ltr'><strong>ante</strong></span> 
     </span>
    </p>
   </div>
   <div class='ocr_carea' id='block_1_79' title="bbox 385 4849 1878 4924">
    <p class='ocr_par' dir='ltr' id='par_1_79' title="bbox 385 4849 1878 4924">
     <span class='ocr_line' id='line_1_79' title="bbox 385 4849 1878 4924; baseline -0.005 -15"><span class='ocrx_word' id='word_1_725' title='bbox 385 4849 607 4924; x_wconf 69' lang='lat' dir='ltr'><strong>scripsit</strong></span> <span class='ocrx_word' id='word_1_726' title='bbox 642 4849 930 4924; x_wconf 68' lang='lat' dir='ltr'><strong>iuierpres,</strong></span> <span class='ocrx_word' id='word_1_727' title='bbox 966 4849 1453 4924; x_wconf 52' lang='lat' dir='ltr'><strong>hylicumjuidem,</strong></span> <span class='ocrx_word' id='word_1_728' title='bbox 1483 4849 1711 4924; x_wconf 68' lang='lat' dir='ltr'><strong>animale</strong></span> <span class='ocrx_word' id='word_1_729' title='bbox 1742 4865 1878 4924; x_wconf 58' lang='lat' dir='ltr'><strong>uero.</strong></span> 
     </span>
    </p>
   </div>
   <div class='ocr_carea' id='block_1_80' title="bbox 454 4918 1949 4994">
    <p class='ocr_par' dir='ltr' id='par_1_80' title="bbox 454 4918 1949 4994">
     <span class='ocr_line' id='line_1_80' title="bbox 454 4918 1949 4994; baseline -0.002 -18"><span class='ocrx_word' id='word_1_730' title='bbox 454 4918 533 4994; x_wconf 74' lang='lat'><strong>(3)</strong></span> <span class='ocrx_word' id='word_1_731' title='bbox 575 4918 801 4993; x_wconf 64' lang='lat' dir='ltr'><strong>Oportet</strong></span> <span class='ocrx_word' id='word_1_732' title='bbox 821 4941 900 4977; x_wconf 86' lang='lat' dir='ltr'><strong>me</strong></span> <span class='ocrx_word' id='word_1_733' title='bbox 938 4918 1171 4994; x_wconf 68' lang='lat' dir='ltr'><strong>attinere.</strong></span> <span class='ocrx_word' id='word_1_734' title='bbox 1199 4922 1329 4994; x_wconf 81' lang='lat' dir='ltr'><strong>Post</strong></span> <span class='ocrx_word' id='word_1_735' title='bbox 1354 4924 1467 4977; x_wconf 64' lang='lat' dir='ltr'><strong>bace</strong></span> <span class='ocrx_word' id='word_1_736' title='bbox 1488 4919 1625 4994; x_wconf 76' lang='lat' dir='ltr'><strong>adde</strong></span> <span class='ocrx_word' id='word_1_737' title='bbox 1649 4935 1712 4971; x_wconf 73' lang='lat' dir='ltr'><strong>ex</strong></span> <span class='ocrx_word' id='word_1_738' title='bbox 1738 4918 1949 4994; x_wconf 80' lang='lat' dir='ltr'><strong>Gr_:cco,</strong></span> 
     </span>
    </p>
   </div>
   <div class='ocr_carea' id='block_1_81' title="bbox 380 4987 1952 5063">
    <p class='ocr_par' dir='ltr' id='par_1_81' title="bbox 380 4987 1952 5063">
     <span class='ocr_line' id='line_1_81' title="bbox 380 4987 1952 5063; baseline -0.003 -17"><span class='ocrx_word' id='word_1_739' title='bbox 380 4987 474 5047; x_wconf 71' lang='grc' dir='ltr'><strong>Ιιοέ</strong></span> <span class='ocrx_word' id='word_1_740' title='bbox 500 4987 720 5057; x_wconf 62' lang='lat' dir='ltr'><strong>uanique</strong></span> <span class='ocrx_word' id='word_1_741' title='bbox 746 4993 1046 5063; x_wconf 73' lang='lat' dir='ltr'><strong>spiritualis</strong></span> <span class='ocrx_word' id='word_1_742' title='bbox 1070 4993 1274 5063; x_wconf 76' lang='lat' dir='ltr'><strong>generis</strong></span> <span class='ocrx_word' id='word_1_743' title='bbox 1295 4992 1456 5063; x_wconf 66' lang='lat' dir='ltr'><strong>fuisse</strong></span> <span class='ocrx_word' id='word_1_744' title='bbox 1478 4987 1952 5063; x_wconf 38' lang='lat' dir='ltr'><strong>trnduntqodeou;</strong></span> 
     </span>
    </p>
   </div>
   <div class='ocr_carea' id='block_1_82' title="bbox 376 5058 1878 5134">
    <p class='ocr_par' dir='ltr' id='par_1_82' title="bbox 376 5058 1878 5134">
     <span class='ocr_line' id='line_1_82' title="bbox 376 5058 1878 5134; baseline -0.003 -17"><span class='ocrx_word' id='word_1_745' title='bbox 376 5064 487 5134; x_wconf 83' lang='grc' dir='ltr'>γὰρ</span> <span class='ocrx_word' id='word_1_746' title='bbox 524 5058 1102 5134; x_wconf 23' lang='grc' dir='ltr'>πνευματικοῦλγένουξ</span> <span class='ocrx_word' id='word_1_747' title='bbox 1132 5058 1553 5130; x_wconf 81' lang='grc' dir='ltr'>καταγγέλλουσι</span> <span class='ocrx_word' id='word_1_748' title='bbox 1581 5058 1878 5134; x_wconf 70' lang='grc' dir='ltr'>γεγονέναι.</span> 
     </span>
    </p>
   </div>
   <div class='ocr_carea' id='block_1_83' title="bbox 451 5128 1952 5205">
    <p class='ocr_par' dir='ltr' id='par_1_83' title="bbox 451 5128 1952 5205">
     <span class='ocr_line' id='line_1_83' title="bbox 451 5128 1952 5205; baseline -0.004 -16"><span class='ocrx_word' id='word_1_749' title='bbox 451 5128 529 5205; x_wconf 72' lang='grc'><strong>(4)</strong></span> <span class='ocrx_word' id='word_1_750' title='bbox 560 5134 628 5188; x_wconf 72' lang='lat' dir='ltr'><strong>Et</strong></span> <span class='ocrx_word' id='word_1_751' title='bbox 664 5128 1294 5205; x_wconf 55' lang='grc' dir='ltr'>Ῑειξιιιειιιϊραιθαὸοιαηιζ</span> <span class='ocrx_word' id='word_1_752' title='bbox 1323 5128 1380 5187; x_wconf 87' lang='lat' dir='ltr'><strong>lu</strong></span> <span class='ocrx_word' id='word_1_753' title='bbox 1422 5134 1588 5205; x_wconf 12' lang='lat' dir='ltr'><strong>rlﬁras.</strong></span> <span class='ocrx_word' id='word_1_754' title='bbox 1652 5128 1852 5183; x_wconf 79' lang='lat' dir='ltr'><strong>Gallas.</strong></span> <span class='ocrx_word' id='word_1_755' title='bbox 1894 5138 1952 5183; x_wconf 85' lang='lat' dir='ltr'><strong>et</strong></span> 
     </span>
    </p>
   </div>
   <div class='ocr_carea' id='block_1_84' title="bbox 379 5202 1905 5271">
    <p class='ocr_par' dir='ltr' id='par_1_84' title="bbox 379 5202 1905 5271">
     <span class='ocr_line' id='line_1_84' title="bbox 379 5202 1905 5271; baseline -0.004 -12"><span class='ocrx_word' id='word_1_756' title='bbox 379 5202 616 5259; x_wconf 76' lang='lat' dir='ltr'><strong>Feuard.</strong></span> <span class='ocrx_word' id='word_1_757' title='bbox 650 5204 787 5256; x_wconf 89' lang='lat' dir='ltr'><strong>male</strong></span> <span class='ocrx_word' id='word_1_758' title='bbox 813 5222 824 5256; x_wconf 91' lang='lat'><strong>:</strong></span> <span class='ocrx_word' id='word_1_759' title='bbox 850 5212 897 5257; x_wconf 85' lang='lat' dir='ltr'><strong>et</strong></span> <span class='ocrx_word' id='word_1_760' title='bbox 930 5205 984 5255; x_wconf 87' lang='lat' dir='ltr'><strong>in</strong></span> <span class='ocrx_word' id='word_1_761' title='bbox 1012 5202 1253 5271; x_wconf 75' lang='lat' dir='ltr'><strong>fermemi</strong></span> <span class='ocrx_word' id='word_1_762' title='bbox 1280 5203 1551 5270; x_wconf 78' lang='lat' dir='ltr'><strong>parabole.</strong></span> <span class='ocrx_word' id='word_1_763' title='bbox 1625 5268 1634 5271; x_wconf 93' lang='lat'><em>_</em></span> <span class='ocrx_word' id='word_1_764' title='bbox 1750 5268 1758 5271; x_wconf 91' lang='lat'>_</span> <span class='ocrx_word' id='word_1_765' title='bbox 1902 5211 1905 5215; x_wconf 80' lang='lat'><strong><em>&#39;</em></strong></span> 
     </span>
    </p>
   </div>
   <div class='ocr_carea' id='block_1_85' title="bbox 451 5268 1949 5343">
    <p class='ocr_par' dir='ltr' id='par_1_85' title="bbox 451 5268 1949 5343">
     <span class='ocr_line' id='line_1_85' title="bbox 451 5268 1949 5343; baseline -0.003 -15"><span class='ocrx_word' id='word_1_766' title='bbox 451 5274 532 5341; x_wconf 73' lang='grc'><strong>(5)</strong></span> <span class='ocrx_word' id='word_1_767' title='bbox 570 5274 829 5326; x_wconf 72' lang='lat' dir='ltr'><strong>Animalia</strong></span> <span class='ocrx_word' id='word_1_768' title='bbox 871 5268 1068 5331; x_wconf 80' lang='lat' dir='ltr'><strong>autem.</strong></span> <span class='ocrx_word' id='word_1_769' title='bbox 1092 5273 1169 5327; x_wconf 78' lang='lat' dir='ltr'><strong>Ex</strong></span> <span class='ocrx_word' id='word_1_770' title='bbox 1204 5268 1394 5329; x_wconf 64' lang='lat' dir='ltr'><strong>Graaeo</strong></span> <span class='ocrx_word' id='word_1_771' title='bbox 1418 5275 1533 5343; x_wconf 87' lang='lat' dir='ltr'><strong>lege</strong></span> <span class='ocrx_word' id='word_1_772' title='bbox 1570 5290 1583 5324; x_wconf 86' lang='lat'>;</span> <span class='ocrx_word' id='word_1_773' title='bbox 1617 5268 1759 5321; x_wconf 66' lang='lat' dir='ltr'><strong>istud</strong></span> <span class='ocrx_word' id='word_1_774' title='bbox 1791 5284 1908 5322; x_wconf 81' lang='lat' dir='ltr'><strong>vero</strong></span> <span class='ocrx_word' id='word_1_775' title='bbox 1930 5285 1949 5323; x_wconf 92' lang='lat'><strong><em>:</em></strong></span> 
     </span>
    </p>
   </div>
   <div class='ocr_carea' id='block_1_86' title="bbox 376 5344 866 5398">
    <p class='ocr_par' dir='ltr' id='par_1_86' title="bbox 376 5344 866 5398">
     <span class='ocr_line' id='line_1_86' title="bbox 376 5344 866 5398; baseline -0.004 0"><span class='ocrx_word' id='word_1_776' title='bbox 376 5344 641 5398; x_wconf 73' lang='lat' dir='ltr'><strong>Animalia</strong></span> <span class='ocrx_word' id='word_1_777' title='bbox 671 5353 866 5396; x_wconf 76' lang='lat' dir='ltr'><strong>autem.</strong></span> 
     </span>
    </p>
   </div>
   <div class='ocr_carea' id='block_1_87' title="bbox 449 5409 1948 5486">
    <p class='ocr_par' dir='ltr' id='par_1_87' title="bbox 449 5409 1948 5486">
     <span class='ocr_line' id='line_1_87' title="bbox 449 5409 1948 5486; baseline -0.006 -18"><span class='ocrx_word' id='word_1_778' title='bbox 449 5414 528 5482; x_wconf 82' lang='lat'><strong>(6)</strong></span> <span class='ocrx_word' id='word_1_779' title='bbox 571 5412 735 5486; x_wconf 67' lang='lat' dir='ltr'><strong>Irtitiq</strong></span> <span class='ocrx_word' id='word_1_780' title='bbox 756 5413 969 5479; x_wconf 83' lang='lat' dir='ltr'><strong>accepit.</strong></span> <span class='ocrx_word' id='word_1_781' title='bbox 1001 5412 1189 5467; x_wconf 79' lang='lat' dir='ltr'><strong>Melius</strong></span> <span class='ocrx_word' id='word_1_782' title='bbox 1212 5413 1466 5486; x_wconf 81' lang='grc' dir='ltr'><strong>ἀπαρχάς</strong></span> <span class='ocrx_word' id='word_1_783' title='bbox 1498 5410 1750 5486; x_wconf 72' lang='lat' dir='ltr'><strong>vertisset</strong></span> <span class='ocrx_word' id='word_1_784' title='bbox 1784 5409 1948 5461; x_wconf 85' lang='lat' dir='ltr'><strong>inter-</strong></span> 
     </span>
    </p>
   </div>
   <div class='ocr_carea' id='block_1_88' title="bbox 377 5480 1943 5554">
    <p class='ocr_par' dir='ltr' id='par_1_88' title="bbox 377 5480 1943 5554">
     <span class='ocr_line' id='line_1_88' title="bbox 377 5480 1943 5554; baseline -0.004 -19"><span class='ocrx_word' id='word_1_785' title='bbox 377 5480 813 5551; x_wconf 76' lang='lat' dir='ltr'><strong>presprtmitias,</strong></span> <span class='ocrx_word' id='word_1_786' title='bbox 861 5494 919 5536; x_wconf 88' lang='lat' dir='ltr'><strong>ut</strong></span> <span class='ocrx_word' id='word_1_787' title='bbox 945 5492 999 5537; x_wconf 89' lang='lat' dir='ltr'><strong>et</strong></span> <span class='ocrx_word' id='word_1_788' title='bbox 1038 5488 1288 5551; x_wconf 79' lang='lat' dir='ltr'><strong>superius</strong></span> <span class='ocrx_word' id='word_1_789' title='bbox 1326 5480 1449 5554; x_wconf 77' lang='lat' dir='ltr'><strong>cap.</strong></span> <span class='ocrx_word' id='word_1_790' title='bbox 1501 5486 1532 5537; x_wconf 76' lang='lat' dir='ltr'><strong>ti</strong></span> <span class='ocrx_word' id='word_1_791' title='bbox 1564 5480 1746 5540; x_wconf 87' lang='lat' dir='ltr'><strong>vertit,</strong></span> <span class='ocrx_word' id='word_1_792' title='bbox 1780 5494 1943 5546; x_wconf 87' lang='lat' dir='ltr'><strong>quam</strong></span> 
     </span>
    </p>
   </div>
   <div class='ocr_carea' id='block_1_89' title="bbox 378 5569 552 5606">
    <p class='ocr_par' dir='ltr' id='par_1_89' title="bbox 378 5569 552 5606">
     <span class='ocr_line' id='line_1_89' title="bbox 378 5569 552 5606; baseline 0.006 -1"><span class='ocrx_word' id='word_1_793' title='bbox 378 5569 552 5606; x_wconf 79' lang='lat' dir='ltr'><strong>tuum.</strong></span> 
     </span>
    </p>
   </div>
   <div class='ocr_carea' id='block_1_90' title="bbox 449 5619 1946 5693">
    <p class='ocr_par' dir='ltr' id='par_1_90' title="bbox 449 5619 1946 5693">
     <span class='ocr_line' id='line_1_90' title="bbox 449 5619 1946 5693; baseline 0.005 -21"><span class='ocrx_word' id='word_1_794' title='bbox 449 5626 523 5691; x_wconf 77' lang='lat'><strong>(7)</strong></span> <span class='ocrx_word' id='word_1_795' title='bbox 570 5624 681 5677; x_wconf 79' lang='grc' dir='ltr'><strong>Τὸν</strong></span> <span class='ocrx_word' id='word_1_796' title='bbox 704 5622 897 5691; x_wconf 77' lang='grc' dir='ltr'>μέσον</span> <span class='ocrx_word' id='word_1_797' title='bbox 929 5619 1099 5677; x_wconf 73' lang='grc' dir='ltr'>εἶναι.</span> <span class='ocrx_word' id='word_1_798' title='bbox 1144 5623 1365 5691; x_wconf 71' lang='lat' dir='ltr'><strong>Legisse</strong></span> <span class='ocrx_word' id='word_1_799' title='bbox 1409 5625 1626 5676; x_wconf 86' lang='lat' dir='ltr'><strong>videtur</strong></span> <span class='ocrx_word' id='word_1_800' title='bbox 1677 5626 1946 5693; x_wconf 84' lang='lat' dir='ltr'><strong>interpres</strong></span> 
     </span>
    </p>
   </div>
   <div class='ocr_carea' id='block_1_91' title="bbox 375 5692 1946 5764">
    <p class='ocr_par' dir='ltr' id='par_1_91' title="bbox 375 5692 1946 5764">
     <span class='ocr_line' id='line_1_91' title="bbox 375 5692 1946 5764; baseline 0.006 -23"><span class='ocrx_word' id='word_1_801' title='bbox 375 5692 482 5743; x_wconf 83' lang='grc' dir='ltr'>τῶν</span> <span class='ocrx_word' id='word_1_802' title='bbox 515 5695 713 5762; x_wconf 79' lang='grc' dir='ltr'>μέσων,</span> <span class='ocrx_word' id='word_1_803' title='bbox 747 5695 848 5755; x_wconf 71' lang='lat' dir='ltr'><strong>vel,</strong></span> <span class='ocrx_word' id='word_1_804' title='bbox 885 5695 949 5746; x_wconf 83' lang='grc' dir='ltr'>ὲκ</span> <span class='ocrx_word' id='word_1_805' title='bbox 994 5694 1101 5746; x_wconf 85' lang='grc' dir='ltr'>τῶν</span> <span class='ocrx_word' id='word_1_806' title='bbox 1156 5696 1335 5762; x_wconf 87' lang='grc' dir='ltr'>μέσων</span> <span class='ocrx_word' id='word_1_807' title='bbox 1361 5733 1376 5757; x_wconf 86' lang='grc'><strong>,</strong></span> <span class='ocrx_word' id='word_1_808' title='bbox 1421 5696 1580 5747; x_wconf 77' lang='lat' dir='ltr'><strong>Sit&#39;llli</strong></span> <span class='ocrx_word' id='word_1_809' title='bbox 1629 5696 1785 5761; x_wconf 85' lang='lat' dir='ltr'><strong>paulo</strong></span> <span class='ocrx_word' id='word_1_810' title='bbox 1826 5692 1946 5764; x_wconf 86' lang='lat' dir='ltr'><strong>post</strong></span> 
     </span>
    </p>
   </div>
   <div class='ocr_carea' id='block_1_92' title="bbox 376 5764 1843 5835">
    <p class='ocr_par' dir='ltr' id='par_1_92' title="bbox 376 5764 1843 5835">
     <span class='ocr_line' id='line_1_92' title="bbox 376 5764 1843 5835; baseline -0.003 -19"><span class='ocrx_word' id='word_1_811' title='bbox 376 5766 633 5817; x_wconf 72' lang='lat' dir='ltr'><strong>scribitur</strong></span> <span class='ocrx_word' id='word_1_812' title='bbox 654 5806 668 5829; x_wconf 86' lang='lat'><strong>,</strong></span> <span class='ocrx_word' id='word_1_813' title='bbox 696 5764 878 5815; x_wconf 76' lang='grc' dir='ltr'>τοῦτον</span> <span class='ocrx_word' id='word_1_814' title='bbox 914 5764 1005 5817; x_wconf 76' lang='grc' dir='ltr'><strong>τοῦ</strong></span> <span class='ocrx_word' id='word_1_815' title='bbox 1058 5765 1288 5835; x_wconf 70' lang='grc' dir='ltr'>ψυχικοῦ</span> <span class='ocrx_word' id='word_1_816' title='bbox 1324 5767 1510 5834; x_wconf 73' lang='grc' dir='ltr'>γένους</span> <span class='ocrx_word' id='word_1_817' title='bbox 1541 5765 1843 5832; x_wconf 53' lang='grc' dir='ltr'>γεγονέναη</span> 
     </span>
    </p>
   </div>
   <div class='ocr_carea' id='block_1_93' title="bbox 2078 4250 3630 4326">
    <p class='ocr_par' dir='ltr' id='par_1_93' title="bbox 2078 4250 3630 4326">
     <span class='ocr_line' id='line_1_93' title="bbox 2078 4250 3630 4326; baseline -0.005 -18"><span class='ocrx_word' id='word_1_818' title='bbox 2078 4252 2122 4283; x_wconf 75' lang='grc'><strong>’³</strong></span> <span class='ocrx_word' id='word_1_819' title='bbox 2162 4253 2178 4307; x_wconf 94' lang='grc' dir='ltr'><strong>Ι</strong></span> <span class='ocrx_word' id='word_1_820' title='bbox 2218 4255 2345 4311; x_wconf 89' lang='lat' dir='ltr'><strong>Cor.</strong></span> <span class='ocrx_word' id='word_1_821' title='bbox 2380 4272 2442 4326; x_wconf 85' lang='lat' dir='ltr'><strong>tl,</strong></span> <span class='ocrx_word' id='word_1_822' title='bbox 2475 4257 2562 4311; x_wconf 73' lang='grc' dir='ltr'>Η.</span> <span class='ocrx_word' id='word_1_823' title='bbox 2664 4255 2710 4285; x_wconf 79' lang='grc'>³³</span> <span class='ocrx_word' id='word_1_824' title='bbox 2740 4252 2874 4307; x_wconf 85' lang='lat' dir='ltr'><strong>Ibid.</strong></span> <span class='ocrx_word' id='word_1_825' title='bbox 2907 4270 2959 4316; x_wconf 79' lang='grc' dir='ltr'><strong>ν,</strong></span> <span class='ocrx_word' id='word_1_826' title='bbox 2994 4253 3080 4306; x_wconf 71' lang='lat' dir='ltr'><strong>lii.</strong></span> <span class='ocrx_word' id='word_1_827' title='bbox 3158 4253 3201 4282; x_wconf 75' lang='lat'><strong>&quot;</strong></span> <span class='ocrx_word' id='word_1_828' title='bbox 3245 4250 3400 4304; x_wconf 78' lang='lat' dir='ltr'><strong>Rom.</strong></span> <span class='ocrx_word' id='word_1_829' title='bbox 3442 4268 3515 4313; x_wconf 76' lang='lat' dir='ltr'><strong>xl,</strong></span> <span class='ocrx_word' id='word_1_830' title='bbox 3550 4250 3630 4304; x_wconf 80' lang='grc'><strong>16.</strong></span> 
     </span>
    </p>
   </div>
   <div class='ocr_carea' id='block_1_94' title="bbox 2137 4433 3629 4506">
    <p class='ocr_par' dir='ltr' id='par_1_94' title="bbox 2137 4433 3629 4506">
     <span class='ocr_line' id='line_1_94' title="bbox 2137 4433 3629 4506; baseline -0.003 -16"><span class='ocrx_word' id='word_1_831' title='bbox 2137 4433 2213 4504; x_wconf 88' lang='grc'><strong>(8)</strong></span> <span class='ocrx_word' id='word_1_832' title='bbox 2263 4437 2547 4505; x_wconf 73' lang='grc' dir='ltr'>Ἀλεύρου</span> <span class='ocrx_word' id='word_1_833' title='bbox 2578 4438 2752 4492; x_wconf 82' lang='grc' dir='ltr'>σάτα.</span> <span class='ocrx_word' id='word_1_834' title='bbox 2796 4437 2935 4506; x_wconf 80' lang='lat' dir='ltr'><strong>Lege</strong></span> <span class='ocrx_word' id='word_1_835' title='bbox 2975 4454 3096 4490; x_wconf 89' lang='lat' dir='ltr'><strong>cum</strong></span> <span class='ocrx_word' id='word_1_836' title='bbox 3152 4438 3349 4503; x_wconf 90' lang='lat' dir='ltr'><strong>interp.</strong></span> <span class='ocrx_word' id='word_1_837' title='bbox 3402 4435 3629 4506; x_wconf 77' lang='grc' dir='ltr'>ἀλεύρου</span> 
     </span>
    </p>
   </div>
   <div class='ocr_carea' id='block_1_95' title="bbox 2062 4504 3623 4578">
    <p class='ocr_par' dir='ltr' id='par_1_95' title="bbox 2062 4504 3623 4578">
     <span class='ocr_line' id='line_1_95' title="bbox 2062 4504 3623 4578; baseline 0 -20"><span class='ocrx_word' id='word_1_838' title='bbox 2062 4506 2119 4561; x_wconf 84' lang='grc' dir='ltr'>δὲ</span> <span class='ocrx_word' id='word_1_839' title='bbox 2156 4508 2290 4559; x_wconf 86' lang='grc' dir='ltr'>σάτα</span> <span class='ocrx_word' id='word_1_840' title='bbox 2318 4504 2465 4578; x_wconf 81' lang='grc' dir='ltr'>τρία,</span> <span class='ocrx_word' id='word_1_841' title='bbox 2506 4510 2557 4561; x_wconf 92' lang='lat' dir='ltr'><strong>id</strong></span> <span class='ocrx_word' id='word_1_842' title='bbox 2588 4510 2733 4561; x_wconf 89' lang='lat' dir='ltr'><strong>enim</strong></span> <span class='ocrx_word' id='word_1_843' title='bbox 2776 4504 2895 4561; x_wconf 62' lang='lat' dir='ltr'><strong>non</strong></span> <span class='ocrx_word' id='word_1_844' title='bbox 2911 4508 3068 4561; x_wconf 87' lang='lat' dir='ltr'><strong>modo</strong></span> <span class='ocrx_word' id='word_1_845' title='bbox 3097 4522 3290 4561; x_wconf 87' lang='lat' dir='ltr'><strong>sensus</strong></span> <span class='ocrx_word' id='word_1_846' title='bbox 3320 4506 3514 4576; x_wconf 75' lang='lat' dir='ltr'><strong>exigit,</strong></span> <span class='ocrx_word' id='word_1_847' title='bbox 3536 4504 3623 4560; x_wconf 79' lang='lat' dir='ltr'><strong>Sed</strong></span> 
     </span>
    </p>
   </div>
   <div class='ocr_carea' id='block_1_96' title="bbox 2059 4577 3239 4646">
    <p class='ocr_par' dir='ltr' id='par_1_96' title="bbox 2059 4577 3239 4646">
     <span class='ocr_line' id='line_1_96' title="bbox 2059 4577 3239 4646; baseline 0.002 -15"><span class='ocrx_word' id='word_1_848' title='bbox 2059 4587 2115 4631; x_wconf 89' lang='lat' dir='ltr'><strong>et</strong></span> <span class='ocrx_word' id='word_1_849' title='bbox 2149 4587 2329 4630; x_wconf 78' lang='lat' dir='ltr'><strong>textus</strong></span> <span class='ocrx_word' id='word_1_850' title='bbox 2355 4577 2585 4632; x_wconf 46' lang='lat' dir='ltr'><strong>&#39;Grtecns</strong></span> <span class='ocrx_word' id='word_1_851' title='bbox 2616 4578 2775 4646; x_wconf 85' lang='lat' dir='ltr'><strong>paulo</strong></span> <span class='ocrx_word' id='word_1_852' title='bbox 2805 4589 2929 4632; x_wconf 89' lang='lat' dir='ltr'><strong>ante</strong></span> <span class='ocrx_word' id='word_1_853' title='bbox 2956 4578 3027 4629; x_wconf 88' lang='lat' dir='ltr'><strong>ita</strong></span> <span class='ocrx_word' id='word_1_854' title='bbox 3060 4585 3239 4646; x_wconf 83' lang='lat' dir='ltr'><strong>sonat.</strong></span> 
     </span>
    </p>
   </div>
   <div class='ocr_carea' id='block_1_97' title="bbox 2130 4644 3623 4716">
    <p class='ocr_par' dir='ltr' id='par_1_97' title="bbox 2130 4644 3623 4716">
     <span class='ocr_line' id='line_1_97' title="bbox 2130 4644 3623 4716; baseline -0.003 -15"><span class='ocrx_word' id='word_1_855' title='bbox 2130 4647 2209 4714; x_wconf 88' lang='lat'><strong>(9)</strong></span> <span class='ocrx_word' id='word_1_856' title='bbox 2257 4647 2331 4716; x_wconf 81' lang='grc' dir='ltr'><strong>Τὰ</strong></span> <span class='ocrx_word' id='word_1_857' title='bbox 2360 4648 2465 4701; x_wconf 85' lang='grc' dir='ltr'><strong>τοῦ</strong></span> <span class='ocrx_word' id='word_1_858' title='bbox 2497 4644 2851 4716; x_wconf 70' lang='grc' dir='ltr'>πνεὶῗιματος.</span> <span class='ocrx_word' id='word_1_859' title='bbox 2885 4646 2990 4700; x_wconf 80' lang='grc' dir='ltr'>Τοῦ</span> <span class='ocrx_word' id='word_1_860' title='bbox 3021 4644 3156 4700; x_wconf 83' lang='grc' dir='ltr'>Θεοῦ</span> <span class='ocrx_word' id='word_1_861' title='bbox 3204 4646 3409 4701; x_wconf 89' lang='lat' dir='ltr'><strong>addunt</strong></span> <span class='ocrx_word' id='word_1_862' title='bbox 3461 4645 3623 4701; x_wconf 83' lang='lat' dir='ltr'><strong>nostri</strong></span> 
     </span>
    </p>
   </div>
   <div class='ocr_carea' id='block_1_98' title="bbox 2056 4712 3622 4783">
    <p class='ocr_par' dir='ltr' id='par_1_98' title="bbox 2056 4712 3622 4783">
     <span class='ocr_line' id='line_1_98' title="bbox 2056 4712 3622 4783; baseline -0.001 -14"><span class='ocrx_word' id='word_1_863' title='bbox 2056 4712 2199 4772; x_wconf 68' lang='lat' dir='ltr'><strong>Novi</strong></span> <span class='ocrx_word' id='word_1_864' title='bbox 2230 4715 2382 4771; x_wconf 85' lang='lat' dir='ltr'><strong>Test.</strong></span> <span class='ocrx_word' id='word_1_865' title='bbox 2413 4712 2659 4772; x_wconf 63' lang='lat' dir='ltr'><strong>codices.</strong></span> <span class='ocrx_word' id='word_1_866' title='bbox 2694 4712 2845 4783; x_wconf 85' lang='lat' dir='ltr'><strong>Quod</strong></span> <span class='ocrx_word' id='word_1_867' title='bbox 2902 4718 3168 4770; x_wconf 85' lang='lat' dir='ltr'><strong>omissum</strong></span> <span class='ocrx_word' id='word_1_868' title='bbox 3195 4726 3277 4770; x_wconf 91' lang='lat' dir='ltr'><strong>est</strong></span> <span class='ocrx_word' id='word_1_869' title='bbox 3322 4732 3429 4770; x_wconf 91' lang='lat' dir='ltr'><strong>non</strong></span> <span class='ocrx_word' id='word_1_870' title='bbox 3458 4718 3622 4771; x_wconf 81' lang='lat' dir='ltr'><strong>soluat</strong></span> 
     </span>
    </p>
   </div>
   <div class='ocr_carea' id='block_1_99' title="bbox 2057 4786 3615 4857">
    <p class='ocr_par' dir='ltr' id='par_1_99' title="bbox 2057 4786 3615 4857">
     <span class='ocr_line' id='line_1_99' title="bbox 2057 4786 3615 4857; baseline -0.002 -17"><span class='ocrx_word' id='word_1_871' title='bbox 2057 4786 2162 4841; x_wconf 79' lang='lat' dir='ltr'><strong>lioe</strong></span> <span class='ocrx_word' id='word_1_872' title='bbox 2192 4790 2333 4849; x_wconf 92' lang='lat' dir='ltr'><strong>loco,</strong></span> <span class='ocrx_word' id='word_1_873' title='bbox 2370 4790 2463 4840; x_wconf 85' lang='lat' dir='ltr'><strong>sed</strong></span> <span class='ocrx_word' id='word_1_874' title='bbox 2502 4799 2556 4841; x_wconf 85' lang='lat' dir='ltr'><strong>et</strong></span> <span class='ocrx_word' id='word_1_875' title='bbox 2585 4790 2634 4840; x_wconf 93' lang='lat' dir='ltr'><strong>in</strong></span> <span class='ocrx_word' id='word_1_876' title='bbox 2670 4789 2899 4857; x_wconf 85' lang='lat' dir='ltr'><strong>Syriaca</strong></span> <span class='ocrx_word' id='word_1_877' title='bbox 2941 4788 3213 4848; x_wconf 86' lang='lat' dir='ltr'><strong>versione,</strong></span> <span class='ocrx_word' id='word_1_878' title='bbox 3245 4786 3615 4857; x_wconf 85' lang='lat' dir='ltr'><strong>aeChrysost.</strong></span> 
     </span>
    </p>
   </div>
   <div class='ocr_carea' id='block_1_100' title="bbox 2056 4856 3613 4912">
    <p class='ocr_par' dir='ltr' id='par_1_100' title="bbox 2056 4856 3613 4912">
     <span class='ocr_line' id='line_1_100' title="bbox 2056 4856 3613 4912; baseline -0.003 -3"><span class='ocrx_word' id='word_1_879' title='bbox 2056 4857 2109 4909; x_wconf 90' lang='lat' dir='ltr'><strong>in</strong></span> <span class='ocrx_word' id='word_1_880' title='bbox 2141 4858 2352 4912; x_wconf 85' lang='lat' dir='ltr'><strong>Comm.</strong></span> <span class='ocrx_word' id='word_1_881' title='bbox 2386 4857 2496 4910; x_wconf 89' lang='lat' dir='ltr'><strong>adl</strong></span> <span class='ocrx_word' id='word_1_882' title='bbox 2547 4858 2675 4912; x_wconf 88' lang='lat' dir='ltr'><strong>Cor.</strong></span> <span class='ocrx_word' id='word_1_883' title='bbox 2716 4856 2803 4911; x_wconf 66' lang='grc' dir='ltr'>ιιι.</span> <span class='ocrx_word' id='word_1_884' title='bbox 2833 4860 3083 4911; x_wconf 75' lang='lat' dir='ltr'><strong>Clemens</strong></span> <span class='ocrx_word' id='word_1_885' title='bbox 3113 4872 3240 4911; x_wconf 85' lang='lat' dir='ltr'><strong>vero</strong></span> <span class='ocrx_word' id='word_1_886' title='bbox 3261 4856 3417 4909; x_wconf 80' lang='lat' dir='ltr'><strong>Alex.</strong></span> <span class='ocrx_word' id='word_1_887' title='bbox 3453 4856 3545 4909; x_wconf 91' lang='lat' dir='ltr'><strong>lib.</strong></span> <span class='ocrx_word' id='word_1_888' title='bbox 3599 4868 3613 4904; x_wconf 91' lang='grc' dir='ltr'><strong>ι</strong></span> 
     </span>
    </p>
   </div>
   <div class='ocr_carea' id='block_1_101' title="bbox 2055 4925 3617 4997">
    <p class='ocr_par' dir='ltr' id='par_1_101' title="bbox 2055 4925 3617 4997">
     <span class='ocr_line' id='line_1_101' title="bbox 2055 4925 3617 4997; baseline -0.003 -17"><span class='ocrx_word' id='word_1_889' title='bbox 2055 4925 2419 4994; x_wconf 77' lang='lat' dir='ltr'><strong>Strom..pag.</strong></span> <span class='ocrx_word' id='word_1_890' title='bbox 2454 4926 2584 4997; x_wconf 63' lang='lat'><strong>29&#39;],</strong></span> <span class='ocrx_word' id='word_1_891' title='bbox 2631 4931 2745 4981; x_wconf 72' lang='lat' dir='ltr'><strong>luce</strong></span> <span class='ocrx_word' id='word_1_892' title='bbox 2777 4927 3019 4997; x_wconf 79' lang='lat' dir='ltr'><strong>Apostol.</strong></span> <span class='ocrx_word' id='word_1_893' title='bbox 3057 4928 3220 4997; x_wconf 85' lang='lat' dir='ltr'><strong>verba</strong></span> <span class='ocrx_word' id='word_1_894' title='bbox 3274 4927 3463 4990; x_wconf 78' lang='lat' dir='ltr'><strong>refert,</strong></span> <span class='ocrx_word' id='word_1_895' title='bbox 3502 4940 3617 4997; x_wconf 85' lang='lat' dir='ltr'><strong>cum</strong></span> 
     </span>
    </p>
   </div>
   <div class='ocr_carea' id='block_1_102' title="bbox 2054 4995 3615 5075">
    <p class='ocr_par' dir='ltr' id='par_1_102' title="bbox 2054 4995 3615 5075">
     <span class='ocr_line' id='line_1_102' title="bbox 2054 4995 3615 5075; baseline 0 -28"><span class='ocrx_word' id='word_1_896' title='bbox 2054 4998 2282 5051; x_wconf 89' lang='lat' dir='ltr'><strong>vocibus</strong></span> <span class='ocrx_word' id='word_1_897' title='bbox 2310 4997 2402 5049; x_wconf 75' lang='grc' dir='ltr'><strong>τοῦ</strong></span> <span class='ocrx_word' id='word_1_898' title='bbox 2428 4995 2563 5049; x_wconf 87' lang='grc' dir='ltr'>Θεοῦ</span> <span class='ocrx_word' id='word_1_899' title='bbox 2584 5015 2595 5026; x_wconf 95' lang='grc'><strong>·</strong></span> <span class='ocrx_word' id='word_1_900' title='bbox 2621 4995 2913 5075; x_wconf 37' lang='lat' dir='ltr'><strong>_at-lib.;v,h</strong></span> <span class='ocrx_word' id='word_1_901' title='bbox 2919 5011 3040 5075; x_wconf 84' lang='lat' dir='ltr'><strong>pag.</strong></span> <span class='ocrx_word' id='word_1_902' title='bbox 3228 4996 3424 5075; x_wconf 73' lang='lat' dir='ltr'><strong>eadem</strong></span> <span class='ocrx_word' id='word_1_903' title='bbox 3463 4995 3615 5075; x_wconf 61' lang='lat' dir='ltr'><strong>verba</strong></span> 
     </span>
    </p>
   </div>
   <div class='ocr_carea' id='block_1_103' title="bbox 2055 5064 3617 5134">
    <p class='ocr_par' dir='ltr' id='par_1_103' title="bbox 2055 5064 3617 5134">
     <span class='ocr_line' id='line_1_103' title="bbox 2055 5064 3617 5134; baseline -0.002 -17"><span class='ocrx_word' id='word_1_904' title='bbox 2055 5080 2487 5120; x_wconf 86' lang='lat' dir='ltr'><strong>conuuemorans</strong></span> <span class='ocrx_word' id='word_1_905' title='bbox 2526 5069 2726 5119; x_wconf 91' lang='lat' dir='ltr'><strong>omittit</strong></span> <span class='ocrx_word' id='word_1_906' title='bbox 2757 5067 2849 5120; x_wconf 85' lang='grc' dir='ltr'><strong>τοῦ</strong></span> <span class='ocrx_word' id='word_1_907' title='bbox 2878 5064 3032 5119; x_wconf 83' lang='grc' dir='ltr'>Θεοῦ.</span> <span class='ocrx_word' id='word_1_908' title='bbox 3066 5064 3201 5119; x_wconf 83' lang='lat' dir='ltr'><strong>Hinc</strong></span> <span class='ocrx_word' id='word_1_909' title='bbox 3250 5064 3454 5134; x_wconf 78' lang='lat' dir='ltr'><strong>colligit</strong></span> <span class='ocrx_word' id='word_1_910' title='bbox 3488 5065 3617 5118; x_wconf 83' lang='lat' dir='ltr'><strong>Gra—</strong></span> 
     </span>
    </p>
   </div>
   <div class='ocr_carea' id='block_1_104' title="bbox 2056 5132 3609 5206">
    <p class='ocr_par' dir='ltr' id='par_1_104' title="bbox 2056 5132 3609 5206">
     <span class='ocr_line' id='line_1_104' title="bbox 2056 5132 3609 5206; baseline -0.004 -19"><span class='ocrx_word' id='word_1_911' title='bbox 2056 5135 2177 5189; x_wconf 92' lang='lat' dir='ltr'><strong>bins</strong></span> <span class='ocrx_word' id='word_1_912' title='bbox 2204 5137 2317 5189; x_wconf 80' lang='lat' dir='ltr'><strong>bas</strong></span> <span class='ocrx_word' id='word_1_913' title='bbox 2347 5151 2509 5191; x_wconf 84' lang='lat' dir='ltr'><strong>voces</strong></span> <span class='ocrx_word' id='word_1_914' title='bbox 2533 5137 2703 5206; x_wconf 90' lang='lat' dir='ltr'><strong>priori</strong></span> <span class='ocrx_word' id='word_1_915' title='bbox 2734 5137 2855 5193; x_wconf 88' lang='lat' dir='ltr'><strong>loco</strong></span> <span class='ocrx_word' id='word_1_916' title='bbox 2888 5154 2915 5189; x_wconf 85' lang='lat' dir='ltr'><strong>a</strong></span> <span class='ocrx_word' id='word_1_917' title='bbox 2952 5136 3237 5189; x_wconf 83' lang='lat' dir='ltr'><strong>recentiori</strong></span> <span class='ocrx_word' id='word_1_918' title='bbox 3272 5132 3414 5206; x_wconf 75' lang='lat' dir='ltr'><strong>forte</strong></span> <span class='ocrx_word' id='word_1_919' title='bbox 3438 5134 3609 5189; x_wconf 84' lang='lat' dir='ltr'><strong>scriba</strong></span> 
     </span>
    </p>
   </div>
   <div class='ocr_carea' id='block_1_105' title="bbox 2054 5204 3608 5265">
    <p class='ocr_par' dir='ltr' id='par_1_105' title="bbox 2054 5204 3608 5265">
     <span class='ocr_line' id='line_1_105' title="bbox 2054 5204 3608 5265; baseline -0.003 -9"><span class='ocrx_word' id='word_1_920' title='bbox 2054 5206 2265 5259; x_wconf 87' lang='lat' dir='ltr'><strong>additas</strong></span> <span class='ocrx_word' id='word_1_921' title='bbox 2318 5207 2503 5265; x_wconf 89' lang='lat' dir='ltr'><strong>fuisse.</strong></span> <span class='ocrx_word' id='word_1_922' title='bbox 2534 5204 2667 5261; x_wconf 28' lang='lat' dir='ltr'><strong>‘Sed</strong></span> <span class='ocrx_word' id='word_1_923' title='bbox 2718 5224 2825 5262; x_wconf 92' lang='lat' dir='ltr'><strong>non</strong></span> <span class='ocrx_word' id='word_1_924' title='bbox 2880 5209 3016 5260; x_wconf 85' lang='lat' dir='ltr'><strong>satis</strong></span> <span class='ocrx_word' id='word_1_925' title='bbox 3077 5208 3235 5259; x_wconf 79' lang='lat' dir='ltr'><strong>(trina</strong></span> <span class='ocrx_word' id='word_1_926' title='bbox 3292 5204 3503 5258; x_wconf 87' lang='lat' dir='ltr'><strong>videtur</strong></span> <span class='ocrx_word' id='word_1_927' title='bbox 3550 5217 3608 5253; x_wconf 83' lang='lat' dir='ltr'><strong>ea</strong></span> 
     </span>
    </p>
   </div>
   <div class='ocr_carea' id='block_1_106' title="bbox 2054 5270 3607 5347">
    <p class='ocr_par' dir='ltr' id='par_1_106' title="bbox 2054 5270 3607 5347">
     <span class='ocr_line' id='line_1_106' title="bbox 2054 5270 3607 5347; baseline 0.004 -22"><span class='ocrx_word' id='word_1_928' title='bbox 2054 5278 2385 5345; x_wconf 84' lang='lat' dir='ltr'><strong>conjectura.</strong></span> <span class='ocrx_word' id='word_1_929' title='bbox 2426 5277 2682 5332; x_wconf 85' lang='lat' dir='ltr'><strong>Clemens</strong></span> <span class='ocrx_word' id='word_1_930' title='bbox 2719 5278 2863 5331; x_wconf 89' lang='lat' dir='ltr'><strong>enim</strong></span> <span class='ocrx_word' id='word_1_931' title='bbox 2909 5277 3005 5329; x_wconf 91' lang='lat' dir='ltr'><strong>lib.</strong></span> <span class='ocrx_word' id='word_1_932' title='bbox 3038 5291 3067 5326; x_wconf 91' lang='lat' dir='ltr'><strong>v</strong></span> <span class='ocrx_word' id='word_1_933' title='bbox 3128 5273 3326 5347; x_wconf 80' lang='lat' dir='ltr'><strong>Strom.</strong></span> <span class='ocrx_word' id='word_1_934' title='bbox 3372 5270 3607 5347; x_wconf 70' lang='lat' dir='ltr'><strong>Apostoli</strong></span> 
     </span>
    </p>
   </div>
   <div class='ocr_carea' id='block_1_107' title="bbox 2054 5345 3610 5417">
    <p class='ocr_par' dir='ltr' id='par_1_107' title="bbox 2054 5345 3610 5417">
     <span class='ocr_line' id='line_1_107' title="bbox 2054 5345 3610 5417; baseline -0.005 -19"><span class='ocrx_word' id='word_1_935' title='bbox 2054 5351 2217 5417; x_wconf 70' lang='lat' dir='ltr'><strong>verba</strong></span> <span class='ocrx_word' id='word_1_936' title='bbox 2264 5361 2370 5400; x_wconf 92' lang='lat' dir='ltr'><strong>non</strong></span> <span class='ocrx_word' id='word_1_937' title='bbox 2412 5363 2477 5402; x_wconf 73' lang='lat' dir='ltr'><strong>ex</strong></span> <span class='ocrx_word' id='word_1_938' title='bbox 2511 5347 2777 5417; x_wconf 86' lang='lat' dir='ltr'><strong>professo,</strong></span> <span class='ocrx_word' id='word_1_939' title='bbox 2805 5348 2899 5402; x_wconf 89' lang='lat' dir='ltr'><strong>sed</strong></span> <span class='ocrx_word' id='word_1_940' title='bbox 2930 5362 2996 5399; x_wconf 81' lang='lat' dir='ltr'><strong>ex</strong></span> <span class='ocrx_word' id='word_1_941' title='bbox 3032 5345 3300 5417; x_wconf 86' lang='lat' dir='ltr'><strong>memoria</strong></span> <span class='ocrx_word' id='word_1_942' title='bbox 3340 5345 3610 5417; x_wconf 79' lang='lat' dir='ltr'><strong>citarevi-</strong></span> 
     </span>
    </p>
   </div>
   <div class='ocr_carea' id='block_1_108' title="bbox 2052 5413 3607 5490">
    <p class='ocr_par' dir='ltr' id='par_1_108' title="bbox 2052 5413 3607 5490">
     <span class='ocr_line' id='line_1_108' title="bbox 2052 5413 3607 5490; baseline -0.001 -24"><span class='ocrx_word' id='word_1_943' title='bbox 2052 5415 2230 5479; x_wconf 85' lang='lat' dir='ltr'><strong>detur,</strong></span> <span class='ocrx_word' id='word_1_944' title='bbox 2284 5418 2451 5490; x_wconf 88' lang='lat' dir='ltr'><strong>tacito</strong></span> <span class='ocrx_word' id='word_1_945' title='bbox 2503 5413 2671 5471; x_wconf 74' lang='lat' dir='ltr'><strong>etiam</strong></span> <span class='ocrx_word' id='word_1_946' title='bbox 2720 5417 2964 5490; x_wconf 84' lang='lat' dir='ltr'><strong>Apostoli</strong></span> <span class='ocrx_word' id='word_1_947' title='bbox 3026 5416 3277 5477; x_wconf 87' lang='lat' dir='ltr'><strong>nomine,</strong></span> <span class='ocrx_word' id='word_1_948' title='bbox 3319 5424 3391 5490; x_wconf 70' lang='lat' dir='ltr'><strong>et</strong></span> <span class='ocrx_word' id='word_1_949' title='bbox 3439 5413 3607 5467; x_wconf 78' lang='lat' dir='ltr'><strong>solum</strong></span> 
     </span>
    </p>
   </div>
   <div class='ocr_carea' id='block_1_109' title="bbox 2042 5484 3604 5556">
    <p class='ocr_par' dir='ltr' id='par_1_109' title="bbox 2042 5484 3604 5556">
     <span class='ocr_line' id='line_1_109' title="bbox 2042 5484 3604 5556; baseline -0.001 -21"><span class='ocrx_word' id='word_1_950' title='bbox 2042 5499 2311 5556; x_wconf 72' lang='lat' dir='ltr'><strong>quantum</strong></span> <span class='ocrx_word' id='word_1_951' title='bbox 2338 5489 2402 5540; x_wconf 89' lang='lat' dir='ltr'><strong>ad</strong></span> <span class='ocrx_word' id='word_1_952' title='bbox 2440 5502 2667 5556; x_wconf 87' lang='lat' dir='ltr'><strong>scopum</strong></span> <span class='ocrx_word' id='word_1_953' title='bbox 2706 5484 3111 5549; x_wconf 71' lang='lat' dir='ltr'><strong>conducebant,</strong></span> <span class='ocrx_word' id='word_1_954' title='bbox 3147 5493 3206 5539; x_wconf 89' lang='lat' dir='ltr'><strong>ut</strong></span> <span class='ocrx_word' id='word_1_955' title='bbox 3253 5484 3463 5556; x_wconf 78' lang='lat' dir='ltr'><strong>scilicet</strong></span> <span class='ocrx_word' id='word_1_956' title='bbox 3486 5497 3604 5551; x_wconf 86' lang='lat' dir='ltr'><strong>pro-</strong></span> 
     </span>
    </p>
   </div>
   <div class='ocr_carea' id='block_1_110' title="bbox 2051 5554 3606 5665">
    <p class='ocr_par' dir='ltr' id='par_1_110' title="bbox 2051 5554 3606 5665">
     <span class='ocr_line' id='line_1_110' title="bbox 2051 5554 3606 5665; baseline 0.001 -57"><span class='ocrx_word' id='word_1_957' title='bbox 2051 5554 2210 5665; x_wconf 51' lang='lat' dir='ltr'><strong>brare:</strong></span> <span class='ocrx_word' id='word_1_958' title='bbox 2248 5574 2290 5665; x_wconf 70' lang='lat' dir='ltr'><strong>Ia</strong></span> <span class='ocrx_word' id='word_1_959' title='bbox 2339 5554 2715 5626; x_wconf 73' lang='lat' dir='ltr'><strong>spiritualibus</strong></span> <span class='ocrx_word' id='word_1_960' title='bbox 2767 5560 3034 5612; x_wconf 75' lang='lat' dir='ltr'><strong>duntaxat</strong></span> <span class='ocrx_word' id='word_1_961' title='bbox 3084 5554 3413 5626; x_wconf 79' lang='lat' dir='ltr'><strong>apprehendi</strong></span> <span class='ocrx_word' id='word_1_962' title='bbox 3449 5564 3606 5624; x_wconf 49' lang='lat' dir='ltr'><strong>posss!</strong></span> 
     </span>
    </p>
   </div>
   <div class='ocr_carea' id='block_1_111' title="bbox 2050 5629 3045 5768">
    <p class='ocr_par' dir='ltr' id='par_1_111' title="bbox 2050 5629 3045 5768">
     <span class='ocr_line' id='line_1_111' title="bbox 2050 5629 2338 5692; baseline 0.01 -15"><span class='ocrx_word' id='word_1_963' title='bbox 2050 5629 2338 5692; x_wconf 84' lang='lat' dir='ltr'><strong>spiritalia.</strong></span> 
     </span>
     <span class='ocr_line' id='line_1_112' title="bbox 2118 5689 3045 5768; baseline -0.005 -15"><span class='ocrx_word' id='word_1_964' title='bbox 2118 5698 2231 5768; x_wconf 80' lang='lat' dir='ltr'><strong>(l0)</strong></span> <span class='ocrx_word' id='word_1_965' title='bbox 2278 5701 2405 5753; x_wconf 84' lang='grc' dir='ltr'>’Ότι</span> <span class='ocrx_word' id='word_1_966' title='bbox 2436 5698 2593 5753; x_wconf 66' lang='grc' dir='ltr'><strong>ἰδὼν.</strong></span> <span class='ocrx_word' id='word_1_967' title='bbox 2634 5696 2761 5766; x_wconf 79' lang='lat' dir='ltr'><strong>ch.</strong></span> <span class='ocrx_word' id='word_1_968' title='bbox 2792 5698 2873 5750; x_wconf 80' lang='grc' dir='ltr'>ὅτι</span> <span class='ocrx_word' id='word_1_969' title='bbox 2900 5696 2945 5751; x_wconf 82' lang='grc' dir='ltr'><strong>δ’</strong></span> <span class='ocrx_word' id='word_1_970' title='bbox 2972 5689 3045 5749; x_wconf 79' lang='grc' dir='ltr'>ὧν</span> 
     </span>
    </p>
   </div>
  </div>
