3880 6358
202 410 295 464 5'»?
1209 402 1488 461 CONTRA
1526 399 1867 457 H.-ERESES
1901 398 2103 454 LIBER
2137 396 2418 454 PRIMUS.
3341 396 3448 455 53S

202 526 374 588 οὕτως·
398 524 501 577 Καὶ
531 526 565 578 d
594 524 784 593 Λόγος
811 524 970 593 σὰρξ
994 524 1250 596 ἐγένετο,
1287 527 1381 577 καὶ
1409 524 1765 590 ἐσκήνωσεν
1796 567 1806 591 Α

1898 537 2017 585 tem,
2056 528 2110 573 et
2141 518 2460 573 Veritatem.
2496 515 2587 569 Sic
2622 515 2863 570 Joannes
2891 517 2954 568 de
2982 515 3155 585 prima
3194 523 3248 569 et
3277 526 3452 570 matre

200 617 262 665 ἐν
313 614 480 683 ἡμῖν,
546 617 645 668 καὶ
699 616 1065 686 ἐθεασάμεθα
1136 618 1248 684 τὴν
1314 617 1501 681 δόξαν
1557 618 1766 678 αὐτοῦ,

1898 614 2111 666 ηιιιιίιιιιι
2134 609 2369 666 Eanum
2396 608 2641 678 ogdoade
2668 609 2826 664 dixit.
2863 608 3080 660 l‘atreni
3117 608 3265 660 enini
3288 608 3448 671 dixit,

200 708 370 771 δόξαν
431 708 511 773 ὡς
560 709 926 777 μονογενοῦς
982 711 1142 776 παρὰ
1192 710 1453 778 Πατρός,
1531 709 1767 777 πλήρης

1898 719 1926 759 :t
1959 707 2239 773 Gratiam,
2270 714 2325 758 et
2358 702 2713 770 Mouogcnetn
2736 742 2752 764 ,
2787 713 2843 756 ct
2878 701 2986 773 43
3030 702 3361 764 Veritatem,
3394 711 3448 753 et

201 798 423 867 χάριτος
480 798 582 850 καὶ
647 799 954 865 ἀληθείας.
1036 800 1303 871 Ἀκρισῶς
1363 796 1455 853 οὖν
1519 802 1613 853 καὶ
1672 799 1771 871 τὴν

1898 796 2147 863 Verbum,
2174 806 2230 851 ct
2261 797 2465 858 Vitam,
2520 803 2574 847 et
2600 791 2906 856 Hominem,
2935 801 2987 846 et
3022 791 3342 846 Ecclesiain.
3377 790 3442 844 Et

202 886 407 957 πρώτην
430 888 669 957 ἐμήνυσε
698 888 945 958 τετράδα,
968 888 1183 958 Πατέρα
1226 888 1417 950 εἰπὼν,
1468 888 1560 939 καὶ
1576 884 1770 957 Χάριν,

1898 890 2205 942 ‘tolemzeus
2226 888 2447 955 quidem
2477 887 2549 938 ita
2584 884 2689 952 (4).

201 976 281 1027 καὶ
307 974 396 1026 τὸν
437 974 850 1045 Μονογενῆ,καὶ
871 972 1150 1049 Ἀλήθειαν
1168 995 1181 1007 ο
1217 977 1389 1042 οὕτως
1413 980 1440 1031 ὁ
1477 976 1727 1047 Ἰωάννης
1755 994 1822 1029 πε
1833 978 1883 1050 ρ).
1918 980 2015 1049 τῆς
2042 977 2265 1049 πρώτης
2300 978 2394 1030 καὶ
2429 976 2635 1047 μητρὸς
2662 975 2771 1027 τῶν
2798 975 2936 1027 ὅλων
2958 974 3175 1027 Αἰώνων
3203 973 3455 1043 ὀγδοάδος

200 1068 393 1138 εἴρηκε.
423 1068 644 1140 Πατέρα
687 1070 797 1140 γὰρ
823 1070 1033 1143 εἴρηκε,
1064 1072 1158 1125 καὶ
1191 1071 1389 1144 Χάριν,
1417 1073 1512 1125 xa‘t
1534 1072 1831 1143 Μονογενῆ,
1866 1074 1961 1127 καὶ
2002 1073 2307 1145 Ἀλήθειαν,
2338 1072 2432 1126 καὶ
2453 1072 2647 1141 Λόγον,
2678 1073 2769 1125 καὶ
2786 1072 2959 1143 Ζωὴν,
2992 1071 3084 1124 καὶ
3110 1070 3450 1141 Ἄνθρωπον,

213 1164 293 1214 καὶ
334 1158 685 1230 Ἐκκλησίαν.

1632 1254 1864 1314 CAPUT
1900 1256 1995 1311 ιχ.

1056 1348 1445 1418 lmpiignantur
1473 1350 1649 1418 impia
1693 1349 2078 1406 Ilmreticorum
2105 1344 2589 1414 interpretationes.

272 1460 447 1530 Ὁρᾷς,
475 1459 747 1530 ἀγαπητὲ,
766 1460 867 1531 τὴν
896 1460 1137 1530 μέθοδον,
1228 1463 1276 1515 οἱ
1304 1462 1575 1534 χρώμενοι
1603 1482 1765 1537 φρεν-

1934 1462 1987 1515 l.
2054 1458 2220 1515 Vides
2274 1456 2459 1525 igitur,
2517 1456 2910 1522 dilectissime,
2968 1455 3450 1521 adinventionem,

200 1549 483 1603 ιπατοῦσιν
531 1550 778 1612 ἑαυτοὺς,
821 1552 1219 1621 ἐπηρεάζοντες
1278 1552 1374 1617 τὰς
1432 1554 1674 1625 Γραφὰς,
1705 1554 1765 1607 τὸ

1903 1568 1971 1607 ua
2031 1562 2246 1606 utentes
2298 1552 2571 1605 seducunt
2637 1550 2998 1618 semetipsos,
3054 1549 3452 1604 calumniantes

200 1641 411 1711 πλάσμα
459 1642 643 1695 αὐτῶν
693 1641 755 1705 ἐξ
794 1642 971 1695 αὐτῶν
1024 1646 1360 1699 συνιστάνειν
1403 1646 1759 1719 πειρώμενοι.

1898 1643 2188 1713 μοιίριυιῆε,
2221 1643 2499 1697 fictionem
2537 1658 2692 1696 suam
2720 1657 2784 1696 ex
2837 1642 2920 1695 eis
2964 1650 3219 1697 constare
3252 1642 3330 1711 (5)
3357 1644 3452 1697 ad-

197 1733 285 1785 Διὰ
318 1734 475 1786 τοῦτο
519 1734 631 1802 γάρ
659 1735 752 1787 καὶ
789 1736 949 1799 αὐτὸς
975 1735 1048 1806 (1)
1084 1737 1404 1807 παρεθέμην
1455 1738 1635 1791 αὐτῶν
1668 1738 1765 1802 τὰς

1905 1738 2125 1791 itentes.
2164 1734 2390 1803 Propter
2422 1734 2524 1787 lioc
2584 1733 2729 1787 enim
2778 1741 2832 1785 et
2867 1733 3016 1801 ipsas
3046 1747 3235 1786 eorum
3286 1748 3451 1802 appo-

197 1826 354 1892 λέξεις
403 1827 504 1897 (2),
534 1828 620 1879 ἵνα
662 1827 722 1893 ἐξ
770 1829 950 1882 αὐτῶν
999 1831 1339 1902 κατανοήσῃς
1375 1830 1477 1901 τὴν
1527 1849 1765 1903 πανουρ-

1898 1828 1947 1882 ui
1999 1825 2229 1881 astutias
2262 1832 2320 1878 et
2350 1824 2639 1886 dictiones,
2668 1831 2728 1875 ut
2757 1838 2823 1877 ex
2868 1822 2949 1877 eis
2995 1822 3309 1877 consideres
3338 1838 3454 1877 ma-

198 1920 309 1987 ’τίαν
346 1921 447 1990 τῆς
475 1921 778 1991 μεθοδείας,
807 1924 898 1975 καὶ
937 1923 1037 1994 τὴν
1080 1924 1343 1994 πονηρίαν
1386 1923 1489 1993 τῆς
1537 1923 1765 1995 πλάνης.
1800 1905 1806 1959 Ῑ

1898 1922 2043 1975 itiam
2106 1917 2435 1972 inventionis
2500 1926 2554 1970 et
2612 1916 2913 1984 nequitiam
2976 1916 3203 1969 erroris.
3268 1914 3453 1970 Primo

202 2012 405 2083 Πρῶτον
436 2014 538 2083 μὲν
578 2013 688 2083 γὰρ
729 2016 777 2067 εἰ
822 2016 1107 2084 προέκειτο
1154 2015 1375 2090 Ἰωάννῃ
1403 2016 1501 2088 τὴν
1534 2017 1646 2070 ἄνω
1672 2017 1767 2085 ὁγ-

1901 2015 2009 2068 iiim
2040 2012 2085 2067 si
2111 2011 2453 2081 propositum
2509 2017 2653 2067 esset
2709 2007 2929 2068 Joanni.
2972 2008 3143 2073 illam,
3176 2023 3296 2077 quae
3336 2023 3453 2062 sur-

197 2104 339 2159 ὂοάδα
363 2104 649 2175 μηνύσειν,
682 2106 783 2175 τὴν
815 2104 968 2170 τάξιν
998 2105 1063 2159 ἂν
1096 2108 1393 2177 τετηρήκει
1437 2108 1538 2177 τῆς
1570 2107 1768 2176 προϐο-

1898 2122 1987 2160 um
2019 2113 2124 2164 est.
2160 2102 2569 2157 octonationem
2621 2101 2932 2164 ostendere,
2961 2100 3208 2154 ordinem
3268 2108 3451 2153 custo-

199 2195 302 2263 λῆς,
336 2196 431 2249 καὶ
458 2197 561 2267 τὴν
591 2196 815 2266 πρώτην
847 2196 1081 2266 τετράδα
1106 2197 1556 2269 σεϐασμιιιγτάτην
1579 2195 1763 2261 οὖσαν,

1905 2198 2035 2251 isset
2067 2196 2253 2264 utique
2286 2193 2633 2257 omissionis,
2674 2202 2727 2247 et
2785 2193 3018 2262 primam
3076 2191 3451 2262 quaternatio-

200 2286 361 2349 καθὼς
410 2286 681 2355 λέγουσιν,
719 2287 778 2338 ἐν
817 2287 1054 2357 πρώτοις
1102 2291 1167 2342 ἂν
1210 2289 1444 2342 τεθείκει
1483 2292 1597 2353 τοῖς
1646 2290 1765 2343 ὀνόο

1905 2304 2013 2351 em,
2047 2301 2171 2340 cum
2214 2286 2286 2339 sit
2316 2285 2686 2339 venerabilior
2716 2284 3197 2354 (quemadmodum
3220 2283 3450 2350 dicunt),

201 2395 351 2446 μασι,
387 2380 486 2431 καὶ
536 2376 709 2439 οὕτως
748 2378 1049 2449 ὲπεζεύχθη
1083 2378 1157 2449 (5)
1210 2379 1307 2449 τὴν
1340 2379 1632 2450 δευτέραν,
1686 2381 1773 2434 ἵνα

1898 2399 1923 2434 ιι
1955 2379 2147 2448 primis
2194 2379 2383 2447 utique
2428 2378 2702 2448 posuisset
2750 2378 3086 2444 nominibus,
3128 2386 3182 2432 et
3232 2378 3311 2432 sic
3359 2379 3455 2431 ad-

198 2467 272 2520 διὰ
314 2470 411 2539 τῆς
445 2471 658 2536 τάξεως
695 2470 804 2524 τῶν
846 2470 1125 2540 ὀνομάτων
1169 2472 1201 2541 ἡ
1237 2470 1391 2537 τάξις
1434 2471 1618 2542 δειχθῇ
1674 2473 1774 2543 τῆς

1898 2473 2136 2527 iunxisset
2164 2471 2484 2535 secundam,
2516 2480 2576 2524 ut
2600 2486 2701 2542 per
2730 2471 2977 2526 ordinem
3005 2470 3286 2525 nominum
3318 2470 3454 2524 ordo

198 2560 463 2628 ὀγδοάδος·
508 2564 602 2617 καὶ
632 2565 731 2616 οὐκ
770 2564 836 2616 ἂν
876 2562 1011 2633 μετὰ
1063 2561 1312 2615 τοσοῦτον
1345 2563 1651 2633 διάστημα,
1696 2564 1771 2627 ὡς

1898 2565 2248 2618 steiiderctur
2290 2564 2657 2618 oclonatiouis
2689 2584 2702 2619 :
2750 2574 2807 2619 et
2840 2579 2946 2618 non
2981 2566 3166 2634 utique
3193 2573 3314 2633 post
3343 2573 3457 2616 tan-

197 2651 603 2723 ἰκλελησμένος,
643 2653 833 2706 ἔπειτα
862 2654 1247 2724 ἀναμνησθεὶς,
1268 2655 1353 2707 ἐπ’
1381 2655 1594 2727 ἐσχάτῳ
1618 2653 1771 2726 πρώ-

198 2761 285 2813 της
320 2744 603 2816 ἐμέμνητο
648 2747 921 2815 τετράδος.
974 2748 1206 2799 Ἔπειτα
1248 2746 1305 2799 δὲ
1342 2749 1433 2799 καὶ
1471 2746 1570 2810 τὰς
1614 2748 1773 2811 συζυ-

199 2838 309 2904 γίας
340 2839 587 2907 σημᾶναι
610 2837 807 2899 θέλων,
841 2838 933 2890 καὶ
960 2838 1019 2891 τὸ
1062 2841 1161 2910 τῆς
1212 2839 1536 2908 Ἐκκλησίας
1567 2840 1668 2892 οὐκ
1702 2840 1768 2892 ἂν

201 2930 487 2999 παρέλιπεν
504 2932 675 3004 ὄνομα
696 2951 707 2961 ί
736 2931 847 2986 ἀλλ’
867 2933 899 3002 ῆ
923 2931 1016 2985 καὶ
1031 2930 1243 2984 ἐπὶτῶν
1269 2930 1470 2983 λοιπῶν
1499 2930 1768 2999 συξυγιῶν

1874 2670 1984 2710 ιιιηι
2014 2656 2383 2721 intervallum,
2418 2658 2574 2726 quasi
2622 2657 2846 2722 oblitus,
2878 2658 3072 2713 deinde
3126 2673 3455 2712 coinuieino.

1872 2760 2024 2804 ratiis
2054 2749 2156 2820 (6),
2186 2749 2239 2802 in
2294 2749 2591 2805 novissimo
2660 2752 2847 2819 prima:
2893 2763 3224 2805 memoratus
3270 2752 3458 2804 fuisset

1877 2843 2333 2912 quaternationis.
2351 2842 2556 2896 Deinde
2579 2854 2764 2897 autem
2784 2851 2837 2897 et
2859 2843 3271 2913 coniugationes
3288 2842 3460 2911 signi-

1878 2935 2040 2989 licare
2093 2934 2314 2999 volens,
2382 2943 2437 2989 et
2517 2935 2772 2990 Ecclesia:
2850 2952 2955 2991 non
3019 2934 3455 3006 praetermisisset

1426 3047 1627 3103 BlLLll
1670 3048 2254 3107 INTERPRETATIO.

202 3145 474 3197 Qalvatore
504 3144 670 3195 verba
705 3140 936 3205 faciens,
988 3141 1286 3209 dicensque
1311 3143 1517 3203 omnia,
1544 3156 1665 3210 quin
1688 3150 1841 3196 extra
1896 3141 2150 3213 Pleroma
2206 3153 2373 3207 sunt,
2407 3160 2505 3213 per
2541 3160 2664 3196 eum
2701 3144 2933 3198 formata
2969 3143 3137 3197 fuisse
3159 3184 3176 3207 ,
3212 3141 3451 3196 fructum

200 3231 309 3268 miin
336 3229 464 3267 esse
502 3215 579 3267 ait
615 3214 779 3266 totius
811 3213 1155 3267 Pleromatis.
1195 3214 1408 3267 Etenim
1439 3213 1613 3264 lucem
1638 3226 1759 3264 eum
1792 3212 2089 3281 appellavit
2123 3213 2175 3265 iii
2212 3212 2457 3268 tenebris
2522 3214 2816 3272 lucentem.
2862 3229 2961 3267 nec
3008 3215 3076 3268 ab
3113 3214 3179 3266 iis
3205 3227 3457 3279 compre-

202 3286 412 3339 hensam
448 3302 465 3337 :
498 3282 964 3352 quandoquidem,
998 3284 1133 3350 ipsis
1166 3284 1554 3343 inscientibus,
1582 3283 1765 3352 omnia
1796 3297 1918 3351 quas
1960 3298 2023 3334 ex
2074 3282 2332 3352 passione
2360 3284 2499 3339 facta
2543 3294 2704 3345 sunt,
2733 3283 3069 3338 informavit.
3106 3284 3185 3337 Ail
3217 3282 3364 3344 ham,
3398 3292 3454 3337 et

200 3355 408 3415 Filium,
454 3350 527 3405 et
548 3350 868 3416 Veritatem,
896 3362 949 3407 et
984 3352 1160 3406 Vitam
1186 3368 1310 3405 cuiu
1349 3352 1503 3413 dicit,
1534 3361 1589 3405 et
1622 3350 1857 3405 Verbum
1886 3350 2109 3422 carnem
2145 3351 2402 3407 elfectiini
2433 3373 2446 3409 :
2477 3354 2642 3417 Cuius
2668 3354 2918 3422 gloriam,
2950 3353 3147 3422 inquit,
3179 3352 3454 3419 perspexi-

200 3443 321 3487 mus,
346 3434 394 3477 et
422 3434 541 3476 erat
572 3424 744 3491 gloria
778 3424 944 3488 ipsius
971 3423 1125 3491 quasi
1147 3424 1317 3491 gloria
1353 3424 1632 3490 unigeniti,
1668 3438 1787 3489 qm:
1820 3439 1851 3473 a
1882 3420 2045 3475 Patre
2079 3423 2179 3488 ipsi
2210 3440 2463 3477 concessa
2500 3420 2700 3493 fuerat,
2732 3424 2889 3491 plena
2929 3420 3107 3491 gratia
3128 3433 3183 3493 et
3210 3424 3454 3475 veritate.

206 3494 355 3549 l'lane
384 3493 568 3563 igitur
594 3501 649 3544 et
672 3502 929 3546 accurate
959 3495 1193 3561 primam
1224 3508 1443 3563 quoque
1471 3494 1903 3563 quateriiitatem
1934 3494 2195 3556 ostendit,
2230 3509 2355 3547 cum
2405 3494 2626 3547 Patroni
2652 3532 2667 3556 ,
2696 3504 2753 3547 ct
2804 3495 3014 3547 Cliarin
3037 3532 3053 3557 ,
3093 3492 3452 3561 Mouogeuciu

200 3566 339 3623 item.
371 3561 431 3616 et
459 3563 764 3615 Veritatem
792 3564 947 3616 dixit.
982 3566 1158 3630 Atque
1190 3561 1258 3616 ad
1291 3564 1437 3633 litinc
1468 3564 1701 3633 modum
1741 3561 1981 3633 Joannes
2014 3566 2082 3616 ile
2127 3564 2373 3631 principe
2421 3574 2586 3633 atque
2637 3565 2883 3616 omnium
2933 3563 3165 3633 [Eoiiiiin
3224 3572 3454 3633 parente

198 3634 440 3701 Ogdoade
468 3634 687 3685 loculus
711 3644 816 3687 est.
847 3633 1062 3686 Patrem
1093 3634 1239 3685 enim
1273 3644 1329 3685 et
1358 3631 1565 3685 Cliarin
1593 3632 1753 3694 dixit,
1788 3631 2143 3700 Mouogcnem
2176 3642 2231 3688 et
2262 3631 2566 3689 Veritatem
2589 3672 2606 3701 ,
2636 3634 2960 3688 Sermonem
3004 3645 3059 3689 et
3093 3632 3306 3696 Vitam,
3349 3631 3460 3685 ιιυ.

199 3700 387 3759 minem
418 3714 473 3759 et
510 3702 836 3757 Ecclesiaiii.
872 3704 1048 3773 Atque
1075 3703 1127 3756 iii
1160 3704 1305 3757 liiiiic
1332 3704 1551 3756 modum
1591 3700 1942 3756 Ptolemaeus.

1652 3817 1883 3874 CAPUT
1924 3819 2016 3875 IX.

262 3914 311 3967 l.
362 3913 588 3977 Cernis,
620 3912 703 3965 vir
722 3911 1068 3975 cbarissime,
1101 3926 1207 3976 qua
1245 3911 1319 3967 illi
1349 3912 1564 3966 valritie
1604 3922 1818 3965 utentes
1846 3910 2205 3979 sibimetipsis
2260 3911 2615 3980 iinposturam
2668 3910 2899 3974 faciunt,
2931 3910 3245 3979 Scripturas
3292 3911 3458 3966 nimi-

203 3995 308 4035 rum
343 3992 639 4045 vexantes,
667 3985 793 4035 dum
826 3998 922 4051 per
952 3998 1046 4036 eas
1080 3982 1239 4036 ﬁdem
1272 3983 1601 4037 commentis
1634 3983 1747 4035 suis
1792 3990 2042 4035 astruere
2074 3992 2365 4036 conantur.
2395 3984 2475 4037 0b
2507 3983 2560 4036 id
2610 3984 2754 4036 enini
2808 3982 2953 4051 ipsas
3003 3997 3219 4051 quoque
3269 3996 3459 4038 eorum

198 4065 347 4123 voces
368 4052 629 4123 apposui,
660 4063 720 4105 ut
752 4050 909 4106 exiis
938 4054 1156 4123 artilicii
1188 4054 1504 4115 versutiem,
1534 4061 1697 4123 atque
1746 4053 1955 4105 erroris
1998 4053 2401 4120 improbitatem
2457 4050 2880 4106 animadvertas.
2920 4050 3162 4123 Primum
3215 4051 3379 4123 enim,
3410 4054 3458 4108 si

202 4119 291 4175 hoc
313 4119 521 4178 Joa’nni
575 4126 909 4191 propositum
963 4122 1173 4181 fuisset.
1212 4134 1269 4175 ut
1305 4138 1600 4192 supernam
1660 4122 1806 4175 illam
1848 4119 2149 4190 ogiloadein
2187 4123 2516 4184 declararet,
2552 4122 2928 4191 productionis
2966 4121 3155 4189 utique
3208 4122 3456 4178 ordinem

199 4203 493 4273 servasset,
525 4209 591 4246 ac
638 4193 866 4273 primum
899 4193 1348 4273 qiiaternitatein,
1382 4202 1573 4273 utpote
1606 4192 2261 4273 augustissimam,.velut
2310 4194 2413 4261 ipsi
2456 4194 3017 4273 tliCUlll,.Sllnlllleqll.e
3067 4193 3455 4271 venerandam,

202 4260 249 4314 in
279 4266 474 4331 primis
507 4260 824 4317 nominibus
851 4262 1190 4328 collocasset,
1225 4272 1392 4332 atque
1436 4260 1509 4315 ita
1544 4263 1843 4317 secundani
1871 4262 2242 4329 adnexuisset,
2296 4260 2355 4316 ut
2391 4279 2487 4333 per
2535 4263 2819 4318 nominum
2874 4264 3120 4317 ordinem
3168 4273 3225 4315 et
3255 4263 3456 4315 sei'iein

196 4445 389 4517 πλήρη,
411 4442 505 4499 vel
534 4440 878 4517 subintellige
905 4442 963 4504 ὃς
980 4440 1101 4517 ἐστι
1247 4457 1364 4517 ρης,
1392 4439 1672 4517 οιςνηςπλὴ
1684 4456 1780 4510 ρης

1898 4453 2097 4517 cunque
2124 4439 2215 4517 li_ic
2236 4437 2829 4517 ex‘Valcntiniaiioriim
2848 4446 3030 4517 _me_nte
3050 4436 3423 4517 profertEvaii
3438 4466 3458 4476 -

197 4506 499 4578 i-iiiiii,'iion
529 4513 597 4566 ad
630 4512 787 4578 δόξαν
818 4506 993 4581 (quod
1043 4513 1157 4565 vult
1179 4506 1417 4567 Grabius
1459 4506 1694 4581 Billiiini'
1717 4506 1772 4563 et
1876 4506 2026 4581 gelii
2051 4510 2385 4571 testimonia,
2411 4511 2601 4581 eodem
2651 4511 2811 4563 modo
2846 4510 2977 4577 legit
3025 4517 3079 4561 et
3106 4508 3220 4581 ipse
3255 4508 3306 4559 iii
3332 4506 3463 4581 aliis

199 4586 472 4639 l‘etavium
526 4586 793 4650 secutus),
817 4580 911 4636 sed
961 4582 1028 4636 ad
1071 4581 1262 4649 Λόγον,
1317 4596 1382 4633 ex
1439 4582 1552 4649 ipsa
1606 4580 1771 4633 etiam

202 4654 705 4709 Valentinianorum
736 4661 937 4717 metite,
974 4653 1063 4706 hic
1092 4652 1286 4705 referri
1320 4652 1557 4704 suadent
1592 4650 1770 4716 plura.

203 4729 247 4779 l°
273 4724 542 4792 Quamvis
567 4738 633 4776 ex
660 4723 926 4778 memoria
955 4728 1217 4776 duntaxat
1241 4722 1396 4775 citari
1434 4722 1521 4773 Iiic
1545 4721 1771 4792 videan-

200 4790 556 4851 iur'Joaniiis
590 4794 778 4857 verba,
805 4793 1003 4847 additis
1039 4792 1250 4846 scilicet
1309 4792 1490 4843 multis
1541 4790 1772 4843 vocibus

198 4883 323 4936 quas
370 4878 534 4936 sacer
584 4863 789 4930 Evang.
830 4871 1014 4936 textus
1055 4878 1161 4914 non
1210 4862 1477 4936 agnoscit,
1524 4870 1774 4936 servatur

200 4930 372 4990 tamen
407 4935 556 4989 idem
587 4935 832 5003 regimen
864 4932 1181 4994 verborum,
1213 4933 1353 5003 quod
1395 4930 1632 4984 Joannes
1661 4931 1775 4997 ipse

198 5008 453 5061 servavit.
515 5002 759 5071 Cumque
784 5002 1023 5057 Joannes
1050 5002 1102 5054 iii
1152 5002 1489 5055 nominativo
1519 5015 1661 5071 casu
1689 5015 1772 5052 re-

200 5077 435 5143 posuerit
468 5070 685 5145 πλήρης
717 5074 1013 5145 (obferunt
1066 5072 1325 5145 melioris,
1355 5079 1494 5145 nota:
1530 5070 1688 5145 could.
1713 5080 1775 5145 _et

201 5139 376 5215 legunt
402 5139 607 5215 Omnes
638 5139 762 5198 'l'ere
951 5144 1170 5215 PP.)el
1202 5143 1267 5195 ad
1301 5142 1471 5211 Λόγος
1503 5139 1770 5215 retulerit,

202 5212 298 5269 non
333 5217 541 5269 mirum
568 5214 613 5267 si
638 5215 691 5266 in
718 5214 907 5267 eodem
933 5229 1064 5267 casu
1098 5214 1185 5267 hic
1236 5222 1533 5278 reponatur
1561 5212 1774 5280 (quain-

182 5286 278 5338 rvis
326 5286 473 5339 forte
520 5284 864 5338 commodior
914 5282 1105 5338 fuisset
1142 5286 1509 5343 accusativus,
1543 5290 1770 5348 propter

202 5356 514 5422 prmeedens
544 5354 737 5423 Λόγον)
776 5362 831 5408 et
871 5353 997 5408 illuc
1043 5354 1343 5417 referatur;
1376 5368 1496 5405 cuin
1534 5351 1774 5404 maxime

203 5427 324 5480 nihil
375 5427 445 5478 ad
478 5423 983 5483 Valentinianoruiii
1027 5423 1368 5493 bypoiliesiin
1420 5423 1675 5493 referret,
1705 5434 1770 5472 an

203 5497 264 5549 ad
297 5498 495 5565 Λόγον,
531 5510 597 5548 aii
633 5496 699 5548 ad
736 5493 893 5558 δόξαν
932 5489 1230 5565 referretur
1275 5492 1509 5564 πλήρης.
1570 5489 1775 5565 Deinde

204 5581 321 5620 cuin
373 5560 563 5621 statim
597 5582 703 5619 non
735 5579 799 5618 ex
830 5564 1117 5629 memoria,
1160 5565 1251 5616 sed
1286 5578 1351 5617 ex
1372 5560 1561 5616 codice
1590 5560 1772 5629 profe-

209 5647 329 5690 runt
366 5636 609 5691 bieretici
639 5634 716 5688 illi
751 5637 861 5705 ipsa
888 5634 1115 5691 Joannis
1162 5633 1350 5705 verba,
1385 5631 1772 5705 rectelegunt,

202 5706 418 5779 πλήρης
460 5705 700 5777 χάριτος,
735 5700 838 5779 etc.
874 5706 1035 5779 Atqui
1066 5706 1108 5759 si
1146 5704 1363 5779 πλήρης
1391 5706 1456 5755 ad
1491 5700 1774 5779 δόξαν-τε-

206 5771 492 5847 ιοιιῖἑεὲῃιῖ
528 5771 708 5847 legere
758 5771 1098 5847 debuissent,
1126 5771 1324 5844 πλήρη
1352 5777 1405 5847 in
1439 5771 1771 5833 accusativo,

208 5864 312 5905 non
353 5844 604 5920 «Mam;
619 5848 695 5902 uti
735 5846 863 5909 satis
891 5855 1061 5923 patet.
1100 5847 1338 5921 Denique
1367 5844 1599 5901 lrenzcus
1625 5856 1794 5919 quae»

1878 4580 2044 4643 locis;
2090 4592 2309 4634 sensum
2346 4580 2645 4638 enim,non
2690 4584 2852 4633 verba
2883 4578 3306 4643 corrumpebant
3355 4576 3454 4631 illi.

1876 4650 1944 4701 At
1971 4650 2068 4704 lib.
2110 4665 2160 4712 v,
2194 4665 2315 4719 cap.
2345 4650 2411 4703 l8
2438 4650 2651 4712 eadem,
2685 4650 2751 4703 de
2780 4649 2977 4719 quibus
3023 4648 3257 4719 agimus,
3291 4648 3467 4719 verba

1879 4719 2126 4783 laudans,
2157 4717 2372 4790 πλήρης
2415 4722 2481 4773 ad
2512 4720 2684 4787 Λόγον
2730 4717 2897 4790 refert
2927 4734 2941 4772 :
2977 4719 3140 4770 vertit
3186 4717 3457 4785 siquidem

1878 4790 2173 4859 interpres,
2205 4789 2414 4857 plenum
2456 4793 2629 4858 gratia
2662 4799 2710 4841 et
2753 4789 2987 4840 veritate.

1948 4858 2033 4929 (l)
2064 4860 2175 4912 Kal
2207 4860 2407 4925 αὑτός.
2439 4859 2581 4925 Lege
2610 4859 2967 4929 aurd;._cuiii
3004 4858 3322 4925 interprete.

1949 4927 2027 4999 (ἓ)
2079 4932 2189 4994 Τὰς
2224 4928 2443 4996 λέξεις.
2488 4930 2740 4995 Aliquam
2774 4927 2936 4979 aliain
2981 4942 3169 4981 vocem
3204 4942 3326 4999 cum
3363 4939 3457 4999 co-

1876 4997 2126 5081 pula'aai
2157 5002 2475 5081 liicnlegissc
2505 5000 2719 5057 videtur
2750 4999 3051 5067 interpres;
3095 4997 3262 5052 vertit
3290 4997 3459 5063 enim,

1877 5071 2106 5125 astutias
2133 5080 2179 5122 et
2226 5071 2505 5129 dictiones.

1948 5142 2025 5210 (5)
2044 5139 2405 5209 Ἐπεζεύχθη.
2428 5138 2636 5197 Mallem
2651 5138 2928 5204 ὲπέζευξε.
2952 5137 3058 5192 Sed
3086 5138 3221 5210 forte
3239 5135 3461 5189 verbum

1877 5207 2334 5281 ἐπιζεύγνυμαιίιι
2360 5210 2533 5265 activa
2554 5210 2948 5281 signiﬁcatione
2969 5209 3179 5281 accepit
3200 5207 3455 5281 Irciiaeus.

1950 5282 2027 5351 (4)
2067 5276 2388 5339 Ptolemaeus
2426 5276 2635 5351 quidem
2686 5281 2787 5333 ita.
2820 5278 2943 5333 Hinc
2995 5280 3047 5331 iii
3094 5276 3283 5333 Graeco
3312 5276 3467 5330 desi-.

1877 5356 2005 5407 dera
2016 5360 2106 5405 ntu
2117 5370 2162 5405 r.

1949 5424 2027 5493 (5)
2068 5423 2345 5476 Constare.
2387 5421 2486 5477 Gr.
2525 5420 2896 5493 συνιστάνειν,
2930 5421 3094 5493 quod
3139 5414 3470 5493 vertenduiir

1878 5486 2019 5559 erat,
2048 5494 2415 5546 commendare
2458 5506 2551 5545 seu
2602 5492 2914 5560 approbare.
2949 5486 3075 5543 Inde
3124 5490 3271 5541 enim
3307 5486 3467 5560 ὅστίς

1878 5554 2055 5632 pluris
2120 5564 2444 5615 calumniam
2492 5554 2778 5616 struebant
2852 5559 3249 5632 Valentiniani,
3318 5554 3467 5625 quod

1880 5630 2126 5688 ﬁctiones
2154 5647 2280 5685 suas
2312 5648 2377 5686 ex
2412 5636 2492 5686 eis
2532 5632 2840 5699 approbare
2877 5630 3278 5683 adniterentur.

1950 5704 2028 5772 (6)
2074 5703 2274 5755 Deinde
2314 5692 2770 5756 commemoratur.
2799 5702 2852 5754 In
2884 5699 3211 5772 Eras..Gall.
3270 5704 3326 5750 et
3364 5692 3461 5746 0'.-

1885 5770 1996 5827 tob.
2037 5775 2184 5825 dere
2222 5784 2683 5835 commemoratns,
2723 5773 2860 5825 forte
2898 5787 2995 5838 pro
3024 5770 3146 5822 dein
3181 5780 3463 5822 ri‘rommc-

1888 5852 2165 5908 mor‘atus;
2213 5844 2289 5900 sic
2318 5846 2463 5898 eiiiin
2498 5844 2659 5897 liabet
2694 5843 2813 5896 cod.
2844 5842 3080 5897 ωδε-θυι.
