3880 6358
473 424 577 480 εσυ

840 409 854 432 ¹
1223 413 1279 470 S.
1313 411 1570 468 lRENEl
1610 403 1922 464 EPISCOPI
1957 405 2036 461 Llj

2148 401 2444 463 UNENSIS
2476 402 2562 456 ET
2600 401 2960 457 MARTYRIS

3625 403 3717 457 5&0

464 556 702 604 nomen;
761 538 854 594 sed
910 546 1000 590 aut
1049 546 1106 591 et
1174 536 1228 590 in
1285 534 1508 604 reliquis
1576 528 2036 604 coniugationibus

2158 548 2400 620 ἠρκέσθη
2440 550 2507 618 τῇ
2540 546 2646 600 τῶν
2686 545 2929 618 ἀρρένων
2961 546 3320 616 προσηγορίᾳ,
3345 543 3545 614 ὁμοίως
3575 543 3715 596 δῦναι

463 642 753 690 contentus
791 631 986 686 fuisset
1023 627 1392 683 masculorum
1447 624 1834 695 appellatione,
1889 622 2046 677 simi-

463 725 591 782 liter
644 741 766 779 eum
823 733 1049 794 possent
1089 731 1143 776 et
1179 720 1267 774 illa
1300 720 1377 788 (l)
1423 717 1585 773 simul
1628 715 1936 781 subaudiri,
1990 725 2050 770 ut

464 820 727 872 unitatem
766 830 862 884 per
893 815 1076 870 omnia
1125 821 1268 868 esset
1307 811 1655 877 custodiens;
1702 819 1798 864 aut
1830 809 1874 863 si
1928 808 2048 864 reli-

460 925 694 978 quorum
755 908 1170 978 coniugationes
1221 905 1613 969 enumerabat,
1667 913 1726 959 et
1782 903 2044 972 Anthropi

461 1003 539 1070 (id
571 1013 676 1067 est,
713 1000 1005 1068 Hominis),
1033 999 1220 1069 utique
1273 996 1681 1052 manifestasset
1735 995 2042 1068 coniugem,

461 1101 518 1147 et
555 1094 743 1163 utique
775 1107 879 1147 non
914 1090 1218 1146 remisisset
1250 1089 1329 1158 (2)
1363 1089 1429 1144 de
1461 1089 1797 1146 divinatione
1823 1105 1923 1146 nos
1955 1105 2047 1146 ac-

459 1185 642 1252 cipere
671 1199 868 1238 nomen
919 1183 1114 1254 ipsius.

527 1277 584 1332 2.
623 1275 908 1330 Manifesta
947 1276 1116 1346 igitur
1155 1277 1517 1348 expositionis
1578 1291 1770 1332 eorum
1835 1274 2046 1331 transti-

458 1367 588 1422 ctio.
623 1365 837 1421 Joanne
882 1368 1026 1420 enim
1056 1383 1226 1421 unum
1277 1368 1448 1424 Deum
1509 1377 1815 1439 exponente
1849 1367 1956 1438 (5),
1989 1377 2044 1421 et

457 1475 622 1512 unum
669 1458 1016 1528 llnigenitutn
1067 1458 1344 1514 Christum
1415 1459 1602 1514 Jesum
1661 1460 2040 1524 annnntiante,

457 1565 553 1620 per
583 1549 694 1622 44,
721 1567 880 1619 quem
930 1551 1114 1605 omnia
1164 1551 1309 1606 facta
1350 1567 1473 1608 esse
1522 1554 1674 1618 dicit,
1717 1553 1863 1608 hunc
1914 1553 2044 1607 Ver-

460 1645 587 1698 lmm
627 1643 740 1707 Dei,
773 1643 916 1698 hunc
973 1643 1352 1714 Unigenitnm,
1407 1646 1552 1700 bnne
1603 1646 1864 1701 factorem
1921 1660 2042 1699 om-

460 1735 632 1802 nium,
672 1737 816 1790 hunc
847 1735 1029 1790 lumen
1080 1751 1270 1789 verum
1322 1737 1638 1793 illuminans
1693 1754 1906 1792 omnem
1945 1739 2043 1792 ho-

458 1829 694 1892 minem,
742 1828 885 1881 hunc
937 1829 1118 1881 mundi
1177 1827 1589 1895 fabricatorem,
1637 1832 1781 1886 hunc
1844 1833 1896 1884 in
1944 1847 2038 1885 sua

455 1923 695 1988 venisse,
739 1921 883 1974 hunc
928 1924 1182 1976 eumdem
1217 1939 1437 1978 carnem
1475 1925 1700 1990 factum,
1739 1935 1793 1979 et
1827 1925 2041 1982 inhabi-

459 2024 605 2068 tasse
645 2013 698 2066 in
736 2012 892 2067 nobis
938 2026 955 2065 :
1005 2013 1057 2066 hi
1103 2024 1536 2070 trausvertentes
1570 2017 1864 2072 secundum
1899 2019 2042 2072 veri-

455 2110 631 2165 simile
661 2109 738 2178 («5)
773 2110 1194 2179 expositionem,
1246 2114 1481 2170 alterum
1517 2115 1735 2184 quidem
1783 2116 2039 2188 Menoge-

456 2217 579 2254 nem
620 2201 813 2255 volunt
850 2215 974 2255 esse
1007 2203 1309 2257 set-nudum
1346 2205 1726 2272 emissionem,
1754 2223 1914 2278 quem
1943 2209 2045 2263 sci-

457 2293 583 2346 licet
633 2293 710 2363 (ὅ)
776 2303 831 2348 et
895 2293 1228 2366 Principium
1289 2310 1525 2363 vocant;
1583 2298 1813 2352 alterum
1858 2311 2040 2356 autem

457 2387 705 2441 Solerem
743 2387 818 2457 (id
868 2398 953 2442 est
984 2387 1371 2457 Salvatorem),
1429 2389 1596 2444 fuisse
1629 2389 1840 2456 volunt,
1877 2399 1932 2447 et
1959 2390 2042 2444 al-

453 2487 627 2530 terum
662 2475 844 2547 Logon
893 2479 966 2545 (id
1019 2489 1101 2532 est
1140 2479 1422 2550 Verbum),
1467 2479 1637 2533 lilium
1719 2479 2039 2552 Monogcnis

451 2570 529 2637 (id
563 2580 648 2624 est
675 2570 990 2638 unigeniti),
1021 2582 1074 2624 et
1107 2571 1339 2625 alterum
1358 2574 1632 2628 Christum
1657 2576 1734 2645 (6)
1758 2574 1824 2627 ad
1856 2589 2046 2629 emen-

451 2663 727 2718 dationem
776 2662 1101 2717 Pleromatis
1132 2667 1390 2720 emissum
1431 2685 1444 2721 :
1500 2677 1556 2721 et
1611 2668 2037 2739 unumquodque

449 2772 660 2818 eorum,
695 2772 815 2825 qua:
863 2757 1007 2810 dicta
1062 2769 1207 2820 sunt,
1245 2759 1559 2815 auferentes
1612 2775 1641 2814 a
1673 2761 1928 2826 veritate,
1981 2772 2038 2816 et

451 2850 733 2902 abutentes
760 2849 1091 2916 nominibus,
1127 2851 1177 2904 in
1209 2868 1364 2904 suam
1388 2852 1925 2922 argumentationem
1954 2854 2036 2924 (7)

454 2943 855 2995 transtulerunt
889 2964 901 2996 :
937 2945 1337 3005 nt,secumlum
1372 2958 1486 3010 eos,
1515 2945 1565 2998 in
1603 2945 1769 2999 tantis
1800 2944 2036 3000 Joannes

452 3036 660 3090 homini
711 3035 913 3090 Christi
975 3035 1104 3091 Jesu
1169 3039 1487 3093 memoriam
1546 3055 1654 3094 non
1710 3039 1921 3095 fecerit.
1976 3038 2035 3094 Si

450 3132 596 3186 enim
643 3127 862 3185 Patrem
891 3130 1033 3186 dixit
1073 3131 1175 3202 (8),
1209 3141 1260 3186 et
1307 3132 1537 3200 Charin,
1565 3142 1624 3188 et
1646 3133 2034 3204 Monogenem,

2159 641 2333 711 μένων
2385 638 2655 690 κάκείνων
2707 633 3212 696 συνυπακούεσθαι,
3241 635 3325 686 ἴνα
3363 633 3463 704 τὴν
3508 633 3712 702 ἑνότητα

2151 731 2238 785 διὰ
2280 730 2495 784 πάντων
2593 725 2917 796 πεφυλακώς
2937 744 2948 756 ·
2989 727 3038 778 εί
3067 725 3174 777 τῶν
3207 723 3410 778 λοιπῶν
3448 723 3545 786 τὰς
3573 725 3714 788 «ego-

2151 843 2280 895 γους
2295 823 2371 894 (9)
2405 822 2688 890 κατέλεγε,
2727 822 2823 874 καὶ
2850 820 2947 890 τὴν
2975 819 3068 872 τοῦ
3113 817 3428 888 Ἀνθρώπου
3460 817 3523 870 ἂν
3553 835 3711 888 μεμη-

2151 919 2304 972 νύκει
2338 916 2589 985 σύζυγον,
2617 917 2708 968 καὶ
2735 915 2835 968 ούκ
2868 912 2932 966 ἂν
2963 913 3171 983 ἀφῆκεν
3200 913 3264 972 ὲκ
3295 910 3552 982 μαντείας
3583 911 3710 982 ἡμᾶς

2149 1011 2448 1084 λαμϐάνειν
2483 1008 2718 1080 τοῦνομα
2745 1007 2934 1079 αὐτῆς.

2217 1277 2272 1331 2.
2333 1275 2545 1347 Φανερὰ
2589 1269 2680 1328 οῦν
2735 1275 2768 1345 ή
2824 1274 2924 1345 τῆς
2972 1271 3279 1344 ἐξηγήσεωι
3330 1271 3703 1343 παραποίησις.

2147 1368 2254 1422 Τοῦ
2295 1367 2404 1438 γὰρ
2461 1367 2706 1420 Ἰωάννου
2740 1366 2836 1419 ἕνα
2865 1366 2996 1419 Θεὸν
3035 1365 3475 1436 παντοκράτορα,
3506 1366 3597 1420 καὶ
3626 1368 3707 1419 ἕνα

2151 1461 2412 1532 μονογενῆ
2454 1459 2686 1531 Χριστὸν
2746 1457 2952 1530 Ἰησοῦν
2996 1459 3400 1532 κηρύσσοντος,
3439 1460 3504 1513 δι’
3554 1451 3615 1511 οῦ·
3652 1460 3706 1510 τὰ

2147 1556 2323 1608 πάντα
2347 1552 2627 1622 γεγονέναι
2649 1551 2815 1620 λέγει,
2848 1551 3035 1604 τοῦτον
3057 1552 3184 1605 Υἱὸν
3212 1553 3347 1606 Θεοῦ
3378 1554 3510 1624 (10),
3540 1553 3706 1605 τοῦτον

2145 1645 2427 1715 Μονογενῆ
2453 1686 2466 1710 ,
2501 1644 2690 1698 τοῦτον
2750 1645 2970 1698 πάντων
3041 1646 3304 1717 ποιητὴν,
3363 1645 3554 1699 τοῦτον
3605 1646 3704 1714 φῶς

2145 1737 2431 1808 ἀληθινὸν,
2509 1735 2811 1806 φωτίζοντα
2881 1737 3060 1792 πάντα
3139 1738 3463 1808 ἄνθρωπον,
3539 1737 3706 1790 τοῦτον

2146 1832 2350 1902 κόσμου
2385 1830 2633 1902 ποιητὴν,
2675 1830 2862 1884 τοῦτον
2899 1833 2978 1894 εἰς
3007 1830 3076 1884 τὰ
3111 1830 3216 1884 ἴδια
3243 1831 3560 1901 ἐληλυθότα,
3604 1832 3706 1885 τοῦ·

2143 1941 2233 1977 τον
2255 1923 2424 1976 αὑτὸν.
2446 1923 2626 1995 σάρκα
2653 1923 2932 1991 γεγονότα,
2963 1925 3056 1977 καὶ
3082 1924 3438 1994 ἐσκηνωκότα
3463 1925 3521 1976 ὲν
3551 1925 3668 1994 ἡμῖν
3691 1940 3702 1951 ο

2148 2010 2290 2070 οὗτοι
2333 2013 2776 2086 παρατρέποντες
2824 2014 2967 2068 κατὰ
3003 2014 3066 2067 τὸ
3117 2014 3340 2068 πιθανὸν
3380 2016 3480 2085 τὴν
3525 2014 3704 2084 ἐξήγη-

2149 2127 2253 2173 σιν,
2285 2107 2442 2162 ἄλλον
2496 2108 2594 2179 μὲν
2638 2108 2729 2161 τὸν
2765 2109 3046 2178 Μονογενῆ
3091 2107 3336 2164 ϐέλουσιν
3385 2104 3525 2161 εἶναι
3581 2108 3703 2160 κατὰ

2139 2203 2236 2274 τὴν
2265 2202 2554 2274 προϐολὴν,
2593 2202 2652 2254 ὃν
2679 2203 2742 2274 δὴ
2775 2203 2868 2256 καὶ
2914 2203 3111 2272 Ἀρχὴν
3146 2201 3424 2255 καλοῦσιν·
3476 2202 3624 2255 ἄλλον

2139 2298 2230 2350 τὸν
2262 2296 2490 2367 Σωτῆρα
2522 2295 2801 2362 γεγονέναι
2829 2294 3061 2355 Θέλουσι,
3103 2294 3197 2346 καὶ
3239 2293 3401 2346 ἄλλον
3434 2293 3525 2346 τὸν
3553 2293 3703 2360 Λόγον

2139 2391 2254 2443 υἱον
2301 2388 2396 2442 τοῦ
2449 2387 2818 2458 Μονογενοῦς,
2878 2387 2973 2441 καὶ
3018 2386 3177 2440 ἄλλον
3222 2385 3314 2438 τὸν
3367 2386 3596 2456 Χριστὸν
3637 2387 3705 2446 εἰς

2141 2483 2513 2555 ἐπανόρθωσιν
2550 2482 2644 2535 τοῦ
2694 2480 3057 2552 πληρώματος
3102 2477 3574 2551 προϐεϐλημένον
3624 2477 3702 2529 καὶ

2139 2577 2196 2630 ἓν
2228 2577 2456 2629 ἕκαστον
2483 2576 2592 2629 τῶν
2625 2574 2930 2646 εἰρημένων
2949 2574 3177 2644 ἄραντες
3197 2571 3304 2624 ἀπὸ
3326 2572 3429 2641 τῆς
3449 2570 3698 2640 ἀληθείας,

2137 2669 2612 2740 καταχρησάμενοι
2647 2667 2757 2737 (Η)
2792 2667 2904 2730 τοῖς
2935 2663 3218 2735 ”ὀνόμασιν
3239 2705 3254 2729 ,
3293 2665 3376 2728 είς
3436 2663 3531 2734 τὴν
3587 2663 3700 2715 ἰὸίαν

2135 2760 2392 2814 ὑπόθεσιν
2447 2761 2805 2832 μετήνεγκαν,
2862 2757 3023 2820 ὥστε,
3078 2757 3198 2811 κατ’
3245 2757 3465 2819 αὐτοὺς,
3501 2757 3554 2808 ὲν
3603 2757 3700 2816 τοῖς

2133 2853 2407 2917 τοσούτοις
2435 2853 2527 2906 τὸν
2571 2851 2822 2922 Ἰωάννην
2876 2851 2970 2903 τοῦ
3013 2851 3217 2922 Κυρίου
3254 2850 3435 2920 Ἰησοῦ
3485 2847 3698 2920 Χριστοῦ

2139 2947 2324 3018 μνείαν
2384 2945 2650 2999 ποιεῖσθαι
2694 2943 2824 3014 (12).
2878 2945 2941 2996 El
2967 2943 3076 3014 γὰρ
3123 2943 3340 3014 Πατέρα
3375 2931 3580 3015 εἴρηκε,
3621 2942 3697 2992 καὶ

2135 3041 2330 3112 Χάριν,
2366 3038 2461 3091 καὶ
2485 3035 2786 3106 Μονογενῆ.
2822 3037 2915 3088 καὶ
2943 3035 3241 3105 Ἀλήθειαν,
3275 3035 3372 3089 καὶ
3407 3036 3595 3104 Λόγον,
3621 3033 3698 3084 καὶ

2137 3133 2313 3205 Ζωὴν,
2338 3132 2434 3186 καὶ
2450 3130 2580 3184 "Ave
2591 3147 2792 3203 ρωπον,
2812 3131 2906 3184 καὶ
2932 3129 3281 3240 Ἐκκληρίαν,
3298 3129 3445 3183 κατὰ
3463 3129 3561 3199 τὴν
3577 3126 3696 3180 ὲκεί-

1659 3288 1861 3344 BlLLll
1894 3285 2479 3344 INTERPRETATIO.

445 3408 707 3480 ogdoadis
741 3409 877 3463 ordo
910 3409 1408 3476 demonstraretur;
1456 3427 1560 3466 non
1611 3419 1794 3465 autem
1840 3420 1990 3465 tanto
2043 3421 2164 3480 post
2211 3407 2503 3480 intervallo,
2542 3409 2689 3463 velut
2743 3409 3013 3480 oblivione
3055 3419 3266 3476 captus.
3303 3423 3370 3462 ac
3421 3417 3595 3476 postea
3625 3405 3692 3480 ⁸ἰιι

455 3476 768 3552 memoriam
799 3480 1040 3552 rediens,
1075 3482 1262 3552 ultimo
1286 3481 1424 3552 (loco
1457 3482 1844 3550 quaternitatis
1876 3476 2064 3552 prima}
2099 3482 2432 3535 mentionem
2483 3479 2723 3535 fecisset.
2759 3479 2982 3552 Deinde,
3019 3481 3066 3534 si
3102 3479 3355 3547 coniugia
3390 3492 3596 3552 quoque
3625 3476 3693 3527 in-

449 3551 636 3624 dicare
669 3549 1250 3624 voluissetpprofeetq
1283 3549 1538 3607 Ecclesiae
1581 3567 1788 3624 nomen
1829 3549 2252 3624 haudquaquam
2296 3552 2364 3624 ab
2394 3566 2458 3605 eo
2500 3552 2834 3624 prteteritum
2890 3550 3332 3624 l'uisset;_verum
3391 3549 3572 3624 aut_in
3619 3561 3692 3624 re:

451 3621 616 3687 liquis
641 3621 809 3691 etiam
862 3615 1340 3690 coniugationibus
1389 3622 1662 3677 masculos
1692 3623 1962 3691 appellare
1993 3615 2128 3676 satis
2173 3622 2450 3676 habuisset
2503 3615 2732 3690 (quippe
2777 3637 2898 3674 etnu
2929 3637 3082 3690 atque
3125 3621 3228 3672 illm
3257 3635 3379 3691 iuna
3437 3615 3689 3671 subaudiri

450 3690 910 3762 possent),uthae
928 3692 1137 3746 ratione
1163 3693 1426 3747 unitatem
1453 3708 1677 3762 prorsus
1702 3690 1982 3758 servaret;
2016 3701 2109 3746 aut
2137 3693 2180 3746 si
2214 3693 2539 3758 reliquorum
2566 3691 2827 3758 conjuges
2853 3693 3194 3753 recensebat,
3229 3690 3478 3762 Hominis
3501 3699 3693 3762 quoqua

450 3760 732 3833 coniugem
775 3761 1126 3828 declarasset,
1181 3777 1279 3816 nec
1316 3760 1473 3816 nobis
1504 3763 1676 3833 ipsius
1726 3778 1920 3816 nomen
1968 3779 2034 3817 ex
2095 3762 2405 3833 conjectura
2457 3771 2512 3833 _el
2560 3763 2892 3815 divinatione
2939 3761 3646 3833 ‘capientlummreliquisset.

517 3831 574 3884 ‘2.
616 3831 780 3903 Plana
813 3841 895 3884 est
925 3833 1108 3903 itaque
1145 3830 1782 3900 expositionis'ltujusce
1828 3833 2055 3888 falsitas.
2094 3832 2227 3903 Nam
2275 3847 2397 3887 cum
2450 3831 2689 3886 Joannes
2727 3848 2893 3903 unum
2938 3830 3103 3903 Deum
3164 3831 3609 3903 omnipotentem;
3644 3833 3689 3903 _cl

448 3917 615 3954 unum
649 3900 995 3968 Unigcnitum
1019 3893 1547 3966 Iesum-Christum,
1580 3893 1676 3972 per
1707 3919 1867 3972 quem
1899 3905 2080 3957 omnia
2125 3902 2266 3958 facta
2304 3911 2455 3964 sunt,
2497 3903 2778 3968 pranlicet,
2826 3902 2969 3956 hunc
2997 3900 3173 3956 Flittm
3219 3893 3521 3972 Dei,ibunc
3565 3893 3686 3972 (Uni—

448 3972 712 4038 genitum,
749 3973 890 4024 hune
932 3973 1174 4026 omnium
1219 3989 1404 4026 rerum
1452 3970 1787 4037 ell'eetoreiu,
1837 3974 1980 4028 hunc
2021 3988 2204 4028 veram
2261 3975 2434 4027 lucem
2491 3973 2885 4026 illuminanlem
2935 3987 3153 4025 omnem
3216 3971 3512 4032 hominem,
3565 3970 3687 4021 hunc

462 4039 648 4094 mundi
689 4041 1052 4104 conditorem,
1085 4044 1228 4096 hunc
1261 4045 1351 4112 qtti
1379 4045 1444 4096 ad
1488 4059 1583 4098 sua
1615 4046 1846 4106 venerit,
1877 4054 1931 4097 et
1963 4059 2093 4100 eam
2120 4044 2292 4097 factus
2323 4043 2415 4108 sil,
2449 4051 2502 4097 et
2539 4044 2590 4095 in
2619 4043 2775 4095 nobis
2812 4043 3171 4104 habitaverit;
3200 4042 3252 4094 hi
3291 4041 3551 4108 speciosa:
3575 4051 3684 4112 Ofil—

451 4113 619 4184 tionis
647 4112 917 4184 lettocinio
949 4108 1348 4181 expositionem
1384 4115 1796 4184 tletorqucutes.
1825 4114 1992 4167 alium
2033 4113 2379 4184 Unigenitum
2409 4127 2529 4184 esse
2553 4113 2848 4184 secundum
2884 4113 3322 4184 productionem,
3351 4126 3512 4184 quem
3542 4108 3684 4184 etiam

445 4178 772 4250 Principium
803 4178 1138 4252 nuncupant,
1174 4184 1337 4235 alium
1369 4178 1708 4238 Salvatorem
1737 4186 1906 4238 fuisse
1937 4178 2169 4248 volunt,—
2191 4183 2356 4236 alium
2407 4183 2728 4238 Sermonem
2773 4178 2939 4236 lilium
2981 4181 3324 4251 Monogenis,
3355 4178 3518 4235 alium
3548 4178 3683 4252 deui-

443 4266 550 4319 qne
581 4251 880 4314 Christum,
912 4249 1342 4307 atl'l‘leromatis
1399 4254 1848 4308 instaurationem
1883 4256 1936 4306 in
1973 4253 2146 4307 lucem
2181 4254 2385 4307 editum
2435 4270 2449 4306 :
2487 4264 2652 4322 atque
2697 4253 3118 4320 unumquodque
3147 4249 3364 4314 eorum,
3415 4265 3530 4318 qua:
3557 4249 3682 4322 dici}!

445 4314 590 4386 sunt,
632 4337 660 4374 a
707 4323 935 4376 veritate
974 4322 1336 4384 dimovenles,
1370 4341 1435 4378 ac
1476 4326 1788 4378 nominibus
1829 4326 2136 4388 abutentes,
2183 4325 2248 4375 ad
2293 4314 2603 4376 institutum
2650 4339 2808 4376 suum
2852 4314 3288 4384 transtulerunt;
3346 4314 3483 4375 adeo
3514 4329 3587 4379 ut.
3629 4314 3684 4366 de

445 4407 634 4446 eorum
665 4394 955 4453 sententia.
991 4392 1226 4448 Joannes
1263 4394 1315 4446 in
1369 4405 1445 4448 tot
1474 4397 1659 4450 verbis
1691 4395 1902 4448 Doani
1954 4393 2082 4448 Jesn
2108 4394 2315 4449 Christi
2352 4395 2679 4448 mentionem
2715 4392 2915 4446 nullam
2952 4393 3166 4447 iecerit.
3201 4391 3265 4445 ει
3299 4393 3449 4445 enim
3490 4389 3681 4443 Patrem

447 4463 602 4530 dixit,
643 4473 698 4517 et
738 4461 1003 4528 Gratiam,
1049 4473 1102 4517 ct
1147 4463 1516 4534 Uuigcnilum,
1569 4476 1624 4520 et
1674 4465 1994 4532 Veritatem,
2051 4474 2108 4519 et
2155 4465 2417 4529 Verbum,
2460 4475 2515 4520 et
2557 4462 2760 4532 Vitam,
2797 4475 2852 4516 et
2910 4462 3222 4529 llominem,
3277 4473 3333 4518 et
3385 4460 3680 4518 Ecclesiaul,

435 4598 440 4605 Ι
519 4623 598 4692 (l)
647 4625 778 4678 Cum
808 4634 1014 4692 possem
1058 4633 1105 4677 et
1161 4623 1276 4676 illa.
1336 4623 1646 4691 Legentlum
1700 4634 1829 4693 puto
1861 4641 1876 4678 :
1910 4640 2028 4677 cum
2059 4627 2100 4685 C
2137 4622 2590 4693 interpretatione
2615 4622 2760 4693 vocis
2791 4619 3085 4682 Christum,
3124 4628 3444 4687 supererat;
3479 4616 3680 4693 scripse-

445 4707 652 4764 possent
681 4707 728 4749 et
775 4697 906 4761 illw,
936 4694 1145 4749 Scilicet
1194 4694 1410 4748 femina:
1459 4693 1721 4764 conjuges
1755 4709 1851 4750 seu
1897 4693 2030 4750 1E0-

450 4781 543 4818 ncs
573 4767 808 4819 femina).

481 4907 489 4915 .
521 4835 596 4902 (2)
642 4834 763 4890 Non
799 4834 1100 4892 remisisset.
1132 4834 1227 4891 Gr.
1255 4836 1356 4888 ούκ
1387 4834 1453 4889 ἂν
1483 4835 1714 4907 ἀφῆκεν,
1743 4852 1846 4890 non
1871 4838 2031 4891 dimi-

445 4915 618 4958 atsset.

519 4976 598 5043 (5)
641 4973 812 5030 Unum
860 4975 1026 5030 Deum
1070 4987 1379 5046 exponente.
1413 4976 1567 5033 Adde
1609 4992 1677 5032 ex
1716 4976 1816 5034 Gr.
1864 4996 2028 5033 unum

445 5045 613 5099 Deum
628 5049 1032 5114 omnipotentem
1043 5088 1056 5101 .

519 5116 598 5186 (4)
640 5114 937 5170 Secundum
967 5116 1266 5171 verisimile.
1323 5117 1414 5173 Sic
1445 5134 1510 5172 ex
1549 5117 1762 5182 Graeco,
1807 5118 1879 5172 ita
1912 5119 2028 5174 exi-

448 5197 612 5257 gente
650 5201 847 5249 sensu,
900 5189 1150 5252 restituo,
1185 5203 1285 5257 pro
1327 5191 1616 5242 secundum
1667 5189 2026 5255 verisimilem,

448 5255 508 5308 nt
546 5255 748 5329 habent
771 5270 964 5329 omnes
996 5258 1156 5312 codd.
1183 5255 1475 5329 manifesto
1497 5259 1799 5314 scribarum
1830 5259 1980 5329 lapsu
2010 5277 2024 5314 :

451 5327 594 5408 ntale
627 5327 834 5382 scilicet
869 5327 1024 5408 apice
1071 5339 1256 5384 notata
1299 5327 1458 5384 litera
1499 5347 1546 5396 e,
1589 5332 1734 5398 quod
1769 5327 2028 5398 frequens

449 5413 503 5451 Ill
537 5413 666 5451 lllSS.
696 5408 928 5452 OCCIII'I'II
942 5437 955 5451 .

519 5468 597 5532 (5)
643 5472 806 5534 Quem
832 5467 1054 5522 scilicet.
1081 5468 1262 5534 Eras.,
1293 5467 1526 5527 Feuard.
1568 5483 1624 5528 et
1658 5467 1798 5524 Call.
1833 5484 2025 5540 perpe-

447 5551 565 5593 ram
606 5540 826 5602 babenl,
859 5555 1040 5606 quam.

522 5609 602 5678 (6)
641 5612 880 5662 Alterum
917 5608 1209 5664 Christum.
1264 5610 1408 5666 Duas
1434 5629 1617 5679 voces,
1670 5613 1724 5666 id
1775 5623 1874 5676 est,
1904 5619 2027 5679 post

447 5677 726 5734 Christum
772 5680 823 5732 in
869 5681 1101 5749 prteced.
1152 5680 1308 5734 editt.
1357 5677 1611 5738 insertas
1643 5687 1840 5738 merito
1882 5677 2026 5735 dele-
2107 5718 2114 5724 η

451 5759 529 5802 νιι
556 5749 723 5803 Grah.
757 5751 883 5817 quia
915 5751 967 5803 in
996 5752 1187 5806 Grazco
1213 5763 1265 5804 et
1297 5768 1424 5806 mss.
1459 5754 1723 5816 Clarom.,
1764 5752 2024 5806 Arundcl.

451 5830 612 5894 atque
651 5819 837 5875 Vossio
883 5822 1098 5894 tlesunt,
1138 5839 1201 5875 ac
1246 5823 1441 5877 falsum
1493 5826 1723 5894 gignunt
1767 5839 2021 5885 sensum;

450 5895 544 5946 sed
586 5893 743 5958 forte,
803 5894 856 5944 id
901 5904 999 5960 est,
1033 5892 1083 5948 in
1123 5910 1252 5949 tnss.
1301 5892 1510 5950 Erasmi
1565 5892 1618 5950 et
1673 5894 1921 5962 Callasii,
1955 5909 2017 5949 ex

2134 4689 2332 4763 ratque
2369 4695 2662 4762 quispiam,
2695 4692 2750 4744 id
2793 4703 2889 4763 est
2914 4699 3152 4763 unctum,
3181 4701 3239 4744 ut
3280 4699 3407 4743 ante
3443 4689 3680 4756 scriptum

2133 4759 2597 4834 est,'Mouogenis,
2627 4763 2681 4816 id
2728 4774 2802 4817 est
2847 4759 3136 4834 Unigeniti.

2203 4835 2280 4904 (7)
2337 4834 2404 4890 In
2431 4829 2605 4888 vsuam
2666 4832 3192 4902 argummztatiouem.
3238 4829 3481 4904 Graecam
3518 4844 3678 4883 vocem

2133 4903 2387 4959 ὑπόθεσιν
2407 4944 2421 4969 ,
2482 4904 2990 4973 argumentatiwtem
3040 4912 3252 4956 vertere
3285 4914 3430 4955 amat
3461 4903 3676 4968 interp.:

2135 4977 2348 5031 mallem
2394 4975 2735 5040 reddidisset,
2766 4975 3082 5036 institutum,
3115 4973 3453 5025 sententiam.

2201 5047 2278 5115 (8)
2342 5045 2510 5101 Dixit.
2553 5045 2627 5098 Ita
2697 5045 3043 5115 Claromuet
3097 5043 3253 5115 Voss.
3302 5052 3503 5115 exacte,
3546 5040 3678 5110 juxta

2129 5111 2621 5194 Grégcunletpqxe.
2648 5115 2835 5194 _Eras_.,
2865 5111 3005 5194 Call.
3037 5123 3092 5166 et
3116 5111 3362 5194 ἕξουσι-«Ι.
3396 5113 3616 5194 dixisset.

2201 5187 2303 5260 (9)7
2341 5188 2411 5242 El
2468 5179 2585 5260 ὲᾶξν
2627 5179 2855 5260 loquir-if
2876 5183 2996 5260 τὰς
3021 5181 3336 5260 συζύγρυς.
3397 5179 3675 5260 Leggitium

2128 5251 2560 5327 euin'inteer)
2603 5260 2650 5310 εἰ
2683 5255 2791 5309 τῶν
2836 5253 3058 5327 λοιπῶν..
3115 5251 3221 5327 βόα
3266 5251 3678 5327 _l‘rustra_Billius

2126 5339 2184 5381 et
2211 5328 2414 5383 Fronto
2440 5323 2590 5382 'Duc.
2626 5343 2746 5380 etnn
2787 5327 2992 5398 eodem
3037 5323 3138 5393 legi
3192 5324 3400 5387 volunt,
3454 5323 3546 5398 si;
3600 5337 3676 5398 συθ

2129 5399 2323 5467 ζυγίας
2355 5416 2369 5428 ο
2401 5409 2454 5452 et
2486 5412 2680 5452 sensus
2713 5396 2856 5452 enim
2887 5408 2943 5450 et
2973 5405 3262 5449 contextus
3287 5396 3550 5450 sermonis
3574 5396 3674 5448 exi-

2127 5479 2260 5538 gunt
2291 5467 2577 5536 συζύγους.

2112 5529 2158 5585 .’
2199 5540 2313 5610 (10)
2360 5529 2496 5594 iter
2537 5529 2709 5599 Θεοῦ,
2735 5538 2907 5607 Λόγον
2951 5535 3086 5590 Θεοῦ
3122 5536 3316 5606 legisse
3355 5537 3558 5593 videtur
3603 5529 3674 5582 in-

2129 5617 3069 5750 ιθᾝῖῗδᾟαταχρησὰμενόι.’Ιιοεο
3094 5691 3216 5733 cum
3256 5680 3452 5748 interp.
3478 5671 3566 5727 καὶ
3593 5685 3672 5722 κα-

2127 5751 2549 5824 ταχρησάμενοι.

2638 5821 2952 5875 ποιεῖσθαι.
2992 5792 3252 5878 Addenda
3290 5836 3410 5877 cum
3463 5818 3668 5882 interpr-

2130 5893 2393 5962 pttt‘ticula
2425 5896 2674 5964 negativa
2709 5893 2782 5966 μὴ
2833 5894 2910 5949 vel
2950 5893 3029 5946 ού.
