3880 6358
197 414 282 472 5H
1199 401 1478 460 CONTRA
1518 397 1860 456 [LERESES
1897 396 2096 452 LIBER
2130 395 2412 451 PRIMUS.

3340 393 3454 450 542

200 553 294 590 νων
339 531 589 587 ὖπόθεσιν
643 527 772 599 περὶ
808 525 909 596 τῆς
948 523 1170 596 πρώτης
1217 521 1466 591 ὀγδοάδος
1516 519 1756 592 εἴρηκεν,

1866 525 1916 572 et
1958 518 2238 582 Alethian,
2271 527 2320 573 et
2351 517 2563 585 Logon,
2592 525 2647 572 et
2686 515 2855 582 Zoeu,
2903 525 2956 569 et
2998 515 3342 585 Anthropon,
3391 528 3447 571 et

203 632 252 682 ὲν
344 623 546 678 οὐδέπω
595 618 826 690 Ἰησοῦς,
857 617 1068 670 οὐδέπω
1107 615 1342 686 Χριστὸς
1377 616 1406 666 6
1445 613 1540 666 τοῦ
1582 613 1760 666 Ἰωάν-

205 737 282 771 νου
311 712 637 774 διδάσκαλος.
679 711 802 762 Ὀτι
841 707 896 761 δὲ
915 709 976 760 οὐ
997 707 1247 777 περὶτῶν
1279 704 1548 773 συζυγιῶν
1581 703 1760 756 αὐτῶν

207 812 231 862 6
263 805 564 867 ’Λπόπολος
613 801 856 874 εἴρηκεν,
887 798 1024 852 ἀλλὰ
1059 800 1186 870 περὶ
1218 797 1311 852 τοῦ
1355 797 1562 869 Κυρίου
1605 795 1761 866 ἡμῶν

219 898 369 968 Ἰηπῦ
411 893 678 967 Χριστοῦ,
702 895 761 947 δν
812 895 904 948 καὶ
937 893 1106 961 Λόγον
1149 887 1256 944 οἶδε
1284 889 1378 942 τοῦ
1412 887 1566 950 Θὲοῦ,
1603 886 1762 948 αὐτὸς

210 992 444 1060 πεποίηκε
501 987 752 1058 φανερόν.
821 983 1408 1053 ’Λνακεφαλαιούμενος
1470 980 1580 1050 γὰρ
1635 977 1762 1048 περὶ

210 1081 287 1135 τοῦ
315 1079 594 1152 εἰρημένου
629 1076 778 1146 αὑτῷ
805 1075 918 1128 ἄνω
949 1077 1007 1127 ἐν
1054 1077 1194 1146 ἀρχῇ
1239 1073 1432 1140 Λόγου,
1474 1068 1760 1140 ἐπεξηγεῖ-

209 1191 312 1228 ταιο
361 1173 462 1225 Καὶ
496 1174 528 1226 ὀ
561 1173 752 1240 Λόγος
778 1168 934 1237 σὰρξ
961 1167 1230 1236 ἐγένετο,
1267 1165 1365 1220 καὶ
1406 1163 1763 1231 ἐσκήνωσεν

208 1265 432 1334 ἑνήμῖν.
477 1262 633 1318 Κατὰ
671 1263 728 1315 δὲ
771 1263 873 1334 τὴν
906 1261 1130 1314 ἐκείνων
1165 1258 1443 1320 ὑπόθεσιν,
1473 1257 1572 1327 οὐχ
1599 1257 1628 1308 6
1662 1254 1763 1308 Λό-

208 1376 287 1427 γος
320 1356 444 1427 σὰρξ
473 1356 712 1422 ἐγένετο,
745 1355 805 1417 ὃς
845 1372 908 1422 γε
950 1354 1071 1406 οὐδὲ
1101 1349 1230 1423 ἦλθέ
1263 1367 1392 1403 ποτε
1434 1349 1591 1412 ὲκτδς
1619 1349 1759 1419 πλη-

211 1451 448 1522 ρώματος,
485 1450 619 1503 ἀλλὰ
652 1451 680 1501 ό
708 1448 805 1518 τῆς
838 1445 1275 1517 οἰκονομίας(1),
1300 1442 1760 1514 μεταγενέστερος

207 1539 285 1594 τοῦ
312 1541 495 1609 Λόγου,
531 1540 743 1609 Σωτήρ.

264 1808 309 1860 5.
342 1805 548 1860 Mamaea
602 1799 715 1867 οὖν,
781 1802 1025 1872 ἀνόητοι.
1085 1803 1166 1856 ὅτι.
1219 1802 1428 1872 Ἰησοῦς
1492 1804 1521 1855 ὁ
1570 1800 1758 1854 παθὼν

210 1900 328 1969 ὑπὲρ
356 1897 530 1968 ἡμῶν,
571 1897 600 1948 6
634 1895 1066 1965 κατασκηνώσας
1105 1895 1164 1946 ἐν
1191 1897 1344 1964 ἡμῖν,
1393 1886 1549 1955 οὗτος
1597 1891 1758 1954 αὑτός
1794 1875 1833 1933 Β

208 1991 330 2041 ἐςτιν
359 1991 384 2040 6
413 1981 583 2052 Λόγος
609 1985 704 2037 τοῦ
727 1985 882 2037 Θεοῦ.
921 1985 983 2038 El
1035 1985 1131 2055 μὲν
1177 1985 1286 2054 γὰρ
1333 1983 1489 2046 ἄλλος
1534 1999 1620 2045 τις
1657 1980 1765 2033 τῶν

207 2081 389 2132 αἰώνων
421 2078 561 2147 ὑπὲρ
601 2077 704 2146 τῆς
735 2075 895 2147 ἡμῶν
936 2075 1116 2127 αὐτῶν
1155 2074 1426 2145 σωτηρίας
1463 2072 1597 2142 σὰρξ
1641 2072 1764 2140 ὲγὲ-

207 2189 324 2231 νετο,
362 2170 503 2233 εἰκὸς
536 2165 606 2240 ἦν
634 2170 761 2240 περὶ
796 2167 952 2222 ἄλλου
977 2167 1256 2240 εἰρηκέναι
1285 2167 1376 2220 τὸν
1412 2165 1757 2220 Ἀπόστολοψ

208 2263 548 2331 εἱδὲόΛόγος
573 2264 602 2315 ὁ
635 2262 728 2315 τοῦ
759 2261 973 2332 Πατρδς
996 2260 1024 2312 6
1053 2261 1319 2324 καταϐὰς,
1347 2259 1508 2323 αὑτός
1530 2260 1646 2312 ἐστι
1668 2259 1765 2312 καὶ

206 2357 231 2408 ὁ
257 2355 462 2418 ἀναϐὰς,
499 2355 526 2405 6
553 2353 650 2406 τοῦ
682 2353 842 2424 μόνου
861 2351 997 2405 Θεοῦ
1035 2351 1109 2422 (Ξ)
1153 2351 1443 2422 μονογενὴς
1470 2351 1599 2414 Υἱὸς
1620 2351 1761 2404 κατὰ

207 2447 287 2516 τὴν
321 2445 408 2498 τοῦ
439 2444 654 2515 Πατρδς
714 2444 960 2497 εὐδοκίαν
1011 2443 1312 2514 σαρκωθεὶς
1367 2443 1507 2514 ὑπὲρ
1553 2441 1762 2515 ἀνθρώ-

207 2555 326 2602 πων,
357 2539 412 2590 οὐ
441 2538 569 2606 περὶ
605 2535 766 2590 ἄλλου
799 2535 962 2597 τινῆς,
995 2535 1114 2588 οὐδὲ
1144 2535 1270 2604 περὶ
1284 2535 1533 2603 ὀγδοάδος
1556 2535 1646 2588 τὸν
1670 2535 1760 2588 λό-

206 2645 290 2696 γον
328 2628 685 2698 ἐμπεποίηται
723 2627 832 2697 (5),
863 2626 1027 2697 ἀλλ’ἢ
1065 2627 1192 2698 περὶ
1222 2627 1312 2680 τοῦ
1345 2629 1550 2699 Κυρίου
1584 2629 1760 2700 Ἰησοῦ

1865 611 2190 676 Ecclesium,
2235 612 2534 666 secundum
2581 610 2794 664 illorum
2825 611 3354 680 argumentationem
3379 611 3450 664 de

1862 705 2037 775 prima
2089 704 2335 772 ogdoade
2375 704 2533 768 dixit,
2572 704 2756 772 inqua
2813 704 3052 756 nondum
3093 701 3274 766 Jesus,
3308 717 3449 756 non-

1863 799 1990 850 dum
2021 798 2274 851 Christus
2306 795 2535 849 Joannis
2588 797 2866 863 magister.
2925 795 3062 860 Quia
3115 802 3293 848 autem
3338 807 3445 846 non

1864 889 1930 942 de
1957 889 2194 960 syzygiis
2226 889 2464 959 ipsorum
2503 889 2798 957 Apostolus
2833 888 2992 949 dixit,
3039 888 3135 942 sed
3167 889 3233 942 de
3265 888 3448 941 Domi-

1867 997 1937 1036 tzo
1969 990 2157 1034 nostro
2184 979 2310 1036 Jesu
2343 980 2581 1047 Christo,
2630 996 2791 1050 quem
2837 987 2889 1034 et
2927 979 3158 1034 Verbum
3193 980 3296 1033 sclt
3323 994 3447 1032 esse

1865 1070 1980 1136 Dei,
2007 1071 2147 1125 idem
2178 1072 2292 1141 ipse
2315 1070 2442 1125 fecit
2461 1071 2828 1124 mauilestnm.
2881 1070 3273 1139 Recapitulans
3301 1071 3444 1125 enim

1865 1163 1931 1217 de
1965 1178 2030 1217 eo
2065 1163 2259 1226 Verbo,
2293 1163 2436 1232 quod
2466 1163 2514 1215 ei
2555 1163 2606 1215 in
2642 1162 2913 1232 principio
2958 1161 3162 1215 dictum
3208 1170 3294 1216 est
3340 1161 3444 1233 (4),

1866 1254 2089 1321 insuper
2118 1254 2342 1322 exponit
2385 1271 2400 1308 :
2451 1253 2518 1306 Et
2574 1253 2794 1308 Verbum
2832 1269 2960 1306 caro
3001 1253 3196 1321 factum
3243 1263 3351 1317 est,
3396 1263 3446 1307 et

1857 1345 2175 1399 inhabitari:
2216 1346 2270 1398 in
2303 1346 2449 1399 nobis
2485 1344 2583 1413 (5).
2647 1343 2959 1397 Secundum
3011 1351 3192 1396 autem
3229 1343 3443 1397 illorum

1864 1439 2423 1507 argumentationem,
2474 1453 2582 1491 non
2615 1437 2853 1491 Verbum
2903 1451 3035 1488 caro
3084 1435 3285 1489 factum
3327 1445 3442 1495 est,

1864 1531 2007 1600 quod
2039 1530 2259 1600 quidem
2306 1545 2406 1584 nec
2449 1530 2600 1584 venit
2639 1545 2878 1598 unquam
2931 1535 3086 1583 extra
3129 1527 3375 1582 Pleroma
3425 1544 3441 1580 :

1864 1624 1956 1674 sed
1997 1624 2086 1691 qui
2143 1639 2207 1677 ea
2255 1624 2511 1678 omnibus
2570 1622 2746 1677 factus
2794 1623 2894 1693 (6),
2947 1631 3003 1676 ct
3048 1622 3119 1677 sit
3177 1621 3445 1688 posterior

1865 1715 1941 1779 (7)
1976 1714 2180 1779 Verbo,
2219 1715 2472 1769 Salvator
2513 1714 2613 1784 (8).

1932 1807 2039 1879 45
2063 1808 2116 1864 5.
2146 1807 2349 1862 Discite
2368 1807 2852 1877 igitur,insensati,
2881 1806 3134 1875 quoniam
3154 1805 3333 1870 Jesus,
3352 1806 3444 1876 qui

1865 1915 2056 1970 passus
2077 1909 2160 1954 est
2199 1915 2295 1968 pro
2323 1899 2503 1962 nobis,
2534 1897 2624 1967 qui
2649 1897 2975 1952 inhabitavit
3003 1897 3054 1951 in
3087 1898 3267 1963 nobis,
3305 1899 3445 1952 idem

1866 1994 1980 2062 ipse
2017 2000 2100 2046 est
2125 2000 2180 2044 et
2212 1990 2450 2045 Verbum
2496 1989 2611 2043 Dei.
2655 1990 2710 2046 Si
2741 1989 2891 2043 enim
2923 1988 3062 2042 alius
3082 2003 3148 2042 ex
3182 1988 3449 2043 Eonibus

1864 2099 1964 2152 pro
1988 2094 2173 2138 nostra
2197 2083 2372 2137 salute.
2397 2097 2526 2136 caro
2565 2081 2746 2136 factus
2768 2091 2878 2147 est,
2917 2080 3297 2134 aestimandum
3329 2090 3448 2134 erat

1862 2175 1934 2229 de
1967 2175 2139 2229 altero
2169 2175 2373 2229 dixisse
2402 2175 2743 2243 Apostolum.
2775 2173 2831 2227 Si
2864 2184 3049 2226 autem
3083 2173 3320 2227 Verbum
3346 2175 3450 2226 Pa-

1862 2266 1985 2331 tris,
2012 2265 2100 2333 qui
2136 2265 2439 2328 descendit,
2470 2265 2586 2332 ipse
2613 2267 2694 2317 est
2724 2274 2778 2318 et
2803 2265 2893 2331 qui
2926 2263 3197 2325 ascendit,
3227 2263 3296 2316 ah
3338 2278 3449 2316 uno

1861 2357 1970 2410 Deo
2021 2356 2333 2424 unigenitus
2386 2354 2577 2416 Filius,
2625 2352 2924 2408 secundum
2955 2352 3136 2405 Patris
3187 2351 3445 2420 placitum

1865 2449 2176 2502 incarnatus
2219 2463 2318 2517 pro
2347 2446 2690 2511 hominibus;
2718 2460 2824 2498 non
2868 2445 2936 2498 de
2965 2444 3072 2497 alio
3117 2443 3317 2509 aliquo,
3353 2457 3446 2494 ne-

1857 2549 1972 2605 que
1997 2535 2064 2590 de
2114 2536 2358 2605 ogdoade
2408 2534 2649 2589 Joannes
2694 2548 3004 2589 sermonem
3042 2533 3192 2594 fecit,
3247 2534 3344 2587 sed
3379 2533 3446 2586 de

1858 2627 2084 2683 Domino
2115 2625 2504 2682 ChristoJesu.
2558 2624 2746 2694 Neque
2783 2626 2928 2679 enim
2963 2625 3200 2680 Verbum
3246 2639 3447 2679 secun-

1863 2721 1988 2774 tlnm
2021 2733 2114 2774 eos
2144 2717 2669 2788 principalitercaro
2693 2716 2896 2770 factum
2929 2726 3033 2770 est.
3067 2717 3264 2770 Dicunt
3293 2715 3442 2769 enim

202 2720 435 2790 Χριστοῦ.
469 2720 606 2772 Οὐδὲ
656 2719 766 2790 γὰρ
796 2719 824 2771 6
855 2720 1046 2786 Λόγος,
1093 2721 1210 2772 κατ’
1243 2720 1461 2784 αὐτοὺς,
1492 2738 1766 2792 προηγου-

189 2811 364 2881 ’μένως
395 2810 527 2883 σὰρξ
573 2810 786 2880 γέγονε.
841 2809 1073 2878 Λέγουσι
1109 2809 1164 2862 δὲ
1199 2809 1292 2863 τὸν
1345 2810 1574 2882 Σωτῆρα
1612 2811 1760 2865 ἐνδύ-

1866 2808 2054 2864 Sotera
2105 2809 2351 2864 induisse
2401 2821 2602 2878 corpus
2658 2807 2917 2874 animale,
2965 2808 3032 2862 de
3086 2806 3448 2876 dispositione

1381 2981 1583 3037 BILLII
1616 2981 1777 3036 ΙΝΤΕ
1829 2981 2200 3041 PRETATIO.

196 3131 278 3197 jnx
293 3139 337 3184 ta
367 3131 574 3186 illorum
610 3130 938 3200 sententiam
973 3131 1038 3184 de
1085 3130 1261 3197 prima
1297 3131 1542 3198 ogdoade
1589 3131 1703 3186 hare
1743 3131 1898 3194 dixit,
1935 3131 1986 3184 in
2017 3148 2122 3200 qua
2157 3130 2386 3185 necdum
2414 3142 2494 3185 est
2525 3130 2706 3197 Jesus,
2741 3133 2968 3186 necdum
3002 3133 3253 3187 Christus
3285 3131 3447 3186 Joan-

201 3205 274 3255 n's
309 3211 618 3269 praeceptor.
666 3201 820 3267 Quod
871 3211 1048 3253 autent
1097 3201 1389 3271 Apostolus
1424 3217 1527 3254 non
1561 3202 1626 3254 de
1655 3202 1897 3270 ipsorum
1943 3203 2234 3271 conjugiis,
2273 3202 2366 3254 sed
2399 3203 2464 3255 de
2513 3203 2740 3256 Domino
2783 3214 2969 3257 nostro
3019 3203 3144 3257 .Icsu
3204 3204 3444 3266 Christo,

198 3287 340 3334 quem
380 3281 427 3323 et
461 3272 553 3324 υιιί
601 3271 832 3324 Verbum
853 3274 1117 3339 agnoscit,
1149 3270 1311 3324 verba
1343 3271 1552 3333 fecerit,
1604 3271 1825 3340 ipsemet
1875 3270 2060 3340 aperte
2110 3270 2426 3328 declaravit.
2467 3272 2790 3327 Sermonem
2821 3273 2965 3325 enim
2996 3276 3061 3328 de
3133 3289 3198 3328 eo
3245 3273 3442 3337 Verbo,

200 3344 255 3392 de.
297 3357 400 3408 quo
431 3359 591 3408 supra
629 3342 682 3393 in
726 3341 996 3413 principio
1046 3342 1263 3413 locutus
1311 3341 1512 3404 fuerat,
1543 3342 1596 3394 in
1652 3357 1920 3413 summam
1963 3343 2235 3412 redigens,
2267 3358 2542 3410 exponens
2593 3343 2790 3396 deinde
2832 3344 3112 3413 snhjungit
3151 3366 3160 3398 :
3204 3343 3268 3394 lit
3315 3341 3445 3395 Ver-

202 3415 302 3463 bum
332 3427 454 3472 caro
484 3413 684 3479 factum
730 3421 828 3469 est,
861 3423 905 3462 et
935 3411 1188 3463 habitarit
1243 3411 1296 3465 in
1337 3413 1503 3482 nobis.
1539 3412 1701 3480 Atqui
1737 3413 1779 3463 si
1810 3427 1994 3464 verum
2039 3411 2125 3464 eSt
2156 3414 2299 3480 quod
2349 3414 2444 3480 ipsi
2491 3426 2719 3480 ponunt,
2756 3411 3172 3482 hamlqnaqitam
3203 3413 3443 3466 Verbum

201 3497 309 3534 caro
355 3483 550 3535 factum
581 3490 684 3546 est,
717 3492 904 3549 utpote
957 3482 1098 3550 quod
1141 3498 1213 3553 _ne
1250 3481 1656 3553 ex_Pleromate
1701 3482 1916 3550 quidem
1979 3497 2214 3552 unquam
2277 3484 2598 3550 excesserit,
2656 3484 2750 3538 sed
2789 3481 3060 3550 Salvator,
3091 3485 3200 3552 ille,
3243 3484 3335 3553 qui
3378 3498 3444 3537 ex

201 3553 430 3604 omnibus
467 3563 619 3604 ortus
652 3562 757 3617 est,
803 3564 1042 3620 natnque
1084 3551 1262 3604 minor
1313 3551 1600 3606 Sermone.

257 3623 304 3674 5.
337 3621 538 3675 Discite
572 3623 759 3693 igitur,
806 3623 1067 3675 vecordes
1117 3621 1368 3676 homines
1392 3662 1406 3682 .
1440 3620 1649 3682 Jesum,
1679 3621 1768 3689 qui
1798 3629 1984 3675 nostra
2021 3637 2189 3693 causa
2237 3637 2434 3692 passus
2485 3633 2593 3684 est.
2631 3632 2800 3693 atque
2826 3625 2964 3692 apud
2999 3640 3100 3679 nos
3151 3624 3443 3686 habitavit,

200 3706 303 3744 eum
338 3693 511 3759 ipsum
537 3708 660 3762 esse
685 3692 780 3746 Dei
824 3693 1082 3762 Verbum.
1114 3693 1325 3746 Etenim
1365 3693 1409 3745 si
1438 3693 1576 3745 alius
1606 3693 1895 3762 quisquam
1926 3707 1991 3744 ex
2028 3692 2297 3746 Eonihus
2324 3709 2423 3762 pro
2454 3695 2628 3747 salute
2657 3692 2844 3747 nostra
2870 3709 3091 3748 carnem
3120 3695 3448 3760 assumpsis-

199 3772 287 3824 sul,
318 3761 819 3832 probabile‘l‘uisset
853 3761 1170 3830 Apostolum
1203 3762 1270 3815 de
1301 3763 1409 3816 alio
1441 3763 1606 3816 verba
1626 3761 1855 3816 iecisse.
1902 3762 2039 3816 Cum
2073 3772 2256 3832 autem
2287 3761 2523 3818 verbum
2553 3765 2754 3829 Patris,
2794 3765 2939 3832 quod
2968 3765 3271 3826 descendit,
3301 3765 3444 3817 idem

202 3834 259 3884 sit
284 3834 443 3887 etiam
483 3829 626 3900 quod
662 3829 931 3894 ascendit,
969 3833 1077 3894 ille,
1124 3833 1373 3900 inquam,
1421 3834 1582 3887 unius
1619 3835 1711 3886 Dei
1770 3833 2086 3901 unigenitus
2118 3831 2310 3894 Filius,
2348 3834 2578 3900 benigna
2618 3829 3109 3887 Patrts‘voluntale
3153 3836 3443 3888 hominum

200 3915 341 3965 causa
379 3903 720 3972 incarnatus,
761 3903 1004 3971 profecm
1037 3919 1142 3955 non
1176 3906 1240 3957 de
1271 3918 1543 3972 quoquam
1577 3904 1703 3965 alio,
1740 3918 1843 3972 nec
1872 3904 1939 3955 de
1986 3903 2231 3971 ogdoade
2266 3903 2426 3956 verba
2483 3905 2615 3957 fecit
2641 3920 2655 3966 ;
2684 3919 2872 3957 verum
2925 3907 2992 3958 de
3037 3905 3266 3958 [lomino
3316 3902 3444 3958 Jesu

200 3975 421 4027 llhristo.
453 3971 639 4040 Neque
671 3973 839 4037 enim,
870 3983 928 4025 ut
954 3973 1051 4040 ipsi
1083 3971 1354 4038 sentiunt,
1385 3972 1620 4026 Verbum
1654 3988 1785 4026 caro
1827 3971 2027 4026 factum
2052 3983 2159 4027 est.
2190 3972 2355 4025 Aiunt
2382 3975 2529 4026 enim
2582 3973 2931 4027 Salvatorem
2963 3975 3200 4028 animale
3235 3989 3435 4041 corpus

201 4041 446 4105 induisse,
472 4043 728 4096 ineffabili
759 4043 1100 4109 providentia
1131 4052 1193 4096 ex
1231 4045 1639 4111 dispensatione
1679 4045 1743 4095 ad
1773 4045 1870 4096 hoc
1901 4043 2247 4104 fabricatum,
2289 4054 2346 4096 nt
2375 4053 2423 4096 el
2458 4045 2627 4096 oculis
2650 4047 2824 4105 cerui,
2851 4054 2901 4097 et
2938 4045 3188 4098 manibus
3220 4046 3442 4098 tractari

200 4124 385 4181 posset.
415 4115 580 4182 Atqui
609 4129 740 4167 caro
765 4121 846 4167 est
876 4114 1096 4183 antiqua
1125 4114 1212 4166 illa
1239 4115 1428 4166 Adami
1456 4130 1486 4166 e
1519 4114 1646 4167 limo
1686 4131 1714 4165 a
1751 4114 1858 4167 Deo
1885 4112 2104 4176 eliietio,
2139 4130 2298 4182 quam
2331 4113 2424 4166 Dei
2453 4112 2688 4167 Verbum
2723 4130 2851 4168 vere
2899 4115 3104 4170 factum
3135 4130 3258 4170 esse
3279 4115 3444 4168 Joan-

261 4268 328 4336 (l)
404 4267 470 4320 '0
492 4266 603 4336 τῆς
652 4267 1013 4336 οἰκονομίας.
1048 4265 1153 4319 Pro
1191 4265 1277 4319 his
1312 4265 1594 4336 legendum
1649 4264 1756 4318 vult
1790 4273 1829 4330 ε
1868 4264 1980 4321 fere
2008 4267 2217 4320 recidit.
3031 4303 3035 4308 -

201 4335 364 4411 B-Ilius
410 4335 888 4411 enm_i_nterpr._6
949 4340 1013 4389 ὲκ
1067 4337 1282 4411 παντων
1328 4335 1586 4404 γεγονώς,
1632 4337 1758 4411 quia

1936 4336 2235 4411 (5)_Ar7ror
2274 4339 2682 4410 ἐμπεποίηται.
2739 4338 3050 4411 Legendum
3094 4338 3206 4394 vult
3254 4338 3444 4394 Dillius

203 4409 404 4462 tietitius
453 4407 545 4459 ille
573 4407 1078 4478 Valentinianorum
1111 4407 1384 4478 Servate:
1399 4424 1463 4478 ex
1487 4409 1760 4478 omnibus
1863 4407 2176 4478 πεποίηται.

202 4478 446 4532 dionihus
475 4487 653 4530 ortum
687 4478 874 4530 traxit.
898 4477 1134 4531 Grahius
1166 4492 1295 4530 vero
1345 4475 1633 4545 Epiphanii
1684 4477 1762 4528 le—
1879 4547 1884 4548 γ
1932 4477 2010 4546 (4)
2047 4475 2122 4530 1)ε
2160 4493 2220 4531 eo
2269 4477 2456 4541 Verbo,
2495 4481 2633 4548 quod
2664 4480 2713 4532 ei
2743 4481 2796 4532 in
2825 4480 3084 4544 principio
3110 4480 3306 4532 dictum
3340 4490 3438 4532 est.

203 4553 414 4602 ctionem
480 4563 579 4618 pro
611 4548 858 4618 igcnuina
917 4548 1098 4618 habet,
1134 4556 1298 4618 ratus
1360 4548 1522 4618 hanc,
1570 4554 1761 4618 utpote
1861 4547 2178 4602 Addendum
2215 4565 2279 4602 ex
2327 4547 2548 4602 Grmco:
2593 4551 2656 4601 de
2685 4566 2744 4602 eo
2798 4549 2984 4615 Verbo,
3024 4550 3089 4602 de
3131 4566 3233 4618 quo
3279 4566 3441 4611 supra

203 4616 578 4683 obscuriorem,
609 4617 850 4671 liheriori
889 4616 1236 4685 explieationi
1284 4617 1631 4671 occasionem
1662 4617 1760 4670 dc-
1861 4619 1914 4670 in
1943 4618 2201 4686 principio
2226 4621 2424 4672 dictum
2451 4629 2546 4672 est.
2570 4620 2725 4684 Quod
2755 4621 2958 4674 clarius
2991 4616 3154 4672 vertit
3189 4619 3380 4672 Billius
3422 4635 3438 4673 :

204 4689 348 4743 disse.
380 4689 594 4759 Sedis
636 4697 786 4741 certe
825 4703 928 4740 non
973 4697 1057 4740 est
1093 4688 1361 4759 interpres
1419 4696 1623 4749 noster,
1667 4687 1757 4754 qui
1860 4689 1925 4740 de
1950 4705 2008 4741 eo
2049 4686 2246 4759 Verbo,
2280 4691 2344 4743 de
2373 4706 2474 4759 quo
2517 4705 2677 4757 supra
2709 4690 2762 4744 in
2804 4690 3062 4759 principio
3093 4688 3299 4740 locutus
3326 4689 3444 4756 fne-

206 4767 382 4813 tautatn
418 4758 525 4829 sibi
585 4758 896 4829 libertatem
941 4769 1179 4829 arroget.
1232 4758 1413 4822 Quare
1461 4765 1760 4829 utrumque
1862 4768 1966 4829 [αι.
2033 4757 2354 4829 Quanquam
2385 4757 2594 4812 Vtatnen
2671 4775 2779 4812 non
2839 4758 3112 4828 immerito
3164 4759 3441 4812 existimat

206 4838 407 4894 textum,
449 4827 701 4882 Grteeum
765 4828 977 4882 scilicet
1035 4838 1089 4881 et
1141 4827 1420 4892 Latinum,
1461 4827 1547 4879 hic
1598 4828 1756 4878 muti-
1861 4827 2067 4881 Fronto
2102 4827 2232 4884 Duc.
2278 4828 2485 4883 Grtecis
2526 4829 2689 4882 alium
2737 4831 2963 4882 subesse
3006 4827 3164 4895 posse
3217 4844 3438 4882 sensum

204 4897 292 4949 lum
317 4916 457 4962 esse,
488 4899 832 4966 alterumque
880 4912 945 4950 ex
983 4895 1153 4950 altero
1187 4897 1587 4951 emendandum
1636 4910 1759 4949 esse
1861 4898 2046 5018 (quem
2092 4899 2376 4967 amplexus
2427 4909 2513 4951 est
2539 4897 2835 4968 Petavius),
2875 4898 3084 4957 scilicet
3118 4917 3132 4951 :
3173 4899 3437 4964 recapitu-

206 4979 351 5018 reltts-
381 4981 436 5018 et
471 4969 758 5018 Eninhauii
806 4978 860 5018 et
891 4966 1205 5018 interpretis
1243 4968 1531 5018 lectionem
1561 4966 1762 5018 atnnle-
1882 4985 1978 5018 an:
2014 4973 2152 5018 enim
2199 4971 2262 5018 de
2302 4986 2362 5018 eo
2401 4968 2594 5018 Verbo.
2625 4970 2764 5018 auod
2813 4971 2878 5018 ab
2923 4985 2983 5018 eo
3031 4985 3191 5018 suum
3239 4970 3437 5018 dictant

206 4979 352 5032 ratus,
381 4981 436 5023 et
471 4969 758 5037 Epiphanii
806 4978 860 5022 et
891 4966 1205 5034 interpretis
1243 4968 1531 5037 lectionem
1561 4966 1762 5037 atnple-
1861 4966 1978 5021 laus
2014 4973 2152 5020 enim
2188 4966 2262 5022 ’de
2302 4986 2362 5022 eo
2401 4968 2594 5030 Verbo,
2625 4970 2764 5036 quod
2795 4966 2878 5021 ob
2923 4985 2983 5021 eo
3031 4985 3191 5035 supra
3239 4970 3439 5020 dictum

204 5046 322 5100 ctor,
359 5034 752 5109 legendumque
781 5053 976 5092 censeo
1011 5053 1025 5090 :
1063 5038 1091 5089 6
1126 5038 1190 5109 ἐκ
1233 5035 1476 5109 πάντωνᾷ
1495 5034 1756 5109 γεγονὼς,
1857 5051 1932 5090 est
1967 5042 2020 5090 in
2077 5040 2336 5109 principio
2367 5040 2552 5107 fuisse.
2607 5034 2758 5092 llune
2806 5041 3025 5109 quidem
3070 5034 3288 5093 sensum
3335 5038 3438 5089 im-

205 5109 281 5179 itat
318 5105 434 5178 τῆς⁷
460 5105 773 5179 οἰκονομίας
793 5151 808 5170 ,
877 5107 1332 5178 μεταγενέστερος
1355 5105 1489 5179 ﬁqu
1543 5106 1717 5179 Λόγου
1740 5145 1754 5169 ,

1866 5109 2057 5176 prohat
2104 5105 2536 5179 Grahins.rquia,
2562 5109 2790 5179 _inqnit,
2824 5105 2900 5162 'in
2947 5107 3132 5179 Graeco
3175 5126 3311 5179 mm_
3336 5117 3438 5166 est,

206 5173 391 5250 ξωτήρζ
428 5181 539 5235 Cur
569 5173 750 5232 auiem
782 5173 1038 5233 Salvator
1056 5173 1287 5250 dicatur,
1319 5176 1760 5250 τῆςγλοίκονομίας

1866 5173 1919 5230 ἓν
1951 5179 2092 5248 ἀρχῇ
2130 5174 2265 5231 εἶναι
2291 5173 2512 5250 Λόγουᾷ
2557 5173 2760 5245 Nempe
2802 5180 2951 5233 deest
2984 5178 3216 5233 Verbum
3260 5173 3437 5240 εἶναι,

443 5250 584 5303 ratio
627 5251 677 5303 in
712 5259 964 5320 promptu
994 5257 1114 5301 est:
1161 5247 1286 5314 quia
1331 5246 1761 5320 scilicethtnna-
1861 5246 2335 5320 seddsubintelligi
2361 5246 2516 5320 (nihil
2547 5259 2716 5320 vetat.

208 5333 275 5370 na:
300 5315 486 5374 salutis
545 5315 898 5388 procurandte
951 5334 1113 5371 causa
1181 5315 1578 5388 (qiueGrart-is
1615 5317 1760 5388 οἰκο-
1932 5318 2010 5388 (5)
2063 5315 2470 5372 lnlmbittit-itin
2530 5319 2693 5371 nobis.
2749 5316 2840 5372 Sic
2889 5319 3046 5373 codd.
3089 5319 3332 5375 Clarom.
3383 5327 3440 5374 et

207 5389 348 5458 νομία
398 5401 502 5452 est,
547 5387 617 5442 fut
656 5403 821 5457 supra
849 5389 1130 5458 diximus),
1161 5387 1395 5446 animale
1450 5402 1644 5454 corpus
1677 5387 1760 5438 iu-
1829 5387 2038 5454 .I’ass.,
2071 5392 2251 5442 czeteri
2290 5388 2540 5458 habitavit
2585 5388 2637 5440 in
2666 5389 2836 5443 nobis.

209 5457 323 5520 duit,
360 5472 414 5513 ut
445 5459 604 5528 paulo
661 5469 783 5528 post
829 5459 1153 5527 subjicitur,
1192 5459 1334 5526 quod
1381 5458 1598 5528 quidem
1635 5471 1759 5528 eor-
1934 5459 2010 5528 (6)
2056 5457 2138 5512 Ex
2165 5459 2406 5512 omnibus
2447 5457 2645 5526 factus.
2673 5457 3016 5513 Auctoritate
3047 5459 3166 5513 cod.
3193 5457 3435 5514 Clarom.

210 5541 292 5591 pus
335 5531 395 5600 ὲκ
445 5526 557 5600 ea;
603 5526 1480 5600 οἰκονομίαςκατεσκευασμένον
1535 5526 1759 5598 ἀρρήτῳ

1866 5526 2014 5586 deleo
2046 5534 2292 5600 verbum,
2327 5538 2426 5591 est,
2462 5535 2647 5600 utpote
2673 5530 3042 5600 superﬂuum.

209 5599 432 5670 προνοίᾳ,
479 5597 542 5653 ea:
600 5597 989 5669 dixpeniatione
1068 5601 1162 5671 (id,
1197 5608 1281 5652 est
1324 5598 1515 5671 salutis
1556 5597 1754 5671 nostra:
1787 5615 1830 5671 ι)
1932 5601 2008 5671 (7)
2053 5599 2118 5650 Et
2148 5601 2214 5652 sit
2239 5601 2514 5671 posterior.
2546 5599 2616 5650 lla
2651 5597 3002 5671 Claromont.,
3029 5598 3438 5671 Pas_s.,Arund.

209 5663 400 5736 (tunsa),
423 5663 778 5732 constructum
818 5663 1165 5723 inenarrabili
1215 5681 1326 5722 arte
1350 5667 1604 5721 dicebant
1651 5663 1756 5719 Va-

1867 5663 2118 5728 et'Voss.
2159 5683 2280 5722 cum
2313 5670 2444 5722 edit.
2480 5667 2651 5721 Oxon.
2693 5669 2745 5721 In
2795 5670 3010 5724 caeteris
3049 5669 3264 5731 vitiose,
3304 5671 3402 5721 sic.

210 5732 493 5810 lentiuiani.
1056 5809 1070 5810 γ
1588 5809 1593 5810 γ
1938 5745 2016 5810 (8)
2078 5739 2358 5810 Salvator.
2402 5739 2552 5793 Adde
2595 5754 2661 5793 ex
2710 5741 2810 5795 Gr.
2852 5741 3263 5810 dispensationis
3311 5737 3439 5794 Sub

271 5808 340 5875 (2)
368 5810 426 5862 '0
466 5813 566 5866 τοῦ
600 5814 793 5880 μόνον
841 5811 1008 5878 Θεοῦ.
1053 5809 1271 5881 Legisse
1319 5811 1537 5876 videtur
1584 5809 1756 5862 inter-

1866 5807 2028 5868 vat'or'.
2075 5809 2211 5878 Lege
2257 5807 2379 5864 Not.
2413 5809 2460 5861 1.

211 5889 342 5946 ιντεδ.
391 5881 496 5936 ἀπὸ
527 5883 644 5953 τοῦ,
675 5899 780 5939 ιιοιι
830 5885 858 5936 ὁ
890 5882 1022 5949 τοῦ,
1067 5886 1159 5938 sed
1215 5895 1507 5954 utrumque
1562 5881 1752 5934 eodem
