3880 6358
412 379 517 434 δὸἔὶ

1283 381 1540 439 ΙΒΕΝᾹΞΙ
1578 380 1889 439 EPISCOPI
1931 379 2417 437 LUGDUNENSIS
2451 378 2539 436 ET
2576 380 2940 441 MABTYRIS

3570 387 3679 442 536

414 514 552 565 rem,
591 508 644 554 et
682 500 1005 555 nutritorem
1052 503 1215 571 hujus
1259 506 1656 571 universitatis,
1700 506 1855 575 quasi
1888 521 1992 559 non

2106 504 2172 567 ὡς
2196 505 2268 576 μὴ
2289 505 2661 575 ἀρκουμένους
2685 505 2909 569 τούτους
2934 505 3070 573 (12),
3099 504 3132 576 ἢ
3161 504 3319 558 ἄλλον
3347 504 3602 575 Χριστὸν,
3644 507 3677 574 ἦ

412 594 529 662 ipse
570 590 803 647 sulliciat
833 593 993 647 nobis
1015 593 1113 663 (l),
1149 603 1243 649 aut
1270 596 1409 649 alius
1439 596 1705 660 Christus,
1734 606 1829 649 aut
1853 595 1989 649 alius

412 681 740 754 Monogenes
770 701 782 736 :
818 685 913 739 sed
948 684 1002 738 in
1032 700 1121 747 eo,
1157 686 1299 754 quod
1345 688 1551 753 omnia,
1597 701 1716 755 qua:
1748 688 1800 741 in
1833 703 1994 756 para-

412 774 550 828 bolis
577 774 721 827 dicta
765 782 913 840 sunt,
942 776 1234 844 exquirere
1266 774 1344 843 (2)
1387 783 1442 827 et
1466 774 1763 845 adiungere
1796 776 1993 828 verita-

413 868 483 920 tis
517 867 592 937 (5)
622 876 967 935 argumento,
994 876 1051 921 et
1088 866 1140 920 itt
1167 880 1253 929 eo,
1285 876 1343 919 ut
1376 866 1801 921 instrumentum
1835 866 1913 937 (4)
1939 877 1993 921 et

412 960 828 1029 dispositionem
870 958 964 1013 Dei
1001 959 1052 1011 in
1096 972 1296 1028 genere
1324 959 1564 1012 humano
1603 958 1803 1012 factam
1834 974 1993 1013 enar-

412 1060 496 1105 ret
525 1068 540 1104 :
575 1060 629 1105 ct
659 1050 915 1119 quoniam
964 1049 1346 1118 magnanimus
1379 1048 1589 1103 exstitit
1626 1049 1772 1105 Deus
1804 1049 1906 1120 (5),
1940 1059 1995 1103 et

414 1145 466 1196 in
494 1150 958 1211 transgressorum
984 1140 1305 1211 angelorum
1332 1142 1634 1211 apostasia,
1668 1152 1724 1195 et
1768 1142 1821 1195 in
1867 1143 1987 1196 ino-

412 1234 687 1288 bcdientia
715 1235 1025 1296 hominum.
1063 1232 1377 1288 edisserere
1405 1250 1419 1286 :
1453 1243 1509 1288 et
1536 1248 1705 1303 quare
1731 1234 1840 1289 alia
1867 1234 1995 1303 qui-

410 1326 534 1378 dem
562 1326 905 1395 temporalia,
947 1325 1053 1380 alia
1108 1340 1240 1379 vero
1267 1336 1497 1390 aeterna,
1527 1335 1583 1380 et
1612 1328 1862 1395 quadam
1890 1341 1998 1381 caeo

410 1415 585 1481 lestia,
618 1418 866 1486 quardam
902 1426 1120 1473 terrena
1151 1432 1294 1473 unus
1335 1427 1391 1473 et
1427 1418 1568 1473 idem
1612 1418 1742 1473 fecit
1767 1418 1868 1489 (6),
1899 1435 1996 1473 an—

411 1508 721 1562 nuntiare:
763 1517 819 1562 et
867 1522 1041 1575 quare
1084 1523 1208 1563 cum
1264 1507 1558 1563 invisibilis
1600 1509 1694 1574 sit,
1747 1510 1998 1579 apparuit

410 1599 690 1671 prophetis
714 1599 807 1653 Dei
844 1599 920 1671 (7)
956 1615 1061 1655 non
1089 1600 1141 1654 in
1170 1614 1277 1654 una
1311 1598 1512 1663 forma,
1546 1602 1642 1655 sed
1672 1600 1794 1656 aliis
1820 1601 1995 1664 aliter,

411 1691 603 1745 adesse
670 1688 750 1760 (8)
780 1706 794 1744 :
828 1699 884 1743 et
912 1704 1081 1758 quare
1123 1698 1454 1745 testamenta
1484 1689 1650 1745 multa
1679 1690 1875 1745 tradita
1905 1690 1999 1744 bu-

411 1798 571 1836 iuano
595 1783 804 1853 generi,
839 1781 1196 1845 aununtiare,
1228 1790 1285 1836 et
1312 1782 1439 1851 quis
1469 1782 1541 1837 sit
1571 1780 1999 1850 uniuscujusque

2097 594 2254 648 ἄλλον
2289 597 2583 667 Μονογενῆ·
2625 596 2763 651 ἀλλὰ
2792 600 2849 651 ὲν
2881 596 2957 667 τῷ
2984 598 3071 661 τὰ,
3117 598 3220 650 ὅσα
3253 599 3311 650 ὲν
3340 598 3682 669 παραϐολαῖς

2095 682 2333 753 εἴρηται,
2382 684 2944 756 προσεπεργάζεσθαι,
2977 685 3070 738 καὶ
3090 685 3323 738 οἰκειοῦν
3350 688 3414 757 τῇ
3456 687 3554 757 τῆς
3589 687 3683 738 πί-

2096 791 2266 836 στεως
2298 775 2577 839 ὑποθέσει,
2603 776 2697 829 καὶ
2736 777 2793 828 ἐν
2827 775 2906 847 τῷ
2937 771 3039 841 τήν
3072 793 3133 829 τε
3167 777 3555 846 πραγματείαν
3586 777 3685 830 καὶ

2095 862 2404 933 οἰκονομίαν
2433 863 2527 916 τοῦ
2558 863 2716 926 Θεοῦ,
2756 864 2855 935 τὴν
2881 865 2974 917 ἐπὶ
3009 868 3074 935 τῇ
3108 865 3484 937 ἀνθρωπότητι
3522 880 3685 932 γενο-

2099 954 2265 1024 μένην
2301 954 2432 1025 (15),
2458 955 2847 1025 ἐκδιηγεῖσθαι·
2902 956 2994 1009 καὶ
3026 956 3110 1009 δτι
3156 956 3619 1028 ὲμακροθύμησεν
3652 957 3685 1008 6

2095 1048 2227 1110 θεὸς
2264 1047 2355 1099 ἐπί
2374 1064 2433 1099 τε
2466 1050 2532 1118 τῇ
2560 1047 2670 1100 τῶν
2713 1047 3175 1118 παραϐεϐηκότων
3214 1048 3486 1116 Ἀγγέλων
3537 1049 3689 1102 ἀπο-

2098 1140 2315 1210 στασία,
2342 1140 2434 1192 κα).
2466 1140 2557 1191 ἐπὶ
2593 1142 2658 1210 τῇ
2693 1142 2939 1211 παρακοῇ
2970 1139 3078 1193 τῶν
3110 1139 3429 1211 ἀνθρώπων,
3457 1140 3689 1211 σαφηνε-

2098 1231 2231 1297 ζειν·
2267 1232 2359 1286 καὶ
2388 1231 2474 1284 διὰ
2492 1231 2545 1284 τί
2566 1232 2634 1283 τὰ
2664 1231 2761 1301 μὲν
2782 1232 3112 1303 πρόσκαιρα,
3147 1232 3217 1285 τὰ
3244 1233 3298 1285 δὲ
3325 1232 3541 1299 αἰώνια,
3587 1234 3689 1289 καὶ

2096 1325 2164 1378 τὰ
2195 1323 2293 1394 μὲν
2320 1324 2567 1396 οὐράνια,
2596 1323 2665 1376 τὰ
2685 1323 2741 1375 δὲ
2770 1323 2985 1392 ἐπίγεια
3024 1318 3105 1387 εἷς
3146 1324 3239 1379 καὶ
3271 1324 3300 1377 6
3334 1326 3499 1390 αὐτὸς
3546 1325 3692 1391 Θεὸς

2100 1416 2419 1486 πεποίηκεν,
2466 1414 2849 1483 ἀπαγγέλλειν·
2900 1416 2996 1468 καὶ
3044 1415 3133 1469 διὰ
3186 1415 3238 1468 τί
3294 1416 3525 1488 ἀόρατος
3584 1415 3689 1476 ὣν,

2098 1510 2271 1580 ἐφάνη
2313 1510 2424 1571 τοῖς
2468 1508 2773 1579 προφήταις
2811 1508 2841 1560 6
2879 1506 3010 1569 Θεὸς
3030 1508 3131 1561 οὐκ
3156 1508 3216 1562 ὲν
3246 1510 3343 1579 μιᾷ
3378 1507 3510 1579 ἰδέᾳ,
3546 1507 3693 1562 ἀλλὰ

2098 1600 2273 1664 ἄλλως
2305 1600 2483 1663 ἄλλοις
2506 1639 2520 1665 ,
2557 1602 2773 1654 συνιεῖν⁹
2804 1599 2899 1653 καὶ
2929 1598 3015 1653 διὰ
3056 1599 3109 1652 τί
3140 1598 3408 1670 Διαθῆκαι
3460 1600 3696 1664 πλείους

2100 1690 2352 1759 γεγόνασι
2386 1692 2451 1760 τῇ
2486 1688 2880 1760 ἀνθρωπότητι,
2919 1688 3162 1759 μηνύειν,
3192 1689 3285 1741 καὶ
3316 1687 3402 1751 τίς
3442 1689 3695 1757 ἑκάστης

2101 1782 2209 1834 τῶν
2256 1778 2538 1849 Διαθηκῶν
2584 1780 2613 1830 6
2660 1779 2966 1851 χαρακτὴρ,
3012 1779 3300 1833 διδάσκειν·
3342 1782 3435 1835 καὶ
3490 1783 3589 1836 διὰ
3638 1783 3694 1834 τί

413 1883 868 1929 testamentorum
910 1874 1219 1938 character,
1275 1874 1476 1930 docere
1509 1891 1522 1927 :
1555 1884 1609 1928 et
1649 1890 1820 1944 quare
1851 1873 1990 1927 Con-

2106 1872 2456 1927 ςγυνέκλεισε
2506 1870 2702 1926 πάντα
2726 1870 2833 1939 (14)
2864 1873 2951 1937 εὶς
3001 1873 3359 1927 ἀπείθειανό
3377 1874 3550 1941 Θεὸς,
3585 1877 3696 1931 ἵνα

410 1964 564 2018 elusit
587 1965 763 2019 omnia
786 1965 841 2017 in
876 1963 1302 2018 incredulitatem
1335 1964 1497 2029 Deus,
1527 1975 1583 2018 ut
1608 1964 1864 2018 universis
1889 1964 1985 2016 mi-

410 2068 649 2113 sereatur
671 2054 737 2123 ⁶³,
758 2055 1045 2125 exquirere
1068 2069 1084 2109 :
1113 2064 1167 2110 et
1188 2071 1356 2126 quare
1375 2053 1597 2110 Verbum
1634 2055 1727 2110 Dei
1747 2055 1822 2125 (9)
1862 2073 1985 2111 caro

410 2148 610 2218 factum
631 2156 730 2214 est,
755 2157 811 2202 et
831 2163 1022 2218 passus
1046 2146 1146 2217 51
1167 2157 1249 2202 est
1268 2145 1407 2218 (10),
1430 2148 1634 2217 gratias
1654 2162 1816 2217 agere
1833 2146 1946 2217 (11)
1970 2165 1983 2201 :

2095 1962 2239 2028 τοὺς
2264 1962 2498 2029 πάντας
2528 1962 2771 2033 ἐλεήσῃ,
2802 1962 3102 2033 ὲξερευνᾷν·
3129 1964 3219 2016 καὶ
3241 1963 3325 2016 διὰ
3354 1964 3405 2016 τί
3434 1968 3469 2019 ό
3490 1968 3697 2036 Λόγος

2101 2054 2195 2109 τοῦ
2218 2053 2352 2107 Θεοῦ
2367 2055 2524 2122 σὰρξ
2536 2054 2790 2125 ἐγένετο,
2821 2054 2915 2109 καὶ
2929 2053 3148 2119 ἔπαθεν,
3173 2056 3523 2127 εὐχαριστεῖν
3544 2058 3691 2125 (l5)-

2104 2147 2200 2201 κα).
2226 2146 2384 2201 διὰτὶ
2423 2148 2509 2200 ἐπ’
2534 2149 2776 2219 ἐσχάτων
2809 2149 2918 2204 τῶν
2947 2148 3154 2221 καιρῶν
3187 2152 3221 2220 ἡ
3260 2150 3533 2221 παρουσία
3584 2152 3697 2204 τοῦ

1552 2340 1567 2349 α
1611 2310 1811 2367 BlLLll
1850 2310 2433 2368 INTERPRETATIO.

409 2429 595 2502 nonin
622 2443 687 2483 eo
712 2429 871 2484 nobis
896 2429 1027 2502 satis
1064 2428 1302 2502 praesidii
1331 2430 1446 2495 sit),
1480 2430 1645 2484 alium
1679 2432 1972 2500 quemdam
2015 2431 2206 2498 Deum,
2242 2440 2332 2486 aut
2359 2431 2522 2485 alium
2547 2429 2847 2495 Christum,
2879 2438 2974 2485 aut
2999 2431 3162 2486 alium
3196 2431 3548 2502 Unigenitum
3587 2451 3695 2492 ex-

409 2500 937 2574 eogitentszerum
973 2500 1025 2552 in
1058 2514 1122 2555 eo
1155 2501 1372 2553 demum
1409 2502 1694 2574 consistit,
1715 2511 1775 2556 ut
1800 2502 1921 2569 quis
1944 2517 2007 2556 ea
2036 2503 2240 2563 omnia,
2274 2517 2394 2574 απαξ
2429 2502 2480 2555 in
2498 2502 2795 2574 parabolis
2825 2502 2968 2574 dicta
3014 2512 3179 2566 sunt,
3210 2500 3525 2558 accuratius
3553 2522 3694 2574 per-

411 2579 629 2642 tractet,
659 2569 893 2642 fideique
924 2581 1247 2642 argumento
1266 2575 1662 2635 accommodet,
1683 2571 1736 2625 in
1765 2586 1942 2640 eoque
1972 2574 2161 2635 etiam,
2190 2579 2251 2642 ut
2279 2573 2371 2626 Dei
2405 2572 2764 2633 molitionem,
2796 2586 2859 2625 ac
2883 2573 3337 2642 dispensationem
3362 2574 3431 2628 ob
3449 2569 3695 2631 humani

412 2640 633 2712 generis
666 2638 901 2694 salutem
939 2638 1137 2712 laetam
1164 2650 1427 2712 exponat,
1457 2643 1711 2710 quodque
1734 2638 1991 2696 diuturna
2016 2642 2182 2695 animi
2211 2641 2436 2696 lenitate
2459 2651 2569 2694 tum
2604 2646 2938 2711 angelorum,
2968 2638 3068 2711 'qui
3096 2642 3165 2696 ab
3198 2658 3264 2696 eo
3300 2658 3692 2711 recesserunt,

410 2708 792 2781 defeetiouem,
811 2708 1225 2781 tumhominum
1248 2708 1670 2765 inobedientiaiu
1692 2712 1894 2777 tulerit,
1913 2712 2173 2781 explanet
2194 2730 2206 2764 :
2227 2712 2466 2781 quidque
2479 2708 2758 2773 causaesit,
2778 2708 3209 2765 curalia'caduca
3236 2724 3289 2768 et
3323 2714 3423 2766 alia
3448 2708 3699 2780 aeterna,

409 2781 514 2833 alia
532 2780 773 2836 caelestia
811 2789 867 2833 et
885 2779 989 2833 alia
1011 2789 1248 2844 terrena,
1263 2796 1403 2851 unus
1419 2791 1472 2834 et
1490 2782 1626 2835 idem
1644 2779 2353 2851 Deusprocrearit,enarret
2369 2779 2617 2851 {quaque
2633 2784 2696 2835 de
2713 2796 2871 2835 causa
2891 2780 3049 2844 Deus,
3065 2796 3185 2851 cum
3208 2782 3496 2839 invisibilis
3508 2798 3696 2851 esset,

412 2852 692 2918 prophetis
717 2859 896 2922 tamen
928 2866 1035 2903 non
1063 2850 1115 2903 in
1134 2865 1238 2902 una
1259 2850 1453 2922 forma,
1474 2852 1567 2905 sed
1585 2851 1745 2906 aliter
1759 2850 1880 2907 aliis
1903 2861 2063 2920 atque
2077 2850 2641 2922 aliisconspieandtint
2667 2866 2726 2905 se
2746 2852 3057 2918 praebuerit,
3083 2850 3347 2922 intelligat
3370 2855 3492 2921 :qui
3510 2856 3697 2910 etiam

405 2922 607 2975 factum
625 2922 777 2988 sit,ut
792 2919 945 2991 plura
972 2928 1294 2974 testamenta
1310 2921 1588 2975 hominum
1604 2923 1787 2990 generi
1803 2919 2154 2991 contigerint,
2183 2919 2407 2991 indicet,
2424 2922 2653 2991 quisque
2669 2923 2932 2989 cujusque
2947 2928 3211 2975 testatnen
3224 2919 3576 2978 ti'character
3592 2928 3692 2989 sit,

408 2999 681 3044 edoceat:
714 2992 843 3057 quid
877 2990 1003 3045 item
1037 3004 1218 3043 causa:
1251 2991 1437 3054 fuerit,
1467 2989 1633 3059 quam
1661 2992 1731 3045 ob
1766 3005 1875 3044 rem
1914 2989 2054 3046 Deus
2081 2994 2263 3044 omnia
2292 2990 2345 3043 in
2382 2989 2753 3044 incredulitate
2790 2992 3128 3053 concluserit,
3166 3002 3222 3045 ut
3253 2994 3490 3047 omnium
3524 2998 3703 3049 mise—

409 3070 612 3132 reatur,
650 3060 983 3132 investiget:
1020 3075 1183 3127 quam
1217 3062 1383 3113 etiam
1413 3062 1485 3114 ob
1511 3075 1746 3132 causam
1779 3059 1996 3114 Verbum
2024 3060 2118 3115 Dei
2153 3075 2278 3132 caro
2303 3059 2514 3132 factum
2536 3061 2630 3132 sit,
2657 3061 3045 3132 cruciatusque
3075 3060 3326 3125 subierit,
3361 3074 3518 3132 grata
3553 3080 3697 3119 ora-

410 3129 562 3183 tione
594 3129 998 3199 complectatur
1038 3147 1050 3181 :
1090 3145 1189 3183 cur
1219 3141 1485 3197 praeterea
1517 3130 1782 3185 extremis
1818 3132 2175 3199 temporibus,
2224 3130 2329 3184 hoc
2362 3140 2467 3195 est,
2503 3130 2575 3199 in
2608 3130 2712 3183 line
2755 3130 2936 3196 potius
2965 3146 3127 3198 quam
3164 3133 3216 3184 in
3253 3129 3430 3197 initio,
3471 3135 3699 3190 adven-

412 3209 498 3254 tus
532 3198 785 3276 Filii__l)ei
823 3200 1123 3276 exstiterit,
1148 3211 1543 3276 commemoret
1574 3216 1589 3253 :
1625 3202 1693 3276 de
1726 3200 1835 3254 line
1886 3198 2102 3276 quoque
2140 3200 2259 3267 ipso
2289 3208 2344 3254 et
2370 3200 2533 3276 rebus
2560 3198 2782 3276 futuris,
2813 3199 3079 3276 quidquid
3114 3199 3171 3254 in
3198 3201 3480 3276 Scriptura
3513 3206 3697 3258 situm

406 3279 513 3334 est,
552 3269 833 3337 explicet:
876 3280 989 3322 tum
1037 3269 1202 3322 etiam
1235 3271 1595 3339 quamobrem
1633 3270 1777 3324 Deus
1818 3269 2075 3339 gentiles,
2106 3285 2337 3339 quorum
2388 3270 2538 3324 salus
2569 3270 2847 3339 deplorata
2888 3269 3034 3336 erat,
3083 3269 3422 3336 coheredes,
3460 3284 3515 3327 et
3544 3290 3698 3328 con-

409 3352 729 3407 corporeos,
750 3349 805 3410 et
828 3339 1125 3410 participes
1157 3349 1469 3410 sanctorum
1497 3339 1762 3406 effecerit,
1794 3338 1899 3394 non
1937 3338 2159 3395 taceat:
2193 3354 2409 3409 quoque
2454 3348 2612 3407 pacto
2634 3338 2855 3410 mortale
2882 3340 2979 3410 hoc
3005 3354 3207 3410 corpus
3248 3343 3699 3409 immortalitate,

408 3418 455 3460 et
481 3409 822 3477 corruptibile
852 3409 950 3482 not:
984 3408 1487 3482 incorruptibilitate
1528 3410 1860 3464 induendum
1900 3408 2346 3482 sit,ed_isserat“:
2379 3411 2615 3477 denique
2643 3409 2732 3477 qui
2764 3408 2988 3482 populus
3009 3408 3184 3480 facins
3207 3414 3296 3473 sit.
3332 3415 3423 3482 qui
3452 3419 3698 3482 populus

411 3494 515 3529 non
566 3488 676 3531 erat
714 3492 737 3549 ί
768 3491 827 3549 et
858 3477 1077 3549 dilecta,
1108 3494 1224 3545 qua:
1259 3478 1452 3532 dilecta
1496 3495 1600 3533 non
1636 3491 1795 3544 erat;
1835 3489 1889 3533 et
1921 3479 2233 3549 quiplures
2270 3478 2371 3547 ﬁlii
2398 3482 2654 3549 desertte,
2683 3477 2838 3549 quam
2880 3477 3019 3548 ejus,
3064 3496 3183 3547 quae
3222 3477 3389 3537 virum
3425 3477 3696 3544 Habebat,

409 3549 691 3617 przedicet.
722 3547 777 3601 ln
818 3547 902 3601 his
930 3548 1075 3602 enim
1102 3548 1336 3617 aliisque
1361 3550 1412 3603 id
1437 3563 1616 3618 genus
1652 3546 1987 3604 exclamavit
2010 3546 2306 3619 Apostolus
2338 3566 2350 3601 :
2381 3546 2425 3602 0
2458 3546 2701 3602 altitudo
2727 3546 3033 3605 divitiarum
3073 3546 3345 3621 sapientia:
3366 3562 3415 3606 et
3439 3554 3701 3608 scientiae

518 3682 566 3713 ⁸³
605 3682 764 3736 Rom.
802 3698 881 3748 XI,
919 3682 1010 3738 δε.

410 3909 580 3946 ηουιε.

481 3961 565 4034 (2)
606 3960 711 4016 Sed
737 3964 792 4015 in
818 3980 878 4017 eo
902 3964 1111 4033 quod...
1144 3963 1437 4034 exquirere,
1466 3975 1578 4021 etc.
1627 3964 1993 4021 Hellenismus

409 4044 511 4086 est.
546 4033 744 4086 Latine
779 4034 1127 4087 scribendum
1161 4033 1358 4087 fuisset
1395 4051 1407 4084 :
1448 4037 1538 4086 sed
1566 4035 1624 4088 in
1647 4052 1712 4089 eo
1742 4048 1868 4090 ut...
1896 4051 1992 4088 ea:-

408 4104 584 4171 quirat
620 4113 670 4174 et
696 4103 973 4172 adjungat,
1006 4104 1147 4157 sicut
1175 4112 1324 4157 recte
1357 4104 1572 4172 scripsit
1616 4106 1907 4174 interpres,
1939 4106 1993 4157 in

408 4189 470 4245 eo
498 4180 624 4245 ut...
646 4172 841 4240 factum
886 4182 1097 4226 enarret
1126 4190 1143 4227 :
1175 4183 1303 4245 tum,
1332 4184 1527 4227 caetera
1567 4172 1912 4245 omniaquae
1941 4176 1993 4229 in

409 4242 682 4296 inlinitivo
720 4255 1017 4311 ponuntur,
1051 4259 1220 4312 usque
1240 4243 1308 4296 ad
1335 4259 1660 4312 prteconare,
1688 4247 1740 4300 in
1770 4242 1995 4313 subjun-

409 4315 564 4366 etivo
592 4314 922 4379 reponenda.

481 4383 557 4452 (ὅ)
611 4378 880 4452 Yeritatis.
917 4382 1014 4438 Gr.
1047 4385 1303 4448 πίστεως,
1342 4385 1489 4451 ﬁdei,
1530 4401 1632 4437 non
1661 4387 1921 4441 veritatis.

480 4449 558 4523 (It)
600 4449 1039 4527 Instrttmentum.
1062 4454 1157 4510 Gr.
1178 4449 1591 4527 πραγματείαν,
1613 4457 1755 4524 quod
1783 4467 1995 4510 verten-

407 4522 535 4576 dum
564 4532 703 4589 erat,
731 4524 1076 4587 molitionem,
1107 4526 1193 4581 vel
1220 4522 1507 4594 negotium,
1541 4522 1647 4579 non
1674 4528 1995 4580 instrumen-

409 4604 543 4650 tum.

480 4663 558 4736 (5)
599 4663 979 4736 Magnanimus
1036 4665 1240 4718 exstitit
1274 4663 1431 4719 Deus.
1471 4663 1566 4719 Gr.
1602 4665 1993 4736 ἐμακροθύμη-

410 4749 501 4785 σεν
526 4735 557 4787 6
588 4733 741 4800 Θεός,
773 4739 811 4790 i.
840 4749 888 4787 e.
925 4735 1178 4788 diuturna
1206 4737 1442 4800 lenitate,
1478 4735 1559 4787 vel
1591 4733 1844 4801 patientia
1875 4733 1995 4787 tulit

411 4802 576 4867 Deus,
624 4814 737 4859 tum
775 4805 1114 4873 angelorum,
1166 4808 1255 4873 qui
1298 4804 1365 4857 ab
1393 4821 1459 4858 eo
1500 4815 1870 4869 recesserunt,
1904 4810 1995 4858 de-

412 4874 732 4939 iectionem,
764 4886 872 4929 tum
910 4875 1193 4927 hominum
1230 4874 1686 4928 inobedientiam.

505 4942 561 5076 ϐξ
603 4943 774 4999 Fecit.
812 4945 888 4997 Ex
924 4944 1116 4998 Graeco
1147 4946 1306 5006 adde,
1336 4943 1499 4997 Deus.

505 5012 531 5063 7
600 5013 719 5067 Dei.
764 5015 928 5076 Lege,
966 5013 1124 5074 Deus,
1159 5029 1225 5068 ex
1257 5015 1499 5069 (ἔκευθε

504 5012 557 5076 7)
600 5013 719 5067 Dei.
764 5015 928 5083 Lege,
966 5013 1124 5074 Deus,
1159 5029 1225 5068 ex
1257 5015 1450 5069 (ὲκ-αξρο
1478 5014 1630 5077 Θεός.

484 5083 563 5153 (8)
603 5085 817 5137 Adesse.
876 5084 1170 5152 Perperam
1199 5086 1327 5153 legit
1349 5086 1546 5154 iulerp.
1574 5086 1832 5150 συνεῖναι,
1868 5099 1992 5139 cum

410 5162 591 5206 tamen
628 5154 681 5207 in
711 5154 925 5217 Graeco,
961 5155 1034 5206 sit
1069 5158 1291 5219 συνιεϊν,
1330 5156 1472 5222 quod
1504 5157 1822 5208 vertendum
1848 5168 1989 5221 erat,

409 5222 721 5294 intelligere,
754 5239 847 5278 seu
878 5225 1056 5290 potius
1088 5235 1142 5277 ut
1168 5225 1447 5294 intelligat,
1468 5239 1568 5278 cur
1600 5225 1811 5279 scilicet
1838 5226 1997 5281 aliter

410 5292 534 5345 aliis
556 5294 891 5361 apparuerit.

483 5361 561 5432 (9)
611 5361 835 5415 Verbum
868 5363 988 5415 Dei.
1042 5363 1098 5417 In
1125 5362 1249 5418 cod.
1283 5364 1522 5420 Claront.
1571 5364 1844 5419 omittitur
1876 5364 1990 5421 Dei.

485 5430 598 5500 (10)
641 5433 709 5503 Et
745 5450 934 5501 passus
964 5445 1061 5491 est.
1109 5436 1469 5488 Scribendum
1515 5446 1655 5503 erat,
1692 5444 1739 5485 et
1770 5451 1988 5503 passum

409 5515 508 5558 est.
548 5502 651 5557 Sed
684 5503 1004 5571 frequenter
1024 5504 1387 5557 masculinum
1415 5520 1538 5559 cum
1580 5502 1743 5556 Verbo
1761 5504 1989 5571 conjun-

411 5574 490 5638 git
523 5572 818 5641 interpres,
858 5576 1144 5626 attendens
1189 5575 1403 5628 scilicet
1448 5578 1513 5627 ad
1559 5574 1733 5641 Λόγον
1769 5574 1991 5627 Graeco-

414 5657 552 5706 rum,
585 5643 726 5709 quod
755 5656 955 5713 nomen
982 5643 1265 5697 masculini
1301 5647 1523 5713 generis
1574 5656 1681 5698 est.
1719 5645 1773 5698 ld
1818 5644 1990 5699 semel

414 5713 735 5767 observasse
761 5712 1015 5765 sulliciat.

484 5780 596 5851 (11)
625 5778 838 5837 Gratias
874 5800 1046 5853 agere.
1087 5783 1298 5839 Mallem
1328 5786 1580 5841 vertisset
1611 5786 1809 5855 interp.
1840 5793 1994 5854 grata

480 3823 559 3944 (1)
598 3820 789 3877 Nobis.
822 3821 1011 3879 Melius
1042 3824 1193 3894 juxta
1229 3820 1405 3878 Grato.
1451 3822 1622 3894 legas,
1660 3821 1787 3890 illis,
1819 3822 2055 3895 quaruc
2088 3822 2344 3893 memoria
2370 3820 2614 3874 recolere.
2644 3820 2777 3874 Vide
2806 3819 2945 3908 inl‘ra
2983 3829 3165 3875 notam
3194 3820 3281 3877 l5.

516 3909 580 3944 ts.
2169 3893 2283 3944 ΗΞ)
2321 3890 2755 3944 Ἀοκουιιένθυο
2786 3907 3057 3944 τουτουο.
3094 3890 3281 3944 ιεεειιι

2169 3885 2283 3964 (12)
2321 3890 2755 3964 Ἀρκουμένθυς
2786 3890 3057 3964 τούτους.
3094 3890 3549 3964 ιεεεηόιιηινιιιι
3572 3893 3697 3949 Bil-

2100 3961 2225 4029 litts,
2254 3961 2623 4035 ἀρκουμένους
2658 3961 2850 4035 τούτῳ,
2874 3961 2958 4016 vel
2985 3972 3139 4035 certe
3170 3962 3513 4035 ἀρκουμένου
3564 3967 3699 4019 τού-

2096 4051 2213 4099 του,
2250 4032 2466 4089 tarneISi
2504 4037 2607 4087 hoc
2655 4034 2836 4087 minus
2879 4034 3071 4099 probet
3102 4049 3130 4103 7:
3160 4032 3459 4103 ἀρκοῦντος
3502 4037 3695 4102 enim,

2097 4106 2197 4167 ait,
2236 4106 2417 4173 potius
2442 4103 2715 4173 dixisset,
2744 4103 2786 4155 si
2819 4102 3274 4173 signiticdtionem
3317 4106 3559 4173 nclivattt
3595 4123 3695 4159 ex-

2096 4171 2336 4242 primere
2360 4174 2644 4244 voluisset.
2677 4172 3045 4244 Ἀρκουμένου
3062 4171 3249 4225 τούτου
3271 4172 3433 4226 edidit
3468 4174 3691 4230 Gallae.

2098 4254 2152 4297 et
2180 4255 2298 4313 post
2327 4258 2450 4298 eum
2476 4242 2757 4313 ‘Feuardg
2783 4242 3107 4313 sed’aﬁhsque
3149 4244 3550 4313 codicisullius
3584 4263 3693 4298 au-

2097 4309 2399 4385 eloritate.
2439 4309 2631 4367 Merito
2685 4322 2872 4385 censet
2914 4309 3081 4367 Grab.
3131 4312 3503 4385 ἀρκουμένους
3556 4317 3696 4369 τοὺ-

2098 4400 2222 4448 τους
2260 4399 2363 4437 nou
2394 4382 2741 4437 inccrnmode
2772 4383 2990 4436 retineri
3021 4382 3205 4451 posse,
3249 4383 3544 4438 referendo
3579 4389 3699 4441 sci-

2098 4452 2217 4524 licet
2250 4452 2473 4519 τούτους
2498 4454 2565 4524 ad
2599 4451 2773 4524 τινάς,
2810 4462 2864 4506 et
2892 4453 3349 4524 subintelligcntlo
3373 4452 3579 4524 τούτῳ.

2171 4522 2284 4593 (15)
2306 4522 2672 4592 Γενομένην.
2700 4523 2789 4576 Sic
2827 4532 2973 4594 recte
2994 4522 3116 4594 cod.
3147 4522 3280 4592 Reg.
3308 4533 3363 4574 et
3390 4524 3463 4575 ita
3496 4522 3697 4594 legen-

2099 4594 2224 4665 dum
2255 4592 2377 4647 esse
2415 4595 2527 4662 jam
2574 4603 2865 4665 monuerat
2910 4592 3125 4657 Dillius,
3154 4609 3251 4662 pro
3272 4592 3599 4665 γινομένην,
3636 4608 3698 4650 ut

2101 4663 2303 4717 habent
2333 4679 2528 4717 omnes
2563 4664 2719 4727 editt.

2173 4734 2285 4803 (ll)
2324 4731 2545 4786 Πάντα.
2581 4732 2675 4803 εἰς
2714 4731 2901 4803 eadem
2910 4730 3166 4803 Apostoli
3198 4730 3363 4803 verba
3398 4730 3533 4801 legit
3568 4731 3697 4788 ire-

2099 4799 2373 4857 uae'us'lib.
2404 4818 2484 4863 ιιι.
2512 4819 2561 4857 c.
2587 4801 2681 4864 20,
2723 4819 2777 4855 η.
2819 4800 2875 4854 2.
2910 4799 3211 4869 υιιηοιιίίιιιε
3235 4800 3433 4865 πάντα,
3461 4799 3696 4865 omnia,

2104 4890 2207 4927 non
2242 4873 2471 4937 πάντας,
2506 4882 2561 4925 ιιι
2591 4873 2793 4941 habent
2822 4872 3027 4941 vulgati
3059 4874 3230 4925 nostri
3266 4875 3423 4924 codd.
3452 4871 3512 4923 In
3550 4889 3695 4928 mss.

2101 4946 2266 4997 etiam
2301 4945 2623 5010 quibusdam
2654 4941 2718 4993 Ν.
2751 4939 2897 4995 Test.
2921 4939 3092 4995 'codd.
3124 4942 3355 4994 habetur
3389 4942 3601 4997 πάντα.

2173 5013 2286 5082 (15)
2312 5011 2728 5080 Ελὺχαριστεῖν.
2755 5012 3079 5080 Suspectum
3105 5011 3205 5082 sibi
3231 5026 3352 5065 esse
3367 5025 3432 5064 eo
3447 5015 3574 5066 loco
3590 5017 3701 5069 hoc

2101 5086 2331 5137 verbum
2360 5093 2438 5136 att
2478 5084 2686 5145 Dillius,
2736 5087 2879 5150 quod
2925 5098 3115 5149 parum
3160 5081 3282 5134 aliis
3316 5082 3531 5147 verbis,
3566 5101 3698 5149 qua:

2030 5178 2073 5232 ι)
2104 5154 2439 5276 praecedunt,
2463 5151 2757 5213 διδάσκειν,
2793 5152 3038 5222 μηνύειν,
3063 5150 3371 5222 ὲξερευνᾷν,
3397 5152 3697 5220 ἀπαγγέλ-

2137 5239 2236 5276 ειν.
2274 5234 2407 5276 etc..
2452 5223 2799 5276 respondeat.
2837 5226 3213 5276 Uuoortunutn
3243 5231 3424 5274 tamen
3456 5239 3696 5276 sensum

2137 5239 2236 5285 ειν,
2274 5234 2407 5286 etc.,
2452 5223 2799 5290 respondeat.
2837 5226 3213 5291 Opportunum
3243 5231 3424 5274 tamen
3456 5239 3696 5278 sensum

2103 5293 2298 5346 haberi
2343 5294 2428 5345 hic
2456 5302 2655 5359 potest,
2689 5293 2736 5345 si
2772 5301 3040 5353 vertatur,
3067 5294 3142 5344 uti
3172 5303 3318 5344 recte
3341 5294 3512 5344 vertit
3540 5299 3697 5347 idem

2100 5364 2311 5429 Billius,
2338 5371 2491 5431 grato
2535 5363 2715 5414 animo
2766 5363 3168 5431 eaiitplectatur,
3212 5361 3293 5412 vel
3334 5360 3562 5431 recolat.
3608 5363 3700 5416 ln-

2103 5436 2311 5486 terdnnt
2340 5429 2486 5485 enim
2511 5430 2845 5502 εὐχαριστέω
2868 5432 3135 5499 accipitur
3160 5447 3255 5500 pro
3280 5429 3521 5497 εὐλογέω
3540 5469 3557 5492 ,
3575 5433 3699 5502 Διιειιε

2097 5517 2229 5558 vero
2262 5518 2359 5571 pro
2392 5498 2614 5555 celebro.
2650 5498 2813 5554 'Adde
2868 5498 3015 5568 quod
3065 5498 3309 5555 alludere
3356 5504 3538 5567 potuit
3571 5498 3695 5555 Ire-

2096 5588 2247 5626 nzens
2289 5575 2355 5624 ad
2408 5573 2772 5625 Eucharistiae
2818 5574 3176 5637 sucrilicmtn,
3229 5574 3372 5639 quod
3408 5571 3700 5638 passionis

2094 5644 2299 5695 Christi
2335 5642 2639 5695 memoriule
2677 5658 2703 5692 a
2756 5638 3010 5694 Patribus
3069 5638 3314 5702 vocatur,
3353 5649 3545 5708 utpote
3581 5656 3701 5709 quo

2098 5711 2311 5766 llotnini
2347 5728 2513 5775 mors,
2541 5722 2599 5763 ut
2628 5713 2703 5763 ait
2732 5714 2922 5777 Apost.
2958 5712 2976 5763 l
3002 5711 3131 5766 Cor.
3161 5726 3241 5779 ιι,
3264 5710 3359 5777 ἳϋ,
3386 5707 3700 5764 annum—ia;

2099 5792 2207 5848 tur,
2236 5794 2292 5839 et
2318 5793 2473 5855 grata
2502 5784 2762 5836 memoria
2790 5782 3123 5839 celebratur.
