3880 6358
436 367 539 419 557

1184 363 1244 431 S,
1280 364 1540 420 IRENIEI
1574 364 1885 421 EPISCOPI
1926 367 2414 424 LUGDU‘NENSIS
2447 369 2536 423 ET
2578 369 2955 426 MARTYRIS.

3602 373 3694 427 568

434 486 626 549 virtus,
650 499 811 553 quam
845 482 950 553 55
976 493 1030 539 et
1060 484 1227 554 ipsam
1252 498 1385 538 voco
1414 472 1747 545 henotetem,
1775 502 1792 535 ι
1838 485 2003 538 mani-

2118 487 2307 557 μονάδι
2343 487 2674 558 συνυπάρχει
2722 487 2976 558 δύναμις,
3007 489 3072 560 ἣν
3116 488 3213 541 καὶ*
3256 490 3426 560 αὐτὴν
3475 489 3695 562 ἑνότητα

435 577 630 630 festum
661 577 761 646 (1),
804 576 1062 645 quoniam
1106 576 1361 644 ﬁgmenta
1391 583 1519 629 sunt
1571 590 1910 645 quacunque
1948 577 2016 630 ab

430 683 497 723 eo
521 652 682 721 'dicta
712 676 861 732 sunt,
894 666 1177 722 confessus
1211 676 1315 732 est,
1360 666 1616 735 quoniam
1657 666 1733 736 (Ξ)
1771 668 1886 736 ipse
1916 682 2014 721 uo-

433 761 579 812 mina
606 761 783 827 pos'uit
814 759 1091 829 figmento,
1129 774 1248 827 qua:
1293 773 1324 811 a
1363 758 1581 812 nemine
1616 758 1790 813 altero
1838 759 2012 827 posita

431 850 662 920 sunt(3)
692 868 705 902 :
736 850 827 917 qui
874 849 979 904 nisi
1028 851 1141 904 haec
1189 849 1431 916 auderet,
1481 849 1640 904 hodie
1679 851 1878 904 veritas
1909 850 2012 919 (4⁷),

428 943 728 997 secundum
761 958 885 996 eum
917 983 932 1007 ,
970 956 1076 995 non
1117 942 1402 999 habuisset
1441 944 1684 999 nomina.
1735 942 1881 997 Nihil
1917 942 2015 1011 igi-

430 1039 516 1083 tur
545 1031 793 1099 prohibet
827 1040 882 1083 et
914 1030 1145 1085 alterum
1176 1033 1467 1100 quemdam
1490 1033 1547 1088 in
1573 1033 1663 1086 tali
1690 1043 2013 1101 argumento

428 1125 505 1177 sic
527 1124 795 1192 praeﬁnire
821 1123 1039 1177 nomina
1077 1142 1092 1178 :
1130 1124 1228 1177 Est
1272 1125 1519 1192 quaedam
1570 1123 1873 1190 Proarche,
1921 1140 2008 1179 re-

424 1218 583 1288 galis,
617 1226 1075 1285 proanennoetos,
1102 1217 1598 1286 proanhypOstatos
1641 1218 1839 1281 virtus,
1882 1232 2011 1285 pro-

2121 576 2406 647 ὀνομάζωηο
2425 597 2441 627 i
2472 578 2804 646 σαφέστατα,
2838 578 2920 630 ὅτι
2948 594 3007 630 τε
3032 577 3256 651 πλάσμα
3282 578 3448 633 αὐτοῦ
3489 581 3607 634 ἐστι
3639 584 3696 638 τὰ

2118 668 2405 739 εἰρημένα,
2432 668 2773 739 ὡμολόγηκε,
2807 669 2898 722 καὶ
2924 670 3006 722 ὅτι
3033 670 3197 734 αὐτὸς
3227 670 3466 741 ὀνόματα
3491 671 3695 727 τέθεικε

2115 759 2194 829 τῷ
2229 758 2543 829 πλάσματι,
2586 760 2691 812 ὑπὸ
2738 760 2963 829 μηδενὸς
3008 762 3271 832 πρότερον
3314 761 3473 815 ἄλλου
3528 762 3697 817 τεθει-

2120 850 2275 921 μένα.
2320 852 2428 903 Kal
2459 851 2625 920 σαφές
2674 853 2820 903 ἐστιν
2851 852 2953 921 (7),
2985 853 3065 906 ὅτι
3099 854 3259 917 αὐτὸς
3306 855 3481 910 ταῦτα
3522 858 3697 910 τετόλ-

2120 960 2293 1014 μηκεν
2344 943 2837 1013 ὀνοματοποιῆσαι’
2874 945 2968 997 καὶ
3020 947 3068 997 εἱ
3119 946 3191 1017 μὴ
3237 949 3415 1018 παρῆν
3459 948 3539 1018 τῷ
3585 950 3695 1020 βίῳ,

2114 1034 2212 1103 οὐχ
2239 1035 2275 1105 ἡ
2323 1034 2550 1106 ἀλήθεια
2595 1031 2739 1105 εἶχεν
2790 1035 2977 1106 ὄνομα.
3009 1038 3172 1091 Οὐδὲν
3219 1035 3312 1092 οὖν
3358 1040 3585 1104 κωλύει,
3618 1044 3699 1094 καὶ

2115 1124 2272 1177 ἄλλον
2297 1123 2421 1177 τινὰ
2448 1125 2540 1177 ἐπὶ
2561 1125 2660 1195 τῆς
2683 1125 2855 1196 αὐτῆς
2883 1126 3191 1191 ὑποθέσεως
3215 1127 3386 1193 οὕτως
3414 1130 3697 1200 ὁρίσασθαι

2115 1214 3696 1288 ὀνόματα(8)..............

423 1312 820 1380 cylindomene.
881 1311 1014 1366 Cum
1062 1311 1150 1365 illa
1202 1321 1386 1365 autem
1440 1319 1524 1366 est
1559 1311 1756 1375 virtus,
1808 1326 1971 1380 quam
2021 1322 2127 1380 ego
2157 1310 2498 1365 cucurbitam
2524 1326 2662 1366 voco
2709 1328 2724 1364 :
2762 1326 2883 1366 cum
2923 1312 3027 1368 hac
3075 1314 3362 1369 cucurbita
3401 1326 3591 1371 autem
3627 1331 3701 1372 εει

422 1406 614 1469 virtus,
645 1420 807 1474 quam
855 1415 909 1460 et
942 1405 1113 1474 ipsam
1154 1419 1289 1458 voco
1323 1404 1607 1474 perinane.
1643 1403 1767 1458 Haec
1800 1403 2089 1459 cucurbita
2124 1412 2178 1460 et
2220 1406 2505 1475 perinane,
2540 1420 2660 1459 cum
2707 1405 2817 1460 sint
2857 1421 3044 1473 unum,
3079 1407 3403 1473 emiserunt,
3435 1423 3566 1460 cum
3603 1424 3699 1463 non

422 1497 757 1563 emisissent,
789 1498 1052 1564 fructum,
1082 1498 1133 1552 in
1167 1498 1418 1553 omnibus
1444 1498 1739 1567 visibilem,
1760 1499 2217 1564 manducabilem,
2242 1508 2296 1555 et
2318 1499 2553 1564 dulcem,
2581 1514 2741 1568 quem
2773 1502 3001 1555 fructum
3028 1516 3208 1557 sermo
3237 1516 3587 1557 cucumerem
3621 1519 3702 1557 vo-

420 1601 531 1648 cat.
578 1595 712 1649 Cum
771 1594 874 1649 hoc
918 1609 1209 1649 cucumere
1258 1604 1343 1649 est
1382 1594 1554 1650 virtus
1584 1595 1826 1664 ejusdem
1873 1596 2161 1666 potestatis
2195 1596 2266 1660 ei,
2301 1611 2464 1665 quam
2510 1605 2564 1651 et
2595 1596 2769 1665 ipsam
2806 1612 3072 1667 peponem
3119 1612 3275 1652 voco.
3312 1597 3405 1651 lla:
3447 1598 3701 1662 virtutes,

421 1688 729 1753 cucurbita,
776 1696 830 1743 et
869 1688 1151 1754 perinane,
1203 1697 1259 1743 et
1304 1690 1572 1757 cucumis,
1627 1698 1682 1743 et
1713 1704 1870 1759 pepo,
1904 1690 2208 1745 emiserunt
2246 1691 2512 1759 reliquam
2561 1691 2964 1747 multitudinem
3012 1691 3280 1746 Valentini
3315 1693 3700 1747 deliriosorum

422 1798 713 1853 peponum.
755 1781 813 1837 Si
857 1784 1004 1837 enim
1052 1799 1174 1838 eum
1201 1798 1531 1853 sermonem,
1564 1785 1655 1854 qui
1686 1786 1751 1839 de
1778 1785 2052 1838 universis
2086 1785 2168 1852 ﬁt,
2201 1787 2575 1857 transﬁgurari
2617 1787 2672 1841 in
2707 1789 2938 1858 primam
2958 1788 3429 1857 quaternationem
3460 1800 3697 1859 oportet.

421 1890 477 1932 et
536 1881 991 1949 quemadmodum
1029 1879 1141 1933 vult
1166 1878 1399 1948 aliquis,
1438 1880 1552 1950 ipse
1586 1893 1790 1950 ponere
1834 1880 2094 1945 nomina;
2126 1880 2251 1950 quis
2287 1882 2540 1950 prohibet
2574 1883 2658 1938 his
2686 1884 3018 1948 nominibus,
3064 1884 3250 1953 utique
3307 1883 3479 1938 multo
3523 1888 3702 1940 credi-

422 1975 707 2031 bilioribus
735 1976 836 2045 (5),
865 1985 919 2030 et
948 1976 1001 2029 in
1036 1991 1132 2030 usu
1166 1975 1383 2043 positis,
1412 1984 1465 2030 et
1495 1977 1565 2029 ab
1600 1975 1857 2029 omnibus
1889 1973 1966 2045 (6)
2004 1976 2286 2044 cognitis?

494 2068 547 2123 5.
583 2068 687 2122 Alii
721 2078 901 2122 autem
934 2083 1122 2122 rursus
1170 2069 1408 2138 ipsorum
1438 2067 1669 2137 primam
1714 2076 1769 2122 et
1802 2069 1997 2122 arche-

2172 2070 2226 2124 5.
2273 2069 2455 2123 ’Ἄλλοι
2506 2069 2565 2123 δὲ
2624 2070 2786 2123 πάλιν
2837 2070 2912 2141 (9)
2962 2071 3141 2125 αὐτῶν
3193 2072 3291 2143 τὴν
3341 2072 3571 2144 πρώτην
3618 2074 3705 2127 καὶ

422 2178 601 2228 gotton
637 2161 1045 2216 octonationem
1081 2162 1166 2215 his
1204 2160 1512 2215 nominibus
1544 2161 1959 2214 nominaverunt
1990 2182 2000 2217 :

421 2255 654 2324 prinmm
710 2253 1041 2317 Proareben,
1094 2253 1288 2307 deinde
1341 2252 1739 2318 Anennoeton,
1790 2252 2005 2306 tertiam

391 2353 606 2399 cautem
632 2344 923 2408 Arrheton,
950 2351 1003 2399 et
1032 2352 1286 2413 quartam
1317 2342 1585 2397 Aoraton.
1624 2342 1690 2396 Et
1718 2344 1783 2397 de
1828 2342 2003 2411 prima

422 2440 639 2509 quidem
669 2439 944 2494 Proarche
992 2440 1250 2495 emissum
1311 2452 1433 2491 esse
1480 2436 1656 2507 primo
1704 2445 1760 2490 et
1813 2436 2003 2504 quinto

422 2532 543 2587 loco
561 2532 802 2598 Archen,
818 2531 927 2602 56
949 2548 1011 2586 ex
1036 2532 1355 2585 Anennoeto
1368 2528 1608 2583 secundo
1628 2537 1681 2581 et
1704 2537 1859 2581 sexto
1882 2527 2001 2582 loco

423 2625 807 2693 Acatalepton,
841 2634 896 2679 et
919 2625 983 2678 de
1013 2623 1250 2677 Arrbeto
1287 2623 1451 2677 tertio
1487 2632 1542 2676 et
1593 2620 1830 2691 septimo
1878 2619 2003 2674 loco

2112 2161 2408 2232 ἀρχέγονον
2441 2161 2673 2228 ὀγδοὰδα
2700 2160 2911 2224 τούτοις
2947 2164 3062 2224 τοῖς
3105 2161 3333 2232 ὀνόμασι
3373 2163 3702 2233 κεκλήκασι’

2107 2252 2322 2323 πρῶτον
2356 2252 2678 2322 Προαρχὴν,
2726 2251 2916 2304 ἔπειτα
2949 2250 3288 2321 ’Δνεννὸητον
3310 2291 3325 2313 ,
3368 2250 3467 2321 τὴν
3497 2250 3557 2303 δὲ
3595 2253 3705 2323 τρί-

2102 2343 2642 2414 την(10)”Λῤῥη-;ον,
2678 2342 2773 2396 καὶ
2805 2343 2903 2413 τὴν
2919 2344 3185 2414 τετάρτην
3211 2341 3619 2414 Ἀόρατον.Καὶ
3645 2345 3706 2395 ὲκ

2104 2435 2203 2505 μὲν
2262 2435 2363 2505 τῆς
2411 2434 2634 2506 πρώτης
2687 2435 2979 2506 Προαρχῆς
3048 2433 3451 2504 προϐεϐλῆσθαι
3498 2433 3705 2505 πρώτῳ

2098 2527 2192 2604 καὶ
2225 2526 2586 2597 πέμπτῳμι)
2633 2526 2851 2598 Ἀρχὴν,
2884 2527 2948 2579 ὲκ
2974 2525 3028 2579 δὲ
3049 2527 3175 2604 [τῆς
3217 2527 3391 2599 ἀρχῆς
3431 2527 3585 2599 (ten
3610 2528 3704 2597 τῆς

2111 2602 2456 2691 Ἀνεννοήτου
2485 2620 2723 2691 δευτέρῳ
2760 2619 2856 2673 καὶ
2878 2619 3022 2690 ἕκτῳ
3070 2621 3221 2691 τόπῳ
3262 2620 3537 2690 Ἀκατάλη
3548 2638 3702 2683 πτον,

421 2717 852 2799 Anonomaston,
886 2718 952 2771 de
980 2716 1186 2770 Aorato
1221 2723 1401 2767 autem
1446 2724 1643 2781 quarto
1693 2723 1750 2767 et
1796 2722 1995 2767 octavo

1624 2854 1823 2912 BlLLll
1862 2854 2451 2911 INTERPRETATIO.

425 2975 649 3030 nomina
692 2974 999 3028 condiderit
1034 2990 1055 3029 τ
1090 2975 1168 3028 ita
1194 2974 1299 3028 nisi
1320 2973 1411 3027 ille
1442 2975 1493 3027 in
1526 2975 1732 3027 mundo
1763 2975 2085 3043 exstitisset,
2133 2973 2444 3027 nominibus
2496 2973 2704 3027 veritas
2749 2982 2981 3027 careret.
3038 2972 3181 3027 Nihil
3235 2972 3399 3041 igitur
3441 2975 3702 3043 impedit,

433 3047 564 3115 quin
604 3047 741 3099 alius
764 3046 927 3099 etiam
959 3045 1229 3113 quispiam
1270 3044 1323 3098 in
1366 3045 1555 3099 eodem
1580 3056 1912 3111 «argumento
1956 3045 2179 3099 nomina
2228 3052 2435 3115 statuat
2483 3044 2599 3115 hoc
2624 3051 2804 3115 pacto.
2847 3083 2861 3094 .
2905 3081 2920 3097 .
2963 3081 2992 3115 _._
3022 3085 3035 3099 .
3081 3082 3103 3115 .7
3144 3082 3158 3096 .
3201 3081 3216 3096 .
3254 3082 3330 3115 .7.
3375 3082 3391 3096 .
3436 3083 3451 3097 .
3498 3082 3513 3097 .
3563 3083 3579 3097 .
3626 3085 3641 3098 .
3688 3086 3703 3099 .

497 3116 553 3171 5.
578 3116 681 3169 Alii
726 3130 917 3171 rursus
957 3128 1022 3168 ex
1055 3116 1185 3183 ipsis
1208 3116 1439 3181 primam
1474 3130 1537 3168 ac
1569 3116 1947 3182 primigeniam
1982 3116 2284 3183 ogdoadem
2332 3114 2416 3167 his
2462 3113 2772 3167 nominibus
2821 3113 3199 3182 appellandam
3246 3114 3526 3168 dixerunt.
3585 3115 3705 3168 Pri-

426 3202 574 3239 mmn
598 3184 936 3249 Proarchen,
963 3186 1161 3239 deinde
1185 3184 1593 3247 Anennoetum,
1630 3188 1847 3239 tertiam
1885 3186 2209 3248 Arrhetum,
2235 3195 2495 3253 quartam
2540 3184 2829 3237 Aoratum.
2871 3185 3050 3251 Atque
3085 3197 3153 3237 ex
3194 3185 3366 3248 prima
3412 3184 3703 3240 Proarcbe

422 3267 599 3309 ortam
627 3270 748 3311 esse
774 3256 948 3324 primo
981 3264 1035 3309 et
1072 3256 1265 3323 quinto
1295 3255 1413 3309 loco
1443 3256 1661 3309 Archen
1694 3272 1708 3307 :
1744 3270 1813 3309 ex
1843 3256 2169 3309 Anenuoeto
2208 3264 2389 3308 autem
2437 3254 2674 3307 secundo
2709 3262 2763 3307 et
2796 3262 2953 3309 sexto
2997 3254 3116 3308 loco
3154 3254 3539 3324 Acataleptum
3580 3270 3595 3309 :
3635 3272 3702 3309 es

422 3326 657 3381 Arrbeto
712 3323 876 3380 tertio
901 3334 959 3379 et
989 3326 1220 3395 septimo
1260 3324 1378 3379 loco
1404 3324 1834 3380 Anonomastum
1862 3346 1874 3378 :
1906 3340 1970 3378 ex
2002 3325 2205 3378 Aorato
2257 3324 2493 3393 denique
2542 3332 2738 3392 quarto
2791 3335 2845 3378 et
2897 3334 3093 3378 octavo
3149 3323 3269 3378 loco
3322 3324 3702 3394 Agennetum,

2093 2709 2159 2763 ἐκ
2186 2711 2243 2765 δὲ
2272 2712 2372 2781 τῆς
2417 2713 2680 2784 Ἀῤῥήτου
2708 2713 2876 2783 τρίτῳ
2903 2713 2996 2765 καὶ
3019 2712 3229 2785 ἑϐδόμῳ
3242 2709 3393 2782 τόπῳ
3406 2711 3707 2785 ’Δνονόμα-

614 3501 975 3571 Manifestum.
1013 3503 1310 3557 Addiderat
1346 3501 1582 3557 Feuard.
1634 3505 1863 3573 verbum
1892 3514 1989 3565 est,

2114 3502 2260 3565 ιὺτὸς
2293 3504 2571 3573 προεῖπεν,
2602 3502 3088 3573 ἑτερωνυμίανίᾴιεΐ
3118 3501 3331 3564 ἑαυτοῦ,
3363 3503 3440 3565 ὼς
3466 3504 3707 3569 ἀντάξια

497 3502 571 3626 (l)
614 3502 975 3571 Manifestum.
1013 3503 1310 3557 Addiderat
1346 3502 1582 3557 Feuard.
1634 3505 1863 3557 verbum
1892 3514 1989 3565 est,

423 3590 551 3640 quot
592 3587 807 3626 sensum
839 3576 1147 3627 conturbat.
1174 3573 1394 3626 Addunt
1418 3583 1474 3626 et
1510 3588 1642 3627 mss.
1671 3572 1908 3626 Clarum.
1941 3582 1996 3627 et

425 3644 581 3697 Pass.
611 3640 717 3695 Sed
745 3643 845 3697 hoc
880 3645 1074 3696 merito
1115 3643 1378 3695 omittunt
1419 3643 1573 3696 editt.
1616 3644 1795 3706 Eras.,
1827 3643 1992 3711 Gall.,

424 3718 600 3769 Oxon.
629 3724 684 3766 et
711 3727 842 3766 mss.
872 3728 1062 3767 omnes
1090 3712 1300 3781 Anglic.
1343 3711 1683 3782 Manifestum
1727 3716 1871 3767 enim
1911 3714 1998 3767 hie

425 3783 817 3837 adverbialiter
871 3782 1046 3851 accipi
1112 3783 1312 3845 debet,
1369 3790 1426 3835 ut
1482 3793 1634 3850 patet
1685 3797 1749 3837 ex
1781 3782 1999 3839 :Grazco

426 3853 761 3924 σαφέστατα,
807 3854 950 3921 quod
985 3864 1167 3908 tamen
1209 3853 1403 3907 melius
1433 3853 1686 3908 vertisset
1731 3854 1998 3923 interpres

423 3924 875 3990 manifestissime.

520 3995 573 4059 2)
617 3992 904 4057 Quoniam.
943 3993 1093 4047 Adde
1124 4009 1189 4047 ex
1215 3992 1427 4052 Graeco.
1466 4002 1514 4045 et
1545 3993 1816 4062 quoniam.

521 4064 573 4131 3)
620 4063 801 4116 Posita
825 4073 965 4117 sunt.
996 4063 1169 4119 Graec.
1196 4072 1351 4115 antea
1380 4064 1552 4130 posita
1577 4074 1718 4116 sunt.

519 4135 573 4202 4)
614 4133 720 4202 Qui
744 4134 845 4187 nisi
872 4133 981 4188 hac
1007 4136 1245 4195 auderet,
1277 4132 1430 4185 hodie
1446 4135 1660 4197 veritas,
1683 4142 1789 4187 etc.
1813 4133 2000 4189 Graeca

424 4201 667 4260 sonant:
698 4201 1042 4271 Perspicuum
1079 4214 1152 4255 est
1198 4220 1315 4255 eum
1358 4218 1488 4266 esse,
1531 4206 1621 4273 qui
1667 4204 1868 4271 primus
1913 4222 2003 4259 no-

425 4278 570 4330 mina
620 4276 732 4327 ha'c
779 4275 999 4327 condere
1042 4289 1203 4326 ausus
1246 4273 1403 4340 fuerit
1442 4287 1460 4325 :
1506 4290 1569 4327 ac
1605 4274 1710 4327 nisi
1759 4274 1867 4341 ipse
1896 4275 2003 4328 ali-

425 4346 637 4418 quando
662 4345 713 4395 in
754 4344 949 4418 mundo
998 4344 1303 4418 exstitisset,
1341 4342 1496 4418 hodie
1529 4344 1740 4418 veritas,
1774 4355 1905 4408 etc.,
1933 4360 2001 4400 ex

424 4414 625 4485 quibus
661 4423 806 4482 patet
849 4414 1130 4483 legendum
1186 4414 1403 4485 essein
1457 4423 1566 4468 vet.
1592 4416 1865 4480 versione,
1907 4433 2003 4468 au-

424 4483 602 4548 deret,
655 4492 711 4536 ut
766 4484 965 4537 habent
1026 4498 1215 4537 omnes
1267 4483 1422 4536 editt.
1497 4500 1621 4538 cum
1666 4486 1824 4539 codd.
1876 4486 2003 4540 Cla-

428 4573 567 4610 rum.
623 4564 679 4608 et
724 4552 1009 4623 Pass.,uon
1069 4554 1302 4615 audiret,
1350 4562 1411 4605 ut
1455 4568 1741 4624 perperam
1804 4555 2005 4611 habent

426 4641 557 4681 mss.
592 4624 804 4694 Anglic.

495 4696 570 4765 (5)
601 4692 797 4765 Utique
817 4692 984 4747 multo
1009 4692 1206 4765 credib.
1254 4692 1346 4746 Sic
1376 4709 1508 4749 mss.
1558 4693 1824 4757 Clarom.,
1848 4694 2001 4765 Pass.

422 4779 476 4820 et
510 4763 662 4821 Voss.
700 4763 916 4825 melius,
952 4765 1001 4816 ui
1037 4763 1216 4825 fallor,
1248 4765 1783 4831 quam,etmulto,ut
1806 4764 2005 4821 habent

2099 3573 2199 3645 τῆς
2234 3571 2411 3645 αὐτῷν
2441 3571 2708 3645 ληρωδίας
2723 3571 3223 3645 χαριεντιζόμενος,
3252 3573 3512 3645 πεπόνων
3546 3576 3708 3645 γένη,

2100 3642 2195 3696 καὶ
2242 3642 2477 3713 σικύων,
2526 3642 2621 3713 καὶ
2663 3642 3018 3713 κολοκυνθῶν,
3066 3643 3141 3713 ὡς
3182 3644 3273 3713 επὶ
3320 3642 3712 3713 ὑποκειμένών

2099 3712 2260 3766 τινῶν
2301 3712 2761 3781 ἐπιπλασάμενος,
2802 3712 2877 3775 ὡς
2910 3715 3021 3775 τοῖς
3061 3712 3363 3781 φιλολόγοις
3419 3712 3600 3781 σαφὲς
3638 3716 3708 3768 ἂν

2101 3784 2210 3854 sin:
2246 3785 2339 3852 ἀφ’
2391 3775 2466 3834 ὧν
2525 3770 2968 3854 προανεγνωσαν.
3002 3770 3165 3835 ⁷Τίιηῖ
3199 3770 3447 3846 deinceps
3499 3770 3707 3838 in'hrrc

2101 3852 2239 3906 idem
2281 3856 2461 3907 beatus
2506 3855 2781 3920 episcopus
2834 3852 3104 3917 lrenwus,
3160 3863 3217 3905 ut
3273 3854 3535 3916 diximus,
3590 3855 3705 3907 alia

2103 3924 2346 3993 quietiam
2409 3921 2638 3975 ridicula
2685 3924 2920 3993 nomina,
2967 3938 3031 3974 ac
3071 3938 3162 3987 per
3209 3922 3392 3992 jocum
3441 3941 3476 3976 a
3528 3925 3707 3992 seipse

2103 3991 2389 4062 composita
2426 3994 2598 4061 facete
2621 3991 2852 4059 subjicit,
2892 4002 3147 4061 tanquam
3170 3991 3350 4047 earum
3382 3994 3543 4062 nugis
3566 3991 3705 4047 cou-

2102 4076 2352 4118 setuanea
2390 4074 2409 4113 :
2461 4062 2759 4130 cujusmodi
2805 4070 2929 4115 sunt
2958 4077 3237 4130 peponum,
3280 4080 3342 4115 ac
3389 4065 3711 4116 cucurbita-

2104 4150 2243 4195 rum,
2273 4142 2364 4185 aut
2388 4132 2824 4202 colocyntltarum
2860 4148 3072 4201 genera,
3117 4148 3340 4200 quorum
3381 4134 3709 4202 appellatio-

2106 4219 2197 4257 nes
2227 4204 2378 4256 certis
2410 4201 2561 4255 rebus
2604 4201 2891 4263 attribuit;
2925 4202 2982 4254 id
3003 4203 3142 4271 quod
3193 4202 3496 4256 litterarum
3542 4205 3707 4272 periti

2104 4274 2362 4335 homines,
2405 4288 2471 4325 ex
2520 4273 2587 4326 iis
2639 4288 2758 4342 qua:
2816 4286 2974 4325 antea
3032 4271 3291 4342 legerint,
3356 4275 3713 4327 animadver—

2108 4352 2237 4396 tent.

2178 4412 2253 4482 (9)
2298 4413 2509 4466 ’Ἄλλοι
2538 4411 2606 4465 δὲ
2631 4409 2833 4476 πάλιν,
2866 4420 2972 4466 etc.
3005 4411 3190 4467 Graeca
3217 4412 3331 4467 haec
3369 4411 3588 4476 lrenaei,
3623 4422 3711 4466 ta-

2106 4484 2218 4554 cito
2255 4492 2431 4536 tamen
2457 4482 2651 4554 _ipsius
2707 4485 2946 4548 nomine,
3006 4482 3300 4553 descripsit
3352 4483 3710 4554 Epiphanius

2110 4552 2259 4607 Htcr.
2292 4569 2424 4613 xxx,
2452 4550 2478 4622 §
2502 4554 2555 4606 7.

2179 4624 2294 4692 (10)
2332 4621 2803 4693 Τὴνδέντρίτηνη
2825 4621 2992 4692 Supp.
3016 4622 3264 4693 δύναμιν.

2179 4695 2293 4763 (11)
2333 4692 2443 4747 Καὶ
2484 4692 2746 4764 πέμπτῳ.
2779 4692 2932 4747 Adde
2982 4692 3133 4763 τόπῳ
3158 4692 3230 4748 ex
3259 4700 3363 4747 vet.
3410 4693 3624 4764 interp.
3652 4708 3714 4750 et

2108 4764 2337 4821 Tertull.
2391 4780 2514 4833 cap.
2574 4763 2664 4818 55.
2722 4764 2827 4818 Sed
2865 4780 2981 4833 qua:
3032 4766 3167 4815 ratio
3199 4765 3484 4831 dispensat,
3539 4763 3713 4819 addit.

426 4839 610 4899 liras.,
638 4833 840 4888 Gallus.
886 4842 940 4887 et
981 4832 1234 4897 Feuard.,
1275 4832 1378 4904 vel,
1418 4845 1473 4887 ut
1510 4834 1695 4900 multo,
1753 4844 1911 4903 prout
1937 4852 2002 4891 ex
2035 4849 2081 4904 Ι)
2110 4837 2309 4890 ibidem
2359 4833 2611 4897 Tertull.,
2662 4843 2720 4885 ut
2769 4832 2977 4903 singula
3035 4832 3171 4904 binis
3204 4835 3354 4896 locis,
3401 4846 3446 4885 et
3477 4836 3714 4902 quidem

422 4907 631 4961 Arnud.
663 4912 715 4959 et
738 4904 901 4958 Merc.
928 4905 986 4967 Ξ,
1020 4905 1264 4969 reposuit
1287 4900 1541 4957 Grabins.

496 4976 574 5047 (6)
616 4976 691 5027 Ab
716 4976 974 5047 omnibus.
1010 4971 1189 5038 Pass.,
1217 4972 1399 5036 γοδς..
1429 4985 1482 5028 et
1506 4974 1739 5029 Feuard.
1762 4975 1813 5028 in
1830 4989 2002 5047 marg.

426 5049 490 5105 ab
507 5044 831 5098 flaminibus.

496 5117 572 5186 (7)
612 5115 719 5167 Καὶ
751 5113 943 5186 σαφές
962 5114 1320 5186 curiﬁn"...
1345 5116 1458 5183 οὐχ
1501 5116 1540 5184 ἡ
1580 5111 1847 5180 ἀλήθεια,
1896 5127 2003 5172 etc.

427 5183 615 5242 Graeca
652 5186 763 5237 haec
790 5183 977 5238 lrenaai
1008 5185 1075 5236 ab
1104 5183 1409 5251 Epiphanio
1463 5183 1762 5252 descripta,
1801 5186 2005 5240 Grabio

425 5259 677 5310 omittere
723 5254 944 5322 placuit.
1002 5254 1313 5325 Docttssimi
1349 5254 1447 5307 viri
1481 5255 1766 5325 consilium
1807 5272 2006 5325 appro-

426 5327 556 5382 bare
588 5341 693 5378 non
740 5339 1048 5392 possumus.
1086 5324 1350 5389 Quamvis
1389 5326 1533 5378 enim
1579 5341 1608 5377 a
1650 5324 1861 5379 Latinis
1904 5327 2006 5378 ali-

425 5396 746 5467 quantulum
775 5395 1105 5464 discrepent,
1136 5410 1241 5449 non
1270 5405 1445 5449 tamen
1478 5396 1634 5459 adeo,
1669 5405 1728 5448 ut
1765 5396 2003 5450 resecari

426 5468 676 5522 debeant.

500 5538 576 5607 (8)
630 5535 942 5601 Ὀνόματα.
993 5534 1661 5607 Qtnescquuuturlrenmi
1711 5535 2002 5607 verborum

425 5606 612 5662 Carmen
665 5609 1062 5659 desiderantur.
1108 5606 1387 5659 Summam
1438 5608 1723 5667 duntaxat,
1768 5606 1861 5659 sed
1899 5622 2001 5657 tum

428 5680 555 5744 ipszt
598 5679 759 5729 verba
819 5679 1003 5730 retulit
1062 5677 1392 5743 Epiphanius
1458 5679 1559 5730 hoc
1612 5678 1768 5729 modo
1811 5694 1824 5728 :
1870 5670 2003 5727 Εἶτα

422 5746 604 5801 λοιπὸν
638 5751 716 5809 είς
747 5745 916 5800 ταῦτα
948 5747 1107 5809 αὐτὸς
1133 5750 1161 5799 ὁ
1193 5748 1461 5817 μακάριος
1505 5748 1795 5808 ἐπίσκοπος
1834 5746 2001 5814 Εἰρη-

424 5821 588 5882 ναῖος,
638 5818 719 5881 ὦς’
775 5835 835 5888 γε
897 5820 1257 5891 προείπαμεν,
1318 5816 1571 5887 γελοιώδη
1632 5817 1850 5887 ῥήματα
1911 5818 2003 5869 καὶ

2110 4916 2215 4960 tam
2250 4905 2515 4957 intercisis
2562 4912 2869 4968 nascantur,
2938 4903 3077 4955 malo
3127 4904 3372 4971 ignorare
3412 4920 3573 4971 quam
3622 4907 3715 4957 di-

2109 4992 2269 5030 scere.
2315 4974 2454 5038 Quid
2508 4975 2644 5026 enim
2699 4976 2824 5027 recti
2873 4975 3265 5043 habeant,qua:
3308 4982 3425 5043 tam,
3457 4990 3715 5039 perverse

2108 5044 2494 5114 proferuntur?
2518 5044 2572 5097 Si
2600 5045 2724 5112 quis
2758 5052 2938 5098 tamen
2964 5042 3165 5114 sensus
3183 5042 3451 5110 ejusmodi
3476 5043 3717 5099 deliriis

2108 5112 2231 5169 esse
2262 5115 2451 5183 possit,
2495 5114 2541 5167 is
2581 5129 2700 5168 esse
2744 5116 2964 5168 videtur
2992 5154 3007 5177 ,
3049 5112 3278 5175 scilicet,
3304 5114 3535 5181 primam
3576 5131 3715 5168 om-

2112 5186 2259 5237 nium
2293 5185 2664 5249 emissionem,
2693 5200 2785 5238 seu
2820 5200 2938 5237 eam
2963 5183 3331 5247 emissionem,
3361 5198 3478 5252 qua:
3496 5185 3716 5252 primo

2110 5254 2228 5310 loeo
2254 5264 2305 5309 et
2346 5264 2472 5309 ante
2506 5265 2731 5309 canet-as
2762 5269 2952 5308 omnes
2981 5252 3124 5305 facta
3156 5264 3260 5316 est,
3285 5250 3409 5307 esse
3432 5270 3461 5305 a
3484 5250 3718 5307 Procr-

2113 5328 2225 5390 clie,
2256 5340 2375 5395 qua:
2406 5325 2610 5379 Are/ten
2644 5325 2862 5395 protulit
2912 5322 3159 5392 quintum
3211 5324 3465 5391 ogdoadis
3505 5321 3715 5395 locum

2117 5393 2432 5449 tenentem:
2477 5393 2715 5450 secundo
2759 5394 2896 5456 loco,
2938 5408 3032 5447 seu
3085 5395 3382 5447 secundam
3428 5393 3720 5448 emissio-

2114 5481 2236 5519 nem
2267 5467 2332 5519 ab
2363 5467 2531 5520 Arche
2565 5466 2762 5519 factam
2794 5480 2932 5530 esse,
2960 5481 2988 5516 ιι
3022 5478 3129 5530 qua
3162 5464 3398 5517 emissus
3437 5470 3518 5516 est
3544 5463 3718 5516 Aca-

2113 5536 2354 5603 taleptos,
2390 5546 2546 5591 sexto
2572 5536 2829 5606 ogdoadis
2857 5536 2977 5590 loco
3011 5535 3361 5590 constitutus.
3394 5532 3461 5587 Et
3495 5533 3594 5588 sic
3638 5537 3718 5588 de

2111 5607 2340 5659 caeteris.

2183 5677 2294 5746 (t2)
2332 5677 2445 5743 Τῆς
2474 5675 2689 5745 ἀρχῆς.
2709 5674 3178 5729 Delendaahazduse
3202 5688 3386 5738 voces,
3414 5685 3528 5740 qur
3560 5687 3719 5725 sen-

2112 5762 2230 5799 sum
2270 5749 2619 5812 conturbant,
2669 5761 2911 5816 quasque
2953 5761 3055 5801 nec
3104 5757 3262 5803 vetus
3321 5746 3511 5811 interp.
3596 5758 3717 5799 nec

2112 5816 2427 5873 Tertullian.
2460 5818 2727 5887 legerunt.
