3880 6358
498 357 605 412 579
1252 356 1308 409 S.
1345 353 1601 409 lREN/El
1636 352 1949 410 EPISCOPI
1986 353 2469 410 LUGDUMENSIS
2498 355 2584 411 ET
2623 355 2987 418 MARTYRIS
3622 362 3706 418 580

494 475 836 530 Antichristi.
882 474 1129 530 Anaxilai
1168 474 1313 529 enim
1347 473 1554 529 ludicra
1596 471 1673 544 (ι)
1715 488 1839 528 cum
1876 474 2037 544 nequi

2174 474 2422 545 ἀοράτων
2461 475 2556 527 καὶ
2584 475 3043 546 ἀκατονομάστων
3081 474 3260 527 τόπων
3288 474 3481 545 ἔχοντι,
3509 476 3579 540 ὡς
3600 481 3710 549 πρό-

495 570 571 621 tia
621 582 832 629 eorum,
885 568 977 636 qui
1024 559 1283 622 dicuntur
1323 566 1491 636 magi,
1540 565 1923 628 commiscens,
1974 580 2038 633 pe

2175 565 2373 636 δρομος
2403 566 2479 619 ὢν
2507 566 2724 639 ἀληθῶς
2741 567 2835 620 τοῦ
2861 568 3226 638 Ἀντιχρίστου
3250 567 3619 622 ἀποδέδεικται.
3647 572 3713 624 Τὰ

498 657 617 711 haec
650 658 882 711 virtutes
923 654 1190 726 perﬁcere
1221 661 1446 724 putatur
1489 654 1631 723 apud
1663 668 1779 718 eos,
1823 654 1914 724 qui
1952 669 2038 709 seti

2170 658 2280 730 γὰρ
2324 658 2636 723 Ἀναξιλάου
2681 660 2910 727 παίγνια
2954 663 3021 730 τῇ
3072 658 3181 712 τῶν
3225 658 3523 730 λεγομένων
3548 663 3712 731 μάγων

493 764 616 804 sum
650 765 757 804 nun
792 748 1019 812 habent,
1052 755 1107 801 et
1136 762 1164 799 a
1202 756 1385 801 mente
1417 760 1511 799 sua
1541 758 1920 800 excesserunt.

2171 750 2474 822 πανουργίᾳ
2501 751 2797 822 συμμίξας,
2831 751 2897 804 δι’
2930 750 3110 803 αὐτῶν
3126 752 3405 819 φαντάζων
3436 769 3491 805 τε
3514 755 3599 806 καὶ
3623 773 3713 824 μα-

491 841 708 911 γεύων,
749 842 829 904 εἰς
869 838 1131 911 ἔκπληξιν
1178 839 1305 901 τοὺς
1346 837 1590 909 ὁρῶντας
1638 840 1705 890 τε
1750 840 1844 892 καὶ
1882 840 2237 911 πειθομένους
2292 842 2441 914 αὐτῷ
2489 844 2900 916 περιέϐαλεν...
2947 846 2994 896 οἱ
3047 844 3104 897 δὲ
3155 843 3225 896 τὰ
3266 844 3374 897 ἀπὸ
3428 844 3713 916 περιεργίας

489 937 742 1010 ὁρῶντες,
789 934 1004 989 δοκοῦσι
1052 934 1313 1005 δυνάμεις
1352 933 1504 997 τινὰς
1554 935 1613 986 ἐν
1658 936 1846 1005 χερσὶν
1865 934 2031 988 αὑτοῦ
2061 938 2519 993 ἐπιτελεῖσθαι....
2557 940 2663 993 Τὸν
2691 938 2801 1011 γὰρ
2855 937 2980 991 νοῦν
3032 938 3127 992 κατ⁹
3161 938 3312 992 αὐτοὶ
3361 937 3709 1001 ἀπολέσαντες,

488 1032 587 1101 οὐχ
625 1030 791 1101 ὁρῶσι
840 1029 914 1100 μὴ
947 1027 1307 1097 γινώσκοντες
1345 1028 1670 1100 δοκιμάσαι,
1715 1031 1796 1083 ὅτι
1842 1031 1951 1083 ἀπὸ
2003 1033 2294 1106 μαγείαςὴ
2332 1033 2589 1099 σύστασις
2634 1035 2731 1088 τοῦ
2789 1036 2918 1106 παρ’
2948 1032 3114 1087 αὐτοῦ
3151 1033 3437 1102 παιγνίου,
3485 1035 3557 1097 ὡς
3604 1034 3710 1096 ἔπος

489 1128 685 1190 εἰπεῖν,
713 1124 1061 1177 ἐπιτελεῖται.

556 1220 614 1276 2.
649 1220 693 1251 “
732 1218 832 1274 Pro
868 1220 1039 1274 calice
1071 1220 1216 1275 enim
1261 1222 1389 1275 vino
1429 1220 1591 1276 misto
1637 1220 1713 1293 (2)
1758 1219 1972 1291 fingens
2008 1237 2038 1277 s

2240 1222 2295 1275 2.
2344 1221 2589 1292 ῐΙοτήρια
2634 1218 2709 1290 (6)
2754 1217 2882 1289 οἴνῳ
2934 1217 3248 1290 κεκραμένα
3300 1215 3375 1287 (7)
3422 1216 3709 1286 προσποιού-

488 1313 691 1381 gratias
732 1327 913 1382 agere,
954 1321 1008 1365 et
1050 1312 1103 1366 in
1150 1311 1378 1367 multum
1420 1314 1722 1367 extendens
1758 1328 2038 1368 sermonen

2175 1331 2333 1385 μενος
2359 1314 2720 1385 εὐχαριστεῖν,
2756 1313 2847 1365 καὶ
2869 1312 2960 1364 ἐπὶ
2987 1310 3148 1364 πλέον
3186 1309 3438 1362 ἐκτείνων
3464 1309 3550 1361 τὸν
3577 1308 3707 1375 λόγον

487 1403 870 1469 invocationis,
916 1417 1252 1473 purpureum
1296 1411 1354 1458 et
1398 1402 1758 1459 rubicundum
1807 1420 2038 1475 appareri

2164 1404 2269 1474 τῆς
2300 1402 2663 1475 ἐπικλήσεως,
2697 1400 2982 1473 πορφύρεα
3007 1402 3099 1453 καὶ
3124 1398 3330 1471 ἐρυθρὰ
3356 1397 3707 1469 ἀναφαίνεσθαι

484 1495 616 1550 facit
644 1496 755 1565 (5);
787 1504 847 1549 ut
879 1505 1103 1565 putetur
1132 1510 1195 1551 ea
1228 1495 1416 1551 Gratia
1448 1497 1515 1551 ab
1545 1497 1633 1562 iis,
1666 1512 1791 1567 quae
1818 1507 1943 1553 sunt
1968 1513 2038 1552 su-

2170 1499 2313 1552 ποιεῖ
2345 1495 2441 1567 (8)°
2468 1496 2546 1559 ὡς
2593 1496 2771 1548 δοκεῖν
2808 1492 2907 1564 τὴν
2950 1492 3059 1545 ἀπὸ
3104 1492 3215 1545 τῶν
3253 1492 3394 1562 ὑπὲρ
3420 1489 3489 1542 τά
3514 1489 3603 1543 ὅλα
3623 1490 3707 1541 Χά-

484 1602 584 1657 per
614 1588 816 1654 omnia,
852 1602 1008 1641 suum
1046 1588 1366 1658 sanguinem
1400 1587 1614 1644 stillare
1642 1589 1694 1643 in
1741 1588 1884 1644 illius
1924 1589 2038 1644 cali

2171 1607 2257 1662 ριν
2287 1587 2361 1659 (9)
2388 1587 2450 1640 τὸ
2480 1581 2619 1658 αἷμα
2658 1587 2719 1640 τὸ
2746 1587 2945 1658 ἑαυτῆς
2974 1583 3189 1648 στάζειν
3230 1584 3287 1636 ἐν
3312 1582 3392 1653 τῷ
3427 1580 3604 1650 ἐκείνῳ
3630 1596 3707 1631 πο-

486 1694 604 1733 cem
664 1694 762 1749 per
809 1678 1210 1734 invocationem
1274 1681 1392 1749 ejus
1438 1698 1454 1735 :
1500 1689 1556 1735 et
1603 1680 1761 1734 valde
1806 1681 2032 1751 concupi

2167 1680 2340 1752 τηρίῳ
2363 1677 2451 1731 διὰ
2476 1678 2574 1749 τῆς
2596 1676 2933 1749 ἐπικλήσεως
2960 1674 3259 1739 αὑτοῦ,καὶ
3285 1668 3705 1743 ὑπεριμείρεσθαι

484 1786 640 1827 scere
678 1769 759 1843 (4)
796 1780 1094 1840 ριάιεθηιεε
1119 1786 1187 1827 ex
1218 1770 1312 1826 illo
1337 1780 1558 1842 gustare
1589 1772 1805 1841 poculo,
1843 1783 1902 1826 ut
1926 1780 1982 1827 et
2008 1773 2038 1827 it

2166 1773 2294 1835 τοὺς
2324 1771 2598 1843 παρόντας
2640 1769 2701 1835 ἐξ
2734 1770 2943 1823 ἐκείνου
2996 1766 3293 1834 γεύσασθαι
3326 1764 3421 1817 τοῦ
3465 1763 3702 1832 πόματος,

482 1879 579 1920 eos
608 1862 778 1919 stillet
819 1876 939 1931 quae
983 1877 1083 1933 per
1122 1877 1338 1931 magum
1373 1864 1518 1918 hunc
1551 1877 1779 1919 vocatur
1813 1863 1890 1935 (5)
1921 1862 2038 1918 Grai

2168 1865 2254 1917 ἵνα
2295 1864 2389 1917 καὶ
2423 1865 2503 1925 είς
2533 1863 2727 1925 αὐτοὺς
2756 1860 3084 1932 ἐπομσρήσῃ
3111 1859 3144 1929 ἡ
3177 1856 3266 1910 διὰ
3284 1855 3382 1909 τοῦ
3414 1853 3577 1923 μάγου
3600 1851 3707 1904 τού·

484 1957 581 2010 tia.
623 1954 831 2008 Rursus
870 1954 1193 2010 mulieribus
1232 1955 1369 2010 dans
1409 1956 1611 2011 calices
1649 1957 1865 2025 mistos,
1911 1956 2038 2024 ipsa:

2158 1973 2253 2008 του
2299 1954 2629 2027 κληῖζομένη
2659 1954 2852 2026 Χάρις.
2912 1952 3083 2007 Πάλιν
3124 1950 3182 2004 δὲ
3232 1946 3475 2018 γυναιξὶν
3518 1946 3703 2007 ἐπιδοὺς

1678 2110 1881 2167 BlLLll
1914 2109 2500 2166 INTERPRETATIO.

482 2212 768 2274 ducerent,
804 2227 925 2266 cum
956 2206 1291 2281 magicat‘um
1328 2206 1724 2278 praestigiarum
1755 2208 2125 2282 peritissimus
2165 2216 2334 2282 esset.
2364 2206 2463 2282 liis
2498 2207 2704 2282 itaque,
2735 2220 2875 2282 quos
2898 2203 2954 2259 in
2984 2203 3231 2282 fraudem
3264 2201 3565 2282 induxerat.
3598 2213 3699 2265 per-

480 2284 671 2347 suasit,
696 2272 762 2336 ut
782 2291 922 2336 totos
946 2272 1076 2335 sese
1095 2284 1163 2335 ad
1193 2272 1931 2340 eum'c0nverterent,’velut
1954 2279 2023 2331 ad
2053 2278 2329 2332 hominem
2362 2272 2627 2347 singulari
2654 2272 2892 2346 quadam
2917 2274 3147 2329 scientia
3176 2272 3486 2341 prasditum,
3515 2272 3701 2335 vimque

483 2346 775 2406 maximam
810 2352 880 2404 ab
910 2352 975 2405 iis
1009 2352 1163 2414 locis,
1194 2352 1284 2419 qui
1322 2365 1422 2405 nec
1451 2347 1625 2419 oculis
1652 2347 1825 2419 cerni,
1859 2363 1959 2419 nec
1985 2347 2103 2419 ullo
2118 2348 2341 2419 nomine
2370 2346 2602 2417 exprimi
2635 2354 2885 2419 possunt,
2912 2352 3273 2419 consecutum
3294 2360 3310 2395 :
3337 2354 3561 2419 vereque
3588 2353 3700 2419 piae-

477 2437 755 2476 cttrsoretn
787 2422 1114 2476 Antichristi
1151 2412 1516 2490 se'pr'estitit.
1559 2417 1806 2471 Anaxilai
1838 2418 1984 2471 enim
2018 2418 2252 2483 ludicra,
2283 2432 2407 2471 cum
2440 2412 2733 2487 'magor'um
2769 2415 2873 2486 (sic
2906 2415 3054 2470 enim
3100 2412 3465 2483 appellantur)
3490 2412 3696 2464 versutia

478 2490 834 2561 coniungens,
877 2492 1103 2545 tnirilica
1134 2492 1383 2560 quasdam
1415 2492 1580 2545 edere
1609 2498 1890 2542 censetur.

546 2546 601 2614 Ξῖ
632 2546 833 2616 Pocula
858 2562 983 2613 vino
1017 2546 1175 2614 mista
1207 2562 1418 2630 ﬁngens
1448 2576 1505 2615 se
1534 2570 1882 2630 consecrare,
1912 2564 2096 2630 atque_
2117 2554 2482 2630 invocationis
2519 2556 2685 2612 verba
2730 2556 2785 2610 in
2824 2552 3040 2630 longius
3077 2552 3431 2630 protendens,
3477 2546 3622 2602 etIicit
3649 2555 3697 2596 ut

476 2645 747 2701 purpurea
778 2640 831 2684 et
858 2631 1156 2684 rubicunda
1188 2622 1510 2700 appareant,
1548 2622 2003 2701 exisiimeturque
2056 2624 2241 2701 Gratia
2274 2626 2345 2680 ab
2371 2626 2608 2701 iis,_qute
2628 2641 2798 2701 supra
2826 2622 3009 2680 omnia
3039 2622 3191 2688 sunt,
3218 2622 3532 2701 sanguinem
3561 2632 3694 2701 suutn

478 2694 781 2771 pet-'ipsius
814 2694 1295 2771 invocationem-iit
1341 2701 1593 2770 poculum
1628 2696 1759 2753 illttd
1790 2694 2032 2759 stillare;
2065 2694 2523 2771 gestiantquelii;
2547 2697 2640 2771 qu_i
2673 2694 2892 2760 adsunt,
2924 2711 2989 2771 ex
3028 2711 3091 2771 ca
3132 2694 3355 2771 potione
3396 2699 3615 2771 gustare,
3649 2697 3696 2738 ιιι

474 2761 647 2825 etiam
675 2773 725 2825 in
758 2772 906 2840 ipsos
937 2768 1125 2825 Gratia
1151 2786 1236 2836 ea,
1267 2761 1390 2841 quie
1423 2785 1521 2840 per
1548 2772 1696 2825 hunc
1723 2782 1937 2838 magum
1967 2761 2334 2836 praedicatur;
2352 2761 2579 2822 ἰιιίιιιιιι.⁷
2596 2766 2810 2822 Rursus
2838 2761 3162 2821 mulieribus
3190 2761 3389 2834 pocula
3409 2761 3569 2815 ’tnista
3593 2771 3694 2827 pot-

547 2881 738 2953 “Cap.
759 2898 835 2937 tx.

545 3003 624 3073 (l)
648 3001 909 3073 ΔΑιιαειςξιιιὶ
937 3000 1072 3073 enim
1110 3000 1336 3073 ludicra.
1368 3000 1618 3056 Anaxilai
1636 3000 1900 3073 exstitere
1926 2999 2046 3066 plu-
2069 3000 2115 3058 (Γ.
2149 2996 2238 3073 tjs,
2258 3007 2375 3073 tum
2396 2999 2829 3073 manuiexaratis
2850 2998 3153 3064 codicibus,
3178 3005 3232 3051 et
3258 2996 3313 3050 in
3337 3004 3481 3052 textu
3503 2996 3687 3050 Greco.

477 3068 585 3129 res.
606 3068 752 3127 'Natn
783 3080 979 3140 praeter
1014 3071 1363 3138 Anaxllaum,
1392 3085 1488 3125 seu
1520 3073 1811 3126 Anaxilam
1846 3068 2046 3140 Messe-

477 3146 652 3208 ninm,
677 3138 1045 3213 Rheginorum
1071 3151 1382 3213 tyrannum,
1408 3141 1561 3213 cujus
1587 3142 1888 3213 meminere
1910 3138 2049 3213 Pan-

475 3216 663 3269 sanias
712 3213 763 3266 in
798 3207 1372 3275 'Messen.,'.|ttstinus
1423 3207 1517 3269 lib.
1569 3227 1645 3274 tv,
1680 3222 1750 3266 ~et
1799 3207 2042 3265 Macrob.

476 3284 698 3337 Saturn.
732 3298 770 3345 t,
802 3282 857 3345 9,
888 3280 992 3334 fuit
1018 3280 1317 3351 Anaxilaus
1358 3281 1677 3346 historicus,
1702 3281 1860 3351 cujus
1892 3294 2044 3351 r_nen-

478 3357 681 3407 tionent
711 3351 843 3405 facit
871 3351 1159 3421 Dionysius
1182 3350 1461 3405 Halicarn.
1494 3350 1649 3421 initio
1678 3348 1856 3410 Antia.
1887 3348 2040 3421 Rom.

474 3427 630 3477 Alius
659 3421 760 3474 fuit
788 3420 1083 3475 Anaxilaus
1116 3421 1384 3484 comicus,
1425 3420 1580 3490 cujus
1617 3420 1827 3490 fabulas
1870 3420 2043 3489 pluri-

478 3507 598 3571 inas
623 3492 752 3571 ci_tat
777 3493 1090 3571 Athenaeus,
1121 3491 1211 3571 qui
1248 3489 1506 3571 Anaxilas
1552 3491 1754 3571 dicitur
1780 3489 1962 3571 Suidae
1990 3497 2045 3543 et

476 3561 815 3632 Etyniologo.
851 3560 1263 3632 Aliusdenique
1297 3560 1409 3632 fuit
1431 3560 1732 3632 Anaxilaus
1776 3560 2040 3632 medicus,

474 3630 635 3700 quem
669 3632 850 3685 laudat
885 3630 1097 3700 Plinius
1124 3630 1371 3700 pluribus
1398 3630 1453 3683 in
1487 3630 1643 3688 locis.
1683 3630 1834 3684 Hunc
1867 3631 2041 3697 ipsum

472 3699 619 3764 esse,
645 3702 711 3755 de
742 3716 851 3771 quo
882 3701 969 3755 hic
1002 3699 1338 3771 Epiphanius
1370 3709 1425 3754 et
1454 3700 1715 3766 Irenteus,
1751 3702 1895 3753 haud
1943 3701 2042 3752 int-

476 3770 771 3840 prohabile
798 3771 1073 3827 videbitur
1098 3773 1173 3835 ei,
1205 3770 1297 3837 qui
1330 3770 1615 3840 utriusque
1650 3770 1817 3825 verba
1851 3779 2042 3824 contn-

476 3843 600 3895 lerit
637 3856 758 3896 cum
797 3841 885 3903 iis,
926 3853 1046 3909 quae
1084 3842 1151 3895 de
1191 3841 1285 3894 illo
1326 3841 1494 3895 relert
1529 3840 1736 3895 Plinius
1782 3840 1878 3894 lib.
1912 3854 2039 3903 xxv,

472 3928 596 3981 cap.
626 3912 713 3966 15.
746 3911 916 3974 Lusit,
952 3912 1145 3981 inquit,
1174 3921 1225 3965 et
1248 3910 1545 3981 Anaxilaus
1569 3927 1628 3965 eo
1657 3910 1947 3981 (sulphure,
1975 3911 2042 3963 de

475 3978 584 4049 quo
612 3982 682 4035 ibi
713 3996 894 4035 sermo
920 3980 1025 4049 est)
1058 3982 1284 4035 candens
1315 3982 1368 4033 in
1397 3978 1561 4034 calice
1594 3978 1745 4045 nouo,
1763 3978 2041 4049 prunaque

472 4053 684 4104 subdita
713 4052 1105 4117 circumferens,
1132 4051 1515 4105 exardescentis
1541 4067 1846 4118 repercussu
1871 4051 2042 4117 pallo-

474 4137 581 4174 rem
620 4122 819 4183 dirum,
852 4124 985 4173 velut
1030 4122 1419 4187 defunctorum,
1451 4121 1755 4188 offundeme
1791 4120 2040 4173 conviviis

472 4192 741 4258 (conviviis
759 4191 845 4244 hic
868 4192 1069 4260 dictum
1092 4207 1188 4259 pro
1211 4190 1485 4260 convivis).
1504 4190 1743 4245 Ludendi
1770 4190 2039 4258 siquidem

472 4262 721 4322 verbum,
754 4276 862 4328 quo
893 4259 1103 4313 Plinius
1136 4262 1326 4327 utitur,
1370 4259 1575 4329 optime
1619 4262 1877 4315 convenit
1916 4274 2038 4313 cunt

2151 3068 2301 3141 Satis
2330 3069 2780 3141 subintelligitur.

2219 3139 2298 3207 (4)
2331 3136 2733 3207 ϐοιιειιρίεεὶνε.
2767 3136 3098 3193 Vertendum
3138 3147 3281 3205 erat,
3329 3136 3686 3207 concupiscant.

2218 3206 2297 3278 (5)
2354 3206 2610 3265 Vocatur.
2657 3208 2762 3266 Pro
2801 3207 3100 3262 invocatur.
3151 3207 3245 3265 Sic
3293 3208 3483 3264 Horat.
3525 3206 3608 3261 lth.
3655 3218 3686 3261 ι,

2144 3280 2345 3337 οά.⁶2;

2218 3350 2383 3414 Quem
2412 3360 2553 3403 vocet
2581 3352 2756 3404 divum
2791 3348 3018 3418 populus
3052 3353 3254 3405 ruentis

2216 3419 2421 3493 Imperi
2461 3422 2611 3493 rebus
2948 3489 2962 3493 _
3110 3490 3129 3493 Α
3286 3490 3297 3493 _
3428 3489 3439 3493 Δ
3656 3484 3663 3493 ,

2217 3488 2301 3562 (6)
2321 3489 2598 3562 Ποζήρια.
2627 3491 2726 3545 Hic
2749 3506 2815 3545 ex
2837 3489 3089 3562 professo
3110 3490 3298 3545 lrentei
3327 3489 3494 3562 verba
3512 3488 3686 3562 exscri:

2144 3553 2715 3635 bitiEpipliaitiusset
2742 3553 2961 3635 Aut‘ipse
2994 3561 3261 3635 loquitur,
3296 3556 3437 3632 πρὸς
3471 3553 3687 3635 ἐποςηαά

2143 3631 2377 3695 verbum,
2414 3629 2562 3685 Hier.
2602 3633 2699 3687 cit.
2736 3630 2763 3699 ᾗ
2804 3630 2839 3683 2
2882 3640 2936 3684 et
2967 3629 3121 3699 seqq.
3166 3629 3395 3685 Videtur
3425 3638 3591 3682 autem
3619 3629 3687 3677 itt-

2146 3700 2603 3772 terpreslegisse,
2636 3699 2898 3772 ποῖήριόν
2918 3699 3045 3772 οἴνῳ
3078 3702 3438 3772 κεκραμένον,
3467 3707 3565 3754 etc.

2216 3770 2295 3842 (7)
2325 3770 2690 3839 Κεκραμένα.
2722 3770 2847 3824 vun
2872 3770 3128 3825 Petavius
3160 3770 3558 3825 distinctionem
3586 3773 3687 3842 post

2146 3838 2288 3899 hanc
2339 3838 2529 3913 vocent
2572 3842 2959 3913 apponeudam
3006 3855 3151 3913 esse,
3208 3851 3265 3894 ut
3310 3841 3547 3913 msﬁpta
3580 3838 3684 3905 οἴνῳ

2146 3912 2483 3985 κεκραμένα,
2524 3909 2801 3985 ιιοιιέιιιιι
2850 3912 3017 3965 verbo
3054 3909 3549 3985 εὐχαριστεῖν,’⁷εςά
3580 3921 3683 3961 cum

2143 3979 2390 4053 sequenti
2414 3981 2803 4053 ἀναφαίνεσθαι
2832 3979 3241 4035 construantur.
3272 3982 3380 4053 sed
3407 3979 3573 4033 malint
3601 3990 3684 4044 ego

2144 4052 2268 4107 illas
2318 4067 2480 4106 voces
2524 4068 2647 4121 cum
2694 4052 3034 4121 εὐχαριστεῖν
3076 4052 3343 4115 construi,
3384 4064 3537 4119 quam
3579 4061 3681 4101 cum

2143 4121 2555 4192 ἀναφαίνεσθαι.
2587 4120 2725 4193 Nam
2757 4120 3211 4193 ιιιοᾉεύχαριστεῖν
3239 4122 3506 4193 significat
3528 4132 3680 4193 conss.

2143 4185 2315 4257 crare,
2339 4202 2398 4245 ut
2422 4203 2569 4265 recte
2593 4192 2759 4245 vertit
2787 4185 3143 4265 Billiu'sfnoti
3156 4185 3358 4265 gratias
3380 4205 3555 4265 agere.
3569 4185 3680 4265 Vide

2147 4264 2595 4317 Dissertationetn
2636 4271 3001 4333 nostrant_ttt,
3045 4261 3072 4333 §
3116 4257 3171 4333 7,
3207 4264 3359 4326 init.,
3407 4257 3492 4333 ubi
3534 4257 3679 4310 fusius

472 4330 661 4385 Irenaei
685 4331 927 4404 ludicris,
958 4343 1011 4385 et
1040 4329 1340 4404 Epiphanii
1360 4330 1653 4404 παιγνίοις,
1686 4331 2035 4404 apprimeque
2065 4347 2115 4404 ι)
2142 4334 2507 4401 expendimus
2522 4347 2643 4400 quas
2660 4332 2840 4404 hic‘de
2859 4329 3205 4404 Eucharistia
3230 4342 3430 4404 tractat
3453 4331 3677 4403 Irettaatts.

471 4404 705 4469 quadrat
742 4402 809 4454 ad
840 4398 1120 4469 magorum
1147 4398 1486 4469 praestigias.
1524 4398 1658 4454 Nam
1699 4398 2037 4469 ludorum'et

477 4468 812 4525 ludicrorutn
854 4468 957 4525 vox
992 4473 1044 4524 itt
1085 4468 1189 4524 hac
1215 4480 1332 4524 arte
1358 4468 1594 4538 propria
1628 4478 1731 4524 est.
1772 4468 1911 4523 Hinc
1940 4468 2042 4522 Mi-

469 4542 651 4594 ttutitts
680 4539 856 4603 Felix,
884 4542 950 4595 de
988 4542 1160 4610 magis
1199 4538 1508 4610 :Quidquid
1544 4540 1789 4593 miraculi
1825 4540 2036 4604 ludunt,

468 4627 560 4679 per
589 4613 849 4665 (laniones
876 4610 1099 4679 faciunt.
1130 4610 1335 4664 Deinde
1354 4610 1808 4679 quemadmodum
1831 4610 2039 4663 Anaxi-

468 4678 607 4744 lans,
649 4692 706 4734 ut
740 4696 803 4734 ex
834 4678 992 4735 Plinii
1023 4681 1204 4735 verbis
1235 4679 1441 4748 liquet;
1475 4682 1556 4733 sic
1582 4691 1636 4734 et
1667 4678 1886 4735 Marcus
1918 4679 2038 4749 ejus

473 4754 735 4813 tinttator,
768 4751 960 4818 poculo
988 4752 1055 4804 ad
1093 4750 1335 4819 magicas
1368 4750 1696 4817 itnposturas
1737 4750 1987 4804 utebatur
2018 4767 2032 4804 :

472 4822 611 4874 adeo
640 4831 697 4873 ttt
728 4822 864 4875 alter
896 4836 1017 4875 cum
1046 4820 1221 4874 altero
1254 4820 1544 4873 maximam
1577 4820 1775 4873 habeat
1807 4821 2036 4874 allinita-

472 4901 603 4945 tem.
630 4888 930 4958 Scripsisse
960 4901 1141 4945 autem
1164 4890 1382 4944 videtur
1411 4890 1516 4944 iste
1533 4890 1836 4944 Anaxilaus
1863 4892 1928 4945 de
1952 4906 2037 4943 re-

466 4960 580 5012 btts-
598 4962 955 5027 naturalibus,
987 4962 1091 5026 vel,
1136 4970 1193 5013 ut
1222 4960 1500 5015 existimat
1536 4960 1811 5026 Petavius,
1851 4961 1919 5013 de
1946 4977 2036 5014 ar-

466 5030 621 5100 canis
651 5031 971 5098 quibusdam
1010 5046 1075 5086 ac
1118 5032 1272 5085 tniris
1310 5041 1519 5085 naturae
1556 5032 1833 5100 operibus,
1867 5042 1925 5085 ut
1967 5047 2034 5086 ex

466 5096 644 5153 Plinio
671 5096 925 5169 colligere
951 5102 1079 5156 licet
1105 5100 1202 5158 lib.
1227 5115 1343 5169 ιιι,
1374 5118 1424 5156 c.
1453 5102 1514 5165 ι;
1546 5096 1639 5157 lib.
1673 5116 1867 5168 xxvnt,
1894 5118 1943 5157 c.
1968 5102 2033 5168 2;

466 5163 560 5221 lib.
595 5184 723 5221 xxx.
755 5187 804 5221 c.
836 5173 888 5221 8.

490 5173 560 5222 ib.
595 5184 723 5233 xxx,
755 5187 804 5224 c.
836 5173 888 5224 8.

537 5238 615 5307 (ὲ)
659 5240 767 5293 Pro
796 5241 957 5293 calice
985 5240 1122 5292 enim
1155 5243 1268 5294 vino
1308 5243 1486 5306 misto,
1517 5251 1624 5296 etc.
1672 5241 1899 5296 Vertere
1941 5244 2037 5298 de-

466 5308 677 5363 buisset
698 5310 1003 5381 interpres:
1030 5309 1255 5363 Calicem
1278 5314 1415 5365 enim
1446 5316 1561 5367 vino
1597 5312 1807 5365 mistum
1832 5312 2035 5381 fingens

463 5395 520 5431 se
546 5395 869 5433 consecrare.
897 5379 1235 5452 Consecrare,
1262 5383 1501 5449 inquam,
1530 5400 1633 5436 non
1657 5379 1857 5451 gratias
1882 5379 2035 5452 agere

467 5452 765 5524 (quomodo
787 5460 841 5503 et
864 5449 1023 5524 paulo
1053 5450 1278 5524 inferius
1306 5454 1645 5524 εὐχαριστεῖν
1660 5449 1872 5507 Viterutn
1909 5449 2036 5509 red-

464 5524 664 5589 dttttr);
700 5520 787 5593 hic
822 5520 971 5593 enim
1012 5534 1114 5593 non
1145 5521 1210 5593 de
1241 5520 1541 5590 gratiarum
1580 5525 1795 5578 actione
1826 5525 2035 5593 simpli-

464 5592 624 5651 citer,
670 5592 763 5642 sed
800 5591 867 5644 de
905 5592 1021 5656 ipso
1063 5591 1418 5648 Eucharistia:
1450 5596 1745 5662 sacrilicio,
1774 5614 1804 5650 a
1849 5591 2034 5651 Marco

467 5668 739 5728 utcunque
764 5662 1108 5729 adnntbrato,
1134 5664 1336 5729 agitur.

536 5729 616 5799 (ὅ)
648 5726 913 5799 Ἁρρατετε
941 5726 1092 5804 facit.
1121 5726 1381 5785 Paculam
1405 5734 1614 5789 addidit
1635 5736 1907 5804 Feuard.;
1934 5754 2030 5793 nos

464 5806 841 5875 exuuttgitnus,
874 5805 1001 5873 quia
1065 5802 1214 5857 deest
1245 5817 1308 5859 ea
1344 5818 1442 5861 vox
1471 5807 1725 5863 omnibus
1754 5824 1874 5865 cum
1896 5802 2019 5864 'cdi-

2212 4394 2289 4473 (8)
2327 4394 2783 4473 "01354131380160;
2813 4402 3029 4469 ἐρυθρὰ
3066 4402 3497 4473 ἀναφαίνεσθαι
3530 4394 3675 4473 ποιεῖ.

2140 4470 2409 4529 Observat
2456 4470 2859 4528 Feuardentius
2914 4476 3015 4526 tria
3072 4472 3243 4527 Marci
3308 4470 3675 4541 praestigiarum

2140 4542 2387 4611 exempla
2447 4543 2536 4616 hic
2590 4536 3519 4616 all-“IFBHKBOLSUDPCCU.hP'l‘llllliiif
3542 4536 3676 4616 paulo

2141 4608 2345 4668 clarius
2375 4613 2614 4682 explicat
2648 4611 2872 4666 Nicetas
2900 4608 3196 4682 Ghoniates
3227 4612 3322 4668 lib.
3362 4628 3412 4666 tv
3430 4608 3674 4682 Thesauri,

2139 4700 2261 4753 Cap.
2314 4684 2379 4737 6:
2414 4679 2537 4746 Ille,
2589 4692 2645 4735 ut
2690 4682 2839 4735 divus
2889 4680 3126 4736 Irenwus
3169 4694 3359 4737 auctor
3402 4689 3491 4753 est,
3530 4679 3675 4753 sitm

2138 4751 2377 4823 qua’dam
2403 4754 2511 4808 albi
2542 4754 2734 4806 coloris
2764 4753 2953 4818 pocula
2980 4754 3314 4822 preparabat
3343 4768 3362 4805 :
3386 4751 3563 4823 deinde
3581 4762 3675 4798 car-

2139 4820 2297 4886 mine,
2331 4828 2502 4879 nescio
2532 4840 2655 4893 quo,
2688 4838 2838 4886 usus,
2863 4820 3137 4891 confestim
3163 4839 3344 4876 eorum
3368 4823 3509 4874 aliud
3532 4820 3581 4893 in
3601 4833 3675 4868 ru-

2140 4897 2312 4958 brum,
2330 4896 2476 4967 aliud
2494 4887 2554 4967 iri
2572 4887 2918 4967 purpureum,
2940 4887 3088 4967 aliud
3111 4894 3333 4961 denique
3351 4894 3403 4946 in
3416 4887 3673 4967 caeruleum

2138 4966 2483 5018 convertebat.
2511 4958 2702 5018 Postea
2726 4964 3018 5017 conlutans
3036 4964 3167 5016 istas
3189 4958 3489 5031 praestigias
3509 4958 3669 5013 addit:

2140 4981 2483 5018 converteoat.
2511 4981 2702 5018 rostea
2726 4981 3018 5017 cotttutans
3036 4981 3167 5016 istas
3230 4981 3489 5031 rmsugtas
3509 4981 3669 5013 auun.

2140 5032 2493 5087 l'rwsentium
2538 5034 2717 5087 oculos
2760 5031 3077 5101 fascinabat,
3122 4981 3467 5105 efﬁciebatque
3511 5040 3560 5083 ut
3600 5041 3672 5084 ea.

2138 5119 2255 5175 qua:
2304 5106 2758 5173 conspicerentur,
2815 5112 3015 5175 contra
3042 5120 3098 5157 se
3143 5104 3671 5175 habereaidcrentur,

2138 5172 2294 5243 quam
2318 5172 2496 5227 eorum
2526 5186 2720 5226 natura
2748 5176 2928 5241 ferret.
2963 5172 3075 5225 Nec
3095 5176 3231 5227 enim
3265 5173 3519 5243 pellucida
3551 5180 3674 5221 raso-

2138 5260 2254 5296 rum
2287 5246 2566 5299 aitreorum
2595 5259 2816 5312 corpora
2848 5246 2902 5295 in
2930 5243 3103 5299 van'os
3140 5256 3343 5298 mutare
3379 5244 3566 5297 colores
3592 5250 3670 5301 p0-

2140 5316 2341 5379 tuisset,
2366 5324 2474 5369 etc.
2514 5315 2819 5368 Secundum
2860 5324 3044 5367 autem
3073 5325 3214 5377 erat,
3244 5318 3368 5368 dum
3396 5327 3463 5366 ex
3491 5316 3672 5361 minore

2137 5389 2363 5453 poculo,
2423 5386 2569 5455 quod
2632 5384 2876 5439 seductis
2949 5385 3288 5439 mulierculis
3349 5382 3670 5455 porrexerat.

2139 5449 2308 5508 inulto
2337 5449 2530 5523 majus,
2572 5458 2714 5523 quod
2752 5456 2868 5523 ipse
2919 5457 3160 5519 tenebat,
3195 5459 3329 5509 adeo
3351 5449 3669 5521 'explebatur.

2139 5536 2197 5577 ut
2222 5528 2385 5579 etiam
2409 5542 2474 5580 ex
2501 5528 2619 5593 ipso
2643 5525 3009 5594 superell'ttndi
3041 5534 3313 5592 putarent.
3336 5523 3667 5594 Postretntnu,

2137 5600 2353 5665 quando
2391 5582 2604 5661 detir'ia,
2646 5582 2766 5665 quae
2797 5582 3127 5664 patpitantes
3166 5607 3221 5651 et
3251 5602 3527 5663 stupentes
3552 5582 3669 5640 εσυ·

2140 5667 2368 5730 tiebant,
2403 5667 2658 5722 vaticinia
2684 5681 2804 5721 esse
2830 5668 2935 5721 sibi
2968 5668 3388 5735 persuadebant.

2205 5738 2281 5807 (9)
2312 5728 2515 5808 Χάριν.
2550 5740 2663 5792 Non
2700 5728 3054 5808 improbabile
3084 5738 3386 5793 censuerint
3417 5746 3529 5808 cum
3553 5728 3670 5784 Gn-

2141 5804 2271 5875 bio,‘
2300 5804 2410 5877 per
2432 5811 2532 5880 τὴν
2562 5808 2732 5880 Χάριν
2775 5804 3015 5864 Marcum
3050 5807 3379 5865 intellexisse
3408 5804 3664 5871 conjuge“!
