3880 6358
406 348 511 405 585

1149 343 1206 398 S.
1243 342 1500 398 ΙΒΕΝᾹΞΙ
1535 339 1849 397 EPISCOPI
1881 335 2369 395 LUGDUNENSIS
2407 337 2496 391 ET
2534 335 2893 391 MARTHHS

3560 334 3661 390 εει

405 475 605 535 oportet
633 482 730 521 nos
754 466 808 520 in
835 481 999 519 unum
1030 466 1323 519 convenire.
1348 464 1507 520 Sume
1562 464 1792 534 primum
1833 482 1866 517 a
1900 478 1981 517 me

2105 465 2152 514 iur
2190 461 2335 531 ἡμῖν
2368 461 2518 515 ἐστι·
2562 460 2638 514 δι’
2676 459 2836 529 ἡμᾶς
2860 454 3307 529 ἐγκαταστῆσαι
3349 456 3483 527 (15).
3505 457 3665 526 Δάμ-

388 543 459 611 ἐι
490 573 585 627 per
632 573 715 611 me
738 552 999 609 Gratiam.
1031 555 1243 623 Adapta
1295 565 1345 610 te
1393 564 1451 608 ut
1483 571 1675 623 sponsa
1715 555 1983 609 sustinens

409 665 663 715 sponsum
705 664 885 708 suum,
928 658 984 701 ut
1029 648 1102 701 sis
1147 647 1286 715 quod
1320 662 1437 715 ego,
1480 657 1529 700 et
1576 662 1670 716 ego
1717 646 1857 717 quod
1902 656 1981 699 tu.

410 740 688 794 Constitue
720 739 776 791 in
803 738 1040 791 thalamo
1065 747 1155 791 tuo
1183 753 1356 791 semen
1391 735 1628 792 luminis.
1658 736 1822 793 Sume
1846 753 1877 790 a
1906 752 1986 790 me

409 847 691 896 sponsum,
724 840 772 885 et
803 846 929 898 cape
951 845 1093 893 eum,
1121 837 1173 882 et
1214 843 1401 896 capere
1432 828 1489 882 in
1535 844 1618 883 eo.
1649 827 1784 882 Ecce
1798 827 1986 882 Gratia

408 926 675 980 descendit
705 925 760 977 in
786 934 857 990 te,
890 924 1037 992 aperi
1062 939 1117 976 os
1141 932 1311 988 tuum,
1333 933 1380 976 et
1406 923 1676 992 propheta.
1724 923 1859 977 Cum
1884 937 1985 976 au-

420 1026 528 1069 tem
564 1014 759 1069 mulier
792 1011 1183 1081 responderit:
1225 1010 1510 1079 Nunquam
1563 1011 1889 1079 prophetavi,
1932 1020 1985 1067 et

413 1107 587 1159 nescio
640 1104 987 1173 prophetare;
1040 1104 1417 1158 invocationes
1465 1102 1729 1172 quasdam
1780 1101 1988 1157 faciens

414 1196 616 1260 denuo,
648 1198 715 1249 ad
749 1202 1026 1265 stuporem
1063 1195 1183 1262 ejus
1214 1210 1338 1265 qua:
1377 1195 1675 1257 seducitur,
1715 1194 1848 1250 dicit
1878 1195 1929 1250 ei
1968 1212 1984 1249 :

412 1285 569 1353 Aperi
609 1300 665 1337 os
700 1292 886 1350 tuum,
934 1295 981 1337 et
1030 1282 1242 1352 loquere
1280 1285 1628 1354 quodcunque
1657 1282 1758 1355 (1),
1791 1293 1840 1338 et
1862 1299 1986 1353 pro-

411 1377 670 1444 phetabis.
702 1375 796 1430 illa
829 1386 1014 1432 autem
1051 1376 1273 1431 seducta
1300 1377 1402 1447 (2),
1434 1386 1490 1431 et
1514 1376 1658 1431 elata
1689 1377 1843 1433 abiis
1866 1392 1987 1447 quae

410 1469 670 1539 pra’dicta
717 1476 892 1535 sunt,
930 1468 1372 1525 concalefaciens
1415 1470 1524 1541 62
1564 1470 1805 1525 animam
1847 1470 1927 1541 (5)
1956 1488 1985 1524 a

412 1561 725 1631 suspicione
763 1561 843 1631 (1)
883 1562 1026 1632 quod
1082 1561 1315 1631 incipiat
1362 1564 1691 1631 prophetare
1723 1562 1828 1632 (5),
1863 1578 1988 1617 cum

411 1668 510 1706 cur
546 1652 667 1722 ejus
705 1652 876 1707 multo
904 1652 1023 1723 plus
1054 1667 1217 1723 quam
1250 1661 1500 1722 oporteat
1522 1654 1773 1723 palpitet,
1800 1655 1985 1722 audet,

413 1753 469 1796 ct
496 1741 739 1811 loquitur
766 1744 1041 1808 deliriosa,
1084 1754 1140 1798 et
1181 1759 1524 1815 quaecunque
1546 1746 1831 1801 evenerint
1864 1761 1986 1803 om-

2082 551 2224 608 6ανε
2272 553 2507 621 πρῶτον
2532 553 2635 606 ἀπ’
2663 550 2830 619 ἐμοῦ,
2869 549 2966 606 καὶ
3009 548 3086 601 δι’
3124 547 3271 617 ἐμοῦ
3318 546 3432 614 τὴν
3456 545 3663 614 Χάριν.

2082 643 2459 711 Εὑτρέπιο-ον
2485 642 2789 709 σεαυτὴν,
2817 641 2897 706 ὠς
2924 641 3130 710 νύμφη
3168 639 3536 709 ἐκδεχομένη
3561 638 3669 692 τὸν

2082 739 2345 806 νυμφίον
2370 734 2614 805 ἑαυτῆς,
2644 736 2746 792 ἵνα
2791 735 2908 801 ἔσῃ
2935 732 2967 787 ὃ
3007 732 3144 803 ἐγὼ,
3192 733 3291 787 καὶ
3332 731 3449 801 ἐγὼ
3487 731 3519 784 ὃ
3560 731 3665 785 σύ.

2082 826 2461 896 Καθίδρυσον
2486 827 2556 881 ἐν
2578 825 2657 891 τῷ
2680 825 2955 895 νυμφῶνί
3002 838 3121 877 σου
3160 822 3228 876 τὸ
3277 821 3518 891 σπέρμα
3562 822 3669 876 τοῦ

2084 919 2463 989 φωτόςαὶαϐὲ
2486 920 2624 987 παρ’
2653 917 2802 988 ἐμοῦ
2818 916 2925 970 τὸν
2945 914 3233 985 νυμφίον,
3263 915 3363 969 καὶ
3390 912 3672 983 χώρησον

2084 1010 2305 1074 αὐτὸν,
2358 1009 2458 1065 καὶ
2514 1009 2813 1078 χωρήθητι
2861 1006 2931 1061 ἐν
2973 1005 3152 1071 αὐτῷ.
3197 1004 3352 1060 Ἰδοὺ
3402 1007 3442 1073 ἡ
3484 1005 3671 1074 Χάρις

2086 1100 2384 1170 κατῆλθεν
2429 1100 2529 1154 ἐπὶ
2584 1100 2677 1153 σέο
2731 1099 2980 1163 ἄνοιξον
3014 1098 3084 1153 τὸ
3132 1099 3326 1167 στόμα
3375 1113 3515 1160 σου,
3568 1099 3669 1152 καὶ

2086 1193 2529 1263 προφήτευσον.
2599 1192 2711 1263 Τῆς
2762 1191 2822 1245 δὲ
2866 1192 3122 1260 γυναικὸς
3189 1190 3670 1263 ἀποκριναμένης,

2090 1289 2173 1339 οὐ
2201 1285 2626 1355 προεφήτευσα
2675 1283 2930 1346 πώποτε,
2985 1282 3088 1339 καὶ
3136 1284 3247 1337 οὐκ
3282 1281 3415 1335 οῖδα
3439 1294 3672 1349 προφη-

2086 1380 2300 1433 τεύειν
2344 1377 2665 1449 ἐπικλήσεις
2708 1375 2861 1439 τινὰς
2903 1375 3227 1447 ποιούμενος
3280 1376 3345 1427 ἐκ
3386 1374 3672 1445 δευτέρου,

2088 1472 2167 1533 εἰς
2238 1468 2576 1540 κατάπληξιν
2639 1468 2741 1537 τῆς
2802 1467 3171 1537 ἀπατωμένης
3192 1504 3209 1529 ,
3280 1466 3444 1535 φησὶν
3505 1466 3672 1535 αὐτῇ·

2093 1563 2362 1627 Ἄνοιξον
2384 1562 2450 1615 τὸ
2476 1561 2671 1631 στόμα
2694 1575 2832 1627 σου,
2847 1559 3124 1627 λάλησογ
3154 1558 3187 1611 ὅ
3212 1574 3267 1611 τι
3292 1557 3542 1627 δήποτε,
3575 1557 3677 1612 καὶ

2089 1657 2545 1725 προφητεύσεις.
2587 1655 2651 1708 Ἠ
2680 1654 2759 1717 δὲ,
2787 1652 3153 1723 χαυνωθεῐσα,
3180 1652 3277 1705 καὶ
3317 1651 3679 1720 κεπφωθεῑσα

2092 1749 2199 1803 ὑπὸ
2229 1749 2337 1802 τῶν
2384 1744 2818 1819 προειρημένων,
2861 1744 3319 1815 διαθερμανθείσα
3348 1743 3449 1812 τὴν
3496 1742 3681 1813 ψυχὴν

417 1837 511 1886 uia
562 1808 642 1901 (6)
667 1872 682 1896 ,
710 1848 883 1888 vacue
921 1834 999 1905 (7)
1032 1842 1090 1889 et
1137 1808 1450 1903 au-dacter;
1474 1838 1681 1908 quippe
1728 1838 1991 1894 calefacta

2105 1840 2202 1894 ὑπὸ
2233 1841 2333 1911 τῆς
2364 1808 2692 1912 προσδοκὶας
2721 1836 2814 1890 τοῦ
2854 1808 3067 1906 μέλλειν
3091 1834 3259 1904 αὐτὴν
3286 1808 3680 1905 προίρηταύξιν,

414 1925 606 1993 spiritu
654 1925 732 1994 (8)
778 1926 943 1996 (sicut
992 1927 1188 1982 melior
1216 1928 1376 1983 nobis
1402 1929 1482 2001 (9)
1509 1930 1575 1984 de
1621 1930 1829 1987 talibus
1856 1946 1988 2001 pro-

415 2017 595 2088 phetis
624 2018 945 2088 exsequitur
984 2020 1124 2090 (10),
1148 2024 1295 2090 quod
1328 2024 1508 2077 audax
1537 2033 1591 2077 et
1622 2023 1989 2079 inverecunda

413 2118 499 2167 est
514 2111 694 2165 anima
710 2110 752 2181 (l
769 2110 842 2179 1),
858 2126 978 2180 qua:
998 2127 1172 2168 vacuo
1193 2127 1329 2169 aere
1356 2114 1822 2184 (12)excalel'acta
1849 2118 1986 2186 est):

415 2211 474 2257 et
513 2202 714 2257 exinde
758 2203 1140 2272 prophetidem
1181 2204 1535 2275 semetipsam
1566 2214 1743 2275 putat,
1774 2215 1832 2261 et
1870 2221 1997 2276 gra-

419 2297 527 2352 tias
560 2297 674 2365 agit
702 2296 886 2351 Marco
919 2295 997 2359 ei,
1043 2297 1135 2365 qui
1171 2298 1525 2369 participavit
1567 2300 1617 2355 ei
1659 2314 1814 2355 suam
1849 2300 1991 2356 Gra-

417 2389 549 2442 tiam
583 2406 596 2442 :
625 2400 680 2444 et
704 2403 1057 2443 remunerare
1082 2405 1209 2445 eum
1237 2393 1418 2463 gestit,
1454 2407 1561 2448 non
1589 2394 1768 2448 solum
1800 2410 1994 2450 secun—

418 2478 547 2532 dutn
576 2479 897 2533 substantia:
926 2493 1038 2533 sua:
1067 2479 1347 2536 datiouem
1372 2482 1539 2549 (unde
1578 2493 1633 2539 et
1672 2484 1988 2539 divitiarum

421 2571 633 2641 copiam
663 2586 916 2643 magnam
952 2573 1218 2645 collegit),
1257 2574 1349 2630 sed
1379 2584 1438 2630 et
1467 2577 1767 2633 secundum
1793 2594 1990 2649 corpo-

2094 1932 2195 2003 τῆς
2222 1930 2448 2003 καρδίας
2477 1929 2637 1983 πλέον
2663 1927 2757 1982 τοῦ
2794 1928 3004 1990 δέοντος
3033 1925 3361 1999 παλλούσης,
3392 1927 3685 1997 ἀποτολμᾷ

2094 2023 2273 2078 λαλεῖν
2305 2022 2417 2093 (id)
2436 2020 2675 2093 ληρώδη,
2707 2020 2802 2073 καὶ
2826 2017 2895 2071 τὰ
2918 2018 3149 2088 τυχόντα
3176 2018 3353 2072 πάντα
3379 2018 3560 2081 κενῶς
3590 2019 3687 2072 καὶ

2092 2113 2401 2187 τολμηρῶς,
2435 2113 2527 2167 ἅτε
2572 2111 2676 2165 ὑπὸ
2715 2108 2875 2164 κενοῦ
2892 2104 3307 2180 τεθερμασμένη
3343 2109 3684 2180 πνεύματος

2096 2206 2324 2281 (καθὼς
2357 2208 2386 2260 ὁ
2416 2203 2687 2276 κρείσσων
2727 2201 2885 2273 ἡμῶν
2912 2200 3023 2271 (15)
3055 2200 3157 2272 ἔφη
3209 2202 3335 2271 περὶ
3364 2200 3473 2253 τῶν
3502 2200 3688 2253 τοιού-

2096 2317 2224 2363 των,
2256 2300 2337 2353 ὅτι
2360 2295 2632 2367 τολμηρὸν
2656 2293 2751 2347 καὶ
2783 2290 3001 2353 ἀναιδὲς
3028 2290 3176 2361 ψυχὴ
3202 2289 3342 2359 κενῷ
3384 2290 3509 2361 ἀέρι
3559 2290 3691 2362 Osp-

2102 2393 2402 2466 μαινομένη
2421 2392 2462 2462 ⁸)
2528 2390 2623 2443 καὶ
2691 2385 2802 2439 ἀπὸ
2853 2384 3044 2438 τούτου
3115 2384 3301 2437 λοιπὸν
3370 2385 3693 2455 προφήτιδα

2100 2486 2302 2556 ἑαυτὴν
2340 2479 2746 2554 μεταλαμϐάνει
2772 2474 2909 2545 (16),
2961 2476 3056 2527 καὶ
3087 2476 3399 2546 εὐχαριστεῖ
3446 2474 3691 2546 Μάρκῳ,

2097 2579 2177 2651 τῷ
2219 2575 2507 2631 ὲπιδιδόντι
2564 2572 2665 2643 τῆς
2719 2570 2853 2633 ἰδίας
2883 2570 3119 2641 Χάριτος
3162 2569 3318 2639 αὐτῇ·
3378 2569 3474 2621 καὶ
3520 2570 3693 2639 ἀμεί-

1615 2777 1817 2832 BlLLll
1856 2777 2441 2833 INTERPBETATIO.

419 2918 722 2990 impertiat,
761 2918 1174 2975 vaticinentur:
1228 2920 1575 2989 potissimum
1609 2921 1756 2976 enim
1798 2923 1949 2977 circa
1999 2922 2261 2979 mulieres
2300 2922 2543 2977 studium
2578 2936 2736 2975 suum
2776 2928 2832 2973 et
2860 2932 3085 2987 operam
3136 2918 3425 2985 impendit,
3478 2932 3698 2990 easque

421 2989 751 3063 prtusertim,
791 3004 914 3063 quae
967 2991 1246 3063 eleganter
1277 2991 1438 3063 culta
1471 3003 1605 3063 sunt
1633 3007 1695 3045 ac
1721 3002 2059 3063 purpuratis,
2108 2994 2475 3063 maximisque
2515 2990 2712 3063 Opibus
2746 2991 2990 3063 prtedita:
3030 3005 3044 3043 :
3088 3002 3229 3063 quas
3258 3002 3508 3063 persaepe
3542 2989 3616 3063 ad
3640 3005 3698 3044 se

422 3058 658 3128 allicere
678 3059 931 3121 studens,
964 3060 1373 3115 assentabunde
1406 3062 1478 3115 ita
1506 3058 1808 3126 alloquitur
1830 3058 1858 3118 ”;
1894 3063 2044 3117 Libet
2071 3064 2166 3117 tibi
2186 3058 2425 3117 Gratiam
2466 3076 2640 3115 meam
2681 3061 2972 3128 impertire,
3004 3059 3433 3128 quandoquidem
3469 3062 3697 3114 univer-

420 3144 601 3202 sorum
633 3127 797 3182 Pater
835 3130 1088 3199 Angelum
1115 3140 1261 3202 tuum
1285 3141 1532 3202 perpetuo
1552 3134 1723 3186 cernit
1753 3142 1875 3188 ante
1903 3135 2094 3202 {aciem
2119 3149 2294 3188 suam.
2324 3132 2492 3186 Locus
2517 3140 2696 3202 autem
2722 3127 2827 3183 tua:
2869 3127 3252 3199 magnitudinis
3275 3128 3331 3181 in
3363 3128 3520 3182 nobis
3559 3132 3699 3184 situs

422 3209 517 3251 est.
549 3196 769 3266 Oportet
793 3216 885 3253 nos
915 3196 1257 3271 unumeﬂ'ici.
1286 3196 1472 3270 Accipe
1500 3203 1725 3268 primum
1750 3218 1816 3256 ea:
1836 3196 1941 3269 me,
1971 3213 2020 3258 et
2046 3221 2138 3271 per
2162 3202 2539 3264 me,Gratiam.
2566 3200 2781 3254 Adorna
2808 3196 3053 3271 teipsam,
3100 3207 3158 3251 ut
3196 3214 3389 3271 sponsa
3429 3216 3699 3271 sponsum

422 3284 577 3321 suum
603 3279 906 3337 exspectans
938 3284 955 3322 :
982 3281 1038 3323 ut
1059 3267 1299 3344 sisiquod
1323 3267 1437 3339 ego,
1466 3280 1516 3325 et
1552 3288 1643 3344 ego
1678 3273 1905 3344 vicissim
1928 3267 2078 3344 quod
2105 3285 2184 3328 tu.
2223 3273 2465 3344 Luminis
2490 3286 2666 3344 semen
2696 3271 2750 3344 in
2778 3270 3011 3344 thalamo
3040 3278 3138 3344 tua
3162 3269 3385 3344 colloca.
3416 3267 3701 3336 Sponsum

424 3355 454 3389 a
479 3353 560 3389 me
590 3335 757 3411 sume,
786 3353 832 3393 et
849 3355 1027 3411 capax
1054 3335 1219 3411 ipsius
1241 3335 1375 3403 esto,
1420 3335 1660 3411 atque'in
1694 3343 1807 3411 ipso
1835 3335 1997 3410 {aciio
2024 3354 2081 3397 ut
2128 3343 2377 3411 capiaris.
2413 3339 2497 3395 En
2515 3335 2701 3393 Gratia
2728 3341 2781 3392 in
2814 3353 2861 3393 te
2892 3340 3204 3411 descendit;
3238 3340 3385 3404 aperi
3417 3335 3477 3390 os
3517 3349 3699 3402 tuum,

423 3416 472 3482 et
512 3409 822 3482 vaticinare.
849 3408 1240 3482 Respondettte
1270 3420 1451 3464 autem
1487 3408 1723 3482 muliere
1752 3427 1765 3463 :
1804 3408 2093 3480 Nunquam
2120 3408 2260 3467 vates
2290 3413 2389 3482 fui,
2415 3427 2509 3465 nec
2531 3412 2860 3465 vaticinandi
2893 3409 3297 3482 artem‘calleoq;
3346 3424 3555 3463 rursus
3610 3410 3702 3482 ille

428 3477 804 3549 invocationes
833 3482 1102 3547 quasdam
1136 3477 1370 3543 faciens,
1404 3489 1463 3534 ut
1490 3481 1772 3535 seductam
1805 3477 1956 3536 illam
1982 3488 2035 3538 in
2084 3477 2501 3537 admirationem
2552 3496 2617 3535 ac
2658 3489 2941 3549 stuporem
2985 3480 3189 3543 trahat,
3225 3479 3311 3549 his
3340 3492 3465 3532 eam
3503 3480 3700 3533 verbis

425 3545 627 3599 allatur
658 3564 672 3622 :_
699 3545 864 3622 Aperi
878 3564 934 3622 οε
964 3560 1110 3622 tuum
1140 3550 1390 3615 :loquere
1415 3552 1677 3619 quidquid
1700 3550 1846 3616 libet,
1869 3556 1927 3606 et.
1947 3554 2306 3622 prophetabis.
2344 3551 2442 3606 His
2471 3545 2851 3622 igiturverbis
2879 3549 2969 3603 illa
2993 3549 3161 3604 stulte
3191 3548 3335 3622 elata
3361 3563 3425 3602 ac
3455 3552 3703 3609 tumida.

427 3628 604 3692 atque
625 3619 710 3692 ob_
733 3618 1067 3692 vaticinandi
1098 3634 1252 3692 spera
1280 3628 1334 3672 et
1364 3618 1861 3689 exspectationem,
1896 3618 1955 3676 in
1982 3618 2089 3692 qua
2119 3633 2394 3685 versatur,
2422 3618 2610 3676 animo
2644 3620 3006 3692 incalesccns,
3038 3622 3204 3692 corde
3238 3618 3358 3692 plus
3384 3633 3561 3686 quam
3600 3635 3704 3689 par

426 3686 502 3738 sit
525 3687 884 3762 subsultaute,
918 3686 1143 3762 audacia
1176 3687 1422 3762 ell‘ertur,
1454 3686 1518 3745 ac
1543 3705 1728 3762 meras
1753 3707 1954 3761 nugas,
1981 3686 2035 3746 et
2063 3695 2327 3762 quidquid
2366 3703 2571 3747 temere
2598 3692 2927 3762 occurrerit,
2959 3690 3200 3762 inaniter
3227 3686 3706 3762 etuimpadenter,

426 3764 646 3832 u_tpote_
674 3757 1057 3832 inani_spirit_u
1114 3758 1485 3832 concalefacta
1533 3757 2014 3830 (quemadmodum
2050 3757 2271 3832 quidam
2309 3763 2470 3832 nobis
2500 3762 2855 3832 praestantior
2897 3761 2966 3832 de
3005 3758 3325 3832 huiusmodi
3359 3758 3707 3832 mulieribus

425 3825 522 3890 ait,
545 3826 717 3901 audax
759 3828 1125 3901 e_t_impudens
1160 3841 1247 3880 res
1263 3839 1351 3901 est
1374 3825 1552 3901 anima
1574 3825 1735 3885 inani
1767 3849 1897 3885 aere
1924 3825 2360 3901 concalefacta),
2388 3848 2453 3887 ac
2481 3825 2739 3899 deinceps
2766 3830 3165 3901 prophetissam
3208 3844 3327 3901 sese
3358 3828 3703 3891 arbitratur,

426 3898 743 3965 gratiasque
784 3896 970 3952 Marco
1016 3900 1151 3968 agit,
1184 3898 1278 3967 qui
1311 3900 1513 3955 Gratia:
1552 3915 1666 3956 sua:
1698 3902 2019 3973 participem
2070 3918 2194 3959 eam
2231 3896 2450 3969 iecerit,
2487 3896 2724 3970 eumque
2756 3896 2882 3955 non
2916 3900 3079 3955 modo
3109 3900 3425 3954 facultatum
3470 3914 3708 3953 suarum

500 4093 577 4169 (l)
610 4096 993 4169 Quodcunque.
1034 4097 1594 4169 Editt._quwcunque.

458 4236 467 4245 _
500 4167 578 4232 (2)
614 4167 992 4245 Seduct_a._Gr.
1023 4167 1383 4239 χαυνωθεῖσα,
1412 4167 1570 4225 stulte
1600 4172 1665 4227 de
1687 4172 1859 4243 seipsa
1890 4189 2009 4227 sen-

429 4239 583 4308 tiens,
612 4253 772 4308 v‘ana,
806 4239 1020 4308 inﬂata.

501 4306 580 4381 (5)
614 4305 1046 4381 Concalefaciens
1063 4309 1321 4381 animam.
1335 4308 1574 4381 Clarom.
1593 4311 2007 4381 concalefaciens

430 4380 686 4451 animum.
722 4375 1285 4451 Gt'._6taOsppavesica
1317 4380 1415 4451 τὴν
1443 4379 1640 4451 ψυχήν,
1667 4375 2006 4449 εῙῙενὸεδεεηε

433 4446 651 4509 animo;
686 4447 829 4513 quod
865 4446 1078 4501 melius.

505 4515 582 4637 (4)
630 4516 964 4584 Suspicione.
1005 4518 1335 4574 Vertendum
1393 4528 1535 4585 erat,
1591 4521 2004 4589 exspectatione,

547 4603 654 4637 808.

437 4600 520 4640 vel
547 4603 654 4653 spe.

503 4657 582 4723 (5)
616 4655 770 4728 Quod
822 4656 1042 4722 incipiat
1098 4659 1429 4727 praphetare.
1482 4657 1819 4714 Vertendum
1860 4669 2001 4728 erat,

438 4728 576 4795 quod
612 4727 993 4794 prophetatum
1022 4730 1123 4793 sit,
1159 4730 1409 4795 vaticinia
1437 4730 1677 4783 edictura
1700 4731 1789 4783 sit.

510 4797 587 4865 (ti)
619 4795 954 4869 Quwcunqué
1000 4800 1259 4853 evenerint
1304 4800 1502 4853 omnia.
1548 4798 1646 4853 Gr.
1675 4798 1745 4852 τὰ
1776 4799 2004 4869 τυχόντα

437 4865 635 4939 πάντα,
684 4865 937 4939 quidquid
1009 4879 1223 4939 temere
1270 4870 1578 4934 occurrerit,
1630 4865 1887 4939 quidquid
1948 4872 2005 4924 in

438 4936 652 4988 buccam
675 4938 892 4990 venerit.
924 4937 979 4990 in
1012 4937 1179 4993 Merc.
1204 4938 1241 4992 2
1292 4940 1453 4993 codd.
1482 4936 1861 4996 deest’omnia.

510 5004 588 5074 (7)
624 5004 815 5059 Vacue.
849 5006 1064 5071 Melius,
1094 5010 1346 5075 inaniter,
1382 5020 1437 5064 et
1466 5008 1629 5080 paulo
1677 5020 1825 5080 post,
1856 5012 2004 5065 inani

438 5087 578 5132 aere.
606 5090 703 5143 pro
726 5092 887 5129 vacuo
913 5094 1052 5131 aere.

512 5143 591 5210 (8)
616 5142 886 5215 quefacla
928 5149 1139 5215 spiritu.
1172 5148 1325 5202 Adde
1344 5164 1414 5202 ex
1446 5147 1623 5204 Graec.
1656 5150 1826 5204 inani.

512 5214 591 5282 (9)
626 5212 813 5267 Melior
860 5212 1028 5271 nobis.
1074 5220 1165 5273 Sic
1202 5233 1269 5272 ex
1310 5218 1499 5273 Graeca
1531 5220 1766 5274 lectione
1798 5219 2005 5275 Feuar-

450 5282 668 5359 deutius
696 5285 1025 5340 emendavit.
1073 5286 1132 5341 in
1171 5289 1425 5359 omnibus
1465 5290 1612 5344 enim
1646 5291 2003 5359 praecedenti-

443 5353 542 5429 bus
576 5354 731 5406 editt.
775 5363 1017 5429 ethmss.
1069 5358 1227 5429 codd.
1283 5358 1510 5429 legitur,
1550 5353 1771 5414 meliora
1811 5361 2000 5424 nobis;

442 5420 585 5492 forte
614 5438 733 5492 pro,
760 5422 944 5476 melior
972 5444 1004 5478 a
1028 5428 1195 5482 nobis.

516 5491 628 5570 (id)
661 5492 1001 5561 Essequitur.
1046 5496 1209 5553 Forte
1230 5498 1455 5569 scripsit
1484 5499 1776 5571 interpres,
1807 5499 2005 5569 eloqui-

444 5572 552 5617 tur.
580 5574 733 5617 Juxta
765 5562 859 5617 Gr.
891 5563 1017 5617 ἔφη.

471 5577 552 5625 ur,
580 5574 733 5627 Juxta
765 5574 859 5617 Ur.
891 5574 1017 5635 ἔφη.

517 5630 793 5701 (ll)Quod
820 5636 999 5688 audax
1022 5646 1070 5689 et
1093 5638 1443 5693 inverecunda
1456 5650 1531 5693 est
1558 5640 1758 5693 anima.
1785 5640 1875 5695 Sic
1894 5642 2001 5698 ite-

449 5700 566 5779 rum
595 5718 658 5779 ex
696 5700 903 5779 Graeco
929 5710 1164 5761 restituit
1210 5708 1447 5764 Feuard.
1490 5725 1611 5779 pro,
1642 5726 1701 5763 eo
1738 5713 1876 5778 quod
1906 5728 2003 5765 au-

447 5771 551 5823 dux
577 5778 625 5821 et
651 5777 940 5829 verecunda
965 5779 1162 5847 anima,
1206 5790 1263 5833 ut
1303 5771 1509 5837 habcui
1556 5771 1909 5843 E'ras.,'Gall.
1945 5792 1999 5837 et

2031 4111 2074 4168 C
2109 4119 2300 4159 omnes
2330 4118 2463 4159 mss.
2497 4102 2711 4159 Mallem
2760 4112 2962 4169 tamen,
2995 4100 3175 4153 audax
3220 4106 3271 4151 et
3306 4097 3599 4166 impudens
3628 4115 3707 4153 res

2110 4184 2188 4228 est
2216 4175 2419 4227 animo.

2183 4245 2296 4314 (12)
2328 4245 2459 4307 Quae
2482 4260 2644 4297 vacuo
2674 4241 2911 4298 aere.lta
2936 4239 3133 4311 partim
3165 4253 3233 4293 ex
3263 4238 3707 4314 Graeco,partim

2109 4310 2376 4369 ex'cotld.
2416 4324 2529 4367 tum
2572 4314 2756 4378 editis,
2792 4323 2905 4365 tum
2940 4310 3111 4363 manu
3149 4310 3389 4363 exaratis
3436 4314 3706 4364 emendo.

2110 4384 2166 4437 In
2196 4386 2350 4438 editt.
2377 4382 2645 4451 siquidem
2670 4384 2856 4447 Eras.,
2889 4380 3030 4434 Gall.
3063 4390 3119 4434 et
3140 4378 3393 4451 iFgeuaril.
3419 4393 3491 4431 ac
3538 4382 3707 4451 codd.

2109 4454 2373 4515 Clarom.,
2398 4450 2576 4517 Pass.,
2604 4454 2815 4508 Arund.
2850 4461 2903 4506 et
2932 4451 3103 4505 Merc.
3129 4450 3165 4504 2
3196 4450 3416 4519 legitur,
3452 4450 3625 4517 quasi
3680 4468 3707 4503 e

2110 4540 2295 4587 vacuo,
2335 4524 2426 4578 ubi
2471 4524 2623 4593 quasi
2671 4541 2698 4577 e
2748 4520 3425 4593 manifesta__scribarum
3483 4519 3709 4573 incuria

2112 4596 2377 4664 scriptum
2424 4590 2678 4648 occurrit
2733 4608 2832 4664 pro
2881 4607 3022 4658 quw.
3056 4590 3344 4664 Hoeenim
3383 4604 3709 4664 prouomeu

2109 4658 2274 4719 scribi
2300 4664 2505 4726 debuit,
2535 4672 2646 4716 tum
2676 4658 3017 4717 ut'accurale
3067 4658 3522 4731 reddaturtpux‘h
3561 4660 3711 4731 κενῷ

2108 4733 2231 4805 ἀέρι
2268 4732 2699 4805 θερμαινομένη,
2742 4740 2956 4805 tumLut
2988 4731 3174 4805 verbis
3198 4730 3484 4805 legitimus
3514 4730 3710 4787 Sttbsit

2110 4800 2343 4869 sensus:
2373 4800 2466 4872 Qui
2500 4800 2749 4871 profecto
2779 4802 2963 4856 nullus
2992 4812 3077 4857 est
3102 4801 3147 4855 si
3198 4800 3430 4870 legatur,
3460 4806 3633 4865 quasi
3684 4819 3712 4854 e

2108 4890 2296 4939 vacuo,
2328 4875 2430 4939 vel,
2452 4882 2513 4927 ut
2535 4874 2707 4928 edidit
2729 4873 2989 4936 Grabius,
3012 4872 3163 4942 quasi
3200 4886 3374 4942 uacuo
3396 4886 3525 4924 aere
3554 4890 3714 4925 exca-

2108 4943 2305 5011 lefaeta
2333 4954 2433 4998 est.
2454 4943 2727 5000 Caeterum
2752 4958 2847 5015 per
2871 4939 3107 4997 vacuum
3135 4957 3323 4997 aerem
3362 4939 3712 5014 intelligitur

2108 5015 2346 5069 vanitas.

2183 5084 2299 5153 (15)
2324 5086 2418 5155 ,Δι’
2466 5083 2624 5155 ἡμᾶς
2644 5080 3120 5153 ἐγκαταστῆσαι.
3172 5081 3321 5152 Lege
3344 5080 3425 5133 δεῖ
3448 5082 3617 5153 ἡμᾶς
3650 5085 3710 5137 ἒν

2107 5154 2468 5225 καταστῆσαι,
2501 5154 2577 5209 νει
2608 5155 2966 5225 καταστῇναι.

2177 5225 2306 5349 (is)
2328 5221 2899 5310 hxozoxpcidalsir.
2928 5222 3149 5291 Legisse
3165 5221 3381 5276 videtur
3396 5222 3714 5290 interpres,

2177 5313 2275 5349 mo
2312 5300 2387 5349 ιιᾶ
2438 5298 2532 5349 καὶ
2576 5296 2746 5349 Λαλεί.
2818 5294 2925 5349 Sed
2956 5302 3137 5347 utrum
3166 5292 3337 5349 lenas.
3361 5308 3566 5349 uarum
3620 5311 3711 5348 re-

2106 5292 2387 5369 ᾲποτολμᾷ
2438 5298 2532 5351 καὶ
2570 5292 2746 5351 λαλεῖ.
2818 5294 2925 5351 Sed
2956 5302 3137 5347 utrum
3166 5292 3337 5363 legas,
3360 5308 3566 5363 parum
3620 5311 3711 5348 rc-

2107 5366 2239 5421 fert.

2034 5452 2077 5506 ο
2178 5438 2290 5506 (15)
2318 5440 2633 5505 Κρείσσων
2658 5436 2850 5507 ἡμῶν.
2881 5433 3018 5507 Quis
3048 5433 3120 5487 sit
3151 5432 3243 5507 ille
3273 5433 3535 5507 antiquus
3567 5433 3715 5487 scri-

2111 5504 2233 5576 pter
2261 5504 2422 5577 quem
2455 5524 2600 5577 saepe
2648 5504 2836 5563 laudat
2887 5505 3154 5572 Irenaaus,
3193 5504 3463 5560 hactenus
3493 5505 3709 5575 depre-

2111 5578 2273 5632 beudi
2307 5594 2414 5632 non
2446 5579 2642 5647 potuit.

2180 5648 2293 5717 (16)
2320 5645 2791 5717 Μεταλαμϐάνει.
2841 5650 3205 5717 Suspicantur
3236 5646 3426 5705 Billius
3445 5652 3502 5702 et
3535 5645 3714 5702 Peta-

2108 5716 2227 5773 vius
2251 5716 2538 5789 legendum
2562 5716 2708 5787 esse,
2754 5716 3151 5790 ὑπολαμϐάνει.
