3880 6358
411 331 514 386 587

1164 334 1222 393 S.
1262 334 1522 392 lRENzEl
1557 336 1865 394 EPISCOPI
1901 336 2388 395 LUGDUNENSIS
2422 338 2510 395 ΕΤ
2545 340 2909 399 MARTYRIS
3557 354 3649 410 588-

411 462 514 519 tes,
538 469 567 507 a
602 452 806 509 Satana
841 454 1071 511 immissi
1103 457 1172 512 ad
1207 459 1588 515 seductiouem
1618 470 1675 515 et
1719 459 1988 530 perditio-

2100 460 2173 532 μὴ
2202 459 2416 515 εὔτονον
2446 460 2544 533 τὴν
2576 463 2759 516 πίστιν
2779 504 2793 527 ,
2824 464 2891 535 ἣν
2953 465 3048 519 ἀπ’
3090 466 3265 539 ἀρχῆς
3301 467 3381 523 διὰ
3410 472 3500 543 τῆς
3537 475 3640 531 Ἐκ..

408 559 533 599 nem
567 560 762 600 eorum
814 548 905 616 qui
944 563 1051 604 non
1094 549 1306 605 ﬁrmam
1359 551 1543 613 ﬁdem.
1580 569 1747 622 quam
1782 553 1853 609 ab
1892 555 1999 610 iui-

410 638 486 691 tio
514 652 613 707 per
647 637 957 695 Ecclesium
992 654 1347 712 acceperunt,
1376 645 1713 699 custodiunt.

480 730 537 786 5.
591 733 787 789 Adhuc
839 735 1003 789 etiam
1061 735 1139 807 (1)
1185 747 1240 791 et
1296 740 1564 793 amatoria
1604 747 1660 795 et
1689 740 1998 795 allectantia

405 820 594 889 elllcit,
631 832 691 878 ut
720 833 777 879 et
798 825 1122 892 corporibus
1156 827 1402 897 ipsarqu
1436 828 1996 885 conttttueliamirro-

405 927 517 985 get,
563 915 656 971 hic
714 917 855 971 idem
892 918 1108 975 Marcus
1131 920 1456 988 quibusdam
1516 922 1865 987 mulieribus,
1894 923 1997 977 etsi

405 1025 512 1063 non
538 1011 831 1066 universis.
865 1011 958 1067 lla:
979 1013 1284 1081 saepissime
1312 1028 1593 1069 conversae
1605 1015 1671 1069 ad
1698 1014 1998 1071 Ecclesiam

406 1100 525 1169 Dei,
553 1103 818 1158 confessae
848 1114 997 1168 sunt,
1023 1114 1078 1158 et
1100 1104 1396 1159 secundum
1431 1121 1631 1176 corpus
1658 1109 1997 1162 extermina-

406 1208 488 1249 tas
530 1211 589 1251 se
621 1198 690 1252 ab
741 1213 807 1254 eo
844 1198 990 1253 velut
1045 1200 1303 1270 cupidine
1362 1200 1462 1270 (2),
1519 1210 1577 1256 et
1632 1201 1997 1257 inﬂammatas

403 1288 565 1344 valde
597 1290 747 1344 illum
804 1306 874 1359 se,
916 1292 1213 1357 dilexisse;
1258 1301 1319 1346 ut
1365 1301 1421 1348 et
1477 1293 1738 1348 diaconus
1773 1294 1995 1362 quidam

403 1368 591 1436 eorum
615 1384 707 1451 qui
740 1392 870 1437 sunt
898 1383 951 1438 in
978 1385 1105 1439 Asia
1138 1386 1308 1441 nostri
1328 1387 1430 1455 (5),
1455 1388 1763 1457 suscipiens
1788 1403 1913 1443 eum
1943 1388 1995 1442 in

400 1473 622 1527 domum
654 1489 835 1540 suam,
884 1476 1141 1531 inciderit
1172 1478 1228 1531 in
1263 1476 1576 1545 huiusmodi
1600 1477 1992 1534 calamitatem.

400 1566 538 1622 Nam
562 1583 687 1622 cum
718 1580 863 1623 esset
904 1586 1042 1624 uxor
1093 1570 1212 1640 ejus
1243 1572 1488 1641 speciosa
1515 1612 1532 1637 ,
1559 1580 1615 1626 et
1647 1571 1920 1638 sententia
1943 1580 1999 1625 et

401 1675 639 1729 corpore
666 1671 930 1731 corrupta
959 1672 1107 1719 esset
1139 1679 1168 1717 a
1202 1680 1362 1733 mago
1389 1664 1519 1729 isto,
1550 1676 1605 1720 et
1653 1675 1844 1720 secuta
1871 1679 1995 1718 eum

400 1762 547 1809 esset
577 1755 749 1809 multo
784 1764 1050 1825 tempore,
1105 1766 1230 1826 post
1260 1757 1455 1812 deinde
1500 1771 1624 1811 cum
1684 1771 1879 1829 magno
1907 1756 1991 1811 la-

400 1849 535 1903 bore
560 1847 762 1903 fratres
804 1863 923 1903 eam
953 1850 1358 1905 convertissem
1385 1890 1401 1915 ,
1446 1865 1613 1904 oume
1664 1859 1881 1921 tempus
1932 1849 1985 1904 in

400 1942 808 2013 exbomologesi
862 1942 1305 2007 consummavit,
1360 1943 1623 2012 plangens
1668 1953 1723 1998 et
1775 1941 1985 1996 lamen-

402 2048 527 2091 tans
548 2039 619 2090 ob
641 2035 805 2104 hanc,
834 2050 997 2105 quam
1029 2049 1190 2105 passa
1241 2045 1326 2091 est
1354 2037 1423 2091 ab
1471 2036 1577 2091 hoc
1631 2051 1811 2107 mago,
1863 2051 1988 2092 cor-

402 2129 692 2201 ruptelam.

469 2221 524 2278 6.
552 2222 615 2276 Et
646 2221 898 2291 disisipuli
931 2231 1113 2276 autem
1144 2223 1261 2290 ejus
1292 2221 1519 2292 quidam
1567 2221 1987 2277 circumobver-

398 2316 500 2371 sati
527 2316 579 2369 in
613 2315 805 2369 iisdem
825 2314 928 2385 (4),
944 2313 1056 2386 64
1071 2315 1392 2370 seducentes
1419 2313 1767 2371 mulierculas
1789 2314 1987 2370 multas

397 2415 786 2476 corruperunt,
816 2407 1091 2476 perfectos
1122 2408 1449 2477 semetipsos
1492 2416 1759 2462 vocantes
1787 2425 1800 2461 :
1824 2408 1983 2477 quasi

398 2515 558 2555 nemo
592 2501 764 2568 possit
815 2499 1096 2569 exaaquari
1133 2499 1489 2570 magnitudini
1522 2500 1818 2569 agnitionis
1844 2501 1987 2570 ipso-

399 2609 546 2657 rum,
580 2609 679 2649 nec
725 2594 768 2648 si
803 2591 1033 2648 Paulum
1070 2591 1405 2648 autPetrum
1428 2592 1599 2658 dicas,
1634 2591 1716 2647 vel
1750 2592 1982 2647 alterum

396 2686 692 2757 quemdam
747 2687 1163 2757 apostolorum:
1194 2687 1288 2741 sed
1337 2685 1454 2755 plus
1499 2684 1759 2741 omnibus
1793 2700 1853 2741 se
1895 2698 1987 2740 co-

397 2781 674 2851 gnovisse,
693 2789 753 2836 et
780 2779 1215 2851 magnitudinem
1234 2777 1535 2849 agnitionis
1561 2777 1731 2844 illius,
1752 2792 1875 2848 quae
1901 2787 1987 2833 est

397 2873 786 2930 inenarrabilis
809 2874 1051 2939 virtutis,
1074 2871 1226 2928 solos
1249 2869 1510 2927 ebibisse.
1541 2871 1675 2927 Esse
1709 2880 1895 2925 autem
1926 2885 1987 2927 se

398 2968 453 3022 in
481 2967 775 3023 altitudine
804 2981 970 3037 super
996 2980 1214 3021 omnem
1241 2966 1500 3020 virtutem
1530 2983 1544 3019 :
1570 2973 1903 3035 quapropter
1927 2972 1983 3017 et

398 3060 567 3116 libere
595 3060 777 3115 omnia
827 3074 1009 3128 agere,
1061 3058 1267 3113 nullum
1310 3057 1362 3112 in
1410 3056 1560 3113 nullo
1593 3058 1847 3113 timorem
1884 3056 1982 3111 ha‘-

397 3154 611 3209 bentes.
664 3153 893 3222 Propter
948 3153 1095 3209 enim
1159 3151 1627 3222 redemptionem,
1674 3159 1730 3205 et
1773 3150 1984 3205 incom-

2104 553 2331 625 κλησίας
2358 554 2690 626 παρέλαϐον,
2726 556 3134 626 φυλασσόντων.

2171 733 2227 788 5.
2267 735 2388 789 Ὅτι
2423 736 2479 789 δὲ
2526 736 2722 809 φίλτρα
2755 739 2852 792 καὶ
2890 738 3170 812 ἀγώγιμα,
3197 742 3331 814 πρὸς
3352 744 3408 797 τὸ
3432 748 3516 799 καὶ
3542 751 3639 813 τοῖς

2102 827 2351 899 σώμασιν
2383 831 2560 884 αὐτῶν
2594 832 2923 905 ἐνυϐρίζειν,
2962 835 3184 906 ὲμποιεῖ
3210 832 3361 902 οὗτος
3390 841 3416 892 ὁ
3450 841 3641 913 Μάρκος

2100 920 2272 985 ἐνίαις
2315 921 2426 976 τῶν
2467 926 2744 993 γυναικῶν
2786 927 2885 998 (5),
2929 929 2978 981 εί
3018 927 3114 981 καὶ
3159 928 3233 1001 μὴ
3273 932 3485 997 πάσαις,
3507 928 3642 988 αὗται

2103 1009 2361 1076 πολλάκις
2383 1013 2780 1086 ἐπιστρέψασαι
2817 1018 2897 1081 εὶς
2928 1017 3028 1091 τὴν
3061 1019 3381 1092 Ἐκκλησίαν
3411 1023 3497 1076 τοῦ
3528 1025 3641 1078 Θεοῦ

2098 1102 2601 1177 ἐξωμολογήσαντο,
2632 1109 2726 1161 καὶ
2763 1109 2904 1163 κατὰ
2929 1111 2990 1164 τὸ
3024 1111 3181 1183 σῶμα
3217 1114 3533 1185 ἠχρειῶσθαι
3566 1118 3640 1171 ὑπ’

2099 1194 2288 1260 αὐτοῦ,
2318 1198 2413 1251 καὶ
2438 1199 2713 1270 ἐρωτικῶς
2742 1202 2881 1255 πάνυ
2933 1202 3095 1256 αὑτὸν
3129 1206 3492 1277 πεφιληκέναι·
3525 1208 3642 1263 ὥστε

2099 1288 2194 1340 καὶ
2222 1288 2468 1344 διάκονόν
2492 1309 2635 1357 τινα,
2664 1293 2773 1346 τῶν
2797 1295 2935 1365 ὲντῇ
2966 1296 3120 1367 Ἀσίᾳ
3141 1297 3251 1351 τῶν
3268 1300 3532 1372 ἡμετέρων
3560 1304 3642 1374 (6),

2099 1378 2503 1453 ὑποδεξάμενον
2536 1384 2701 1438 αὑτὸν
2729 1387 2810 1450 είς
2846 1388 2939 1439 τὸν
2971 1383 3120 1442 οἷκον
3148 1392 3333 1458 αὐτοῦ,
3363 1399 3643 1464 περιπεσεῖν

2094 1477 2270 1552 ταύτῃ
2291 1481 2357 1550 τῇ
2392 1481 2668 1551 συμφορᾷ,
2702 1482 2800 1553 τῆς
2824 1483 3082 1550 γυναικὸς
3122 1484 3287 1539 αὑτοῦ
3338 1486 3409 1559 (7)
3437 1488 3643 1554 εὐειδοῦς

2098 1570 2474 1643 ὑπαρχούσης,
2501 1572 2595 1624 καὶ
2620 1571 2722 1643 τὴν
2754 1572 3001 1647 γνώμην,
3045 1577 3140 1630 καὶ
3170 1577 3231 1631 τὸ
3266 1578 3422 1649 σῶμα
3452 1581 3643 1650 διαφθα·

2099 1668 2287 1741 ρείσης
2321 1666 2427 1720 ὑπὸ
2457 1666 2553 1720 τοῦ
2590 1668 2764 1739 μάγου
2802 1668 3017 1735 τούτου,
3046 1670 3142 1725 καὶ
3172 1666 3644 1747 ὲξακολουθησάσης

2097 1760 2246 1831 αὐτῷ
2278 1759 2457 1830 πολλῷ
2501 1760 2582 1831 τῷ
2628 1760 2827 1832 χρόνον
2874 1760 3065 1815 ἔπειτα
3111 1763 3251 1833 μετὰ
3278 1765 3469 1819 πολλοῦ
3502 1769 3645 1821 κόπου

2092 1850 2201 1904 τῶν
2231 1850 2475 1920 ἀδελφῶν
2490 1852 2960 1921 ἐπιστρεψάντων,
2992 1853 3129 1925 αὐτὴ
3148 1856 3241 1909 τὸν
3260 1855 3468 1910 ἅπαντα
3483 1860 3644 1931 χρόνον

2091 1942 2554 2014 ἐξομολογουμένη
2591 1942 2662 2013 (8)
2684 1944 2970 2011 διετέλεσε,
3000 1946 3270 2002 πενθοῦσα
3296 1951 3388 2003 καὶ
3409 1950 3648 2023 θρηνοῦσα

2089 2036 2175 2105 ἐφ’
2285 2034 2486 2089 ἔπαθεν
2515 2036 2620 2089 ὑπὸ
2640 2035 2734 2089 τοῦ
2761 2037 2937 2108 μάγου
2972 2036 3255 2112 διαφθορᾷ.

2158 2223 2214 2280 6.
2250 2225 2361 2278 Καὶ
2393 2224 2633 2296 μαθηταὶ
2658 2224 2715 2278 δὲ
2760 2224 2924 2278 αὐτοῦ
2953 2243 3098 2290 τινες
3129 2229 3557 2301 περιπολίξοντες
3581 2232 3645 2301 (9)

2089 2316 2150 2369 ὲν
2209 2317 2322 2379 τοῖς
2375 2315 2598 2379 αὐτοῖς,
2664 2313 3042 2378 ἐξαπατῶντες
3116 2319 3446 2390 γυναικάρια
3501 2318 3647 2371 πολλὰ

2087 2407 2418 2479 διέφθειραν,
2445 2406 2682 2471 τελείους
2724 2408 2950 2471 ἑαυτοὺς
2986 2410 3430 2482 ἀναγορεύοντες,
3458 2411 3529 2475 ὡς
3559 2428 3647 2482 μη-

2086 2498 2233 2562 δενὸς
2264 2499 2560 2569 δυναμένου
2590 2498 2913 2570 ἐξισωθῆναι
2949 2500 3025 2572 τῷ
3049 2501 3268 2571 μεγέθει
3296 2503 3396 2574 τῆς
3421 2501 3647 2572 γνώσεως

2088 2590 2288 2653 αὐτῶν,
2324 2592 2445 2663 μηδ’
2468 2590 2533 2644 ἂν
2556 2591 2789 2656 Παῦλον,
2834 2593 2956 2664 μηδ’
2984 2593 3051 2646 ἂν
3085 2594 3293 2665 Πέτρον
3320 2596 3497 2668 εἴπῃς,
3540 2594 3644 2666 μηδ’

2087 2683 2245 2737 ἄλλον
2265 2683 2386 2738 τινὰ
2408 2684 2515 2737 τῶν
2542 2686 2874 2739 ἀποστόλων·
2893 2684 3029 2739 ἀλλὰ
3060 2686 3230 2740 πλείω
3262 2688 3478 2741 πάντων
3501 2688 3649 2756 ἐγνω-

2088 2777 2264 2840 κέναι,
2299 2779 2395 2832 καὶ
2419 2778 2479 2831 τὸ
2506 2778 2738 2849 μέγεθος
2767 2778 2871 2849 τῆς
2889 2778 3143 2847 γνώσεως
3174 2779 3274 2850 τῆς
3308 2780 3539 2852 ἀρρήτου
3569 2778 3647 2832 δυ-

2087 2873 2304 2943 νάμεως
2341 2873 2534 2944 μόνους
2570 2873 3050 2927 καταπεπτωκέναι.
3099 2870 3252 2928 Εἶναί
3282 2892 3348 2928 τε
3388 2874 3570 2938 αὐτοὺς
3597 2875 3648 2926 ὲν

2087 2963 2211 3035 ὕψει
2238 2964 2380 3036 ὑπὲρ
2408 2966 2591 3018 πᾶσαν
2624 2960 2873 3035 δύναμιν·
2918 2965 2999 3019 διὸ
3027 2966 3120 3019 κα)⁵
3153 2965 3457 3039 ἐλευθέρως
3489 2967 3645 3021 πάντα

2087 3057 2376 3129 πράσσειν,
2416 3056 2619 3128 μηδένα
2658 3058 2717 3110 ὲν
2748 3056 2936 3129 μηδενὶ
2964 3058 3128 3128 φόϐον
3157 3059 3402 3130 ἔχοντας.
3441 3058 3534 3113 Διὰ
3554 3058 3648 3130 γὰρ

2088 3149 2187 3221 τὴν
2221 3148 2721 3222 ἀπολύτρωσινῌθ)
2745 3150 3088 3224 ἀκρατήτους
3113 3153 3208 3205 καὶ
3230 3154 3497 3227 ἀοράτους
3520 3154 3648 3222 γίνε-

1625 3266 1826 3322 BlLLll
1859 3264 2444 3321 ΙΝΤΕΒΡΒΕΤΛΤΙΟ.

399 3376 565 3433 sunt;
626 3374 882 3421 caeterum
916 3367 1152 3422 audaces
1182 3377 1237 3422 et
1280 3366 1649 3436 impudentes,
1701 3380 1728 3418 a
1768 3364 1974 3418 Satana
2003 3364 2164 3436 ‘missi
2197 3365 2263 3418 ad
2294 3378 2388 3419 eos
2418 3364 2469 3418 in
2502 3363 2841 3436 fraudemet
2870 3365 3102 3419 evitium
3160 3364 3537 3435 impellendos,
3566 3366 3648 3434 qui

403 3438 568 3492 ﬁdem
596 3453 742 3500 eant,
776 3454 938 3507 quam
964 3439 1031 3492 ab
1065 3438 1306 3493 Ecclesia
1336 3433 1569 3508 primum
1605 3433 2205 3508 acceperunt,_ﬁrmam
2237 3450 2309 3508 ac
2336 3446 2581 3504 vegetam
2604 3506 2611 3508 _
2633 3434 3057 3508 haudquaquam
3088 3433 3339 3490 tuentur.

468 3508 521 3563 5.
562 3508 719 3574 Quod
749 3504 930 3562 autem
969 3508 1182 3562 Marcus
1230 3504 1501 3561 amatoria
1538 3504 1786 3577 quaedam
1832 3516 1888 3560 et
1921 3504 2222 3560 illectantia
2260 3506 2556 3576 pbarmaca
2595 3506 2727 3575 (quo
2753 3505 3009 3577 videlicet
3042 3520 3502 3577 earumqquoqne
3540 3519 3649 3559 cor-

398 3580 623 3647 poribus
654 3581 913 3649 probrum
949 3589 1005 3632 et
1030 3579 1421 3633 contumeliam
1455 3575 1680 3646 inferat)
1715 3578 1912 3649 sinon
1957 3577 2234 3641 omnibus,
2263 3575 2331 3629 at
2361 3588 2512 3630 certe
2563 3575 2847 3649 nonnullis
2876 3576 3139 3649 adbibere
3178 3575 3378 3649 soleat,
3420 3575 3651 3647 ipsa‘met

399 3665 566 3721 saepe,
598 3646 724 3703 cum
764 3649 830 3703 ad
862 3648 955 3703 Dei
990 3649 1291 3721 Ecclesiam
1319 3650 1633 3721 rediissem,
1666 3648 1934 3721 confessa:
1962 3657 2111 3721 sunt,
2147 3662 2314 3721 seque
2364 3660 2599 3715 corpore
2629 3646 2697 3721 ab
2722 3662 2790 3721 eo
2815 3648 3223 3702 contaminatas
3270 3646 3467 3721 fuisse,
3498 3649 3652 3721 miro-

399 3716 509 3789 que
529 3721 713 3789 ipsius
741 3735 929 3775 amore
961 3720 1280 3775 exarsisse:
1331 3720 1467 3774 adeo
1518 3730 1576 3775 ut
1608 3720 1873 3789 Asianus
1901 3719 2067 3772 etiam
2114 3716 2336 3789 quidam
2370 3730 2437 3769 ex
2477 3717 2683 3789 nostris
2715 3717 3023 3789 diaconus,
3064 3732 3189 3789 cum
3230 3731 3371 3789 eum
3432 3717 3653 3786 hospitio

398 3786 757 3861 excepisset,
798 3791 852 3845 in
910 3791 1053 3845 hanc
1107 3792 1477 3845 calamitatem
1532 3790 1805 3844 inciderit.
1861 3788 2034 3858 Ipsius
2067 3787 2212 3841 enim
2264 3801 2404 3840 uxor
2438 3786 2756 3861 ,_singnlari
2814 3786 3221 3855 pulchritudine
3275 3788 3511 3861 fei‘nina,
3552 3796 3649 3840 tum

402 3858 605 3929 animo,
644 3872 753 3915 tum
789 3876 1021 3930 corpore
1053 3861 1119 3915 ab
1154 3865 1255 3915 hoc
1288 3875 1448 3930 mago
1475 3869 1729 3927 corrupta
1763 3868 1869 3923 est,
1901 3874 2137 3928 eumque
2168 3874 2290 3913 cum
2326 3858 2515 3924 perdiu
2543 3867 2731 3930 secuta
2753 3867 2926 3930 esset,
2952 3868 3137 3930 postea
3172 3872 3279 3930 non
3313 3858 3439 3913 sine
3474 3871 3654 3930 magno

401 3931 589 3985 labore
627 3950 654 3985 a
688 3928 949 3986 fratribus
997 3947 1287 3996 conversa,
1325 3928 1421 3999 per
1446 3946 1609 3986 omne
1648 3931 1919 3999 reliquum
1961 3932 2084 3983 vita:
2137 3939 2356 3998 tempus
2415 3928 2717 3983 admissum
2744 3928 2923 3984 scelus
2977 3928 3228 3984 conﬁteri
3272 3943 3386 3983 non
3439 3929 3650 3991 destitit.

397 4002 576 4058 labem
607 4018 725 4057 eam
747 4042 763 4067 ,
795 4018 916 4073 qua:
946 4002 995 4057 ei
1027 4019 1055 4056 a
1087 4017 1247 4073 mago
1282 4003 1580 4067 acciderat,
1618 4002 1808 4072 lugens
1842 4017 1907 4057 ac
1932 4000 2192 4072 lacrymis
2216 4009 2575 4070 prosequens.

471 4157 552 4227 (1)
589 4157 773 4212 Adhuc
807 4158 987 4215 etiam.
1014 4157 1252 4227 etc.’fE-ct
1276 4155 1335 4209 δέ
1366 4154 1506 4210 male
1528 4153 1658 4225 legit
1688 4154 1978 4225 interpres,
2009 4161 2052 4219 C

396 4225 499 4299 pro
520 4225 602 4282 ὅτι
631 4228 709 4295 δέ,
733 4230 874 4297 quod
901 4239 1097 4282 autem.
1138 4225 1290 4282 Undc
1323 4236 1378 4283 et
1409 4240 1699 4299 sequentes
1735 4227 1985 4296 periodos

398 4301 561 4354 aliter
591 4300 862 4353 distinxit.

396 4441 428 4495 ά
468 4370 549 4495 (2)
595 4367 747 4424 Velut
781 4369 1045 4440 cupidine.
1080 4367 1176 4424 liis
1232 4368 1289 4425 in
1340 4368 1534 4424 Graeco
1565 4366 1698 4421 nihil
1755 4382 1987 4438 respon-

434 4458 463 4495 e
491 4480 505 4495 .

434 4453 505 4495 Cl.

469 4513 549 4583 (5)
594 4509 805 4566 Nostri.
837 4509 990 4583 llanc
1021 4525 1207 4583 vocem
1235 4519 1383 4583 recte
1408 4508 1617 4583 addidit
1659 4507 1896 4583 Grabius
1919 4524 1986 4563 ex

396 4578 558 4637 codd.
584 4584 821 4654 Arnnd.,
844 4582 1004 4654 Voss.
1023 4590 1078 4635 et
1110 4579 1364 4654 Merc},
1396 4585 1552 4654 juxta
1577 4578 1825 4635 Grmcum
1851 4580 1987 4650 ἡμε-

393 4654 591 4726 τέρων.
615 4653 891 4726 Ennident
911 4652 1084 4726 habet
1121 4654 1242 4726 cod.
1279 4652 1518 4726 Clarum.

469 4718 548 4794 (In
590 4724 823 4791 Quidum
874 4721 1336 4794 circumobuersati
1365 4722 1420 4774 in
1451 4721 1660 4794 iisdem.
1704 4718 1794 4794 Sic
1818 4722 1980 4778 codd.

396 4791 661 4858 Clarom.,
688 4795 844 4852 Voss.
874 4804 928 4849 et
956 4793 1199 4857 Merc.2,
1226 4808 1350 4846 cum
1376 4791 1511 4845 edit.
1537 4791 1714 4846 Oxon.
1752 4792 1805 4846 lu
1825 4793 1978 4848 editt.

396 4868 552 4922 Erus.
588 4881 643 4922 et
678 4866 910 4920 Fcuard.
942 4865 1152 4929 quidem
1187 4861 1677 4916 circumobveraati.
1709 4862 1983 4918 Gallasins

397 4938 803 5007 pejus,quidcm
844 4935 1329 5007 circumobservnti.
1386 4932 1559 5007 Porro
1587 4933 1675 4985 illa
1708 4934 1873 5007 verba
1902 4937 1982 4989 sic

398 5003 732 5076 interpretor
763 5025 775 5059 :
808 5008 1028 5077 quidam
1074 5008 1126 5060 in
1163 5003 1607 5077 iisdem_'studiis.
1650 5005 1735 5057 vel
1770 5004 1980 5059 fraudi-

398 5080 500 5133 bus
522 5073 951 5136 circumeuntes.
980 5078 1170 5131 iisdem
1192 5073 1437 5141 vestigiis
1473 5076 1823 5140 iulnerentes,
1856 5091 1981 5130 cum

397 5150 594 5204 iisdem
627 5149 765 5201 dolis
789 5148 1017 5201 insidias
1043 5158 1361 5215 captantes.
1386 5146 1520 5199 Vide
1549 5153 1664 5198 not.
1695 5145 1749 5199 6.

470 5221 549 5290 (5)
579 5220 803 5283 ’Ert‘atc
832 5215 950 5270 τῶν
975 5214 1301 5290 γυναικῶν-ἒ
1320 5214 1656 5290 llaeceadetn
1681 5232 1744 5270 ex
1775 5215 1980 5271 [remeo

396 5284 567 5347 refert
585 5290 948 5357 Hieronymus
967 5284 1051 5357 ep.
1068 5287 1157 5351 55,
1180 5288 1250 5342 al.
1275 5286 1369 5353 29,
1390 5286 1458 5342 ad
1473 5284 1840 5353 Theodoram,
1859 5303 1978 5357 quae

396 5373 483 5418 est
503 5360 838 5432 epitaphium
874 5359 1083 5432 Lucinii
1119 5359 1325 5432 Baetici.

467 5428 552 5503 (6)
586 5429 733 5503 Τῷνγ
763 5430 1191 5503 ἡμετέρωνηιςχ
1243 5432 1346 5482 hac
1392 5442 1527 5483 voce
1580 5428 1758 5503 colligi
1820 5442 1978 5503 posse

2158 4156 2237 4226 (7)
2284 4155 2398 4224 Τῆς
2451 4155 2736 4224 γυναικὸς
2772 4156 2976 4228 αὑτοῦ.
3034 4154 3215 4221 Nota,
3272 4157 3454 4228 inquit
3526 4156 3652 4210 idem

2092 4227 2342 4300 Grabins,
2371 4227 2637 4300 ministris
2664 4227 2948 4282 sacrorum
2983 4228 3037 4300 in
3061 4230 3187 4300 Asia
3228 4227 3508 4300 integrum
3534 4238 3651 4281 tunc

2094 4299 2353 4365 temporis
2391 4296 2573 4369 luisse
2613 4313 2737 4351 cum
2782 4298 3101 4369 mulieribus
3135 4296 3506 4369 (scripsiSsem
3545 4314 3653 4366 ego.

2090 4382 2212 4420 cum
2246 4367 2531 4432 uxoribus)
2564 4368 2837 4433 habitare,
2891 4369 2958 4423 iis
3002 4367 3196 4423 saltem
3228 4367 3372 4438 quas
3424 4377 3546 4424 ante
3571 4384 3653 4422 su-

2090 4448 2549 4511 sceptossacros
2602 4439 2826 4493 ordines
2872 4438 3164 4493 duxerant.
3210 4437 3422 4511 Ecquis
3479 4437 3658 4511 neget?

2093 4505 2525 4589 Dissimulandus
2567 4525 2673 4563 non
2700 4520 2823 4589 erat
2854 4510 3173 4589 quaestionis
3220 4505 3424 4589 staius.
3485 4505 3657 4577 Neque

2088 4580 2233 4631 enim
2261 4580 2314 4632 in
2369 4580 2803 4634 controversiam
2844 4580 2994 4634 venit
3039 4583 3108 4633 a'n
3162 4583 3440 4637 ministris
3489 4594 3658 4635 sacro-

2087 4659 2376 4722 rumpost
2410 4660 2714 4722 susceptos
2762 4652 2985 4706 ordines
3035 4652 3311 4722 integrum
3354 4662 3504 4708 esset
3544 4666 3655 4722 cum

2087 4719 2354 4775 uxoribus
2408 4720 2656 4774 habitare
2697 4738 2710 4773 :
2750 4724 2843 4775 sed
2893 4731 3075 4775 utrum
3118 4719 3311 4777 iisdem
3375 4732 3488 4776 tota
3540 4720 3655 4775 Asia

2086 4786 2171 4843 fas
2203 4799 2349 4843 esset
2380 4791 2642 4860 uxoribus
2673 4792 3006 4845 matrimonii
3041 4792 3165 4858 jure
3209 4793 3307 4846 ttti.
3348 4793 3511 4848 Prius
3553 4789 3661 4860 qui-

2085 4859 2208 4932 dem
2242 4861 2436 4932 probat
2482 4861 2528 4913 is
2558 4857 2744 4932 lrentei
2785 4861 2935 4917 locus
2969 4879 2984 4917 :
3013 4857 3118 4917 non
3176 4871 3327 4917 certe
3373 4857 3655 4932 posterius.

2158 4928 2824 5004 (8)"E50yoxorovpé1‘n.
2845 4932 2972 4986 Eam
2992 4928 3469 5004 exltontologestn,
3487 4935 3656 5004 deqn_a

2085 5000 2177 5083 hic
2230 5001 2486 5065 lrenacus,
2538 5004 2657 5056 l'use
2690 5005 3052 5072 expendimus
3081 5004 3135 5058 in
3168 5000 3405 5060 Disirt.
3440 5020 3524 5070 ιιι,
3558 5000 3656 5074 §7.

2085 5074 2208 5126 init.
2552 5084 2555 5087 ’

2156 5142 2782 5265 (9)Heptx01[(ortec.
2826 5142 3138 5224 Legendum
3204 5160 3495 5201 censerem
3570 5160 3658 5197 πε-

2156 5230 2213 5265 rto
2247 5212 2484 5265 εύοντες.
2537 5216 2618 5265 vel
2648 5215 3070 5265 πεοιπολουντες
3098 5230 3111 5243 ’
3173 5220 3339 5265 vertit
3401 5216 3547 5265 enim
3587 5217 3658 5265 itt-

2083 5212 2484 5285 ριπολεύοντες,
2537 5216 2618 5268 vel
2648 5212 3070 5286 περιπολοῦντες
3098 5230 3111 5243 ’
3173 5220 3339 5269 vertit
3401 5216 3547 5269 enim
3587 5217 3662 5266 in-

2085 5284 2318 5353 terpres,
2354 5284 2931 5349 circumobversuti,‘id
2962 5297 3067 5349 est,
3100 5286 3153 5340 ni
3211 5286 3374 5340 fallor
3398 5328 3413 5352 ,
3440 5289 3657 5339 circula-

2081 5366 2285 5418 euntes,
2351 5356 2734 5424 circnmvugati
2767 5397 2783 5417 ,
2821 5358 2904 5410 vel
2933 5356 3113 5425 potius
3139 5360 3493 5411 circuitorum
3527 5370 3662 5425 more

2079 5428 2431 5498 explorantes,
2469 5426 2694 5498 insidias
2713 5424 3002 5493 captantes.
3024 5428 3094 5482 At
3110 5427 3443 5491 περιπολίζω
3477 5424 3659 5498 (sicnbi

396 5496 549 5573 putat
610 5496 869 5565 Grabius,
929 5510 1035 5573 tam
1089 5500 1347 5553 Irenzcutn
1380 5539 1394 5561 ,
1453 5515 1615 5573 quam
1678 5496 1861 5573 istum,
1914 5499 1978 5552 ad
2015 5514 2057 5568 ι)
2089 5497 2355 5573 scriptum
2386 5496 2621 5567 legatur)
2656 5497 2930 5573 signiﬁcat
2966 5496 3657 5573 urbem-circumwtiiﬁrure.

394 5570 559 5642 quem
584 5576 682 5625 hos
709 5573 973 5625 adversus
1005 5572 1241 5625 hmreses
1288 5572 1455 5624 libros
1487 5570 1655 5635 misit,
1706 5571 1982 5642 Asiaticos

394 5640 584 5699 luisse.
639 5644 745 5696 Sed
809 5642 978 5695 levior
1026 5642 1243 5696 videtur
1294 5643 1406 5695 haec
1461 5643 1809 5709 conjectura;
1864 5640 1981 5709 ζῶν

394 5714 695 5783 ἡμετέρων
732 5712 1046 5780 signiﬁcare
1085 5713 1369 5770 diaconum
1411 5702 1694 5769 catholica:
1729 5702 1979 5768 cotut'nu-

397 5790 574 5840 utonis
604 5784 940 5856 probabilius
967 5795 1071 5841 est.

2091 5569 2522 5639 circnmstrnere,
2556 5582 2687 5631 eac.,
2714 5570 2858 5636 quod
2882 5570 3177 5638 signibcati
3201 5584 3375 5639 genus
3407 5570 3544 5623 nihil
3575 5570 3663 5622 ba-

2088 5642 2183 5693 bct
2206 5653 2328 5690 cum
2357 5652 2421 5690 eo
2452 5637 2638 5691 ll'etttBl
2674 5639 2793 5691 loco
2817 5637 3127 5692 commune.

2153 5709 2743 5778 (10)Ἀπολύτρωσιν.
2792 5710 2894 5763 Per
2920 5710 3351 5775 redemptionem,
3386 5724 3552 5778 quant
3582 5707 3659 5761 hic

2080 5789 2135 5833 et
2186 5781 2350 5851 paulo
2404 5793 2526 5849 post
2574 5791 2840 5836 memorat
2893 5781 3132 5837 lrentcus
3165 5822 3180 5847 ,
3232 5781 3493 5850 intelligit
3561 5797 3660 5835 nou
