3908 6366
435 342 540 398 509

1188 339 1245 396 S.
1292 338 1554 397 ΙΒΕΝίΕΙ
1596 342 1907 401 EPISL'OPI
1939 339 2438 398 LUGlllJNENSlS
2472 339 2559 394 ET
2598 336 2968 400 MABTYRIS
3592 342 3680 397 600

440 458 706 514 Ecclesia»
731 460 1005 513 contineri
1029 470 1083 514 et
1098 460 1327 533 intelligi
1347 463 1777 533 ait(l).Quornm
1796 469 2019 524 elemen-

2150 464 2480 535 Ἐκκλησίας
2495 464 2637 533 ὲμπε
2648 462 2935 535 ριεχὸμενα
2950 460 3188 515 νοεῖσθαι
3204 461 3327 533 ἔφη.
3351 463 3436 525 Ὠς
3453 465 3680 532 στοιχείου

438 561 615 605 tormn
669 552 952 607 novissimi
1008 552 1264 608 elementi
1326 555 1519 611 ultima
1597 560 1780 615 littera
1835 577 2023 617 vocem

435 650 822 712 emisitsuam,
855 647 1012 716 cujus
1046 664 1216 703 sonus
1265 651 1487 713 exiens,
1544 654 1844 708 secundum
1894 656 2027 709 ima-

433 741 617 811 ginem
667 740 1066 795 elementorum
1110 739 1382 795 elementa
1432 744 1653 812 propria
1692 746 2021 813 generavit:

431 849 497 888 ex
525 832 725 903 quibus
758 842 812 887 et
846 850 968 904 qua:
1020 843 1150 889 sunt
1184 835 1272 889 hic
1312 834 1577 904 disposita
1627 837 1800 899 dicit,
1843 848 1899 892 et
1934 853 2021 897 ea.

432 939 555 995 qua:
610 935 736 980 sunt
769 937 900 980 ante
930 928 1044 980 haec
1096 925 1210 994 (2),
1249 939 1550 996 generata.
1597 928 1771 998 Ipsam
1802 930 2024 999 quidem

433 1015 702 1080 litteram.
731 1017 886 1086 cujus
909 1032 1080 1071 sonus
1109 1028 1231 1072 erat
1258 1035 1608 1091 consequens
1635 1035 1830 1075 sonum
1868 1021 2026 1075 deor-

434 1124 581 1172 sum,
622 1123 653 1163 a
684 1109 894 1181 syllaba
929 1127 1027 1165 sua
1072 1128 1290 1169 sursum
1327 1125 1604 1183 receptam
1639 1112 1797 1175 dicit,
1828 1114 1892 1167 ad
1925 1115 2027 1168 im-

434 1201 729 1269 pletionem
781 1203 1075 1257 universi:
1129 1206 1463 1261 remansisse
1520 1216 1705 1260 autem
1764 1205 2022 1262 deorsum

433 1308 631 1346 sonum
685 1294 845 1362 quasi
886 1292 1034 1348 foras
1080 1296 1405 1364 projectum.
1457 1296 1804 1352 Elementnm
1837 1308 2025 1353 autem

434 1385 635 1451 ipsum,
702 1401 769 1439 ex
825 1403 935 1454 quo
994 1388 1175 1442 littera
1210 1403 1333 1442 cum
1366 1389 1751 1444 enuntiatione
1794 1404 1892 1443 sua
1927 1391 2023 1445 de-

430 1478 644 1531 scendit
667 1477 948 1540 deorsum,
983 1479 1290 1534 litterarum
1321 1481 1399 1535 ait
1433 1496 1553 1535 esse
1584 1497 1714 1541 xxx.
1747 1492 1801 1536 et
1831 1498 2027 1537 unam-

432 1583 709 1638 quamque
738 1586 804 1626 ex
838 1570 922 1625 his
945 1586 1054 1626 xxx
1089 1572 1289 1627 litteris
1321 1573 1372 1628 in
1399 1573 1695 1643 semetipsa
1718 1574 1795 1644 (3)
1821 1573 2026 1639 habere

433 1660 573 1715 alias
622 1660 855 1726 litteras,
891 1677 991 1731 per
1024 1678 1156 1731 quas
1189 1678 1386 1717 nomen
1437 1663 1634 1719 littera:
1689 1665 2022 1721 nominatur.

433 1749 500 1803 Et
540 1766 731 1805 rursus
761 1751 898 1806 alias
933 1768 1028 1820 per
1069 1752 1206 1809 alias
1236 1754 1509 1809 nominari
1544 1754 1773 1821 litteras,
1801 1766 1856 1808 et
1886 1758 2024 1813 alias

434 1856 533 1910 per
564 1842 723 1908 alias,
763 1845 837 1898 ita
883 1854 944 1898 ut
985 1846 1038 1900 in
1086 1846 1411 1901 immensum
1451 1848 1671 1904 decidat
1724 1850 2019 1907 multitude

434 1932 766 1989 litterarum.
818 1933 911 1989 Sic
942 1945 1123 1991 autem
1158 1936 1377 2007 planius
1416 1936 1601 1994 disces
1623 1942 1768 2009 quod
1795 1941 2017 1996 dicitur.

437 2024 587 2079 Delta
618 2027 948 2083 elementum
987 2029 1205 2087 litteras
1260 2031 1428 2089 habet
1473 2032 1527 2087 in
1579 2048 1637 2088 se
1666 2034 1931 2103 quinque,
1966 2044 2020 2089 et

432 2116 608 2184 ipsum
639 2118 691 2182 ὃ,
714 2129 768 2175 et
796 2136 847 2185 ε,
877 2130 932 2175 et
957 2122 1010 2187 λ,
1044 2133 1099 2177 et
1128 2141 1182 2189 τ,
1217 2134 1266 2177 et
1294 2141 1348 2190 α,
1374 2134 1430 2179 et
1484 2126 1567 2180 lue
1598 2141 1790 2181 rursus
1823 2127 2020 2183 littera:

432 2225 531 2281 per
580 2211 717 2267 alias
748 2213 1066 2269 scribuntur
1115 2216 1354 2281 litteras,
1382 2226 1441 2273 et
1496 2217 1616 2273 aliae
1646 2234 1742 2286 per
1772 2219 1930 2276 alias.
1960 2219 2017 2275 Si

430 2320 562 2375 ergo
586 2304 844 2360 universa
870 2308 1176 2363 substantia
1211 2308 1369 2363 delta'
1402 2310 1454 2363 in
1504 2309 1837 2367 immensum
1870 2311 2023 2366 deci-

431 2398 529 2463 dit,
564 2397 689 2452 aliis
739 2397 878 2453 alias
927 2398 1006 2469 (4)
1035 2398 1245 2454 litteras
1273 2399 1664 2470 generantibns
1729 2409 1786 2455 et
1826 2416 2019 2457 succe-

430 2488 690 2545 dentibus
715 2489 1064 2555 alterutrmn,
1105 2504 1310 2561 quanto
1366 2494 1538 2561 magis
1589 2493 1735 2551 illius
1761 2495 2015 2553 elementi

430 2580 606 2649 majus
651 2598 774 2639 esse
826 2583 1049 2655 pelagus
1102 2583 1458 2640 litterarum?
1510 2585 1576 2642 Et
1607 2588 1654 2644 si
1689 2604 1793 2642 una
1830 2588 2015 2644 littera

431 2676 514 2731 sic
555 2675 824 2731 immensa
878 2686 984 2738 est,
1010 2676 1136 2732 vide
1178 2679 1348 2734 t0tius
1408 2682 1649 2737 nominis
1682 2682 2013 2751 profundum

428 2769 763 2837 litterarum,
796 2785 862 2826 ex
921 2771 1119 2839 quibus
1170 2772 1472 2841 Propatora
1519 2774 1687 2831 Marci
1722 2776 2014 2832 Silentium

2127 554 2189 608 τὸ
2217 554 2443 626 ὕστερον
2472 552 2707 625 γράμμα
2733 555 2810 623 (5)
2860 552 3048 623 φωνὴν
3080 554 3357 624 προήκατο
3394 552 3485 623 τὴν
3508 555 3675 608 αὑτοῦ·

2130 642 2194 701 οὗ
2234 643 2370 718 ἦχος
2416 646 2651 714 ἐξελθὼν
2683 645 2795 717 (6),
2864 646 2985 700 κατ’
3045 646 3231 700 εἰκόνα
3279 645 3388 698 τῶν
3438 648 3679 717 στοιχείων

2132 740 2375 809 στοιχεῖα
2404 738 2512 792 ἴδια
2542 738 2861 809 ἐγέννησεν·
2893 737 2951 803 ἐξ
2984 729 3061 790 ὧν
3091 736 3164 789 τά
3182 753 3241 789 τε
3269 736 3497 790 ἐνταῦθα
3540 755 3681 793 κατα-

2129 828 2504 900 κεκοσμῆσθαί
2547 846 2703 899 φησι,
2736 826 2968 882 καὶτῶν
2998 828 3075 897 (7)
3112 826 3218 897 πρὸ
3243 826 3444 881 τούτων
3482 829 3678 899 γεγενῆο

2131 921 2276 974 σθαι.
2296 920 2369 973 Τὸ
2394 920 2495 992 μέν
2515 938 2598 974 τοι
2619 920 2857 992 γράμμα
2888 919 3019 974 αὐτὸ
3048 917 3129 985 (τὸ
3159 914 3292 990 ἦχος
3318 918 3394 989 τῷ
3414 916 3678 989 ῆχει),οὖό

2126 1007 2256 1084 ἦχος
2284 1009 2351 1083 ἦν
2378 1011 2860 1067 συνεπακολουθῶν
2889 1012 2967 1083 τῷ
2999 1012 3119 1084 ῆχει
3157 1011 3258 1081 (8),
3280 1012 3374 1064 καὶ
3403 1012 3463 1064 τὸ
3485 1012 3679 1083 ὑπὸτῆς

2130 1107 2404 1177 συλλαϐῆς
2425 1106 2524 1177 τῆς
2545 1105 2741 1161 ἑαυτοῦ
2774 1104 3092 1175 ἀνειλῆφθαι
3128 1104 3240 1157 ἄνω
3267 1102 3442 1172 λέγειν
3489 1104 3581 1173 (9),
3614 1108 3680 1169 είς

2127 1200 2519 1272 ἀναπλήρωσιν
2552 1198 2646 1253 τοῦ
2676 1199 2799 1253 ὅλου
2825 1215 2839 1228 ·
2875 1196 3242 1269 μεμενηκέναι
3271 1197 3329 1250 δὲ
3357 1199 3435 1261 είς
3458 1197 3522 1250 τὰ
3554 1199 3681 1253 κάτω

2125 1292 2222 1345 τὸν
2250 1288 2408 1363 ἦχον,
2434 1291 2626 1364 ὥσπερ
2661 1290 2767 1358 ἔξω
2790 1290 3037 1362 ῥιφέντα.
3080 1288 3152 1343 Τὸ
3180 1290 3235 1343 δὲ
3275 1293 3526 1360 στοιχεῖον
3552 1293 3678 1357 αὐτὸ,

2126 1386 2219 1455 ἀφ’
2240 1380 2300 1441 οὗ
2313 1385 2373 1439 τὸ
2392 1385 2630 1457 γράμμα
2646 1384 2744 1437 σὺν
2764 1386 2830 1455 τῇ
2850 1384 3066 1455 ὲκφωνή
3075 1400 3155 1437 σει
3176 1386 3244 1454 τῇ
3268 1383 3457 1437 ἑαυτοῦ
3475 1400 3679 1452 συγκατ-

2127 1478 2260 1549 ῆλθε
2292 1479 2465 1543 κάτω,
2486 1479 2516 1533 ὂ
2544 1478 2887 1551 γραμμάτων
2921 1478 3032 1549 (10)
3064 1474 3204 1532 εἷναί
3232 1496 3368 1549 φησι
3394 1481 3679 1551 τριάκοντα,

2128 1572 2223 1625 καὶ
2249 1571 2306 1626 ἒν
2333 1571 2566 1626 ἕκαστον
2591 1571 2705 1639 {rth
2734 1570 3030 1642 τριάκοντα
3066 1571 3411 1643 γραμμάτων
3448 1574 3501 1625 ὲν
3529 1572 3681 1644 ἑαυτῷ

2128 1666 2271 1738 ἔχειν
2301 1666 2467 1738 ἕτερα
2484 1666 2809 1737 γράμματα,
2831 1666 2898 1719 δι’
2920 1663 2984 1718 οὗ
3007 1666 3052 1732 (ι
3067 1666 3119 1733 1)
3135 1664 3196 1717 τὸ
3222 1664 3395 1735 ὄνομα
3408 1664 3497 1719 τοῦ
3524 1666 3679 1737 γράμ-

2133 1778 2305 1833 ματος
2336 1758 2682 1830 ὀνομάζεται.
2718 1759 2827 1813 Καὶ
2852 1754 2918 1813 αὖ
2949 1758 3113 1812 πάλιν
3152 1758 3222 1811 τὰ
3249 1758 3413 1829 ἕτερα
3438 1758 3500 1811 δι’
3534 1758 3681 1813 ἄλλων

2057 1816 2097 1873 Β
2127 1816 2490 1922 ονομάζεσθαι
2518 1816 2880 1922 γραμμάτων.
2911 1850 3005 1903 καὶ
3033 1849 3103 1902 τὰ
3130 1848 3265 1904 ἄλλα
3293 1816 3359 1901 δέ
3388 1848 3581 1910 ἄλλων,
3619 1847 3681 1910 ὡς

2126 1947 2206 2009 είς
2235 1945 2463 2015 ἄπειρον
2505 1942 2793 1996 ἐκπίπτειν
2820 1941 2880 1995 τὸ
2932 1942 3139 2013 πλῆθος
3178 1941 3288 1995 τῶν
3345 1942 3678 2013 γραμμάτων.

2124 2037 2281 2093 Οὕτω
2298 2036 2341 2089 δ’
2364 2035 2431 2090 ἂν
2459 2035 2790 2106 σαφέστερον
2822 2034 3012 2105 μάθοις
3029 2034 3091 2087 τὸ
3127 2033 3438 2104 λεγόμενον.
3462 2035 3531 2087 Τὸ
3549 2034 3682 2087 δέλτα

2126 2131 2393 2199 στοιχεῖον
2424 2126 2729 2198 γράμματα
2749 2127 2805 2178 ὲν
2834 2125 3013 2195 ἐαυτῷ
3029 2124 3142 2195 ἔχει
3166 2124 3352 2186 πέντε,
3375 2124 3502 2177 αὐτὸ
3519 2124 3569 2176 δὲ
3585 2125 3680 2193 (Η)

2121 2220 2184 2274 τὸ
2246 2220 2323 2281 δ,
2398 2222 2492 2273 καὶ
2550 2219 2623 2287 τὸ)
2666 2235 2737 2281 ε,
2810 2219 2905 2271 καὶ
2964 2219 3025 2271 τὸ
3070 2222 3144 2280 λ,
3215 2218 3313 2271 καὶ
3362 2216 3425 2270 τὸ
3483 2233 3547 2278 τ,
3604 2217 3681 2269 καὶ

2125 2312 2187 2366 τὸ
2238 2327 2317 2364 α’
2364 2309 2457 2364 καὶ
2505 2308 2678 2361 ταῦτα
2722 2308 2882 2361 πάλιν
2933 2307 3001 2360 τά
3067 2307 3375 2378 γράμματα
3411 2306 3475 2358 δι’
3532 2304 3681 2359 ἄλλων

2121 2406 2390 2479 γράφεται
2425 2402 2793 2476 γραμμάτων,
2828 2402 2922 2456 καὶ
2948 2400 3018 2455 τὰ
3047 2400 3180 2454 ἄλλα
3205 2401 3270 2453 δι’
3308 2399 3500 2455 ἄλλων.
3532 2394 3681 2452 Eia};

2120 2500 2154 2570 ἡ
2188 2499 2337 2551 πᾶσα
2371 2494 2668 2557 ὑπόστασις
2697 2492 2791 2546 τοῦ
2833 2494 2992 2547 δέλτα
3029 2495 3110 2556 είς
3158 2494 3388 2564 ἄπειρον
3434 2493 3679 2554 ἐκπίπτει,

2120 2592 2209 2645 ἀεὶ
2235 2590 2409 2644 ἄλλων
2439 2589 2573 2643 ἄλλα
2618 2587 2923 2658 γράμματα
2966 2585 3282 2655 γεννώντων
3336 2586 3431 2639 καὶ
3474 2584 3682 2652 διαδεχο-

2124 2684 2301 2755 μένων
2345 2681 2569 2752 ἇλληλα,
2602 2681 2753 2751 πόσῳ
2802 2678 3001 2749 μᾶλλον
3038 2677 3246 2731 ἐκείνου
3294 2676 3390 2730 τοῦ
3445 2676 3679 2745 στοιχείου

2126 2775 2310 2847 μεῖζον
2347 2770 2485 2828 εἶναι
2522 2774 2582 2827 τὸ
2615 2773 2849 2840 πέλαγος
2879 2771 2988 2825 τῶν
3016 2771 3398 2843 γραμμάτων;
3429 2770 3532 2821 Καὶ
3561 2770 3601 2819 εί
3631 2763 3683 2819 τὸ

426 2871 684 2918 constare
712 2863 919 2919 docuit.
945 2863 1290 2935 Quapropter
1317 2877 1371 2921 et
1394 2866 1610 2923 Patrem
1636 2869 1895 2925 scientem
1929 2870 2015 2925 in-

2132 2867 2181 2920 ἓν
2228 2867 2465 2938 γράμμα
2516 2865 2689 2929 οὕτως,⁵
2736 2864 2983 2936 ἄπειρον,
3024 2864 3125 2935 ὅρα
3154 2862 3276 2916 ὅλου
3318 2861 3414 2914 τοῦ
3450 2860 3680 2930 ὀνόματος

426 2954 675 3024 capabile
708 2970 890 3019 suum,
926 2957 1141 3013 dedisse
1180 2959 1490 3023 elementis,
1524 2976 1647 3030 qua:
1706 2973 1760 3016 et
1806 2961 2017 3018 Eonas

2132 2958 2217 3012 τὸν
2257 2959 2418 3031 βυθὸν
2458 2958 2567 3011 τῶν
2605 2957 2971 3030 γραμμάτων,
3004 2956 3063 3022 ἐξ
3093 2950 3169 3009 ὧν
3192 2956 3284 3009 τὸν
3314 2949 3681 3026 Προπάτοραή

429 3053 608 3112 vocat,
635 3047 929 3119 unicuique
961 3063 1150 3104 eorum
1184 3065 1341 3106 suam
1366 3052 1802 3109 enuntiationem
1822 3054 2013 3110 excla-

2132 3054 2347 3126 llépxou
2394 3052 2530 3123 Σιγὴ
2585 3050 2907 3105 συνεστάναι
2950 3048 3293 3120 ἐδογμάτισε.
3349 3047 3441 3102 Διὸ
3472 3045 3561 3101 καὶ
3606 3046 3683 3098 τοι

1672 3311 1878 3372 Βιιιῐι
1910 3309 2496 3369 INTERPRETATIO.

439 3492 494 3538 et
523 3481 1184 3558 Pleroma_t_a._ct_fructus
1217 3485 1575 3558 nuncupavit.
1611 3484 1927 3557 Singularia
1961 3497 2144 3543 autem
2181 3497 2235 3542 et
2258 3487 2523 3557 cujusque
2544 3487 2765 3558 propria
2799 3487 2853 3542 in
2886 3485 3149 3558 Ecclesia!
3187 3481 3681 3558 nominecontineri

441 3564 612 3624 atque
641 3553 873 3626 intelligi
904 3553 1001 3607 ait.
1029 3553 1271 3619 Quorum
1305 3553 1976 3613 elementorum'extrema
2006 3559 2181 3613 ultimi
2211 3553 2390 3614 littera
2411 3553 2600 3613 vocent
2634 3553 2785 3613 suam
2811 3559 3017 3619 emisit,
3042 3557 3200 3626 cujus
3228 3572 3333 3609 vox
3364 3557 3429 3609 ad
3467 3555 3681 3609 elemen-

443 3636 625 3679 torum
663 3625 961 3691 imagincm
988 3639 1236 3698 egressa.
1266 3627 1566 3694 peculiaria
1603 3628 1871 3683 elementa
1904 3631 2242 3697 procreavit,
2276 3644 2343 3683 ex
2381 3629 2583 3698 quibus
2635 3645 2759 3683 cum
2791 3629 2905 3683 ha-c
2955 3628 3128 3681 infera
3179 3626 3456 3698 descripta
3482 3667 3497 3691 ,
3541 3636 3684 3693 atque

429 3703 876 3768 exornata._tum
913 3710 1002 3757 ea,
1033 3711 1157 3764 quae
1194 3697 1309 3750 haec
1340 3706 1782 3768 antecesserunt,
1817 3696 1936 3752 orta
1971 3699 2144 3754 fuisse
2185 3701 2375 3753 tradit.
2400 3696 2490 3754 Et
2535 3700 2759 3768 quidem
2800 3699 3044 3754 litteram
3082 3700 3290 3765 ipsam,
3330 3696 3490 3764 cujus
3534 3709 3681 3748 sonus

435 3780 632 3819 sonum
670 3764 815 3838 infra
849 3768 1208 3838 sequebatur.
1247 3766 1528 3838 agsyllaba
1558 3782 1656 3821 sua
1689 3768 1759 3822 ad
1787 3769 2031 3824 universi
2063 3770 2525 3837 complementum
2554 3764 2774 3823 sursum
2807 3778 3082 3836 receptam
3106 3764 3237 3821 esse
3276 3786 3288 3821 :
3316 3779 3571 3822 creterum
3604 3778 3681 3817 so-

434 3851 563 3916 num
599 3835 752 3917 velut
786 3835 940 3917 [oras
962 3837 1199 3917 ejectum
1224 3835 1751 3917 inlraremansisse.
1788 3842 1857 3893 At
1884 3855 2012 3894 vero
2040 3835 2371 3917 elementum
2406 3841 2602 3909 ipsum,
2631 3855 2660 3917 a_
2690 3855 2797 3908 quo
2820 3835 3019 3917 littera,
3049 3854 3162 3917 una
3190 3855 3311 3892 cum
3339 3854 3437 3892 sua
3470 3849 3684 3917 pronun-

433 3906 685 3980 tiatione,
725 3907 864 3980 infra
910 3905 1200 3980 descendit
1224 3946 1240 3971 ,
1275 3908 1497 3977 triginta
1544 3909 1869 3980 litterarum
1893 3926 2017 3965 esse
2043 3912 2282 3974 asserit,
2324 3905 2554 3980 quarum
2590 3905 2754 3965 etiam
2781 3911 3043 3979 quaelibet
3092 3909 3231 3963 alias
3267 3924 3462 3980 rursus
3492 3909 3679 3980 litteras

436 3979 713 4055 continet,
738 3977 1431 4055 quibuslittera:momen
1456 3980 1809 4055 exprimitur.
1847 3979 1925 4035 Ac
1971 3996 2163 4036 rursus
2203 3977 2367 4034 aliam
2401 3990 2567 4050 atque
2594 3981 2757 4055 aliam
2792 3977 2886 4050 per
2928 3981 3071 4034 alias
3104 3988 3270 4055 atque
3305 3979 3447 4031 alias
3493 3977 3683 4055 litteras

435 4046 726 4119 appellari,
760 4044 838 4119 ita
872 4056 937 4119 ut
958 4046 1159 4119 littcrte
1195 4049 1250 4102 in
1278 4044 1555 4104 inﬁnitum
1586 4052 1879 4119 quemdam
1909 4066 2195 4105 numerum
2221 4044 2565 4107 excrescunt.
2600 4051 2680 4104 Ad
2715 4044 2858 4105 hunc
2888 4061 3073 4106 autem
3112 4044 3331 4119 modum
3371 4048 3609 4117 apertius
3638 4044 3680 4097 id

431 4118 577 4186 quod
613 4117 736 4172 dico
768 4116 1062 4191 intelliges.
1100 4118 1447 4191 Elementum
1470 4116 1617 4175 delta
1645 4123 1893 4189 quinque
1923 4122 2137 4175 litteras
2172 4122 2584 4191 complectitur,
2623 4122 2881 4176 nimirum
2916 4120 2946 4173 δ
2972 4163 2987 4181 ,
3025 4131 3077 4174 et
3107 4138 3133 4173 ε
3156 4159 3172 4182 ,
3194 4118 3335 4191 et},
3373 4116 3427 4173 et
3458 4136 3519 4181 τ,
3548 4124 3597 4169 et
3619 4129 3680 4166 at:

436 4201 742 4262 rursusque
770 4189 851 4262 ha:
879 4188 1488 4262 litterteualiisulitteris
1511 4192 1949 4262 perscribuntur,
1977 4193 2212 4262 alizeque
2239 4188 2367 4245 item
2394 4192 2537 4245 aliis.
2562 4192 2620 4245 Si
2645 4207 2777 4259 ergo
2804 4203 2916 4246 tota
2950 4191 3206 4246 elementi
3238 4189 3391 4243 delta
3417 4201 3684 4262 coagmen-

433 4257 570 4331 tatio
608 4258 660 4311 in
695 4257 970 4331 inlinitum
1003 4259 1173 4320 cadit.
1210 4259 1331 4313 aliis
1363 4257 1622 4314 nimirum
1647 4261 1751 4312 alia
1787 4257 2162 4331 gignentibus,
2207 4273 2378 4331 atque
2414 4263 2561 4315 inter
2603 4277 2664 4316 se
2700 4257 3170 4323 succedentibus.
3221 4271 3435 4331 quanto
3483 4259 3679 4331 tandem

427 4329 705 4402 elemento
730 4328 824 4382 illo
847 4328 1026 4402 majus
1060 4331 1381 4402 vastiusque
1412 4342 1626 4384 tantum
1663 4328 2237 4402 littei'a'ruui.pelagus
2262 4328 2406 4387 erit?
2436 4332 2500 4385 Et
2524 4334 2569 4387 si
2605 4349 2711 4385 una
2750 4335 2933 4387 littera
2965 4347 3139 4402 usque
3174 4328 3311 4402 adeo
3346 4330 3560 4402 inﬁnita
3586 4334 3681 4383 est.

429 4400 841 4472 animadvertas
864 4399 1060 4472 velim,
1091 4415 1211 4467 qua:
1240 4400 1291 4453 in
1331 4410 1445 4454 toto
1481 4402 1703 4472 nomine
1729 4404 1801 4455 sit
1840 4399 2158 4456 litteraruui
2202 4403 2576 4471 profunditas.
2610 4419 2680 4457 ex
2712 4404 2916 4472 quibus
2959 4401 3125 4456 Marci
3168 4400 3296 4471 Sige
3345 4400 3682 4469 Propatorcln

428 4478 684 4526 constare
714 4470 924 4525 docuit.
951 4471 1070 4536 Qua
1100 4472 1273 4525 etiam
1299 4472 1367 4525 de
1395 4486 1563 4527 causa
1604 4470 1988 4543 Propatorem,
2021 4474 2170 4543 quod
2204 4470 2266 4528 Se
2299 4474 2698 4543 comprehendi
2732 4470 2843 4529 non
2880 4489 3042 4542 posse
3058 4470 3414 4543 perspectum
3451 4473 3679 4530 haberet,

498 4737 577 4814 (l)
609 4739 883 4796 Contineri
921 4750 972 4795 et
999 4738 1221 4812 intelligi
1258 4741 1357 4795 ait.
1384 4739 1562 4796 Graec.
1587 4749 1834 4796 contenta
1856 4740 2010 4795 intel—
2049 4754 2096 4811 ι)
2125 4741 2327 4810 gmatis
2351 4743 2622 4814 designari
2658 4742 2875 4812 Sophia:
2905 4756 3117 4806 casum,
3138 4739 3527 4814 AAchamothte
3548 4736 3683 4814 lahn-

424 4812 648 4883 ligirait.
778 4882 781 4883 ν
930 4882 967 4883 η
1016 4882 1021 4883 ν
1172 4809 1183 4812 ⁷
2050 4809 2072 4811 ⁷
2126 4814 2251 4877 lam,
2284 4809 2750 4868 rerum'omnium
2771 4824 2882 4866 tum
2936 4812 3244 4867 cmlestinm
3305 4822 3421 4864 tum
3451 4809 3682 4883 sublima-

500 4882 577 4948 (2)
612 4885 743 4936 Ante
765 4882 896 4936 lucc.
925 4882 1161 4946 Mallem,
1207 4897 1371 4949 supra
1418 4883 1550 4945 hare,
1594 4896 1686 4937 seu
1712 4884 2015 4949 superiora,
2126 4884 2268 4936 rium
2304 4892 2487 4936 ortum
2519 4884 3164 4953 cacterasqueejusmodi
3225 4898 3419 4951 nugaS,
3466 4881 3683 4933 advertit

430 4952 781 5022 Detninrgum
807 4954 1043 5017 scilicet,
1077 4954 1449 5020 cmlestesque
1474 4968 1560 5007 res
1598 4963 1834 5006 creatas.

500 5023 578 5091 (3)
611 5022 1051 5091 Uuamquamque
1083 5040 1147 5077 ea:
1177 5024 1260 5077 his
1292 5023 1514 5091 triginta
1543 5023 1730 5076 litteris
1753 5025 2014 5077 insemel—

429 5095 565 5161 ipsa.
620 5095 713 5148 Sic
744 5110 809 5146 ex
835 5093 1027 5148 Grzeca
1053 5095 1285 5149 lectione
1319 5092 1713 5147 Feuardeutius
1759 5098 2019 5149 ememla-

430 5165 530 5227 vit,
564 5166 805 5219 uionitus
834 5180 863 5217 a
891 5162 1167 5219 Frontone
1194 5167 1324 5219 Duc.
1363 5164 1744 5218 Emendationi
1781 5180 2016 5219 consen-

430 5236 493 5286 tit
552 5236 675 5290 cod.
713 5232 874 5288 Voss.
910 5232 967 5287 In
997 5237 1219 5290 (aL-teris
1277 5249 1411 5288 mss.
1457 5246 1514 5288 et
1577 5235 1737 5287 editt.
1776 5235 1931 5289 Eras.
1962 5245 2016 5291 et

426 5304 568 5378 Call.
597 5320 885 5373 perperam
918 5322 933 5359 :
970 5318 1018 5360 et
1069 5322 1396 5378 unaquaeque
1429 5322 1494 5360 ea:
1520 5305 1599 5360 his
1622 5306 1844 5374 triginta
1874 5306 2015 5359 litte-

427 5376 501 5428 ris
533 5378 586 5430 in
607 5377 902 5444 semetipso.

525 5448 583 5516 4)
611 5448 745 5498 Aliis
770 5446 927 5499 alias.
960 5445 1138 5500 GI’IEC.
1167 5464 1368 5512 semper
1394 5446 1513 5499 aliis
1538 5448 1693 5502 alias.

525 5448 583 5516 4)
611 5448 745 5498 Aliis
770 5448 927 5499 alias.
960 5448 1138 5500 GI’IEC.
1167 5464 1368 5512 semper
1394 5448 1513 5499 aliis
1538 5448 1693 5502 alias.

496 5448 577 5587 ίῦ)
627 5516 725 5587 'Qr:
748 5518 1053 5587 στοιχείου
1080 5517 1143 5570 τὸ
1172 5519 1429 5587 ὕστερον
1447 5518 1701 5587 ῃοάμμα.
1741 5517 1880 5587 Lege
1893 5532 2015 5571 cum

429 5581 625 5661 intcrp.
662 5581 737 5641 ὧν
752 5581 1043 5661 orarit-:in
1074 5588 1134 5641 τὸ
1147 5589 1239 5642 τοῦ
1253 5581 1490 5661 taxato-u-
1505 5581 1770 5661 στοιχείου
1789 5581 2018 5661 ὕστατον

430 5658 685 5729 γράμμα.
738 5660 831 5713 Sic
877 5676 941 5713 ex
975 5672 1130 5728 parte
1189 5658 1498 5729 cudflte-g.
1534 5660 1706 5714 llahet
1733 5662 1901 5723 enim,
1941 5659 2016 5722 ὡς

432 5730 711 5803 στοιχείων
736 5730 835 5803 τοῦ
874 5730 1137 5803 στοιχείου
1178 5729 1491 5803 τὸᾉζιστερον
1523 5730 1779 5803 γράμμα.

502 5796 688 5873 ((3)θῦ
724 5796 873 5873 ἦχος
900 5796 1162 5867 ἐξελθών
1237 5801 1329 5859 His
1363 5796 1415 5857 ei
1476 5796 1836 5871 seqttcu‘tihus
1890 5798 2019 5856 teni-

2123 4955 2377 5021 quisque.
2411 4954 2635 5016 Cmder.
2676 4957 2719 5009 si
2750 4954 2919 5013 lubet,
2953 4970 3078 5022 cap.
3106 4954 3157 5016 1,
3186 4953 3241 5015 2,
3274 4953 3306 5006 4
3331 4962 3388 5007 et
3418 4966 3571 5020 seqq.

2194 5022 2268 5096 (ἶ)
2299 5024 2405 5096 Kal
2434 5022 2571 5096 ζῶν.
2601 5026 2731 5096 ch.
2761 5026 2855 5096 καὶ
2884 5025 2973 5096 τά.

2189 5088 2266 5162 (⁷8)
2304 5094 2376 5147 Τὸ
2425 5093 2577 5163 ἦχος
2612 5088 2707 5161 τῷ*
2744 5095 2878 5164 ἤχει
2904 5090 2975 5149 οὗ
3016 5097 3049 5147 ό
3094 5089 3244 5162 ἦχος
3270 5088 3369 5163 ἦν,
3397 5102 3502 5146 etc.
3560 5090 3678 5164 Cor-

2123 5175 2339 5233 ruptum
2374 5165 2519 5218 hch
2552 5167 2730 5220 locum
2758 5163 2839 5221 stt:
2868 5182 2932 5219 ex
2966 5176 3135 5219 veteri
3166 5180 3415 5217 versione
3446 5163 3677 5217 eluendo.

2122 5235 2425 5303 Expunctis
2482 5237 2772 5305 superlluis
2812 5246 3060 5305 quatuor
3100 5235 3399 5305 ‘pt‘ioribus
3444 5233 3675 5305 vncilru‘s,

2118 5299 2412 5378 sequentes
2433 5376 2441 5378 Α
2465 5299 2563 5359 sic-
2594 5307 2746 5378 lego:
2777 5299 2892 5363 οὖὸ
2922 5303 3055 5377 ἦχος
3095 5299 3162 5378 ἦν
3217 5299 3680 5358 συνεπακολουθιῖη

2118 5375 2196 5446 τῷ
2229 5376 2344 5447 ἡχῳ
2365 5376 2548 5448 κάτω,
2575 5375 2680 5431 ὑπὸ
2706 5378 2826 5448 τῆς,
2859 5375 2967 5433 etc.

2192 5449 2269 5518 (9)
2294 5447 2522 5516 Λέγειν.
2556 5448 2683 5517 Leg.
2709 5447 2878 5518 λέγει.

2198 5516 2314 5587 (ίθ)
2352 5520 2420 5572 Ὂ
2446 5516 2969 5589 ψαμμάτωώυείο
2991 5521 3040 5586 ὃ,
3073 5519 3214 5591 quod
3249 5535 3354 5573 non
3377 5516 3678 5587 lt-gitintcr-

2161 5606 2267 5642 I'CS.

2123 5604 2307 5727 prﬁl)
2335 5660 2415 5711 Δι’
2445 5656 2541 5731 οὗ.
2574 5660 2714 5729 Lege
2739 5677 2862 5716 cum
2898 5662 3093 5731 interp.
3122 5662 3190 5714 δι’
3222 5654 3317 5714 ὧν.

2194 5725 2306 5800 (l2)
2347 5730 2506 5785 Αὐτὸ
2534 5731 2619 5785 δέ.
2641 5725 2783 5801 Lege
2809 5750 2930 5785 cum
2955 5725 3176 5789 l‘etavio
3208 5734 3259 5788 in
3302 5729 3540 5801 margine
3565 5725 3676 5797 Ενὶ-

2125 5802 2333 5871 phanii,
2360 5810 2413 5857 et
2451 5804 2623 5859 veteri
2664 5803 2859 5874 intcrp.
2893 5803 3022 5858 αὐτό
3049 5820 3131 5861 τε.
