3878 6348
131 361 294 417 1255

1353 352 1409 408 S.
1448 348 1708 407 IRENEI
1740 350 2189 408 FRAGMENTA.

3268 344 3291 398 1
3302 344 3412 400 25$

134 490 240 527 σαι
267 471 351 545 τῷ
376 470 596 545 Χριστῷ
620 469 755 544 (8Ί),
786 470 881 524 κα)⁸
913 467 964 521 ol
1009 466 1180 522 ταῦτα
1210 464 1487 531 ποιοῦντες
1518 469 1596 529 είς
1645 483 1738 519 τε·

1852 465 2027 532 redes,
2074 464 2219 536 quod
2262 462 2355 534 qui
2400 463 2640 535 primum
2700 470 2976 532 quarunt,
3019 475 3124 515 non
3168 458 3412 513 desereu.

134 565 403 647 λειότητα
433 566 687 635 φέρονται
715 561 849 635 (88),
887 563 996 614 πᾶν
1018 561 1080 614 τὸ
1105 559 1315 629 Θέλημα
1358 557 1453 611 τοῦ
1481 557 1735 611 διδασκά-

1847 566 1956 614 tur.

131 640 271 708 λου“
283 654 705 727 πεπληρωκότες
727 694 742 719 ,
767 655 873 707 υἱοὶ
895 651 1030 706 Θεοῦ
1059 653 1148 707 διά
1184 653 1285 721 τῆς
1320 651 1738 720 παλιγγενεσίας
1769 649 1870 719 τῆς
1906 650 2282 722 πνευματικῆς
2303 650 2574 722 γινόμενοι
2604 649 2699 703 καὶ
2742 647 2842 718 τῆς
2876 645 3153 719 βασιλείας
3187 641 3294 697 τῶν
3329 640 3419 697 οὐ*

138 746 334 819 ρανῶν
360 745 705 817 κληρονόμοι,
748 746 815 816 ἦν
845 742 1060 816 πρῶτον
1091 741 1380 813 ζητοῦντες
1406 742 1517 812 (89)
1556 741 1657 794 οὐκ
1688 740 2049 811 ἁφεθήσονται
2070 739 2203 813 (90).

1639 853 1923 912 XXXVIII.
1989 854 1994 859 ’

695 948 1019 1018 Εὶρηναίου
1051 948 1189 1019 (91).

219 1048 289 1101 Οἱ
323 1047 445 1110 ταῖς
474 1043 752 1117 δευτέραις
777 1042 887 1097 τῶν
913 1042 1225 1096 ἀποστόλων
1254 1040 1526 1109 διατάξεσι
1555 1059 1735 1113 παρη-

141 1137 549 1205 κολουθηκότες
576 1134 687 1207 (92)
714 1133 883 1199 ἴσασι,
912 1133 1004 1187 τὸν
1023 1133 1226 1203 Κύριον
1259 1132 1384 1187 νέαν
1419 1131 1735 1203 προσφορὰν

144 1233 209 1284 ὲν
255 1232 329 1301 τῇ
358 1230 531 1299 Καινῇ
556 1226 797 1301 Διαθήκῃ
830 1225 1228 1298 καθεστηκέναι
1270 1228 1411 1279 κατά
1442 1225 1502 1278 τὸ
1547 1224 1738 1279 Μαλα-

146 1322 278 1393 χίου
299 1320 397 1374 τοῦ
424 1320 722 1391 προφήτου.
758 1320 904 1374 Διότι
923 1319 1042 1374 ἀπὸ
1066 1317 1379 1374 ἀνατολῶν
1417 1318 1596 1387 ἡλίου
1635 1317 1735 1370 καὶ

147 1412 270 1477 ἕως
302 1409 553 1480 δυσμῶν
595 1410 662 1463 τὸ
710 1408 891 1479 ὄνομά
925 1426 1045 1479 μου
1099 1406 1456 1472 δεδόξασται
1494 1407 1565 1460 ὲν
1610 1406 1737 1472 τοῖς

150 1504 366 1556 ἔθνεσι
414 1502 511 1555 καὶ
544 1502 614 1555 ἑν
648 1500 829 1553 παντὶ
878 1502 1040 1582 τόπερ
1074 1498 1339 1570 θυμίαμα
1371 1498 1737 1570 προσάγεται

151 1593 240 1658 τῷ
291 1594 536 1661 ὀνόματί
577 1610 696 1662 μου
734 1592 833 1645 καὶ
873 1593 1054 1646 θυσία
1082 1592 1329 1660 καθαρὰ,
1355 1591 1544 1662 ὥσπερ
1576 1592 1669 1646 καὶ
1710 1593 1739 1644 ὁ

166 1686 430 1755 Ἰωάννης
463 1685 523 1737 ἑν
557 1687 623 1756 τῇ
667 1684 1027 1753 Ἀποκαλύψει
1068 1684 1244 1753 λέγει·
1292 1684 1369 1737 Τὰ
1405 1682 1740 1754 θυμιάματά

150 1778 325 1828 εἰσιν
363 1778 424 1828 αὶ
464 1775 799 1844 προσευχαὶ
828 1774 945 1828 τῶν
964 1777 1167 1846 ἁγίων.
1196 1777 1306 1829 Καὶ
1338 1778 1367 1829 ὁ
1402 1776 1614 1839 Παῦλος
1635 1792 1740 1829 πα-

154 1868 391 1937 ρακαλεῖ
417 1868 566 1937 ἡμᾶς
608 1866 993 1935 παραστῆσαι
1029 1874 1102 1922 τὰ
1142 1868 1387 1937 σώματα
1409 1916 1415 1923 .
1436 1868 1603 1938 ἡμῶν
1638 1870 1739 1921 θυ-

149 1962 311 2015 σίαν
338 1959 552 2023 ζῶσαν,
577 1960 773 2028 ἁγίαν,
802 1958 1131 2028 εὐάρεστον
1153 1950 1233 2026 τῷ
1261 1960 1402 2027 Θεῷ,
1435 1960 1551 2029 τὴν
1579 1965 1741 2033 λογι-

152 2053 281 2122 κήν
307 2053 596 2120 λατρείαν
618 2051 809 2122 ἡμῶν.
835 2054 947 2106 Καὶ
982 2051 1172 2106 πάλιν·
1212 2053 1618 2123 Ἁναφέρωμεν
1640 2059 1741 2109 θυ-

150 2144 310 2196 σίαν
354 2144 641 2207 αἰνέσεως
685 2141 964 2195 τουτέστι
1006 2141 1239 2210 καρπὸν
1273 2141 1539 2211 χειλέων.
1569 2134 1742 2196 Αὗται

2523 940 2738 999 Irenwi.

1916 1036 2018 1105 Qui
2052 1034 2275 1091 ultimas
2304 1034 2675 1105 apostolorum
2713 1032 3137 1092 constitutiones
3178 1032 3420 1087 assecuti

1842 1138 1990 1191 sunt,
2020 1130 2055 1183 ii
2094 1137 2317 1191 norunt,
2353 1126 2639 1181 Dominum
2682 1126 2735 1181 in
2764 1125 2915 1180 Novo
2942 1125 3297 1180 Testamento
3320 1139 3421 1179 no-

1842 1237 1966 1275 vam
1991 1221 2296 1275 instituisse
2323 1220 2651 1275 oblationem
2683 1219 2982 1273 secundum
3008 1218 3218 1271 dictum
3248 1215 3422 1270 Mala-a

1844 1314 1980 1367 chim
2009 1311 2312 1383 prophetae.
2340 1311 2639 1381 Propterea
2673 1310 2738 1363 ab
2763 1319 2885 1364 ortu
2913 1310 3045 1364 solis
3070 1317 3121 1363 et
3162 1325 3328 1378 usque
3351 1309 3420 1362 ad

1844 1422 2089 1460 occasum
2124 1420 2314 1458 nomen
2349 1420 2522 1457 meum
2567 1403 2937 1473 gloriﬁcatum
2968 1412 3045 1456 est
3086 1402 3140 1455 in
3181 1401 3422 1471 gentibus

1852 1499 1971 1552 etin
1996 1497 2137 1550 omni
2169 1496 2286 1550 loco
2321 1497 2523 1566 sumtus
2544 1495 2768 1564 offertur
2788 1494 2991 1547 nomini
3020 1509 3132 1547 meo
3152 1503 3197 1546 et
3212 1492 3423 1547 victima

1849 1592 2050 1643 munda
2080 1588 2148 1653 ⁸³,
2182 1588 2256 1643 uti
2301 1597 2353 1642 et
2379 1586 2617 1642 Joannes
2650 1586 2702 1640 in
2734 1586 3059 1657 Apocalypsi
3085 1586 3220 1640 dicit
3244 1603 3258 1639 :
3282 1582 3420 1653 Suf-

1847 1682 1973 1751 ﬁtas
2005 1690 2131 1737 sunt
2164 1697 2343 1749 preces
2369 1688 2673 1735 sanctorum
2697 1680 2767 1733 ⁸⁵.
2819 1679 2886 1733 Ει
2926 1678 3125 1733 Paulus
3151 1678 3423 1742 hortatur,

1848 1783 1907 1828 ut
1933 1775 2186 1827 sistamus
2224 1788 2449 1840 corpora
2489 1779 2675 1825 nostra
2704 1771 2970 1824 victimam
2992 1771 3271 1833 viventem,
3294 1783 3420 1821 san-

1854 1876 2024 1932 ctam,
2066 1862 2450 1932 beneplacitam
2512 1861 2654 1928 Deo,
2709 1861 3028 1915 rationalem
3085 1863 3287 1914 cultum
3330 1875 3425 1912 no-

1847 1969 2016 2012 strum
2038 1957 2105 2012 3'.
2161 1956 2229 2010 Et
2284 1971 2518 2010 rursus:
2564 1954 2868 2023 Oﬂ'eramns
2908 1953 3176 2007 victimam
3221 1951 3424 2016 laudis,

1848 2050 1944 2104 hoc
1960 2060 2034 2105 est
2056 2050 2287 2120 fructum
2313 2049 2572 2102 labiorum
2591 2047 2659 2100 ⁸⁸.
2687 2045 2821 2100 Nam
2847 2048 2929 2101 lite
2969 2046 3273 2101 oblationes
3317 2060 3424 2100 non

1850 2143 2154 2197 secundum
2187 2142 2359 2212 legem
2397 2148 2549 2203 sunt,
2593 2138 2752 2205 cujus
2780 2138 3208 2208 chirographum
3236 2138 3425 2193 delens

156 2234 266 2306 μὲν
291 2235 349 2288 αἱ
374 2233 681 2306 προσφοραὶ
702 2233 763 2286 ού
782 2232 924 2287 κατά
943 2233 1032 2286 τὸν
1053 2234 1218 2304 νόμον
1242 2233 1399 2298 εἰσιν,
1421 2227 1482 2287 οὗ
1502 2234 1564 2287 τὸ
1581 2235 1739 2307 χειρό

1859 2233 2118 2288 Dominus
2147 2248 2179 2287 e
2209 2231 2388 2286 medio
2416 2229 2661 2296 sustulit,
2687 2229 2782 2284 sed
2815 2229 3114 2285 secundmn
3142 2229 3423 2299 spiritum;

152 2342 375 2398 γραφον
417 2325 702 2395 ἐξαλείψας
743 2328 772 2379 ὁ
813 2325 1017 2396 Κύριος
1052 2328 1117 2379 ὲκ
1172 2325 1267 2379 τοῦ
1322 2326 1484 2398 μέσου
1530 2322 1737 2399 ἦρκεν,

154 2418 302 2472 ἀλλὰ
332 2417 474 2471 κατά
496 2416 732 2487 πνεῦμα,
763 2417 820 2469 ὲν
852 2416 1119 2487 πνεύματι
1142 2416 1250 2489 γὰρ
1274 2418 1367 2470 κα)⁸
1398 2417 1627 2490 ἀληθεία
1658 2419 1741 2472 δεῖ

155 2513 491 2580 προσκυνεῖν
516 2510 606 2562 τὸν
630 2510 781 2565 Θεόν.
818 2510 959 2563 Διότι
980 2511 1075 2563 καὶ
1100 2513 1134 2581 ἡ
1153 2510 1438 2584 προσφορά
1459 2514 1557 2586 τῆς
1577 2514 1739 2584 εὐχα-

158 2599 382 2672 ριστίας
410 2601 511 2653 οὐκ
544 2600 658 2652 ἐστι
702 2600 960 2672 σαρκικὴ,
1000 2601 1135 2655 ἀλλὰ
1168 2604 1509 2675 πνευματικὴ
1550 2605 1644 2659 καὶ
1683 2606 1741 2659 ὲν

157 2691 343 2761 τούτῳ
376 2692 606 2764 καθαρά.
648 2693 1037 2765 Προσφέρομεν
1073 2692 1181 2764 γὰρ
1209 2693 1288 2764 τῷ
1315 2693 1434 2765 Θεῷ
1465 2695 1557 2748 τὸν
1578 2697 1742 2768 ἄρτον

158 2783 259 2840 καὶ
299 2783 360 2836 τὸ
400 2785 656 2854 ποτήριον
689 2784 787 2854 τῆς
815 2783 1063 2851 εὐλογίας
1099 2783 1543 2855 εὐχαριστοῦντες
1569 2787 1737 2859 αὐτῷ,

157 2877 244 2929 ὅτι
283 2878 353 2945 τῇ
401 2878 471 2945 γῇ
499 2876 782 2929 ἐκέλευσεν
816 2874 1049 2944 ὲκφῦσαι
1080 2878 1206 2940 τοὺς
1246 2878 1491 2949 καρποὺς
1521 2878 1741 2943 τούτους

160 2967 245 3029 είς
290 2965 501 3036 τροφὴν
535 2965 828 3037 ἡμετέραν,
859 2966 952 3018 καὶ
991 2965 1223 3020 ἐνταῦθα
1252 2967 1361 3039 (95)
1386 2968 1485 3040 τὴν
1515 2986 1744 3041 προσφο-

163 3056 266 3127 ρὰν
285 3056 604 3120 τελέσαντες
619 3056 848 3111 ὲκκαλοῦ
857 3075 953 3127 μεν
972 3058 1032 3110 τὸ
1060 3058 1281 3129 Πνεῦμα
1306 3060 1367 3112 τὸ
1399 3059 1571 3128 ἅγιον,
1594 3060 1743 3124 ὅπως

159 3150 426 3223 ἀποφήνῃ
457 3149 555 3221 τὴν
589 3150 777 3204 θυσίαν
800 3155 1003 3228 ταύτην
1027 3156 1120 3208 καὶ
1151 3153 1243 3207 τὸν
1278 3154 1441 3225 ἄρτον
1462 3154 1624 3225 σῶμα
1646 3152 1741 3207 τοῦ

160 3239 406 3321 Χριστοῦ
440 3241 533 3294 καὶ
570 3243 631 3295 τὸ
664 3246 922 3317 ποτήριον
960 3247 1022 3300 τὸ
1052 3242 1191 3318 αἷμα
1225 3245 1319 3301 τοῦ
1353 3246 1614 3318 Χριστοῦ,
1656 3248 1743 3300 ἵνα

159 3333 212 3384 οἱ
246 3333 641 3403 μεταλαϐόντες
665 3336 870 3391 τούτων
884 3338 990 3392 τῶν
1011 3339 1338 3403 ἀντιτύπων,
1368 3340 1465 3410 τῆς
1496 3340 1743 3409 ἀφέσεως

161 3422 274 3475 τῶν
298 3423 582 3494 ἁμαρτιῶν
614 3427 706 3479 καὶ
731 3428 828 3498 τῆς
846 3427 989 3499 ξωῆς
1018 3430 1236 3482 αἰωνίου
1270 3429 1525 3500 τύχωσιν.
1565 3430 1627 3483 Οἱ
1650 3426 1742 3484 οῦν

161 3513 373 3578 ταύτας
411 3514 510 3579 τὰς
545 3518 859 3590 προσφορὰς
896 3523 952 3574 ὲν
988 3526 1052 3593 τῇ
1088 3523 1387 3592 ἀναμνήσει
1425 3521 1517 3575 τοῦ
1542 3521 1741 3594 Κυρίου

1852 2339 1975 2379 nam
2011 2325 2065 2378 in
2099 2323 2291 2394 spiritu
2334 2330 2389 2375 et
2428 2319 2660 2376 veritate
2690 2330 2913 2390 oportet
2950 2321 3183 2376 adorare
3231 2321 3423 2375 Deum.

1850 2418 2195 2488 Quapropter
2229 2416 2435 2470 oblatio
2472 2415 2823 2470 eucharistiae
2852 2414 3016 2468 etiam
3048 2429 3153 2468 non
3184 2412 3428 2468 carnalis

1850 2511 1944 2564 sed
1972 2508 2268 2579 spiritualis
2291 2516 2375 2563 est
2407 2517 2460 2562 et
2492 2509 2544 2562 in
2576 2508 2679 2562 hoc
2704 2508 2925 2562 munda.
2958 2504 3251 2561 Oﬂ'erimus
3275 2505 3425 2558 enim

1851 2602 1963 2658 Deo
1993 2618 2188 2673 panem
2220 2610 2275 2656 et
2308 2602 2560 2671 poculum
2586 2601 3003 2664 benedictionis,
3034 2600 3239 2670 gratias
3264 2612 3429 2669 agen-

1855 2708 1935 2750 tes
1960 2695 2087 2765 ipsi,
2135 2695 2279 2764 quod
2339 2704 2502 2748 terra:
2551 2692 2897 2747 mandaverit
2949 2692 3280 2761 progignere
3326 2690 3429 2746 bos

1854 2788 2060 2841 fruetus
2096 2787 2163 2840 ad
2210 2796 2457 2841 nostrum
2504 2785 2921 2848 nutrimentum,
2961 2792 3016 2836 et
3055 2792 3240 2853 postea
3274 2782 3424 2836 linita

1852 2878 2156 2944 oblatione,
2209 2879 2530 2933 invocamus
2585 2876 2849 2947 Spiritum
2904 2874 2988 2940 5.,
3049 2886 3107 2930 ut
3172 2874 3429 2928 exhibeat

1854 2971 1993 3025 hanc
2024 2972 2302 3025 victimam
2327 2980 2381 3023 et
2407 2984 2605 3038 panem
2629 2984 2832 3038 corpus
2858 2967 3060 3022 Christi
3089 2977 3142 3020 et
3173 2966 3425 3035 poculum

1852 3065 2168 3133 sanguinem
2180 3062 2406 3129 Christi,
2425 3072 2505 3129 ut,
2523 3062 2615 3132 qui
2635 3062 3007 3132 haecantitypa
3027 3059 3321 3129 accipiunt,
3350 3073 3428 3110 re-

1853 3155 2166 3210 missionem
2214 3161 2565 3222 peccatorum
2624 3162 2679 3205 et
2728 3152 2894 3204 vitam
2932 3160 3196 3203 aeternam
3231 3162 3428 3201 conse-

1852 3259 2111 3319 quantur.
2138 3247 2217 3303 Illi
2258 3250 2467 3319 itaque,
2500 3246 2591 3317 qui
2632 3246 2732 3301 has
2752 3245 3063 3301 oblationes
3087 3244 3141 3298 in
3170 3244 3429 3298 recorda-

1856 3342 2002 3396 tione
2035 3339 2250 3394 Domini
2288 3350 2481 3410 agunt,
2515 3355 2623 3394 non
2651 3352 2783 3393 sane
2813 3336 3126 3391 Judmorum
3163 3334 3440 3389 institutis-

1854 3431 2143 3493 accedunt,
2168 3430 2262 3485 sed
2289 3429 2650 3498 spiritualiter
2677 3444 2835 3484 sacra
2856 3429 3120 3482 facientes
3148 3425 3429 3495 sapientiae

1858 3522 1953 3577 lilii
1998 3526 2364 3578 vocabuntur.

162 3607 393 3675 ἄγοντες
414 3650 429 3671 ,
482 3613 542 3665 ού
587 3615 701 3677 τοῖς
748 3613 856 3667 τῶν
913 3616 1180 3669 Ἰουδαίων
1214 3615 1445 3686 δόγμασι
1506 3616 1936 3687 προσέρχονται,
1984 3617 2120 3673 ἀλλά
2170 3616 2561 3691 πνευματικῶς
2606 3617 3046 3689 λειτουργοῦντες
3081 3615 3178 3686 τῆς
3235 3611 3430 3681 σοφίας

66 3706 70 3711 ’
161 3705 269 3755 υἱοί
299 3701 681 3772 κληθήσονται.

1656 3774 1899 3830 XXXIX.

714 3865 1035 3932 ΕΙρηναίου
1066 3864 1197 3949 (illi).

240 3953 480 4020 Ἔταξαν
526 3956 573 4007 οἱ
627 3955 943 4019 ἀπόστολοι,
1005 3956 1078 4027 μὴ
1116 3956 1284 4009 δεῖναι
1334 3958 1481 4027 ἡμᾶς
1531 3957 1738 4026 κρίνειν

2534 3869 2750 3921 Irenai.

1918 3958 2317 4014 Ordinaverunt
2363 3959 2618 4027 apostoli,
2652 3976 2757 4013 non
2803 3966 3064 4028 oportere
3088 3972 3218 4027 .nos
3273 3955 3424 4026 judi-

233 4111 283 4143 ⁸³
316 4109 511 4165 Malae.
542 4124 580 4174 ι,
614 4109 701 4165 ll.
774 4110 821 4142 “
848 4111 1022 4181 Apoc.
1048 4127 1101 4176 ν,
1125 4112 1182 4168 8.
1254 4113 1300 4145 ⁸⁸
1334 4112 1491 4170 Rom.
1524 4129 1620 4182 xit,
1655 4116 1703 4171 l.

1868 4115 2004 4169 lleb.
2043 4131 2168 4179 xm,
2203 4115 2289 4169 15.

238 4266 367 4340 (87)
404 4266 834 4340 Ἆμκοαζουθῆσαι
876 4266 1257 4340 τῷ-Χριστῷ.
1296 4268 1423 4325 Haec
1449 4284 1605 4340 sane
1653 4268 1737 4323 lex

160 4338 575 4394 Christianismi
622 4338 1046 4391 fundamentalis
1071 4348 1178 4403 est,
1205 4355 1370 4406 quam
1405 4339 1512 4393 nisi
1549 4340 1741 4393 obser-

150 4408 865 4479 ‘vaverimusudignitate
905 4406 1340 4479 Christianorum
1411 4410 1746 4479 praemioque

161 4478 494 4549 excidimus.
536 4476 728 4549 Exstat
758 4479 810 4532 in
837 4476 1126 4533 Pandectis
1146 4480 1322 4535 sacris
1351 4476 1580 4549 passim.
1610 4479 1748 4535 Vide

169 4547 366 4603 Matth.
410 4562 520 4612 xw,
538 4547 635 4601 24.

259 4617 352 4679 88)
377 4619 482 4683 Εἰς
505 4619 848 4688 τελειότητα
874 4617 1171 4688 φέρονται.
1199 4616 1357 4674 Conf.
1391 4618 1554 4675 Hebr.
1579 4635 1660 4682 v1,
1690 4620 1742 4675 1.

259 4688 352 4759 89)
393 4687 633 4755 Πρῶτον
659 4686 992 4759 ζητοῦντεζν.
1022 4688 1160 4759 νῩίάε
1186 4689 1380 4759 Matth.
1406 4706 1484 4751 v1.
1510 4691 1599 4745 33.

264 4758 359 4829 90')
394 4760 518 4829 033x
557 4758 990 4826 ἁφεθήσονται.
1016 4758 1231 4813 Forsan
1264 4758 1457 4816 alludit
1498 4762 1587 4816 hic
1628 4760 1741 4815 Ire-

164 4827 319 4886 naeus
340 4827 410 4884 ad
434 4827 564 4882 Luc.
592 4844 724 4893 xvn,
750 4831 819 4899 54
845 4844 1002 4899 seqq.

235 4900 353 4974 (9|)
393 4900 734 4974 Ειρῃνᾳίου.
758 4898 877 4974 _Ho_c
904 4898 1415 4974 fragmentumun
1444 4899 1739 4974 pertineat,

162 4981 223 5027 et
242 4969 486 5042 quonam
512 4970 564 5042 in
592 4969 729 5042 libro
753 4970 811 5042 S.
832 4969 1022 5042 lrenrgi
1051 4970 1345 5042 exstiterit,
1376 4972 1740 5025 determinare

165 5037 278 5096 non
296 5042 493 5095 ausim.
517 5039 678 5095 Certe
703 5040 757 5093 in
782 5039 933 5093 libris
952 5037 1149 5093 Contra
1163 5040 1386 5094 hereses
1411 5055 1519 5095 non
1539 5050 1737 5093 exstat.

1848 4268 2034 4323 lrenaai
2080 4268 2159 4324 De
2198 4267 2478 4323 schismate
2521 4279 2713 4323 contra
2765 4269 3009 4324 Blastum
3036 4270 3264 4338 petitum
3301 4282 3425 4325 esse

1849 4340 2083 4392 videtur.
2115 4341 2243 4395 Orta
2278 4339 2481 4392 etenim
2519 4348 2631 4393 tum
2660 4340 2920 4409 temporis
2948 4350 3068 4393 erat
3099 4341 3327 4409 quaestio
3356 4343 3423 4394 de

1850 4411 2110 4480 paschate
2141 4409 2281 4463 inter
2303 4411 2542 4480 Asianos
2563 4418 2619 4464 et
2654 4409 2949 4471 Romanos.
2979 4411 3031 4464 in
3058 4410 3289 4465 concilio
3320 4410 3419 4463 Ni-

1852 4478 2002 4533 τίειιο
2038 4480 2379 4549 postmodum
2426 4478 2610 4533 decisa
2643 4489 2807 4549 atque
2836 4481 2903 4534 ab
2949 4480 3153 4534 [remeo
3190 4480 3260 4533 ita
3316 4489 3422 4533 tra-

1853 4558 2017 4608 ctata,
2061 4560 2117 4603 ut
2155 4559 2379 4619 propter
2408 4550 2569 4603 ritum
2622 4560 2915 4603 externum
2960 4552 3113 4618 pacis
3158 4550 3420 4605 ecclesia-

1852 4621 2003 4674 sticae
2030 4619 2306 4691 vinculum
2342 4619 2516 4673 scindi
2550 4620 2927 4691 hauddcbcre
2948 4620 3166 4691 egregie
3196 4622 3422 4675 demon-

1852 4691 2057 4743 strat-it.
2090 4692 2222 4759 Aut,
2258 4689 2531 4759 sigmavis,
2563 4692 2665 4743 hoc
2696 4688 3056 4759 lragmentmn
3085 4688 3321 4759 pertinet
3352 4691 3420 4743 ad

1851 4759 2102 4831 libellum
2146 4758 2341 4831 lrenaei
2388 4759 2525 4831 Περὶ
2582 4759 2675 4813 τοῦ
2740 4760 2970 4831 Πάσχα..
3008 4758 3097 4815 De
3132 4759 3419 4824 Paschate,

1850 4844 2010 4901 quiem
2037 4829 2287 4897 allegavit
2312 4826 2560 4884 Justinus
2586 4832 2806 4899 quidam
2844 4826 2895 4883 iii
2936 4829 3095 4900 Resp.
3127 4832 3196 4883 ad
3229 4840 3420 4901 quiest.

1850 4900 1954 4955 H5
1982 4902 2050 4952 nd
2099 4900 2443 4954 orthodoxos.
2499 4901 2635 4954 Nota
2690 4910 2791 4958 est.
2837 4915 3001 4967 quam
3036 4906 3177 4955 hanc
3212 4902 3264 4954 in
3302 4916 3415 4953 rem

1849 4969 2083 5023 Irenzcns
2108 4971 2174 5024 ad
2194 4970 2468 5024 Victorem
2497 4972 2810 5039 episcopum
2843 4969 3144 5025 Romanum
3176 4970 3417 5039 scripsit,

1847 5041 2099 5110 epistola,
2131 5039 2287 5107 cujus
2332 5040 2698 5109 fragmentum
2744 5040 3033 5103 Eusebius,
3079 5041 3421 5110 Nicephorius

168 5088 509 5168 ἰ)ᾙὲιῖἷὰἒῶ
525 5088 1742 5180 Ῑὶίὲῖτὲῶιᾶ,ἧιῖὁᾶ’ἇε’”ριῖίῖἒθί’ἶοὲέιῖιὲῆιό
1773 5088 1818 5143 D
1846 5088 2712 5174 siiam;gangrenam,
2744 5088 3419 5165 Ῑιὺἷέξιῖἷὲιεὲξίῖἧῖιῖἶίιῖ

166 5181 541 5251 pronuntiavi.

1847 5180 1984 5234 nihil
2016 5189 2171 5250 urget
2196 5180 2372 5249 magis
2398 5195 2563 5249 quam
2604 5181 2954 5235 concordiam
2983 5180 3415 5235 ecclesiasticam

240 5254 355 5321 (9'2)
407 5248 1302 5321 Παρηκολουθηκότεςηυιιίῳιε
1354 5249 1613 5316 lrenaens,
1646 5251 1737 5307 ubi

1852 5250 1914 5303 ab
1937 5248 2404 5321 otnni'schiSmate
2424 5248 2686 5321 alienam,
2716 5250 2807 5303 ubi
2837 5266 2942 5304 non
2977 5251 3042 5304 de
3067 5250 3171 5303 ﬁde
3195 5252 3415 5319 quidem

169 5319 433 5377 hactenus
456 5324 712 5384 vidnuns,
746 5321 945 5391 φράσιν
979 5324 1030 5375 in
1054 5319 1188 5376 Novi
1218 5321 1548 5376 Testamcnti
1586 5323 1740 5377 libris

1851 5320 1947 5390 sed
1977 5322 2043 5374 de
2085 5320 2284 5373 ritibus
2314 5322 2513 5384 agitur.
2544 5320 2797 5385 Quinitno
2818 5322 2965 5374 addit
3011 5337 3026 5373 :
3068 5321 3133 5373 Ἦ
3155 5321 3420 5390 διαφωνία

166 5396 429 5471 usitatam
463 5392 730 5471 imitatur.
759 5389 931 5471 quod
953 5403 1006 5445 et
1036 5393 1123 5471 hic
1158 5390 1237 5471 lit.
1266 5392 1339 5445 Ita
1374 5393 1518 5471 enim
1552 5393 1737 5471 luncas

1852 5389 1943 5460 τῆς
2014 5390 2267 5471 νηστείας
2318 5391 2420 5461 τὴν
2466 5390 2736 5471 ⁹ὁμόνοιαν
2799 5390 2913 5471 τῆς.
2961 5392 3219 5471 πίστεως.
3260 5389 3420 5444 συνί-

168 5464 324 5517 initio
386 5460 664 5530 Evangelii

162 5533 371 5586 ἄνωθεν
405 5534 571 5585 πᾶσιν
602 5530 863 5602 ἀκριϐῶς.
895 5530 1027 5586 Luc.
1060 5530 1103 5592 ιζ
1134 5534 1190 5586 3.

719 5460 962 5535 :LEBoge
1014 5463 1181 5532 κιειμο)⁵
1234 5461 1737 5535 παρηκολουθηκότι

1852 5477 2027 5535 στησι,
2062 5460 2420 5535 diversitatem
2449 5460 2645 5535 jejunii
2673 5461 3066 5535 consensionem
3094 5463 3233 5535 fidei
3266 5478 3418 5515 com—

1846 5534 2113 5585 mendare.
2175 5531 2398 5599 Egregia
2455 5533 2616 5598 plane
2662 5542 2813 5595 sunt,
2842 5546 2963 5598 qua:
3005 5532 3073 5585 de
3122 5533 3419 5586 schismate

236 5604 351 5674 (93)
384 5603 493 5657 Καὶ
533 5599 811 5674 ἐνταῦθα,
842 5603 1169 5674 Itagomniuo
1194 5603 1246 5655 in
1270 5603 1454 5657 codice
1482 5618 1611 5665 ms.,
1642 5602 1735 5674 sed
1846 5600 2221 5674 fugiendolih.
2262 5616 2312 5653 tv
2338 5612 2507 5674 contr.
2540 5600 2744 5674 horres;
2774 5616 2895 5674 cap.
2941 5601 3030 5674 55,
3065 5599 3093 5671 §
3137 5601 3191 5666 7,
3217 5603 3420 5674 scribit

165 5672 449 5728 contextus
473 5674 655 5737 docet,
687 5672 824 5741 μετά
850 5672 1024 5726 ταῦτα
1048 5672 1329 5741 legendum
1369 5688 1511 5739 esse,
1553 5683 1647 5727 aut
1685 5673 1730 5727 si

163 5756 223 5799 το
261 5746 352 5799 καὶ
388 5743 638 5810 abjicias,
674 5740 793 5795 εἶτα.
821 5746 901 5797 vel
932 5740 1137 5795 ἔπειτα.

1846 5669 2029 5742 noster
2060 5687 2076 5725 :
2107 5672 2411 5742 Ἀνακρινεῖ
2436 5670 2494 5723 δὲ
2522 5678 2620 5742 (sc.
2646 5673 2675 5724 ὁ
2710 5669 2863 5739 Θεός)
2892 5669 3109 5742 τοὺςτα
3133 5673 3417 5742 σχίσματα

1842 5740 2287 5813 ἐργαζομένουςί
2313 5742 2503 5813 κενούς
2549 5740 2713 5804 ὄντας
2750 5742 2847 5813 τῆς
2878 5741 2970 5795 τοῦ
3016 5740 3151 5813 Θεοῦ
3175 5740 3415 5811 ἀγάπης

239 5818 350 5885 (9η
388 5813 732 5883 Εἰρηναίου.
793 5813 903 5867 lloc
957 5815 1320 5883 fragmentum
1374 5829 1437 5870 ex
1495 5813 1729 5885 epistola

1852 5810 1934 5866 ut
1987 5810 2057 5865 τδ
2101 5810 2229 5864 ἴδιον
2278 5810 2549 5876 λυσιτελὲς
2599 5810 2952 5875 σκοποῦντας.
3005 5811 3142 5866 ἀλλὰ
3192 5813 3268 5884 μὴ
3316 5810 3414 5882 τῆν
