3878 6348
269 409 407 466 Ι⁶ὶ65

1483 387 1906 446 FRAGMENTA
1945 383 2305 441 CNOSTICA.

3402 371 3536 424 £266

447 526 889 603 Fragmentum
925 519 1072 581 libri
1103 535 1284 578 χχιιι.
1313 550 1387 559 --
1419 514 1526 574 Ex
1556 510 1888 574 Clementis
1908 505 2740 568 AlexandriuiStromatum
2775 497 2884 560 lib.
2913 515 3000 570 tv,
3031 513 3186 576 pag.
3212 495 3352 557 506.

334 647 649 717 Βασιλείδης
682 646 736 699 δὲ
772 647 828 698 ὲν
862 643 939 714 τῷ
975 640 1206 711 εἰκοστῷ
1239 639 1405 710 τρίτῳ
1441 639 1549 691 τῶν
1607 635 1843 704 Ἐξηγη-

2026 633 2292 686 Basilides
2319 641 2501 683 autem
2545 629 2601 683 in
2645 625 2904 682 vicesimo
2937 623 3101 680 tertio
3135 620 3536 692 Eregeticorum

259 741 464 805 τιχῶν,
501 743 629 812 περὶ
661 739 771 791 τῶν
819 735 959 790 κατὰ
992 735 1052 788 τὸ
1106 731 1404 804 μαρτύριον
1438 729 1814 800 κολαζομένων
1835 767 1848 790 ,

258 835 452 898 αὐταῖς
484 833 661 898 λέξεσι
694 831 819 885 τάδε
855 829 987 900 ἔχει·
1033 847 1048 878 ι
1075 826 1221 897 Φημὶ
1253 823 1362 896 γὰρ
1383 824 1463 887 τὸ,
1499 821 1684 876 ὁπόσοι
1719 821 1853 874 ὑπο-

258 926 520 979 πίπτουσι
552 927 670 987 ταῖς
702 922 1022 992 λεγομέναις
1058 918 1300 988 θλίψεσιν
1329 957 1342 979 ,
1378 917 1499 987 ἦτοι
1536 912 1853 985 ἡμαρτηκό-

255 1039 352 1084 τες
399 1023 456 1073 ἐν
504 1019 681 1082 ἄλλοις
744 1017 1096 1078 λανθάνοντες
1149 1012 1519 1082 πταίσμασιν,
1572 1011 1650 1072 εἰς
1695 1005 1854 1059 τοῦτο

257 1114 485 1179 ἄγονται
505 1111 564 1164 τὸ
584 1109 785 1179 ἀγαθὸν
806 1107 1131 1179 χρηστότητι
1153 1104 1247 1158 τοῦ
1268 1103 1623 1175 περιάγοντος
1643 1117 1655 1130 ·
1679 1099 1812 1154 ἄλλα
1836 1098 1850 1128 ⁸

254 1201 321 1268 ἐξ
355 1201 530 1255 ἄλλων
563 1202 730 1264 ὅντως
766 1197 1152 1268 ἐγκαλούμενοι
1173 1236 1187 1257 ,
1236 1197 1324 1248 ἵνα
1363 1194 1436 1266 μὴ
1470 1193 1545 1257 ὡς
1574 1190 1854 1245 κατάδικοι

255 1293 360 1344 ἐπὶ
405 1294 593 1354 κακοῖς
637 1287 1086 1360 ὁμολογουμένοις
1124 1287 1358 1340 πάθωσι·
1400 1283 1531 1356 μηδὲ
1583 1280 1854 1353 λοιδορού-

263 1401 421 1450 μενοι
455 1383 530 1447 ὡς
561 1383 590 1434 ὁ
628 1381 812 1453 μοιχὸς
845 1381 878 1451 ἢ
914 1382 942 1433 ὁ
990 1379 1184 1449 φονεὺς
1211 1419 1224 1440 ,
1260 1376 1375 1430 ἀλλ’
1424 1377 1505 1429 ὅτι
1540 1372 1854 1444 Χριστιανοὶ

256 1474 587 1542 πεφυκότες·
611 1474 746 1544 ὅπερ
773 1473 968 1534 αὐτοὺς
991 1470 1390 1541 παρηγορήσει,
1419 1469 1438 1498 ⁸
1465 1466 1598 1538 μηδὲ
1623 1465 1854 1536 πάσχειν

251 1566 456 1620 δοκεῖν.
495 1566 612 1619 Κᾶν
650 1567 724 1636 μὴ
773 1563 1110 1636 ἡμαρτηκὼς
1143 1564 1187 1616 δ’
1223 1562 1361 1624 ὅλως
1393 1579 1482 1624 τις
1533 1561 1626 1613 ἐπὶ
1657 1559 1717 1612 τὸ
1751 1577 1854 1612 πα-

247 1658 371 1710 Θεῖν
419 1659 681 1729 γένηται,
739 1657 963 1709 σπάνιον
1017 1657 1155 1726 μὲν,
1211 1655 1324 1708 ἀλλ’
1373 1653 1492 1707 οὑδὲ
1527 1645 1682 1715 οὗτος
1735 1653 1852 1704 κατ’

248 1749 550 1818 ὲπιὸουλὴν
583 1747 866 1820 δυνάμεως
900 1765 951 1800 τι
987 1747 1256 1810 πείσεται,
1295 1745 1429 1798 ἀλλὰ
1467 1745 1744 1809 πείσεται,
1775 1745 1850 1807 ὼς

251 1840 466 1909 ἔπασχε
493 1840 586 1893 καὶ
605 1840 665 1892 τὸ
706 1841 897 1911 νήπιον
931 1837 991 1891 τὸ
1036 1837 1224 1890 δοκοῦν
1269 1838 1366 1906 οὐχ
1402 1835 1801 1907 ἡμαρτηκέναι.
1829 1855 1845 1884 i

247 1927 374 1983 Εἶθ’
406 1932 648 1996 ὑποϐὰς.
685 1931 844 1984 πάλιν
880 1919 1163 2000 ἐπιφέρει·
1207 1948 1223 1978 ι
1259 1929 1344 1992 Ὠς
1379 1924 1546 1982 οὖντὸ
1583 1931 1773 1998 νήπιον
1790 1929 1848 1980 ού

248 2025 711 2095 προημαρτηκὸς,
748 2024 779 2095 ἢ
807 2023 1047 2094 ἐνεργῶς
1080 2023 1175 2092 μὲν
1200 2023 1296 2092 οὐχ
1327 2021 1646 2094 ἡμαρτηκὸς
1671 2021 1843 2086 οὐδὲν,

246 2117 311 2168 ὲν
351 2117 529 2186 ὲαυτίρ
565 2114 665 2186 [τῷ
703 2115 746 2186 ³]
781 2115 837 2167 δὲ
870 2115 930 2166 τὺ
965 2114 1278 2184 ἁμαρτῆσαι
1320 2112 1476 2182 ἕχον,
1527 2111 1664 2164 ἐπὰν
1717 2114 1848 2164 ὑπο-

244 2207 430 2279 ϐληθῇ
465 2207 542 2278 τῷ
577 2207 786 2271 παθεῖν,
825 2205 1193 2277 εύεργετεῖταί
1227 2221 1286 2256 τε
1313 2247 1325 2267 ,
1364 2203 1534 2256 πολλὰ
1568 2204 1846 2275 κερδαῖνον

243 2298 509 2351 δύσκολα·
559 2299 758 2351 οὑτωσὶ
791 2297 889 2366 δὴ,
925 2295 1025 2348 κᾶν
1059 2295 1263 2356 τέλειος
1313 2292 1479 2362 μηδὲν
1508 2290 1846 2363 ἡμαρτηκὼς

246 2389 403 2458 ἔργῳ
429 2389 586 2458 τύχῃ,
613 2387 796 2458 πάσχῃ
810 2385 864 2438 δὲ
887 2385 977 2438 καὶ
998 2383 1165 2456 πάθῃ,
1182 2381 1345 2435 ταὺτὸ
1370 2381 1565 2434 ἔπαθεν
1591 2380 1846 2452 ἐμφερῶς

246 2481 332 2549 τῷ
367 2480 566 2550 νηπίιρι
595 2479 732 2548 ἔχων
762 2477 859 2548 μὲν
886 2479 943 2529 ὲν
968 2476 1144 2546 ἑαυτῷ
1169 2475 1229 2527 τὸ
1257 2474 1650 2546 ἁμαρτητικὸν,
1680 2475 1846 2544 ἀφορ-

247 2572 364 2642 μὴν
399 2572 456 2623 δὲ
495 2571 629 2642 πρὸς
661 2570 720 2622 τὸ
752 2568 1130 2640 ἡμαρτηκέναι
1169 2567 1243 2638 μὴ
1279 2564 1496 2630 λαϐὼν,
1529 2566 1627 2636 οὐχ
1659 2566 1842 2636 ἡμάρ-

241 2681 433 2716 τανενο
484 2663 613 2715 ὥστ’
659 2665 756 2733 οὐχ
791 2661 941 2732 αύτῷ
974 2661 1034 2714 τὸ
1074 2661 1146 2731 μὴ
1181 2659 1499 2731 ἁμαρτῆσαι
1546 2658 1836 2726 λογιστέον.

257 2759 353 2820 Ὠς
399 2757 510 2828 γὰρ
556 2758 585 2808 ὁ
636 2755 920 2827 μοιχεῦσαι
966 2752 1135 2806 θέλων
1183 2753 1368 2823 μοιχός
1415 2753 1563 2814 ἐστι,
1615 2750 1716 2803 κᾶν
1749 2749 1842 2803 τος,

248 2848 543 2919 μοιχεῦσαι
584 2847 656 2918 μὴ
705 2846 936 2920 ἐπιτύχῃ
962 2887 975 2908 ,
1020 2845 1111 2898 καὶ
1145 2847 1172 2898 ὁ
1207 2845 1426 2916 ποιῆσαι
1477 2844 1636 2912 φόνον
1672 2843 1844 2896 θέλων

242 2939 579 3009 ἀνδροφόνος
605 2939 744 3001 ἐστὶ,
775 2939 877 2990 κᾶν
910 2937 982 3007 μὴ
1008 2936 1233 3007 δύνηται
1259 2935 1537 3004 φονεῦσαι·
1563 2935 1761 2987 οὑτωσὶ
1787 2935 1843 2987 δὲ

243 3033 348 3084 καὶ
381 3031 473 3083 τὸν
497 3032 873 3101 ἀναμάρτητον
896 3030 954 3082 ὃν
987 3029 1149 3096 λέγω,
1188 3028 1280 3081 ἐὰν
1304 3027 1397 3080 ἴδω
1421 3030 1715 3097 πάσχοντα,
1743 3026 1844 3080 κᾶν

247 3122 424 3195 μηδὲν
509 3121 676 3174 κακὸν
703 3119 1020 3191 πεπραχὼς,
1050 3119 1217 3172 κακὸν
1246 3119 1356 3190 ἐρῶ
1378 3118 1453 3188 τῷ
1473 3119 1645 3171 θέλειν
1672 3121 1844 3189 ἁμαρ-

242 3215 457 3266 τάνειν.
487 3211 650 3264 Πάντ⁸
678 3210 788 3282 ἐρῶ
821 3210 930 3281 γὰρ
967 3208 1185 3279 μᾶλλον,
1220 3207 1252 3277 ἢ
1290 3207 1456 3260 κακὸν
1495 3207 1556 3258 τὸ
1597 3211 1843 3278 προνοεῖν

245 3303 387 3374 ἐρῶ.
421 3322 438 3353 ι
484 3298 598 3355 Εἶθ’
633 3301 872 3364 ὑποϐὰς,
909 3301 1142 3371 καὶπερὶ
1177 3299 1270 3352 τοῦ
1305 3297 1512 3368 Κυρίου
1556 3298 1838 3369 ἄντικρυς,
1871 3356 1910 3374 Π

242 3397 329 3460 ὡς
366 3396 494 3466 περί
529 3393 810 3466 ἀνθρώπου
843 3394 1008 3462 λέγει·
1043 3413 1060 3443 ι
1099 3391 1224 3445 Ἐὰν
1262 3391 1480 3463 μέντοι,
1518 3391 1841 3462 παραλιπὼν

241 3485 477 3548 τούτους
513 3485 754 3547 ἅπαντας
789 3485 911 3547 τοὺς
939 3483 1150 3550 λόγους,
1177 3482 1335 3552 ἔλθῃς
1370 3483 1461 3534 ἐπὶ
1486 3483 1546 3535 τὸ
1571 3483 1842 3536 δυσωπεῖν

246 3593 346 3646 με,
381 3575 473 3628 διὰ
507 3575 812 3645 προσώπων
845 3572 1027 3634 τινῶν,
1065 3574 1112 3625 εἰ
1141 3573 1312 3642 τύχοι,
1352 3571 1547 3640 λέγων’
1603 3574 1661 3625 Ὀ
1694 3573 1840 3625 δεῖνα

241 3665 347 3720 οὖν
378 3667 646 3735 ἥμαρτεν,
681 3664 851 3717 ἔπαθε
884 3662 993 3734 γὰρ
1021 3663 1048 3713 ὁ
1073 3663 1238 3716 δεῖναο
1267 3662 1360 3714 ἐὰν
1391 3663 1488 3732 μὲν
1513 3662 1838 3733 ἐπιτρέπῃς,

242 3759 384 3829 ὲρῶο
424 3759 536 3826 Οὐχ
569 3758 782 3826 ἥμαρτε
812 3757 930 3825 μὲν,
955 3757 1137 3825 ὅμοιος
1161 3756 1217 3808 δὲ
1243 3751 1314 3826 ἦν.
1334 3755 1412 3824 τῷ
1445 3753 1708 3824 πάσχοντι
1742 3771 1838 3824 νη-

245 3851 383 3916 πίῳ.
423 3849 485 3900 ΕΞ
538 3848 716 3917 μέντοι
771 3848 1124 3919 σφοδρότερον
1169 3847 1452 3901 έκὸιάσαιο
1499 3846 1591 3898 τὸν
1636 3846 1834 3914 λόγον,

243 3942 382 4015 ἐρῶ,
422 3940 726 4010 ἄνθρωπον,
756 3940 914 3991 ὅντιν’
944 3939 1008 3992 ἂν
1043 3940 1335 4012 ὁνομάσῃς,
1364 3938 1647 4007 ἄνθρωπον
1673 3934 1834 4001 εἶναι,

244 4033 462 4087 δίκαιον
494 4033 550 4086 δὲ
584 4032 673 4083 τὸν
705 4031 836 4083 Θεύν
859 4049 872 4061 ο
911 4031 1180 4099 Καθαρὸς
1225 4032 1332 4100 γὰρ
1374 4029 1606 4096 οὐδεὶς,
1647 4030 1840 4101 ὥσπερ

236 4121 373 4181 εἶπέ
401 4141 505 4186 τις,
540 4122 657 4178 ἀπὸ
681 4123 911 4190 ῥύπου.
950 4141 968 4171 ι

1954 730 2019 784 dc
2049 729 2116 782 iis
2141 727 2231 796 qui
2258 724 2524 795 martyrio
2555 724 2885 794 puniuntur,
2936 717 3023 774 his
3068 717 3249 772 verbis
3302 716 3420 770 haec
3449 716 3538 769 di»—

1953 822 2024 876 cit
2059 839 2072 874 :
2111 839 2129 870 ι
2161 819 2293 872 Dico
2317 817 2487 882 enim,
2517 814 3094 886 quicunqueinciduut
3125 813 3177 866 in
3213 811 3388 866 dictas
3405 806 3539 863 allii»

1954 912 2186 973 ctiones,
2217 907 2406 976 utique
2451 923 2578 961 cum
2635 904 3007 974 imprudentes
3051 903 3103 956 in
3159 901 3261 955 alia
3315 907 3540 969 peccata

1957 1002 2091 1070 lapsi
2122 999 2345 1063 fuerint,
2379 1000 2445 1052 ad
2481 999 2586 1052 hoc
2633 998 2834 1052 bonum
2870 995 3252 1058 deducuntur,
3286 991 3535 1061 benigni-

1945 1105 2066 1148 ‘tate
2101 1092 2222 1162 ejus
2243 1091 2334 1161 qui
2361 1091 2610 1144 adducit.
2642 1087 2748 1142 Sed
2780 1089 3004 1142 omnino
3032 1087 3192 1140 aliam
3215 1083 3288 1139 ob
3317 1097 3536 1138 causam

1957 1185 2010 1239 in
2039 1185 2128 1251 jus
2153 1192 2458 1246 vocantur,
2513 1198 2579 1236 ne
2624 1181 2904 1251 patiantur
2947 1190 3004 1234 ιιι
3036 1179 3248 1248 judicio
3293 1175 3536 1232 damnati

1957 1287 2178 1347 promer
2219 1291 2283 1331 ea
2321 1291 2442 1345 quae
2474 1275 2614 1330 mala
2657 1289 2778 1329 esse
2828 1285 3040 1328 certmn
3091 1281 3214 1337 est;
3270 1285 3446 1338 neque
3479 1279 3540 1324 ut

1958 1367 2102 1422 male
2139 1367 2422 1422 audientes
2448 1368 2672 1438 perinde
2704 1378 2870 1434 atque
2900 1365 3138 1430 adulter,
3185 1363 3271 1418 vel
3301 1361 3537 1418 homici-

1957 1459 2048 1524 da,
2085 1459 2180 1514 sed
2207 1460 2352 1529 quod
2381 1460 2698 1514 sintnatura
2731 1459 3032 1514 Christiani
3078 1476 3092 1512 :
3144 1458 3284 1528 quod
3319 1458 3536 1528 quidem

1954 1566 2050 1606 eos
2082 1552 2152 1605 ita
2189 1552 2482 1617 recreabit,
2514 1562 2666 1607 utne
2715 1554 3008 1608 videantur
3044 1553 3265 1622 quidem
3307 1552 3440 1622 pati.
3475 1548 3534 1604 Si

1957 1658 2083 1698 vero
2112 1643 2164 1696 in
2195 1644 2456 1714 aliquem,
2485 1647 2577 1710 qui
2610 1645 2832 1700 omnino
2873 1661 2978 1699 non
3029 1645 3380 1716 peccaverit,
3411 1658 3536 1712 per-

1955 1735 2234 1807 pessiones
2265 1737 2608 1803 incumbant,
2643 1739 2787 1810 quod
2815 1739 3038 1808 quidem
3074 1746 3158 1792 est
3182 1753 3407 1802 rarum;
3452 1745 3536 1790 ta-

1953 1843 2077 1882 men
2113 1842 2181 1882 ne
2231 1827 2277 1882 is
2307 1828 2528 1898 quidem
2577 1829 2780 1899 aliquid
2828 1831 3098 1899 patietur,
3150 1845 3217 1883 ex
3269 1828 3475 1898 paratis
3504 1842 3533 1880 a

1957 1922 2277 1989 magistratu
2312 1921 2544 1984 insidiis,
2571 1922 2668 1975 sed
2690 1921 2927 1990 patietur
2956 1929 3014 1974 ut
3045 1934 3240 1989 passus
3266 1929 3352 1974 est
3378 1934 3534 1989 puer,

1955 2013 2046 2082 qui
2085 2013 2371 2067 videbatur
2393 2013 2526 2067 nihil
2547 2028 2862 2080 peccasse»
2886 2009 3092 2067 Deinde
3124 2011 3281 2081 paulo
3308 2011 3536 2068 inferius

1954 2107 2230 2175 subjungit
2261 2125 2275 2160 :
2315 2124 2336 2157 ι
2382 2105 2538 2162 Sicut
2567 2121 2700 2176 ergo
2727 2121 2865 2176 puer
2889 2107 2983 2176 qui
3016 2115 3175 2160 antea
3207 2121 3311 2160 non
3336 2119 3534 2174 pecca-

1953 2201 2054 2262 vit,
2089 2209 2179 2252 aut
2208 2205 2330 2253 actu
2359 2200 2578 2269 quidem
2606 2199 2743 2253 nihil
2770 2201 3038 2268 peceavit,
3071 2199 3166 2253 sed
3201 2199 3363 2252 habet
3392 2197 3443 2250 in
3474 2210 3536 2252 se

1952 2290 2212 2360 peccandi
2243 2299 2594 2358 potestatem,
2631 2305 2755 2343 cum
2807 2290 2860 2342 iu
2909 2289 3293 2360 perpessiones
3326 2289 3536 2342 incide-

1955 2383 2046 2446 rit,
2077 2381 2617 2448 amciturbenelicio,
2639 2391 2694 2435 ut
2720 2382 2811 2450 qui
2845 2383 3011 2436 multa
3041 2383 3288 2436 lucretur
3319 2382 3485 2433 ardua
3512 2398 3528 2435 :

1953 2475 2028 2529 ita
2059 2475 2246 2538 etiam,
2277 2475 2320 2529 si
2352 2474 2632 2542 perfectus
2659 2489 2878 2544 quoque
2905 2476 2996 2543 qui
3044 2484 3169 2529 actu
3207 2475 3340 2527 nihil
3389 2474 3530 2527 forte

1952 2571 2284 2640 peccaverit,
2318 2571 2560 2637 patiatur
2587 2579 2637 2624 et
2684 2586 2876 2640 passus
2905 2570 3093 2634 luerit,
3121 2583 3315 2640 passus
3341 2578 3424 2622 est
3452 2569 3530 2623 si-

1952 2659 2156 2714 militer
2183 2669 2345 2728 atque
2370 2675 2526 2729 puer;
2562 2661 2614 2714 in
2647 2675 2707 2714 se
2757 2662 2977 2730 quidem
3027 2662 3233 2714 habens
3270 2661 3528 2730 peccandi

1951 2763 2294 2822 potestatem,
2315 2763 2370 2808 et
2391 2763 2570 2808 tamen
2602 2769 2706 2808 nor.
2736 2765 2962 2823 accepta
2988 2754 3278 2808 occasione
3305 2767 3533 2823 peccan-

1951 2847 2023 2906 di,
2059 2862 2166 2902 non
2200 2847 2447 2916 peccavit
2481 2865 2494 2901 :
2526 2847 2662 2902 adeo
2689 2857 2747 2900 ut
2797 2848 2895 2918 ipsi
2948 2857 3230 2913 acceptum
3285 2848 3531 2904 referen-

1951 2937 2078 2990 dum
2119 2953 2224 2992 non
2255 2938 2349 3002 sit,
2375 2939 2522 3009 quod
2553 2954 2659 2993 non
2695 2941 3029 3009 peccaverit.
3061 2939 3528 3008 Quemadmodum

1950 3030 2094 3083 enim
2125 3029 2215 3097 qui
2251 3029 2362 3083 vult
2409 3029 2736 3084 adulterium
2771 3031 3062 3086 admittere
3085 3075 3099 3097 ,
3157 3041 3242 3086 est
3286 3031 3525 3100 adulter,

1948 3118 2162 3172 etiamsi
2199 3134 2306 3172 non
2339 3127 2710 3188 consequatur
2737 3120 2984 3186 ell'ectus;
3023 3131 3076 3176 et
3103 3120 3267 3192 35o
3291 3122 3382 3192 qui
3412 3123 3530 3176 vult

1950 3211 2153 3264 caedem
2179 3209 2381 3274 facere,
2416 3211 2710 3278 homicida,
2743 3213 2956 3268 etiamsi
3003 3230 3110 3268 non
3160 3214 3334 3284 possit
3373 3215 3522 3269 occi-

1950 3299 2078 3353 dere
2113 3317 2127 3353 :
2167 3300 2244 3354 ita
2275 3301 2439 3354 etiam
2467 3317 2592 3354 eum
2622 3317 2784 3370 quem
2815 3305 2941 3358 dico
2973 3318 3082 3358 non
3128 3318 3391 3373 peccasse
3413 3344 3430 3370 ,
3475 3306 3522 3358 si

1945 3390 2130 3443 videro
2181 3389 2462 3458 quidpiam
2499 3389 2652 3456 pati,
2696 3390 2916 3445 etiamsi
2950 3393 3084 3444 nihil
3139 3391 3272 3454 ntali,
3312 3393 3523 3457 lecerit,

1947 3480 2144 3534 malum
2174 3482 2374 3544 dicam,
2410 3497 2476 3536 eo
2507 3481 2649 3551 quod
2682 3481 2812 3536 velit
2849 3498 3103 3551 peccare.
3127 3484 3354 3549 Quidvis
3379 3485 3525 3538 enim

1941 3569 2116 3623 dicam
2151 3571 2348 3639 potius,
2377 3587 2542 3641 quam
2580 3571 2776 3624 malam
2807 3573 3236 3641 providentiam.
3268 3592 3286 3625 ι
3322 3573 3526 3627 Deinde

1943 3661 2192 3727 inferius,
2228 3674 2416 3731 aperte
2460 3679 2679 3733 quoque
2725 3667 2790 3717 de
2826 3664 3054 3719 Domino
3099 3665 3232 3720 dicit
3263 3675 3520 3734 tanquam

1942 3754 2008 3808 de
2050 3756 2270 3812 homine
2298 3778 2310 3812 :
2343 3756 2485 3810 ι.8ἱιι
2516 3767 2697 3811 autem
2733 3758 2816 3812 his
2858 3758 3109 3812 omnibus
3139 3761 3526 3827 pra'termi.-sis

1941 3848 2160 3901 veneris
2189 3857 2248 3900 ut
2278 3864 2364 3903 me
2395 3847 2935 3917 pudore-confundas
2961 3890 2977 3915 ,
3025 3853 3306 3906 adducens
3339 3863 3524 3905 certas

1944 3954 2224 4007 personas,
2263 3942 2412 3995 verbi
2440 3957 2616 3996 causa
2641 3960 2653 3995 :
2690 3942 2787 3996 llic
2809 3957 2938 4012 ergo
2968 3947 3232 4012 peccavit,
3263 3945 3351 4000 hic
3376 3944 3524 3998 enim

1943 4041 2029 4085 est
2059 4047 2278 4101 passus;
2315 4036 2360 4089 si
2395 4037 2682 4104 pertnittas
2709 4038 2953 4104 quidem,
2982 4039 3159 4092 dicam
3193 4055 3206 4091 :
3246 4037 3360 4090 Non
3389 4054 3520 4106 pec-

1944 4123 2088 4178 cavit
2117 4127 2358 4194 quidem,
2393 4130 2488 4182 sed
2518 4139 2637 4183 erat
2666 4130 2862 4184 similis
2891 4145 3061 4198 puero
3088 4170 3102 4192 ,
3135 4131 3228 4199 qui
3275 4131 3522 4198 patieba-

242 4227 359 4270 tur.
394 4216 576 4270 Sedsi
606 4215 982 4270 vehementius
1013 4228 1229 4284 urgeas,
1277 4215 1491 4280 dicam,
1539 4229 1920 4286 quemcunque
1966 4217 2252 4273 hominem.
2302 4221 2690 4287 nominaveris,
2721 4237 2844 4276 eum
2900 4238 3024 4277 esse
3073 4222 3378 4286 hominem,
3425 4220 3527 4288 ju-

242 4323 394 4368 Stum
437 4323 616 4365 autem
657 4310 824 4364 Deum
865 4329 878 4364 :

918 4307 1115 4362 Nullus
1153 4311 1288 4363 enim
1311 4321 1384 4364 est
1423 4311 1652 4364 mundus
1683 4350 1700 4376 ,
1733 4323 1794 4365 ut
1825 4312 1962 4367 dixit
1990 4314 2285 4384 quispiam,
2323 4333 2354 4369 a
2385 4317 2537 4370 sorde
2570 4317 2610 4371 ’⁵.
2644 4336 2663 4370 ι

243 4451 452 4515 Aliud
469 4450 774 4514 Basilidis
803 4454 1249 4531 fragmentum-
1265 4454 1481 4542 -_-~_E.r
1504 4454 2007 4542 Optigenislibuv
2035 4460 2405 4542 Comment,
2431 4461 2495 4522 in
2536 4449 2738 4542 Epist.
2773 4462 2850 4523 ad
2885 4461 3252 4538 Rom.,cap.
3291 4452 3515 4534 v,iom.

1288 4534 1364 4594 ΙΙ
1397 4551 1545 4612 pag.
1574 4537 1712 4609 530,
1747 4536 1895 4628 σείει.
1931 4538 2309 4600 Basileensis
2343 4541 2517 4602 1571.

324 4659 462 4729 Ego,
496 4657 672 4728 inquit
699 4656 978 4729 (Paulus),
1007 4668 1255 4713 mortuus
1280 4675 1400 4714 sum
1431 4679 1444 4715 :
1485 4660 1652 4729 coepit
1681 4661 1830 4714 enim
1867 4663 1910 4718 D
1940 4667 2076 4747 quit,
2111 4666 2416 4734 Apostolus,
2449 4669 2570 4737 quia
2598 4685 2690 4736 ego
2721 4668 2948 4720 vivebam
2982 4669 3096 4720 siue
3131 4665 3244 4735 lege
3270 4666 3517 4732 aliquau-

247 4754 382 4808 niihi
404 4753 519 4819 jam
550 4753 790 4823 reputari
818 4763 1123 4821 peccatum.
1155 4754 1262 4808 Sed
1289 4754 1404 4808 iure
1435 4754 1698 4808 Basilides
1725 4769 1835 4808 non.

247 4847 546 4902 advertens
576 4846 642 4901 de
670 4847 788 4914 lege
813 4846 1050 4900 naturali
1088 4847 1286 4902 debere
1317 4848 1576 4919 intelligi,
1605 4847 1670 4901 ad
1713 4848 1832 4901 iue-

247 4951 370 5010 ptas
411 4951 468 4995 et
495 4939 693 5009 impias
719 4940 931 4993 fabulas
955 4954 1265 4992 sermonem
1316 4941 1674 5008 apostolicum
1719 4950 1831 4994 tua.

250 5033 350 5095 xit,
385 5034 438 5086 in
467 5032 890 5103 Pythagoricum
919 5033 1115 5102 dogma
1150 5050 1165 5086 :
1197 5033 1248 5086 id
1275 5044 1391 5093 est.
1443 5033 1588 5101 quod
1635 5032 1833 5086 auinue

251 5126 303 5178 in
337 5125 443 5177 alia
491 5134 655 5192 atque
682 5124 786 5176 alia
833 5139 1064 5189 corpora
1123 5122 1574 5175 tt'ansl'ttudantnr
1609 5136 1673 5175 ex
1729 5121 1833 5176 hoc

249 5214 499 5284 Apostoli
548 5216 695 5268 dicto
743 5226 974 5270 conatur
1019 5223 1291 5268 astruere.
1354 5212 1505 5268 Dixit
1538 5216 1704 5278 enim,
1747 5217 1838 5268 iii-

1837 5337 1907 5352 ’ά

1936 4762 2003 4812 do
2035 4774 2053 4811 .'
2085 4762 2183 4814 hoc
2213 4773 2314 4826 est,
2345 4771 2626 4830 antequam
2653 4764 2705 4813 in
2750 4761 2892 4812 istud
2924 4776 3112 4827 corpus
3145 4761 3371 4812 venirem
3398 4799 3413 4823 ,
3463 4759 3519 4810 in

1936 4868 2049 4904 eam
2092 4855 2313 4916 speciem
2350 4855 2589 4922 corporis
2619 4854 2747 4916 vixi,
2801 4868 2912 4918 qua:
2953 4853 3046 4904 sub
3075 4851 3184 4921 lege
3228 4868 3329 4903 nou
3362 4865 3516 4912 esset,

1935 4944 2505 5011 perudisscilicet,uel
2536 4946 2666 4999 avis.
2713 4943 2819 4998 Sed
2864 4960 2972 4996 non
3024 4943 3262 5011 respexit
3311 4944 3375 4994 ad
3422 4943 3520 5009 id,

1935 5036 2079 5104 quod
2107 5037 2379 5106 sequitur,
2405 5035 2456 5090 id
2477 5047 2563 5091 est
2591 5053 2605 5090 :
2637 5034 2741 5090 Sed
2775 5036 2860 5088 ubi
2885 5037 3017 5090 venit
3047 5037 3378 5101 mandatum,
3407 5050 3528 5104 pec-

1936 5139 2111 5180 catum
2145 5129 2331 5183 Levile
2360 5128 2401 5193 ⁸,
2434 5138 2542 5184 etc.

1387 5425 1882 5488 FRAGMENTA
1930 5427 2376 5488 EPIPHANIS.

567 5542 672 5601 Ea:
709 5541 818 5604 lib.
853 5545 938 5606 De
969 5544 1244 5622 Justitia,
1275 5564 1378 5624 ap.
1409 5547 1777 5610 Clementem
1798 5548 2006 5624 Alex.,
2042 5549 2153 5610 lib.
2184 5568 2252 5610 ιιι
2285 5553 2600 5623 5tromat.,
2809 5549 2928 5610 b28
2961 5556 3014 5608 el
3035 5513 3210 5628 seqq.

317 5665 480 5734 Λέγει
515 5660 664 5729 οὗτος
698 5668 756 5718 ὲν
780 5666 855 5736 τῷ
888 5667 1024 5734 Περὶ
1043 5666 1453 5739 δικαιοσύνης,
1488 5673 1585 5745 τὴν
1623 5673 1827 5727 δικαιο-

2007 5673 2056 5728 Is
2098 5670 2443 5742 (Epiphanes)
2472 5672 2602 5728 dicit
2633 5673 2685 5727 ilt
2717 5672 2854 5726 libro
2881 5661 2956 5725 De
2984 5672 3220 5741 justitia,
3249 5671 3520 5739 justitiam
3607 5723 3614 5732 .

319 5807 342 5838 ι
365 5805 532 5876 Lege,
556 5805 711 5861 ἀλλά.
790 5811 808 5838 '
838 5807 1199 5870 Adducam
1278 5812 1294 5840 ³
1328 5780 1452 5866 lii-le.
1487 5812 1625 5867 lumc
1653 5811 1960 5867 articulum.
2041 5811 2058 5839 ⁸
2089 5808 2189 5864 loli
2221 5825 2328 5874 xw,
2361 5809 2413 5863 ll.
2442 5812 2592 5880 juxta
2626 5809 2785 5864 LXX.
2864 5812 2882 5842 ⁸
2917 5810 3072 5866 Itum.
3110 5827 3204 5877 vn,
3237 5812 3292 5868 9.
