3878 6348
153 428 188 482 1
207 427 338 482 273

1424 425 1848 482 FRAGMENTA
1889 425 2254 481 GNOSTICA.

3337 420 3473 478 1274

899 545 1001 606 Er
1032 545 1362 606 Clementis
1379 543 1748 641 'Alera'ndr.
1790 542 1900 606 lib.
1934 563 2002 604 ιιι
2036 545 2297 615 Strom.,
2323 558 2392 619 p.
2425 541 2544 603 ιι50
2561 550 2615 601 et
2643 560 2764 623 seq.

255 647 614 712 υύαλεντῐνος
653 647 709 701 δέ
746 649 802 700 ἐν
830 651 896 718 τῇ
941 648 1076 720 πρὸς
1118 645 1457 715 ’Ᾱγαθόποδα
1494 645 1748 717 ἐπιστολῇ

1962 645 2286 700 Valentinus
2321 655 2502 699 autem
2532 644 2582 698 in
2625 643 2853 714 epistola
2899 643 2965 697 ad
3012 643 3416 714 Agatbopodem
3451 661 3470 700 :

149 743 399 799 Πάντα,
428 745 613 813 φησιν,
649 741 973 812 ὑπομείνας,
1002 739 1278 812 ἐγκρατὴς
1300 735 1388 811 ἦν,
1412 739 1640 811 θεότητα
1679 739 1782 809 Ἰη-

156 834 319 898 σοῦς
353 835 661 905 είργέιζετοσ
723 835 874 904 ἤσθιε
923 834 1017 886 καὶ
1052 832 1234 886 ἔπινεν
1261 831 1426 895 ἰδίως,
1463 832 1562 884 ούκ
1592 831 1780 884 ἀποδι-

149 927 308 990 δοὺς
337 926 410 979 τὰ
450 925 734 999 βρώματα.
765 925 1012 996 Τοσαύτη
1056 927 1112 977 ἐν
1152 923 1300 994 αύτῷ
1329 923 1654 993 ἐγκρατείας
1690 922 1782 976 δύ-

151 1040 374 1092 ναμις.
400 1022 538 1074 ὥστε
568 1023 662 1074 καὶ
707 1022 782 1092 μὴ
821 1020 1095 1092 φθαρῆναι
1129 1019 1227 1090 τὴν
1265 1020 1470 1089 τροφὴν
1518 1019 1574 1069 ὲν
1608 1016 1772 1087 αὐτῷ’

145 1115 168 1162 ἐ
191 1113 305 1166 πελ⁵
343 1111 404 1166 τὸ
436 1111 751 1185 φθείρεσθαι
784 1111 944 1175 αὐτὸς
974 1112 1074 1163 οὐκ
1106 1106 1270 1181 εἶχεν.

1887 735 2022 790 Cum
2061 736 2266 798 omnia,
2311 733 2510 804 inquit,
2542 735 2936 797 sustinuisset,
2983 746 3099 789 erat
3141 736 3471 803 continens,

1886 828 2230 882 divinitatem
2261 825 2366 880 sibi
2419 828 2714 898 acquisivit
2749 828 2909 882 Jesus
2945 847 2958 881 :
3016 828 3214 883 edebat
3239 840 3294 882 et
3321 829 3472 882 bibe-

1883 922 1975 976 bat
2008 921 2266 991 peculiari
2305 923 2503 985 modo,
2555 938 2662 975 non
2714 923 2948 976 reddens
2990 925 3164 976 cibos.
3197 923 3372 976 Tanta
3417 921 3467 976 ei

1883 1015 2060 1070 inerat
2088 1017 2172 1068 vis
2205 1017 2577 1076 continentim,
2613 1024 2668 1070 ut
2697 1015 2863 1069 etiam
2899 1015 3007 1070 cibi
3048 1015 3098 1067 in
3127 1031 3191 1068 eo
3221 1015 3470 1083 corrupti

1881 1123 1985 1162 non
2022 1107 2247 1172 fuerint,
2276 1106 2535 1176 quoniam
2574 1105 2691 1176 ipse
2719 1107 3058 1175 corruptioui
3097 1119 3205 1159 non
3239 1103 3337 1158 fuit
3365 1105 3467 1158 ob-

1885 1213 2104 1253 IIOXIUS.

342 1316 727 1393 Fragmenta
753 1312 1160 1377 homiliarum
1201 1311 1518 1375 Valentini
1549 1333 1626 1374 ex
1648 1312 1983 1375 Clementis
2013 1313 2441 1375 Alexandrini
2475 1311 2582 1374 lib.
2604 1331 2667 1372 tv
2685 1314 3013 1381 Stromat.,
3045 1328 3112 1388 ρ.
3141 1312 3282 1373 509.

237 1414 609 1478 Οὐαλεντῖνος
637 1415 714 1479 δὲ,
748 1415 803 1468 ἕν
834 1432 939 1468 τινι
967 1415 1174 1486 ὁμιλίᾳ,
1207 1413 1349 1468 κατὰ
1382 1413 1524 1478 λέξιν
1554 1415 1774 1486 γράψει’

154 1509 232 1562 ’Δ
245 1509 309 1563 π’
328 1511 364 1562 ἁ
373 1510 511 1581 ρχῆς
528 1509 782 1564 ἀθάνατοί
795 1512 916 1563 ἐστε
927 1551 940 1573 ,
953 1511 1048 1564 καὶ
1061 1508 1223 1564 τέκνα
1238 1509 1383 1580 ζωῆς
1399 1511 1518 1562 ἐστε
1531 1509 1778 1572 αἰωνίας⁸

141 1603 264 1654 καὶ
296 1602 398 1654 τὸν
428 1602 657 1656 θάνατον
683 1601 905 1672 ἠθέλετε
946 1601 1275 1674 μερίσασθαι
1295 1604 1374 1666 εἰς
1404 1602 1658 1664 ἑαυτοὺς,
1688 1601 1775 1654 ’ίνα

138 1692 532 1764 δαπανήσητε
575 1693 736 1746 αὑτὸν
758 1734 773 1757 ,
813 1694 907 1746 καὶ
943 1692 1292 1764 ἀναλώσητε,
1326 1693 1420 1746 καὶ
1456 1690 1704 1765 ἀποθάνῃ
1745 1692 1774 1744 ὁ

140 1785 411 1849 Θάνατος
446 1789 501 1839 ἐν
528 1787 676 1859 ὑμῖν,
705 1788 798 1839 καὶ
820 1786 886 1840 δι’
919 1787 1092 1857 ὑμῶν’
1133 1787 1260 1841 ὅταν
1287 1787 1396 1859 γὰρ
1422 1787 1512 1839 τὸν
1544 1787 1642 1858 μὲν
1681 1787 1773 1840 κό-

142 1895 309 1947 σμον
340 1879 532 1949 λύητε,
563 1880 720 1949 ὑμεῖς
753 1878 807 1931 δὲ
838 1879 912 1950 μὴ
947 1878 1318 1950 καταλύησθε,
1355 1879 1638 1951 κυριεύετε
1671 1881 1770 1951 τῆς

140 1972 412 2035 κτίσεως
448 1973 541 2024 καὶ
574 1971 670 2042 τῆς
701 1970 907 2042 φθορᾶς
933 1971 1176 2040 ἁπάσης.

1958 1414 2276 1470 Valentinus
2305 1430 2482 1469 autem
2526 1414 2578 1468 in
2627 1415 2860 1482 quadam
2902 1413 3121 1467 bomilia
3155 1412 3347 1466 scribit
3381 1411 3467 1466 his

1881 1510 2064 1564 verbis
2096 1529 2109 1564 ε
2153 1510 2236 1564 Ab
2263 1509 2423 1564 initio
2449 1509 2587 1563 estis
2617 1509 2974 1573 immortales,
3011 1520 3066 1562 et
3094 1509 3188 1561 lilii
3218 1508 3354 1562 estis
3386 1507 3464 1560 vi-

1882 1611 1949 1654 ta:
1981 1611 2205 1656 aeterna:
2235 1620 2248 1656 :
2275 1611 2331 1656 et
2370 1611 2605 1656 mortem
2646 1601 2801 1654 vobis
2833 1601 3143 1656 adsciscere
3172 1600 3421 1654 voluistis
3447 1639 3464 1662 .

1879 1705 1936 1748 ιιι
1966 1709 2088 1750 eam
2125 1694 2553 1758 consumeretis,
2585 1703 2641 1748 et
2670 1695 2992 1758 abolet'etis,
3024 1704 3078 1748 et
3109 1710 3258 1747 mors
3282 1696 3332 1748 in
3377 1711 3465 1745 vo-

1879 1788 1962 1842 bis
1991 1795 2314 1853 moreretur,
2359 1797 2416 1841 et
2456 1801 2555 1856 per
2595 1802 2712 1842 vos.
2748 1787 2982 1852 Quando
3007 1788 3152 1842 enim
3197 1789 3460 1842 mundum

1876 1879 2096 1950 quidem
2130 1879 2364 1944 solvitis,
2389 1895 2487 1934 vos
2518 1890 2700 1934 autem
2728 1897 2832 1934 non
2867 1881 3264 1946 dissolvimitti;
3292 1880 3464 1935 iures

1875 1981 2092 2027 creatas
2116 1985 2446 2041 omnemque
2468 1973 2838 2043 corruptelam
2871 1973 3252 2027 dominamini.

1557 2069 1640 2129 Et
1667 2066 1865 2146 paulo
1892 2074 2064 2147 post.

225 2171 384 2240 Περὶ
412 2171 605 2224 τούτου
630 2169 723 2224 τοῦ
759 2170 894 2225 Θεοῦ
927 2174 1112 2225 ἐκεῖνα
1157 2173 1454 2226 αἰνίττεται
1478 2212 1492 2235 ,
1537 2172 1750 2243 γράφωι

1943 2171 2020 2226 De
2052 2171 2155 2227 hoc
2185 2171 2296 2226 Deo
2321 2170 2608 2239 (creatore)
2643 2172 2714 2224 ita
2756 2171 2920 2224 tacite
2953 2169 3130 2222 innuit
3153 2209 3167 2230 ,
3209 2167 3462 2222 scribens

137 2265 358 2326 αὐταῖς
387 2260 616 2326 λέξεσιν·
657 2262 884 2316 Ὀπὸσον
914 2262 1150 2316 ἐλάττων
1177 2265 1208 2334 ἡ
1244 2262 1405 2316 εἰκὼν
1439 2262 1532 2316 τοῦ
1567 2260 1770 2327 ζῶντος

140 2353 496 2426 προσώπου,
519 2354 770 2408 τοσοῦτον
800 2355 983 2425 ἥσσων
1009 2356 1037 2407 ὁ
1072 2355 1278 2426 κόσμος
1303 2355 1398 2409 τοῦ
1425 2353 1622 2419 ζῶντος
1646 2353 1771 2409 αίῶ-

137 2463 269 2508 νος.
337 2446 437 2509 Τίς
489 2440 580 2500 οὖν
630 2448 777 2501 αἰτία
817 2449 918 2518 τῆς
970 2448 1213 2512 είκὸνοςς
1273 2447 1631 2518 μεγαλωσύνη
1671 2445 1768 2501 τοῦ

139 2541 504 2610 προσώπου,
541 2541 964 2612 παρεσχημένου
998 2541 1076 2612 τῷ
1116 2541 1392 2613 ζωγράφῳ
1429 2542 1521 2595 τὸν
1564 2542 1764 2609 τύπον,

139 2634 242 2687 ἶνα
274 2634 491 2704 τιμηθῇ
525 2635 591 2688 δι’
613 2636 874 2706 ὀνόματος
892 2637 1078 2690 αὐτοῦ’
1097 2638 1158 2690 ού
1191 2637 1300 2707 γὰρ
1329 2637 1657 2701 αύθεντικῶς
1682 2639 1767 2693 εὐ·

145 2725 299 2794 ρέθη
336 2726 544 2796 μορφὴ,
580 2725 714 2779 ἀλλὰ
738 2727 797 2778 τὸ
818 2726 990 2798 ὄνομα
1019 2725 1344 2798 ἐπλήρωσαν
1371 2728 1432 2780 τὸ
1459 2729 1764 2800 ὑστερῆσαν

140 2819 207 2870 ἐν
258 2817 488 2870 πλάσει.
528 2818 785 2889 Συνεργεῖ
811 2818 982 2872 δὲκαὶ
1026 2819 1088 2872 τὸ
1121 2819 1214 2872 τοῦ
1239 2819 1376 2872 Θεοῦ
1411 2820 1641 2890 ἀόρατον
1681 2825 1761 2886 είς

143 2910 353 2962 πίστιν
386 2909 483 2962 τοῦ
513 2909 920 2980 πεπλασμένον.

1874 2263 1960 2318 his
1983 2263 2166 2320 verbis
2197 2281 2211 2317 :
2245 2264 2364 2330 Quo
2398 2262 2576 2316 minor
2601 2272 2686 2316 est
2716 2262 2896 2331 imago
2935 2261 3052 2314 viva
3083 2259 3243 2323 facie,
3269 2274 3334 2314 eo
3358 2260 3460 2313 mi-

1873 2373 1976 2410 nor
2007 2367 2090 2410 est
2121 2356 2356 2410 mundus
2382 2356 2508 2409 vivo
2529 2353 2724 2408 Eone.
2749 2354 3009 2419 Quaenam
3038 2363 3123 2408 est
3144 2369 3275 2423 ergo
3291 2368 3455 2407 causa

1873 2448 2165 2512 imaginis?
2199 2447 2357 2503 faciei
2391 2449 2670 2518 maiestas,
2699 2463 2821 2516 qua:
2859 2447 3054 2515 pictori
3088 2448 3332 2516 speciem'
3356 2461 3456 2502 ex-

1873 2543 2073 2602 hibuit.
2112 2554 2167 2596 ut
2196 2558 2293 2612 per
2323 2542 2441 2611 ejus
2481 2556 2678 2594 nomen
2725 2541 3117 2595 bouoraretur.
3152 2540 3268 2594 Non
3305 2541 3451 2594 enim

1871 2653 1930 2690 se
1957 2641 2347 2690 velutauctore
2370 2633 2540 2687 forma
2565 2633 2665 2686 fuit
2695 2633 2912 2686 inventa
2933 2650 2946 2694 ;
2970 2631 3062 2686 sed
3091 2632 3454 2701 impleverant

1870 2741 2093 2784 nomen.
2118 2725 2265 2794 quod
2299 2723 2352 2778 in
2387 2725 2668 2778 creatione
2712 2732 2831 2775 erat
2879 2722 3280 2790 imperfectum.
3307 2723 3452 2777 Con-

1871 2818 1977 2872 fert
2004 2827 2186 2870 autem
2217 2818 2283 2870 ad
2319 2817 2478 2870 [idem
2510 2815 2629 2884 ejus
2661 2814 2804 2883 quod
2829 2815 3108 2869 conditum
3139 2825 3250 2878 est,
3280 2815 3448 2868 etiam

1867 2909 2140 2964 invisibile
2171 2908 2288 2964 Dei.

1641 3005 1798 3083 Pag.
1837 3005 1977 3064 eti.

228 3102 381 3173 Ἤδη
408 3101 467 3155 δὲ
488 3103 581 3157 καὶ
609 3103 718 3156 τῶν
745 3105 840 3176 τὴν
867 3105 1152 3175 κοινότητα
1178 3105 1587 3177 πρεσϐευόντων
1617 3108 1645 3158 ὁ
1670 3125 1759 3161 κο-

145 3196 398 3262 ρυφαίος
435 3193 806 3258 Οὐαλεντῖνος,
844 3197 904 3246 ἐν
935 3197 1002 3265 τῇ
1034 3195 1162 3265 περὶ
1205 3195 1374 3263 φίλων
1403 3195 1588 3266 ὁμιλίᾳ
1619 3196 1759 3250 κατὰ

143 3285 308 3352 λέξιν
343 3284 570 3355 γράφει·
616 3285 796 3339 Πολλὰ
835 3286 945 3340 τῶν
978 3287 1376 3358 γεγραμμένων
1409 3289 1467 3340 ὲν
1505 3290 1625 3352 ταῖς
1666 3288 1760 3360 δη-

148 3375 381 3446 μοσίοις
425 3374 662 3444 βίϐλοις,
697 3377 1013 3448 εὑρίσκεται
1053 3377 1416 3448 γεγραμμένα
1447 3381 1503 3431 ἐν
1528 3382 1594 3448 τῇ
1638 3380 1759 3433 Ἐκ-

145 3466 365 3538 κλησίᾳ
391 3467 487 3521 τοῦ
524 3466 677 3521 Θεοῦ.
725 3468 806 3522 Τὰ
844 3469 953 3542 γὰρ
995 3470 1127 3524 κενὰ
1171 3470 1342 3524 ταύτά
1385 3472 1502 3524 ἐστι
1540 3471 1609 3525 τὰ
1649 3472 1758 3525 ἀπὸ

143 3559 396 3629 καρδίας
428 3559 662 3630 ῥήματα’
699 3561 883 3630 Νόμος
917 3563 946 3614 ὁ
968 3561 1213 3632 γραπτὸς
1248 3562 1306 3614 ἐν
1333 3561 1566 3634 καρδίᾳ,
1601 3557 1756 3629 οὗτός

142 3651 309 3704 ἐστιν
337 3651 369 3702 ὁ
398 3648 526 3712 λαὸς
553 3651 629 3719 (2)
659 3652 688 3703 ὁ
713 3650 806 3704 τοῦ
834 3651 1216 3722 ἠγαπημένον,
1241 3652 1269 3704 ὁ
1305 3651 1459 3720 φιλού
1469 3670 1627 3723 μενος
1661 3656 1757 3710 καὶ

145 3763 180 3812 ιι,
191 3741 330 3795 ιλῶν
374 3743 560 3796 αὐτόν.

1933 3103 2235 3178 35418ηι
2269 3120 2398 3159 vero
2433 3120 2624 3159 eorum
2649 3118 2868 3173 quoque
2891 3102 2982 3172 qui
3004 3104 3440 3158 conununionem

1865 3199 2150 3261 imlucunl,
2173 3207 2222 3250 et
2243 3197 2648 3258 commendant,
2671 3197 2922 3265 princeps
2944 3194 3282 3258 Valentinus,
3301 3196 3354 3248 in
3381 3210 3446 3246 ea

1862 3305 1985 3359 qua:
2031 3299 2114 3342 est
2159 3290 2224 3344 de
2277 3290 2469 3344 amicis
2503 3289 2762 3356 homilia,
2817 3289 3010 3344 scribit
3051 3289 3118 3342 ad
3164 3289 3392 3342 verbum
3431 3310 3442 3343 :

1864 3380 2029 3436 Multa
2063 3398 2128 3436 ex
2159 3383 2247 3444 iis,
2279 3396 2400 3450 qua:
2423 3381 2627 3450 scripta
2651 3391 2778 3435 sunt
2817 3381 2868 3434 in
2898 3381 3051 3434 libris
3077 3381 3328 3450 publicis,
3361 3380 3442 3432 in-

1867 3474 2160 3527 veniuntur
2206 3474 2413 3542 scripta
2467 3470 2519 3524 in
2550 3469 2644 3526 Dei
2681 3473 2941 3525 Ecclesia.
2989 3470 3113 3526 llaec
3141 3472 3284 3524 enim
3319 3481 3445 3526 sunt

1861 3565 2064 3628 inania,
2097 3579 2219 3632 qum
2243 3579 2270 3617 a
2299 3565 2462 3618 corde
2490 3563 2919 3634 proﬁciscuntur
2949 3564 3112 3616 verba
3139 3580 3152 3616 :
3189 3563 3297 3616 Lex
3324 3579 3446 3631 quae

1860 3659 1914 3712 in
1941 3659 2108 3712 corde
2133 3660 2334 3727 scripta
2363 3667 2469 3721 est,
2498 3671 2561 3711 ea
2586 3667 2670 3713 est
2695 3656 2924 3728 pepulus
2951 3656 3161 3721 dilecti,
3189 3656 3278 3724 qui
3307 3653 3446 3709 dili-

1767 3750 1780 3764 ’
1859 3752 2030 3819 gitur,
2059 3763 2112 3806 et
2142 3752 2315 3820 ipsum
2341 3751 2536 3821 diligit.

152 3854 488 3916 Valentini
527 3857 916 3927 dissertatio,
950 3857 1022 3917 de
1059 3855 1207 3916 mali
1237 3858 1503 3933 origine,
1530 3879 1566 3917 a
1610 3859 1685 3920 cl.
1736 3861 1972 3922 Grabio
2006 3865 2331 3933 recognita
2374 3874 2428 3924 et
2464 3863 2781 3924 emendato
2826 3883 2903 3921 ex
2941 3860 3299 3923 Bodleiantz
3347 3859 3440 3922 bi-

463 3933 782 3996 bliothccw
813 3935 992 3996 codd.
1033 3955 1176 3997 mss.
1207 3936 1452 3996 duobus
1504 3939 1659 3998 ευιυ
1688 3950 1738 3999 ct
1766 3941 1946 4015 258’s,
1979 3933 2282 4021 Spioileg.
2319 3944 2537 4004 lueret.
2566 3944 2716 4003 Sac.
2749 3961 2818 4014 ιι,
2853 3960 2997 4020 pag.
3029 3943 3127 4003 55.

706 4042 798 4102 Ex
830 4042 1096 4118 Dialogo
1128 4049 1347 4102 contra
1382 4043 1818 4115 Marcionilas,
1853 4045 2120 4124 Origeni
2151 4046 2446 4124 ascripta,
2487 4054 2640 4108 sect.
2673 4047 2708 4106 ιι
2741 4046 2880 4108 init.

224 4136 303 4193 Εὖ
325 4139 691 4193 διατεθεῖσθαι
723 4141 982 4209 νομίζων,
1013 4141 1105 4193 ἐπί
1128 4141 1228 4212 τὴν
1253 4141 1430 4194 οἰκίαν
1451 4142 1750 4214 ἀνεχώρουν

1933 4146 2067 4200 Cum
2100 4165 2185 4202 me
2219 4147 2354 4200 bene
2386 4147 2586 4200 habere
2610 4147 3007 4208 existimarem,
3043 4145 3108 4198 ad
3135 4162 3308 4199 meam
3335 4145 3415 4199 dos

145 4237 248 4306 τὴν
287 4237 452 4306 ἐμήν.
483 4237 559 4306 Τῇ
595 4235 648 4289 δέ
687 4234 936 4306 ἐπιούσῃ,
975 4235 1220 4288 τουτέστι
1258 4237 1518 4307 σήμερον,
1559 4235 1750 4302 ἐλθὼν,

147 4329 348 4401 ἑώρων
370 4327 465 4380 δύο
484 4327 636 4392 τινὰς
670 4330 950 4399 ὁμογενεῖς
973 4367 986 4386 .
1015 4327 1339 4398 ἀνθρώπους
1373 4329 1516 4398 λέγω
1544 4328 1606 4400 δὴ
1639 4330 1753 4384 δια-

147 4420 648 4492 πληκτιζομένους,
676 4422 770 4473 καὶ
792 4419 1234 4492 λοιδορουμένους
1267 4420 1538 4492 ἀλλήλοις,
1567 4422 1651 4474 ’ἐτε
1663 4439 1753 4492 ρον

151 4515 297 4585 πρὸς
328 4513 426 4566 τὸν
460 4513 683 4584 ἕτερον,
717 4513 800 4584 ἡδ’
836 4510 901 4568 αὖ
948 4515 1109 4568 πάλιν
1148 4512 1584 4585 ἀμφαιματῶσαι
1627 4532 1749 4567 πει-

153 4607 409 4677 ρώμενον
450 4606 542 4659 τὸν
583 4606 827 4678 πλησίον.
870 4605 1009 4677 Ἤδη
1041 4606 1099 4660 δέ
1138 4624 1284 4670 τινες
1326 4606 1421 4659 καὶ
1474 4606 1751 4678 δεινότερα

148 4701 363 4770 τολμᾷν
397 4699 646 4770 ἤρχοντο·
692 4697 750 4762 ὃς
789 4698 886 4769 μὲν
914 4698 1023 4770 γὰρ
1063 4697 1257 4750 ἕσκυλε
1292 4697 1518 4769 νεκρὸν,
1555 4697 1648 4750 καὶ
1688 4695 1749 4750 τὸ

149 4791 360 4864 κρυδὲν
384 4792 487 4862 ἥδη
521 4789 679 4862 σῶμα
703 4792 768 4861 τῇ
797 4792 866 4862 γῇ
890 4833 904 4856 ,
935 4791 1096 4844 πάλιν
1125 4791 1396 4843 ἐδείκνυεν
1442 4790 1578 4861 ἡλίῳ
1605 4830 1619 4854 ,
1654 4789 1748 4843 καὶ

149 4888 252 4957 τὴν
284 4885 482 4956 ὁμοίαν
511 4884 683 4948 οὕτως
716 4882 998 4954 ἐνύϐριζεν
1037 4886 1222 4939 είκὸνα
1245 4926 1259 4950 ,
1304 4884 1468 4955 βορὰν
1495 4884 1621 4936 κυσὶ⁴
1648 4900 1747 4936 κα-

148 4983 402 5036 ταλιπων
433 4980 524 5034 τὸν
567 4981 778 5052 νεκρόν·
818 4980 877 5033 τὸ
925 4979 981 5033 δὲ
1017 4977 1168 5049 ξίφος
1209 4979 1476 5051 ἐγύμνου,
1518 4979 1612 5032 καὶ
1655 4978 1748 5032 ἐπὶ

149 5073 242 5126 τὸν
273 5075 462 5144 ὅμοιον
504 5073 789 5144 ἄνθρωπον
833 5071 1048 5142 ἐχώρει.
1085 5072 1198 5126 Καὶ
1235 5072 1263 5123 ὁ
1320 5072 1418 5143 μέν
1454 5074 1599 5142 φυγῇ
1643 5071 1745 5143 τὴν

153 5167 439 5238 σωτηρίαν
474 5167 715 5236 πορίζειν
760 5165 968 5237 ἤθελεν,
995 5167 1021 5217 ὁ
1049 5166 1103 5218 δέ
1128 5163 1342 5218 διώκειν
1368 5166 1467 5219 οὐκ
1491 5164 1758 5225 ἐπαύετο,

150 5259 275 5316 οὐδὲ
310 5258 405 5311 τοῦ
433 5257 607 5328 θυμοῦ
639 5260 859 5328 κρατεῖν
896 5257 1074 5328 ἦθελε.
1113 5258 1222 5310 Καὶ
1265 5257 1317 5310 τί
1355 5257 1434 5310 δεῖ
1472 5257 1633 5310 πλέον
1663 5255 1747 5308 λέ-

377 5409 421 5441 ¹⁵
469 5409 562 5462 Sc.
599 5410 773 5462 virum
806 5417 1097 5478 cognatum
1149 5407 1526 5478 superstitem.

226 5554 305 5624 (ἓ)
343 5550 743 5624 Existimatd.
780 5549 1018 5624 Grabius
1051 5559 1113 5624 ﬁt.
1168 5551 1204 5605 ll
1253 5550 1524 5619 Spicilegii
1550 5549 1746 5624 frtem.

153 5620 295 5679 nec.
348 5641 411 5690 ιι,
460 5639 585 5691 pag.
616 5622 705 5685 ει,
747 5637 848 5690 pro
877 5620 1006 5684 λαὸς
1050 5623 1338 5690 legendum
1388 5634 1508 5675 esse
1549 5620 1706 5688 λόγος
1733 5661 1747 5682 ,

154 5695 298 5764 quod
334 5693 620 5760 explicare
643 5694 845 5764 satagit
876 5707 942 5746 et
973 5691 1187 5761 Eclogis
1209 5692 1532 5764 propheticis
1568 5693 1751 5764 [alen-

159 5761 498 5817 Iiuianorum
526 5767 668 5830 apud
690 5761 1026 5818 Clementem
1053 5779 1172 5833 pag.
1199 5762 1321 5815 809.
1345 5761 1449 5816 col.
1474 5763 1494 5815 1
1529 5780 1540 5812 :
1567 5761 1749 5831 Νόμος

159 5836 251 5889 καὶ
283 5835 445 5900 λόγος
477 5835 632 5896 sine;
657 5839 685 5886 ὁ
713 5834 904 5902 Σωτὴρ
927 5835 1176 5898 λέγεται,
1214 5833 1288 5892 ώς
1317 5833 1518 5900 Πέτρος
1555 5834 1612 5883 ὲν
1654 5850 1747 5900 κη-

166 5905 409 5975 ούγματι
468 5903 575 5958 Lex
615 5916 660 5958 et
701 5905 904 5961 verbum
935 5907 1041 5961 inse
1069 5903 1320 5959 Salvator
1351 5904 1568 5972 dicitur,
1613 5913 1748 5958 sicut

1862 4256 2010 4295 mum
2033 4255 2152 4293 sum
2182 4255 2454 4294 reversus.
2483 4239 2712 4294 Postero
2736 4254 2868 4294 vero
2905 4238 3014 4300 die,
3045 4239 3097 4291 id
3131 4250 3218 4294 est
3253 4239 3439 4304 hodie,

1862 4348 1985 4386 cttnt
2017 4332 2311 4396 venissem,
2345 4331 2478 4385 duos
2507 4340 2786 4400 cognatos,
2819 4331 2995 4393 viros,
3031 4329 3275 4400 inquam,
3320 4331 3432 4384 viui

1860 4423 2256 4494 digladiautcs,
2309 4431 2362 4477 et
2391 4422 2596 4475 iuutuis
2628 4436 2687 4476 se
2720 4422 2989 4476 conviciis
3023 4421 3439 4492 proscindeutes

1861 4517 2118 4580 invicem,
2169 4525 2332 4585 atque
2363 4515 2530 4569 etiam
2573 4528 2766 4568 rursus
2793 4523 3083 4582 utrumque
3125 4514 3436 4582 proximum

1861 4622 2015 4662 suum
2058 4618 2385 4670 cruentare,
2435 4618 2490 4661 et
2539 4605 2817 4660 trucidare
2873 4616 3186 4660 conantem.
3239 4603 3434 4660 Postea

1858 4701 2022 4754 etiam
2065 4699 2152 4753 alii
2199 4701 2479 4754 atrociora
2529 4699 2612 4753 bis
2641 4699 2845 4752 audere
2870 4708 3181 4765 cmperant;
3211 4697 3436 4766 quidam

1856 4792 2003 4846 enim
2055 4791 2293 4846 vexabat
2345 4801 2654 4851 mortuum.
2711 4799 2763 4844 ct
2812 4789 3090 4844 conditum
3131 4789 3244 4859 jam
3291 4799 3436 4842 terra

1857 4897 2054 4954 corpus
2086 4899 2276 4938 rursus
2311 4883 2413 4939 soli
2449 4882 2778 4952 exponebat,
2823 4891 2880 4935 et
2907 4880 3144 4935 similem
3193 4879 3294 4933 sibi
3323 4879 3438 4932 elli-

1857 4977 1998 5046 giem
2024 4977 2162 5033 adeo
2189 4976 2589 5033 contumeliose
2613 4973 2907 5035 tractabat,
2943 4986 3000 5028 ut
3031 4982 3306 5026 mortuum
3343 4988 3440 5025 ca-

1855 5068 2014 5124 nibus
2043 5085 2226 5123 escam
2259 5070 2615 5139 relinqueret.
2647 5069 2782 5123 Tum
2815 5083 2945 5120 vero
2985 5065 3224 5134 gladium
3255 5063 3428 5116 strin~

1855 5177 2007 5231 geus,
2038 5162 2202 5215 etiam
2240 5162 2290 5217 in
2328 5164 2562 5218 alterum
2596 5162 2830 5218 similem
2873 5161 2914 5192 ¹⁵
2952 5160 3224 5214 hominem
3259 5157 3434 5210 irrue-

1855 5257 1969 5312 bat.
2001 5259 2179 5326 Atque
2226 5257 2316 5312 hic
2363 5258 2584 5328 quidem
2633 5258 2756 5327 fuga
2790 5253 2952 5329 saluti
2988 5266 3098 5305 sua:
3143 5247 3434 5323 cousplero

1860 5545 2051 5605 Petrus
2076 5551 2130 5604 in
2164 5550 2548 5618 pra'ilicatione
2578 5551 2676 5604 ait.
2711 5549 2815 5603 Sed
2839 5562 3031 5603 vereor
3063 5558 3115 5600 ut
3141 5547 3268 5618 lucc
3299 5562 3432 5618 eone

1851 5621 2067 5691 jectura
2097 5614 2220 5676 aliis
2252 5623 2385 5676 satis
2427 5624 2579 5674 lirma
2610 5620 2883 5683 videatur,
2915 5620 3111 5688 quibus
3139 5616 3266 5691 λαός
3297 5614 3430 5672 tiihil

1859 5690 2267 5747 incommodum
2297 5691 2388 5746 hic
2419 5701 2599 5746 sonat.
2634 5693 2840 5745 Sensus
2871 5691 3014 5742 enim
3045 5703 3168 5742 esse
3192 5690 3430 5750 videtur,

1857 5779 1951 5816 cos
1985 5766 2075 5826 qui
2113 5763 2280 5832 legem
2318 5765 2370 5816 in
2401 5764 2558 5819 τοιάδ
2587 5761 2844 5833 scriptam
2873 5770 3089 5832 gerunt,
3117 5774 3237 5814 esse
3269 5771 3434 5828 popuv

1856 5835 1962 5889 lum
1995 5834 2197 5902 dilecti,
2231 5844 2339 5889 etc.
