3878 6348
459 357 599 415 1275

1382 351 1724 409 APPENDIX
1769 349 1858 405 AD
1897 348 2059 417 QUIN

2173 349 2214 402 Ε
2257 344 2510 403 ΙΒΕΝᾸΖΙ
2554 341 2819 398 LIBROS.
3555 305 3557 308 l
3593 340 3688 395 tea

456 472 667 528 volebat
694 489 710 539 ;
744 472 831 526 ille
858 487 986 527 vero
1015 488 1120 528 non
1155 471 1369 527 destitit
1394 474 1669 542 persequi,
1700 484 1876 538 neque
1905 469 2039 524 iratn

2164 483 2292 534 raw;
2326 466 2440 520 ἀλλ’
2472 466 2554 518 ὅτι
2584 465 2840 534 χωρήσας
2871 459 2956 512 ἐπ’
2995 457 3152 512 αὐτὸν
3186 456 3398 519 εὐθέως
3440 454 3609 509 ἔπαισε
3639 460 3690 528 τῷ

460 567 762 636 reprimere
814 565 1008 620 voluit.
1061 566 1126 620 Et
1173 565 1304 635 quid
1349 566 1596 636 plttribus
1628 582 1765 634 opus
1796 565 1922 620 est?
1962 564 2029 617 ir-

457 674 627 714 ruens
653 660 707 713 itt
744 658 936 726 illum,
990 659 1172 728 gladio
1203 659 1389 713 statim
1437 660 1710 728 percussit
1744 677 1757 713 :
1796 659 1886 712 ille
1916 672 2044 712 vero

455 754 687 824 supplex
730 751 909 807 tactus
939 753 1194 825 proximo
1227 769 1327 808 suo
1361 769 1558 809 manus
1603 753 1884 823 supplices
1917 767 2046 823 pro-

460 845 744 910 tendebat,
795 861 1064 915 suamque
1106 853 1312 900 vestem
1339 843 1473 900 dare
1502 845 1755 899 volebat:
1792 845 2048 900 obsecra-

459 937 554 991 bat
591 945 803 992 tantum
833 938 1002 993 vitam
1029 938 1131 992 sibi
1165 939 1511 994 concederet.
1546 936 1747 992 Verum
1787 937 1876 992 ille
1910 936 2044 991 iram

460 1044 568 1081 non
615 1027 938 1100 frangebat,
994 1045 1096 1084 nec
1141 1028 1524 1085 misericordia
1556 1030 1880 1098 tangebatur
1919 1044 2045 1100 erga

459 1130 754 1192 cognatum
784 1137 800 1177 :
834 1138 1010 1194 neque
1034 1126 1275 1193 seipsum
1306 1123 1359 1177 in
1389 1123 1627 1192 imagine
1654 1121 1799 1176 illius
1829 1121 2048 1178 volebat

459 1215 844 1285 contemplari,
908 1214 1003 1270 sed
1059 1215 1206 1270 velut
1245 1215 1508 1269 immanis
1536 1213 1716 1270 bellua
1747 1213 1928 1284 gladio
1956 1214 2052 1270 dc-

466 1305 772 1360 vorandum
803 1307 1262 1375 aggrediebatnr:
1289 1305 1515 1376 jamque
1551 1321 1752 1377 corpus
1777 1305 1896 1375 ejus
1916 1322 2050 1362 con-

469 1396 634 1449 simili
673 1396 908 1452 addebat
939 1397 1159 1467 corpori
1196 1415 1210 1452 :
1247 1404 1428 1452 tantus
1453 1406 1575 1452 erat
1600 1396 1753 1451 furor
1797 1395 1937 1464 ejus.
1979 1397 2052 1452 At

463 1497 587 1541 erat
619 1488 709 1542 bic
740 1488 927 1542 videre
966 1487 1120 1540 illum
1155 1489 1354 1557 injuste
1376 1502 1698 1557 Oppressum
1724 1528 1738 1553 ,
1777 1488 1918 1543 hunc
1947 1502 2048 1542 au-

469 1589 575 1633 tem
617 1578 885 1648 reliquum
922 1580 1277 1650 spoliantem,
1305 1589 1360 1634 et
1390 1597 1458 1636 ne
1489 1589 1634 1634 terra
1663 1582 1881 1651 quidem
1926 1595 2050 1636 cor-

467 1685 567 1738 pus
590 1669 955 1740 operientem,
986 1671 1079 1723 sed
1107 1670 1305 1724 vestitu
1328 1686 1427 1724 suo
1459 1671 1775 1726 nudantem.
1803 1671 1882 1724 Ad
1913 1671 2048 1736 lucc,

467 1761 702 1816 accessit
730 1770 786 1815 et
817 1761 978 1825 alius,
1012 1762 1102 1830 qui
1152 1776 1378 1817 uxorem
1410 1761 1577 1816 vicini
1612 1766 1694 1816 sui
1730 1762 1924 1816 fallere
1955 1777 2050 1816 vo-

2147 562 2310 632 ξίιρει·
2357 562 2385 614 6
2421 559 2476 613 δὲ
2505 557 2691 627 ίκέτης
2716 553 2794 624 τῷ
2838 552 3063 624 πλησίον
3105 551 3335 619 ἐγένετο
3360 591 3373 613 ,
3418 552 3507 602 καὶ
3551 554 3691 622 χεῖρας

2150 652 2360 716 ἱκεσίας
2401 650 2613 723 ὤρεγε,
2658 650 2752 703 καὶ
2779 648 2879 720 τὴν
2912 646 3007 717 μὲν
3057 644 3274 714 ἐσθῆτα
3323 643 3521 697 διδόναι
3545 645 3691 715 ἤθελε,

2152 745 2312 816 μόνον
2337 743 2394 798 δὲ
2417 744 2478 796 τὸ
2505 743 2602 815 ζῇν
2635 741 2777 812 ἔχειν
2809 739 2980 808 ἠξίουο
3007 739 3036 791 ό
3053 737 3110 790 δὲ
3140 736 3250 790 οὐκ
3281 733 3541 808 ἐθραύετο
3567 738 3603 768 ¹⁶
3632 739 3694 790 τὸν

2149 837 2343 910 θυμὸν,
2379 835 2500 890 οῦδὲ
2533 833 2683 907 ἠλέει
2704 831 2794 886 τὸν
2823 827 3088 903 ὁμογενῆ,
3119 827 3250 882 οὐδὲ
3301 827 3494 880 ἑαυτὸν
3523 827 3598 882 διὰ
3627 831 3695 898 ti;

2149 930 2358 994 εἰκόνος
2391 928 2601 982 ἐκείνου
2633 925 2851 998 βλέπειν
2883 922 3074 996 ἤθελεν
3093 962 3108 987 ,
3138 920 3264 976 ἀλλ’
3293 918 3374 985 ὼς
3419 921 3593 992 ἄγριος
3622 922 3696 993 θὴρ

2147 1024 2226 1095 τῷ
2256 1023 2398 1094 ξίφει
2437 1022 2539 1093 τῆς
2567 1021 2731 1095 βορᾶς
2761 1021 2978 1093 ηρχετοο
3013 1018 3114 1091 ἤδη
3150 1018 3214 1072 δὲ
3246 1015 3348 1071 καὶ
3382 1015 3444 1068 τὸ
3484 1015 3618 1086 σῶμα
3645 1019 3698 1086 τῷ

2149 1117 2321 1189 ὁμοίῳ
2350 1114 2659 1188 προσέφερε
2693 1112 2926 1186 σώματι’
2950 1109 3211 1173 τοσοῦτος
3241 1107 3358 1180 γάρ
3386 1101 3455 1179 ἦν
3475 1106 3547 1177 τῷ
3565 1108 3694 1178 θυμῷ.

2152 1210 2262 1262 Καὶ
2293 1204 2362 1278 ἧν
2395 1207 2522 1261 ἰδεῖν
2551 1205 2644 1258 τὸν
2676 1204 2773 1277 μὲν
2797 1203 3151 1276 ἠδικημένον,
3189 1200 3292 1255 τδν
3317 1199 3378 1254 δὲ
3411 1199 3582 1252 λοιπὸν
3603 1217 3696 1252 axu-

2151 1302 2395 1366 λεύοντα,
2427 1301 2524 1354 καὶ
2560 1298 2695 1371 μηδὲ
2719 1300 2791 1370 γῇ
2825 1295 3169 1360 σκεπάζοντα
3204 1294 3272 1348 τδ
3305 1292 3487 1365 σῶμαο
3514 1292 3598 1363 τῆς
3620 1293 3695 1361 γὰρ

2154 1394 2379 1466 ἐσθῆτος
2414 1392 2721 1463 ἐγύμνωσε.
2753 1389 2898 1462 Πρὸς
2937 1389 2992 1442 δὲ
3023 1387 3266 1451 τούτοις,
3292 1386 3485 1458 ἕτερος
3503 1384 3694 1455 epos-ﬁas,

2153 1489 2210 1552 ὃς
2239 1485 2332 1540 τοῦ
2359 1485 2587 1558 πλησίον
2611 1485 2843 1554 γυναῖκα
2865 1483 3086 1547 παίζειν
3125 1478 3319 1551 ἤθελε,
3349 1477 3604 1552 λῃστεύων
3629 1480 3694 1546 γά·

2158 1599 2256 1653 μον
2287 1581 2589 1652 ἀλλότριον·
2632 1578 2724 1632 καὶ
2770 1577 2863 1630 ἐπὶ
2903 1575 3228 1647 παράνομον
3260 1571 3454 1644 κοίτην
3483 1572 3695 1642 τραπῆναι

2155 1671 2456 1744 παρορμῶν
2485 1671 2573 1725 τὸν
2595 1669 2971 1740 γεγαμηκότα,
3003 1668 3235 1739 γνήσιον
3257 1665 3472 1738 πατέρα
3504 1663 3694 1734 γενέτθιι

2159 1766 2232 1836 μὴ
2285 1764 2475 1820 θέλων.
2541 1763 2824 1818 Ἐντεῦθεν
2881 1763 2920 1794 ⁸⁷
2962 1763 3057 1816 καὶ
3101 1764 3230 1826 ταῖς
3287 1759 3597 1833 τραγῳδίαις
3637 1775 3696 1809 τι-

469 1853 592 1916 lnit,
617 1852 814 1908 alienis
841 1853 1132 1908 insidiatus
1164 1853 1368 1922 nuptiis
1396 1871 1414 1906 ι
1446 1861 1500 1907 et
1531 1869 1680 1916 eum,
1711 1854 1778 1909 ad
1828 1853 2052 1925 illegiti-

2164 1857 2366 1911 στεύειν
2402 1857 2673 1930 ἠρχόμην,
2705 1857 2800 1911 καὶ
2825 1854 2984 1910 τοῦτὸ
3007 1855 3146 1922 ἐστι,
3168 1855 3246 1908 δι’
3285 1848 3366 1908 ὧν
3396 1851 3591 1923 ἀληθῶς
3613 1851 3691 1904 369'-

469 1962 620 2000 tnuut
685 1954 863 1999 torum
926 1945 1290 2000 invadendum
1341 1947 1625 2011 hortatus,
1672 1949 1764 2017 qtti
1819 1963 2045 2004 uxorem

467 2051 720 2105 luxerat,
747 2049 804 2093 ut
845 2040 1120 2109 legitimus
1142 2049 1295 2110 pater
1321 2041 1496 2106 ﬂeret,
1532 2041 1726 2097 noluit.
1753 2042 2048 2098 Enimvero

468 2131 602 2186 ltine
631 2131 914 2202 tragoediis
947 2130 1104 2185 tidem
1150 2131 1414 2188 adhibere
1450 2133 1590 2202 cepi
1627 2142 1723 2188 :et
1770 2134 1873 2188 ltoc
1918 2132 2047 2187 illud

470 2232 578 2287 cst,
613 2224 756 2277 unde
785 2221 1056 2277 adductus
1079 2238 1224 2286 sum,
1273 2233 1329 2277 ttt
1379 2239 1506 2278 vere
1545 2233 1693 2295 gesta
1735 2223 1866 2278 mihi
1900 2225 2044 2279 vide.

471 2325 682 2373 rentur.
708 2314 884 2372 Credo
917 2317 1082 2370 etiam
1126 2316 1482 2371 temulentam
1523 2317 1794 2374 ()Euomai
1839 2317 2049 2387 cupidi-

470 2419 640 2465 tatem
671 2427 688 2464 :
719 2419 774 2464 ει
796 2407 1022 2463 fratrum
1066 2409 1209 2464 inter
1232 2425 1290 2465 se
1317 2426 1453 2466 ense
1497 2412 1903 2466 contentionem
1941 2427 2051 2466 ιιοιι

473 2501 851 2557 incredibilem
882 2512 1032 2572 puto.
1078 2501 1264 2573 Itaque
1307 2518 1430 2558 cum
1480 2514 1559 2558 tot
1603 2520 1668 2560 ac
1716 2504 1901 2559 talium
1950 2518 2052 2571 ego

472 2602 750 2662 spectator
791 2609 967 2649 essent
1011 2593 1206 2658 factus,
1243 2595 1388 2650 unde
1423 2595 1524 2650 ista
1575 2596 1857 2650 orirentur
1914 2594 2052 2656 (ιωμί

475 2683 825 2752 disquirere:
859 2685 1026 2751 item,
1073 2686 1348 2754 qnodnaut
1403 2687 1736 2757 principium
1793 2685 2055 2741 mntionis

2159 1969 2242 2005 κει
2281 1969 2370 2023 μοι
2394 1951 2696 2020 γεγονέναι.
2731 1949 2981 2004 Πιστεύω
3010 1950 3103 2002 καὶ
3129 1948 3234 2020 τὴν
3265 1946 3529 2017 Οἰνομάου
3557 1947 3694 2012 πάμπ-

2157 2061 2248 2098 νον
2295 2043 2608 2113 ἐπιθυμίαν,
2663 2044 2756 2096 καὶ
2804 2043 2905 2115 τὴν
2955 2042 3065 2096 τῶν
3110 2040 3370 2107 ἀδελφῶν
3431 2038 3513 2092 διὰ
3557 2037 3690 2106 ξίτοές

2160 2136 2496 2206 φιλονεικίαν
2521 2137 2620 2189 οὐκ
2645 2135 2880 2191 ἀπιστῶ.
2915 2135 3202 2190 Τοσούτων
3244 2134 3428 2188 τοίνυν
3459 2133 3544 2186 καὶ
3571 2130 3691 2184 τοιού-

2158 2248 2266 2284 των
2293 2229 2492 2302 θεατὴς
2528 2229 2817 2300 γενόμενος
2850 2228 2981 2299 ἐγὼ,
3013 2227 3181 2282 πόθεν
3232 2225 3411 2282 ταῦτα
3466 2225 3690 2294 ἀναζητεῖν

2156 2325 2429 2396 ἠρχόμην·
2470 2323 2554 2388 τίς
2595 2322 2652 2376 δὲ
2693 2324 2788 2378 καὶ
2822 2326 2855 2396 ἡ
2885 2323 2986 2393 τῆς
3029 2324 3309 2394 κινήσεως
3352 2319 3522 2374 αὖτῶν
3558 2319 3687 2388 ﬁeri:

2159 2414 2269 2467 Καὶ
2302 2415 2387 2477 τίς
2415 2415 2444 2466 ὁ
2468 2413 2706 2467 τοσαῦτα
2739 2413 2879 2467 κατά
2923 2410 3233 2484 ἀνθρώπων
3268 2405 3685 2482 μηχανησάμενεξέ

2162 2503 2332 2557 Πόθεν
2357 2521 2414 2556 τε
2448 2507 2481 2575 ἡ
2505 2503 2721 2576 εῦρεσις
2749 2504 2960 2565 αύτῶνς
2997 2504 3125 2564 καὶ,
3156 2503 3247 2566 τίς
3294 2503 3324 2556 ὁ
3365 2499 3554 2553 τούτων
3589 2494 3685 2548 515i-

2167 2590 2396 2656 σκαλος;
2421 2594 2531 2647 Καὶ
2574 2594 2666 2646 τὸν
2703 2594 2802 2665 μὲν
2847 2593 2979 2646 Θεὸν
3025 2593 3264 2666 ποιητὴν
3307 2591 3504 2645 τούτων
3536 2587 3684 2655 λέγειν,

2160 2683 2366 2756 τολμᾷν
2403 2685 2501 2756 οὐχ
2522 2680 2632 2750 οἶός
2667 2703 2725 2739 τε
2755 2682 2842 2756 ἦν.

475 2781 752 2849 ipsorum,
791 2791 846 2834 et
893 2781 1016 2851 quis
1070 2782 1377 2838 istiusmodi
1423 2793 1611 2838 contra
1672 2785 1920 2838 homines
1985 2779 2431 2846 machinaretnr;
2497 2784 2640 2837 unde
2683 2784 2875 2837 ltarttm
2941 2797 3125 2838 rerum
3201 2779 3475 2841 inventio.
3511 2785 3556 2832 et
3601 2771 3683 2841 quis

477 2877 705 2930 istorum
747 2873 1008 2942 magister
1035 2881 1208 2930 esset.

477 2982 618 3022 ram.

544 3060 707 3132 355
739 3061 844 3117 Sed
875 3076 1048 3131 neque
1072 3061 1403 3132 iudicabam,
1429 3065 1497 3120 ab
1528 3063 1620 3121 illo
1663 3079 1817 3121 suam
1859 3063 2059 3118 habere
2086 3061 2129 3119 C

477 3153 838 3208 substantiam
864 3194 881 3218 ,
930 3155 1013 3209 vel
1068 3157 1321 3211 essentia:
1363 3173 1476 3212 sum
1517 3155 1908 3214 constantiam.
1954 3152 2056 3220 Qui

477 3244 623 3297 enim
673 3243 741 3298 de
786 3244 896 3300 Deo
947 3247 1046 3300 ista
1097 3249 1324 3318 cogitari
1359 3250 1612 3318 possent?
1648 3249 1857 3304 Etenim
1886 3249 2059 3302 bonus

482 3335 592 3402 ille,
628 3345 810 3392 rerum
842 3353 1058 3408 quoque
1083 3340 1415 3408 nptimarum
1460 3350 1676 3394 creator
1707 3349 1823 3404 est;
1867 3351 2060 3409 pravo-

483 3441 602 3479 runt
637 3441 768 3482 vero
801 3427 853 3480 in
891 3427 1009 3497 ipso
1045 3429 1180 3482 ttiltil
1217 3430 1381 3486 inest.
1428 3428 1536 3484 Nec
1582 3431 1781 3485 talibus
1826 3429 2060 3500 gaudere

481 3527 680 3586 potest,
711 3518 814 3572 sedi
845 3533 1034 3573 eorum
1065 3520 1334 3590 originem
1365 3531 1526 3592 atqtte
1556 3521 1904 3592 pr0paginem
1937 3536 2063 3590 pro-

485 3606 654 3663 hibet.
699 3608 912 3678 Eosque
963 3609 1054 3679 qui
1115 3610 1221 3667 illis
1269 3611 1632 3676 delectantur,
1685 3611 1924 3680 altjicit:
1965 3613 2058 3681 qni

483 3707 665 3753 autem
713 3714 776 3754 ea
826 3699 1063 3768 fugiunt,
1105 3703 1318 3770 recipit.
1362 3703 1710 3773 Ecqnomodo
1765 3705 2060 3759 absurdum

485 3810 591 3849 non
625 3795 715 3861 sit,
747 3795 915 3853 Deum
947 3798 1286 3853 conditorem
1341 3798 1566 3852 istorum
1607 3798 1812 3862 dicere,
1847 3799 1939 3868 qui
1973 3813 2066 3853 ea-

483 3889 608 3942 dem
645 3889 866 3944 renuit?
905 3888 1089 3960 Neque
1147 3889 1291 3944 enim
1339 3905 1402 3945 ea
1461 3905 1566 3944 non
1620 3905 1742 3946 esse
1788 3891 1970 3954 vellet,
2017 3891 2060 3945 si

486 3983 695 4052 primus
730 3989 922 4037 auctor
957 3986 1071 4052 ipse
1099 3992 1150 4037 et
1188 3993 1405 4038 creator
1430 3985 1748 4039 exstitisset.
1777 3983 1884 4039 Eos
1914 4001 2066 4038 nant-

486 4087 595 4139 qne
643 4071 734 4142 qui
774 4071 842 4125 ad
894 4071 1067 4141 ipsntn
1121 4075 1420 4138 accedunt,
1476 4074 1780 4131 imitatores
1823 4077 1907 4131 sui
1956 4077 2066 4130 vult

488 4163 628 4218 tieri.
661 4161 814 4218 Unde
845 4163 977 4218 mihi
1008 4162 1285 4218 videbatur
1303 4165 1372 4220 ab
1395 4166 1540 4219 omni
1571 4167 1782 4221 ratione
1807 4167 2062 4231 alienum,

489 4255 604 4312 haec
650 4253 724 4307 illi
765 4253 1054 4324 adaptare;
1098 4253 1185 4309 vel
1213 4255 1368 4324 quasi
1410 4255 1477 4310 ab
1509 4256 1600 4314 illo
1632 4257 1771 4313 facta
1807 4259 1951 4323 sint;
1984 4260 2067 4314 vel

487 4344 612 4413 (etsi
643 4345 878 4401 maxime
924 4346 1280 4402 concederem
1314 4349 1572 4417 possibile
1603 4367 1745 4418 esse,
1780 4363 1838 4407 ut
1866 4353 2067 4422 aliquid

487 4451 557 4490 ex
602 4437 668 4492 iis
707 4452 828 4508 quae
869 4453 976 4492 non
1025 4445 1156 4492 sunt
1209 4437 1323 4507 ttat)
1353 4441 1497 4509 quod
1549 4443 1715 4497 etiam
1765 4443 1880 4514 ipse
1929 4446 2070 4498 mala
2102 4427 2148 4484 ί)

486 4529 772 4584 creaverit.
799 4527 934 4584 Nam
963 4532 1054 4602 qui
1089 4548 1152 4587 ex
1188 4533 1290 4598 ltis,
1335 4550 1457 4604 qua:
1493 4550 1600 4589 non
1642 4545 1790 4600 sunt,
1824 4550 1948 4591 esse
1981 4536 2069 4591 illa

490 4616 717 4686 fecerat,
752 4635 1096 4692 nequaquam
1143 4637 1205 4678 ea
1255 4639 1469 4678 rursum
1519 4641 1550 4679 e
1604 4625 1784 4680 medio
1836 4625 2070 4690 tolleret,

490 4729 558 4766 ne
602 4723 832 4769 essent:
865 4714 973 4779 vel,
1020 4715 1066 4770 si
1128 4715 1232 4770 hoc
1283 4717 1589 4772 necessario
1641 4716 1929 4773 dicendum
1975 4719 2069 4786 sit,

489 4804 644 4874 quasi
677 4804 841 4860 fuerit
878 4807 1007 4862 olim
1042 4817 1277 4879 tempus,
1301 4810 1519 4877 quando
1552 4811 1694 4866 Deus
1737 4810 1895 4867 malis
1923 4811 2072 4866 dele-

490 4907 767 4961 ctaretur;
803 4913 948 4953 nunc
982 4908 1187 4966 tamen,
1221 4903 1362 4970 quod
1397 4903 1527 4957 milti
1564 4900 1778 4958 videtur
1808 4918 1927 4958 esse
1967 4904 2071 4958 im~

492 4988 775 5058 possibile,
798 4989 981 5044 dicere
1011 4991 1112 5045 ltoc
1137 4992 1202 5046 de
1223 4992 1356 5059 Deo,
1381 4993 1765 5050 inconveniens
1789 5007 1873 5051 est
1905 4996 2074 5066 ipsius

495 5093 703 5135 natura:
731 5081 929 5135 divinae
966 5083 1067 5137 Itoc
1095 5085 1419 5140 attribuere.

565 5172 832 5240 Quocirca
865 5173 1038 5228 visum
1064 5185 1147 5230 est
1170 5177 1299 5231 milti
1325 5179 1657 5235 coexsistet'e
1689 5179 1787 5250 ipsi
1817 5179 1966 5246 illud,
1985 5180 2074 5237 cui

494 5269 689 5320 nomn
723 5275 805 5321 est
837 5264 1058 5320 Materia
1092 5283 1198 5323 :ex
1230 5284 1333 5334 qua
1375 5285 1437 5326 ea
1475 5286 1597 5341 quae
1643 5282 1774 5327 sunt
1811 5289 2068 5343 procrea-

496 5358 593 5423 vit,
621 5371 744 5410 cum
777 5354 984 5410 aﬂ’abre
1037 5356 1125 5411 illa
1174 5360 1578 5430 prudenterque
1621 5360 1978 5430 discerneret,
2020 5375 2076 5420 et

493 5451 776 5519 eleganter
819 5461 1084 5507 ornaret:
1120 5469 1187 5508 ex
1232 5471 1336 5526 qua
1371 5453 1641 5529 (materia)
1672 5467 1728 5512 et
1777 5459 1921 5514 mala
1959 5477 2079 5518 esse

497 5545 769 5600 videntur.
805 5544 938 5600 Cum
988 5546 1131 5600 enim
1185 5563 1283 5602 nec
1338 5549 1506 5612 facta,
1550 5565 1649 5606 nec
1707 5550 1936 5606 formata
1987 5553 2076 5609 illa

493 5645 729 5704 esset,et
759 5637 979 5706 insuper
1014 5637 1176 5694 etiam
1210 5640 1518 5699 inordinate
1559 5642 1827 5711 ferretur,
1879 5644 2079 5717 Deique

1287 2873 1367 2930 Ae
1415 2873 1582 2929 Deum
1614 2876 1832 2945 quidem
1869 2873 2050 2928 dicere
2083 2871 2590 2939 ltorntnjauetoretu
2657 2873 2743 2928 vel
2802 2882 3129 2940 creatorem,
3179 2889 3291 2928 non
3343 2871 3529 2926 audere
3574 2875 3679 2935 pom-

2248 3055 2406 3108 Ἀλλὰ
2462 3055 2564 3118 μὲν
2609 3053 2730 3108 οὐδὲ
2788 3055 2847 3119 ἐξ
2891 3054 3055 3109 αὑτοῦ
3111 3056 3214 3128 τὴν
3262 3055 3538 3108 ὑπόστασιν
3564 3047 3677 3118 ἔχειν.

2166 3148 2286 3202 οῦδὲ
2333 3147 2430 3219 τὴν
2477 3148 2568 3202 τοῦ
2618 3146 2756 3204 εἶναι
2799 3149 3088 3204 σύστασιν·
3139 3147 3266 3213 πῶς
3311 3147 3416 3218 γὰρ
3444 3138 3539 3198 οἷόν
3571 3135 3680 3207 rei?

2166 3242 2338 3296 ταῦτα
2372 3241 2503 3313 περὶ
2549 3241 2640 3295 τοῦ
2675 3241 2810 3296 Θεοῦ
2860 3244 3092 3306 ἐννοεῖνς
3133 3242 3195 3294 ὐ
3243 3241 3342 3311 μὲν
3379 3239 3478 3307 γὰρ
3514 3230 3676 3302 ante.

2169 3335 2264 3390 καὶ
2308 3335 2417 3388 τῶν
2450 3335 2774 3407 κρειττόνων
2809 3332 3058 3405 ποιητὴς,
3095 3331 3207 3386 τῶν
3247 3331 3305 3384 δὲ
3351 3327 3544 3399 φαύλων
3577 3321 3678 3388 αὑτῷ

2170 3429 2458 3500 «posse?»
2483 3428 2636 3481 οὐδέν
2655 3445 2668 3458 ο
2698 3427 2812 3482 ἀλλ’
2839 3427 2959 3481 οῦδὲ
2997 3428 3106 3490 τοῖς
3133 3424 3394 3488 τοιούτοις
3425 3420 3595 3494 χαίρειν
3621 3415 3676 3465 τί·

2170 3537 2362 3591 φυκεν,
2397 3519 2731 3591 ἀπαγορεύει
2773 3518 2829 3571 δὲ
2881 3518 2978 3571 καὶ
3029 3517 3128 3588 τὴν
3167 3517 3386 3586 γένεσιν
3417 3509 3587 3566 αύτῶιν
3614 3505 3676 3556 καὶ

2172 3614 2296 3679 τοὺς
2333 3613 2432 3682 μὲν
2478 3613 2766 3683 χαίροντας
2815 3609 3024 3674 τούτοις
3069 3607 3462 3665 ἀποϐάλλεται,
3512 3600 3604 3662 τοὺς

2151 3706 2468 3774 ’φεύγοντας
2518 3704 2656 3758 αὐτὰ
2697 3703 3003 3775 προσίεται.
3060 3700 3168 3754 Καὶ
3235 3699 3350 3763 πῶς
3403 3697 3490 3750 οῦκ
3535 3693 3673 3746 ἄτοπον

2171 3798 2260 3852 τὸν
2292 3797 2424 3850 Θεὸν
2457 3795 2658 3850 τούτων
2700 3794 2878 3864 λέγειν
2923 3792 3278 3866 δημιουργὸν,
3305 3791 3391 3844 τὸν
3421 3785 3561 3841 ταῦτα
3577 3797 3672 3849 περ·

2173 3887 2522 3958 αιτούμενονῖ
2593 3885 2728 3940 Οὖδὲ
2761 3885 2867 3956 γὰρ
2893 3883 2959 3939 ἂν
2992 3883 3244 3938 ἐϐούλετο
3272 3883 3346 3956 μὴ
3379 3876 3500 3933 εἶναι
3536 3871 3668 3926 ταῦτα.

2173 3984 2220 4037 εί
2259 3981 2474 4054 πρῶτος
2507 3979 2686 4034 αὐτῶν
2722 3977 2947 4050 ποιητὴς
2983 3977 3229 4049 ὑπῆρχεν
3268 3975 3434 4039 αὐτός.
3469 3971 3575 4031 Τοὺς
3599 3963 3668 4031 γὰρ

2175 4074 2497 4147 προσιόντας
2562 4071 2710 4142 αὖτῷ
2778 4070 3020 4143 μιμητὰς
3079 4071 3231 4143 αὐτῷ
3286 4066 3513 4139 γενέσθαι

2177 4167 2338 4223 Ὅθεν
2363 4167 2556 4235 ἄλογον
2590 4165 2786 4231 ἔδειξεν
2820 4165 2864 4196 ⁸⁸
2892 4160 3029 4218 εἷναί
3075 4182 3188 4235 μοι,
3224 4163 3388 4218 ταῦτα
3420 4152 3666 4228 προσάπτειν

2175 4258 2342 4330 αὐτῷ,
2378 4258 2411 4330 ἢ
2443 4259 2517 4324 ὡς
2546 4257 2606 4322 ἐξ
2637 4255 2802 4311 αὐτοῦ
2836 4256 3116 4325 γεγονότα,
3141 4256 3176 4327 ἢ
3211 4256 3280 4324 (εἰ
3305 4251 3394 4307 καὶ
3421 4247 3479 4301 τὰ
3501 4242 3666 4338 ptum}

2180 4353 2555 4424 συγχωρήσειν
2587 4350 2628 4381 ¹⁹
2655 4347 2714 4414 ἐξ
2751 4349 2851 4402 οὐκ
2891 4346 3060 4400 ὄντων
3093 4347 3314 4402 δυνατὸν
3351 4339 3472 4397 εἷναί
3502 4353 3541 4388 τι
3565 4345 3664 4399 γενε-

2177 4445 2321 4515 σθαι)
2347 4445 2428 4498 ὃτι
2461 4443 2557 4497 καὶ
2607 4441 2674 4496 τά
2724 4440 2872 4495 κακά
2931 4439 3185 4512 ἐποίησεν
3218 4439 3392 4503 αὑτός.
3429 4435 3478 4487 ’0
3505 4427 3598 4498 γάρς

2177 4537 2268 4592 τοῦ
2303 4537 2402 4591 οῦκ
2428 4533 2588 4599 εἶναι,
2624 4537 2703 4600 εἰς
2747 4538 2790 4566 ²⁰
2829 4533 2889 4586 τὸ
2921 4527 3060 4586 εἶναι
3094 4532 3236 4587 αὐτὰ
3275 4529 3498 4598 ποιήσας,
3525 4519 3598 4571 οὐκ
3620 4525 3663 4564 αν

2179 4635 2243 4687 ἐκ
2269 4629 2361 4685 τοῦ
2395 4625 2533 4684 εἶναι
2566 4629 2753 4700 ἀνῄρει
2786 4626 2945 4681 πάλιν
2964 4643 2977 4656 ο
3003 4625 3036 4696 ἢ
3071 4627 3118 4678 εἱ
3142 4627 3298 4680 τοῦτο
3321 4621 3505 4688 ἀνάγκη
3522 4611 3657 4706 λέγειν·

2177 4725 2252 4790 ὡς
2281 4721 2348 4796 ἦν
2382 4740 2512 4778 ποτε
2539 4721 2752 4794 καιρὸς.
2786 4723 2875 4775 ὅτε
2905 4723 3016 4785 τοῖς
3051 4723 3240 4785 κακοῖς
3281 4717 3474 4788 ἔχαιρεν
3498 4709 3520 4760 ό
3543 4705 3658 4800 est?

2180 4817 2276 4872 νῦν
2299 4817 2378 4880 δὲ’
2411 4818 2549 4888 ὅπερ
2586 4815 2846 4872 ἀδύνατον
2884 4812 3025 4870 εἷναί
3073 4833 3162 4886 μοι
3198 4813 3357 4874 δοκεῖ,
3379 4805 3528 4872 λέγειν
3557 4805 3658 4848 τουτ’)

2181 4907 2310 4980 περὶ
2332 4907 2490 4972 Θεοῦ,
2516 4905 2780 4962 ἀνοίκειον
2810 4907 2852 4938 ²¹
2879 4905 3043 4961 αὑτοῦ
3066 4904 3164 4977 τῆς
3187 4904 3390 4975 φύσεως
3409 4893 3535 4949 τοῦτο
3555 4895 3663 4956 προσ·

2181 5000 2460 5074 αρμόζειν.
3656 5024 3664 5080 ι

2251 5180 2448 5252 Διόπερ
2495 5179 2638 5245 ἕδοξέ
2687 5197 2776 5251 μοι
2825 5181 3190 5252 συνυπάρχειν
3233 5193 3288 5231 τε
3339 5164 3481 5235 αὐτῷ,
3517 5150 3550 5223 ᾧ
3571 5144 3652 5246 105:

2178 5293 2318 5347 νομα
2349 5251 2449 5346 ὕλη
2472 5289 2486 5304 ·
2523 5272 2582 5339 ἐξ
2615 5267 2682 5343 ἦς
2706 5271 2776 5324 τά
2813 5272 2942 5326 ὄντα
2974 5251 3377 5343 ἐδημιούργησε,
3406 5257 3536 5352 ἶέχνῃ

2179 5341 2483 5441 διακρίνας,
2517 5366 2614 5420 καὶ
2640 5341 3026 5436 διακοσμήσας
3060 5341 3281 5428 καλῶς,
3321 5357 3373 5423 ἐξ
3409 5347 3464 5422 ἧς
3504 5341 3571 5440 xz}

2123 5527 2130 5536 ι
2181 5457 2327 5512 κακά
2367 5453 2506 5510 εἶναι
2549 5455 2728 5508 δοκεῖ·
2779 5455 3041 5527 ἀποιήτΟυ
3080 5454 3186 5527 γὰρ
3219 5453 3309 5508 καὶ
3345 5433 3649 5536 damnati?"

2180 5549 2346 5622 οῦσης
2368 5549 2558 5620 αὐτῆς,
2587 5547 2724 5619 πρὸς
2750 5546 2806 5599 δὲ
2827 5546 3031 5611 τούτοις
3053 5546 3147 5604 καὶ
3163 5545 3392 5602 ἀτάκτως
3407 5529 3644 5622 vi

2179 5643 2438 5714 δεομένης
2453 5656 2508 5693 τε
2531 5638 2631 5709 τῆς
2649 5638 2742 5693 τοῦ
2759 5637 2893 5693 Θεοῦ
2912 5637 3124 5708 τέχνης
3157 5637 3252 5691 οὐκ
3273 5628 3516 5702 ἐφθόνησεν
3527 5615 3646 5664 om!

571 5849 613 5885 "
643 5851 731 5907 Sit:
757 5848 905 5906 Bodl.
985 5849 1020 5880 *τ
1059 5850 1142 5906 Str
1177 5846 1329 5907 Bodl.
1442 5851 1479 5883 ’⁸
1511 5847 1634 5924 ch.
1672 5848 1866 5920 ἔδοξεν.
1946 5850 1986 5886 ¹⁹
2021 5850 2059 5911 [δ’

2164 5852 2513 5927 η’χωρήσεια.
2620 5852 2662 5885 ⁸·
2696 5848 2786 5910 Sic
2822 5850 2946 5909 cod.
2982 5848 3112 5924 Reg.
3142 5847 3296 5906 ιιι-ιθ.
3364 5840 3396 5873 ιι
3429 5830 3497 5888 Sic
3519 5805 3626 5879 Bodl
