3878 6348
104 403 272 463 ίὲτῖ
1349 403 1718 461 ΡΒᾹΟΜΕΝἸ

1826 405 2186 461 ENOSTICA.
3272 395 3418 453 ητε

92 529 246 582 εὖτε
301 527 595 591 διαπαντὸς
635 527 953 581 καταλιπεῖν
978 527 1024 559 ⁸³
1054 527 1222 598 αὐτὴν
1257 524 1398 579 οὕτω
1449 524 1710 598 φέρεσθαι

1839 525 2132 579 artilicium
2161 523 2496 578 desideraret
2523 539 2535 575 :
2569 521 2671 576 iste
2703 536 2804 574 non
2829 519 3017 575 invidit
3054 517 3204 582 illud,
3238 536 3422 588 neque

95 621 264 675 una
323 621 674 691 δημιουργεῖν
720 619 950 689 ήρχετο,
989 620 1083 673 καὶ
1130 619 1238 672 ἀπὸ
1283 618 1389 671 τῶν
1443 613 1718 688 χειρίστωε.

1839 632 2054 687 semper
2090 615 2233 669 illam
2270 613 2375 667 sibi
2408 613 2652 667 relictam
2688 613 2758 666 ita
2793 613 2920 666 ferri
2949 611 3146 672 voluit.
3173 611 3266 666 sed
3305 629 3421 664 ma-

95 713 303 784 αὐτῆς
337 713 405 766 τά
440 711 700 765 κάλλιστα
744 711 1038 784 διακρίνειν
1073 711 1250 782 ἤθελε,
1288 711 1382 764 καὶ
1424 709 1566 763 οὕτω
1598 708 1718 776 γοῦι

1838 723 1966 762 ttuttt
1995 705 2260 761 creationi
2303 703 2564 767 admovit,
2599 711 2650 756 et
2689 718 2717 754 ει
2747 701 2994 771 pessimis
3035 702 3276 770 partilms
3313 702 3423 754 dis-

95 804 559 876 ἐδημιούργησε.
593 805 672 858 Τά
703 805 748 857 δ’
780 806 880 858 ὅσα
916 805 1106 874 αὐτῆς,
1142 804 1217 869 ὡς
1251 804 1444 867 ἐποίει,
1479 800 1718 873 τρυγώδτ

1843 801 2090 870 tinguere
2129 797 2298 852 voluit
2342 794 2739 866 pulcherrimas
2768 808 2784 846 :
2815 809 2879 848 ac
2909 793 3136 863 proinde
3169 793 3248 846 sic
3285 807 3424 848 c0u-

99 895 432 966 ἐτύγχανε·
461 897 655 958 ταῦτα,
684 897 1001 968 ἀνάρμοστα
1031 897 1160 950 ὄντα
1190 895 1322 967 πρὸς
1350 893 1718 966 δημιουργίαν

1841 891 1997 947 didit.
2028 892 2375 958 Qumcuuque
2411 903 2538 943 vero
2580 887 2634 941 in
2674 885 2786 950 illa,
2829 885 2954 938 dum
2985 892 3216 948 crearet,
3261 883 3420 937 faecu—

99 989 190 1051 ὡς
231 984 384 1058 εἶχε,
446 988 753 1058 κατέλειψε,
804 990 924 1041 κατ’
968 988 1119 1041 οὐδὲν
1169 987 1319 1057 αὐτῷ
1363 987 1718 1058 προσήκοντα.

1842 987 1988 1040 lenta
2011 994 2166 1038 erant
2192 1024 2206 1046 ,
2250 983 2385 1044 lucc,
2411 984 2554 1052 quod
2592 981 2657 1035 ad
2693 979 2968 1050 opificium
3007 981 3185 1048 inepta
3215 987 3424 1038 essent.

266 1075 298 1096 7

115 1080 222 1144 Ἐξ
255 1078 346 1134 ὧν
385 1081 531 1134 δοκεῖ
565 1099 654 1154 μοι
687 1081 782 1135 νῦν
829 1081 980 1153 παρὰ
1025 1079 1330 1152 ἀνθρώποις
1374 1081 1619 1152 ἐπιρρεῖν
1663 1078 1732 1131 τά

104 1190 302 1228 κακα.

1730 1408 1804 1428 -υ

1840 1087 1999 1148 prout
2027 1092 2085 1132 se
2127 1078 2418 1133 habebant.
2448 1071 2685 1142 reliquit.
2727 1081 2915 1140 utpote
2966 1071 3284 1124 nullatenus
3319 1069 3423 1136 ipsi

1838 1168 2240 1223 convenientia.
2264 1167 2339 1220 Ex
2364 1166 2581 1234 quibus,
2607 1173 2658 1219 ut
2696 1163 2828 1220 milti
2855 1163 3089 1229 videtur,
3112 1177 3255 1217 nunc
3278 1162 3420 1217 mala

1834 1261 1889 1316 in
1924 1260 2170 1316 homines
2198 1259 2471 1314 dillluunt.

808 1493 1372 1556 FRAGMENTUM
1421 1493 1628 1554 LIBRI
1674 1491 2082 1554 CUJUSDAM
2126 1484 2744 1549 VALENTINIANI.

485 1591 590 1656 Ex
617 1596 982 1674 Epiphanio
1014 1597 1163 1657 hw-r.
1200 1615 1386 1668 χιιι,
1427 1599 1454 1672 5
1487 1598 1522 1657 5
1553 1605 1607 1655 et
1631 1612 1820 1674 seqq.,
1848 1609 1995 1672 pag.
2032 1592 2146 1652 168
2169 1599 2222 1651 et
2255 1607 2420 1669 seqq.
2463 1589 2613 1650 edit.
2647 1589 2860 1650 Paris.
2891 1586 3069 1650 1622.

189 1713 347 1771 τάδε
385 1716 532 1788 παρά
569 1717 872 1789 φρονίμοις.
914 1717 1074 1789 Παρά
1104 1717 1159 1771 δὲ
1201 1717 1471 1788 ψυχικοῖς,
1505 1716 1652 1788 παρά
1682 1716 1736 1770 δὲ
1773 1719 1815 1774 Β

114 1815 442 1882 σαρκικοῖς,
482 1810 629 1882 παρά
665 1811 722 1864 δὲ
769 1814 1072 1882 κοσμικοίς,
1107 1811 1254 1882 παρὰ
1292 1810 1348 1864 δὲ
1381 1809 1458 1880 τῷ
1494 1809 1733 1880 μεγέθει,

113 1901 272 1966 Νοῦς
298 1904 680 1975 ἀκατάργητος
710 1908 820 1968 τοῖς
850 1905 1250 1977 ἀκαταργήτοις
1273 1905 1499 1975 χαίρειν.
1529 1906 1736 1957 Ἄνονο-

117 1993 359 2060 μάττων
383 1992 494 2061 ἐγὼ
513 1994 606 2047 καὶ
627 1995 727 2047 ὑπε
737 1995 1032 2066 ρουρανίων
1045 1995 1089 2027 ⁸³
1107 1995 1294 2065 μνείαν
1315 1995 1466 2049 ποιοῦ
1477 2014 1570 2066 μαι
1598 1995 1734 2066 πρὸς

113 2085 297 2155 ὑμᾶς,
327 2086 450 2140 οὔτε
487 2089 724 2159 Ἀρχαῖς,
751 2087 874 2142 οὔτε
909 2089 1226 2156 Ἐξουσίαις,
1253 2089 1373 2143 οὔτε
1410 2089 1730 2158 ὑποταγαῖς,

113 2175 247 2229 οὗτε
292 2179 434 2229 πᾶσι
475 2177 863 2249 περινοηθῆναι
902 2177 1240 2248 δυναμένων,
1273 2177 1409 2249 μόνῃ
1450 2177 1504 2228 δὲ
1542 2178 1608 2247 τῇ
1637 2174 1730 2228 τοῦ

126 2270 441 2340 ’Δτρέπτου
475 2271 653 2340 ἐννοίᾳ
686 2272 1178 2342 πεφανερωμένων.
1212 2269 1348 2324 Οὔτε
1367 2272 1413 2302 ’⁸
1429 2271 1534 2342 γὰρ
1558 2269 1730 2341 ἀρχῆς

111 2363 143 2411 ὁ
172 2363 518 2432 Αὐτοπάτωρ
534 2362 692 2426 αὐτὸς
711 2363 769 2414 ἐν
790 2362 965 2434 ἐαυτῷ
983 2365 1224 2434 περιεῖχε
1241 2362 1311 2416 τὰ
1332 2363 1508 2416 πάντα
1528 2362 1656 2416 ὄντα
1672 2364 1730 2414 ὲν

115 2448 308 2519 ἑαυτῷ
334 2453 392 2502 ἐν
412 2451 656 2522 ἀγνωσία
683 2451 763 2522 (ὃν
789 2450 1014 2504 καλοῦσί
1039 2469 1183 2515 τινες
1225 2451 1406 2504 Λίῶνα
1431 2452 1728 2522 ἀγήρατον,

115 2543 214 2594 ἀεὶ
240 2542 526 2606 νεάζοντα,
569 2542 956 2615 ἁῤῥενόθηλυν,
1001 2542 1060 2606 ὃς
1103 2543 1331 2596 πάντοτε
1377 2542 1618 2613 περιέχει
1659 2541 1728 2595 τὰ

115 2637 331 2698 πάντα,
363 2637 456 2689 καὶ
482 2637 582 2689 οὐκ
608 2636 1016 2708 ἐμπεριέχεται)
1036 2653 1048 2666 ·
1075 2636 1193 2690 τότε
1219 2639 1252 2707 ἡ
1271 2638 1328 2689 ἐν
1349 2635 1730 2708 αυτῴἝννοια

117 2725 392 2796 ἠθέλησεν
431 2727 648 2799 ἐκείνην
677 2729 764 2798 (ἦν
797 2745 941 2791 τινες
983 2727 1232 2780 Ἔννοιαν
1278 2727 1506 2798 ἔφασαν,
1545 2728 1724 2800 ἕτεροι

120 2822 302 2891 Χάριν
363 2821 618 2886 οίκείως,
683 2821 774 2875 διά
829 2822 890 2875 τὸ
951 2821 1481 2893 ἑπικεχορηγηκέναι
1548 2821 1725 2892 αὐτὴν

115 2913 549 2984 θησαυρίσματα
583 2913 676 2967 τοῦ
722 2912 1000 2983 Μεγὲθους
1023 2917 1136 2977 τοῖς
1167 2917 1230 2967 ἐκ
1267 2913 1361 2967 τοῦ
1409 2913 1719 2982 Μεγέθους·

119 3007 170 3056 οἱ
209 3005 264 3058 δὲ
298 3004 698 3075 ἁληθεύσαντες
726 3006 890 3078 Σιγὴν
921 3005 1385 3078 προσηγόρευσαν,
1421 3006 1501 3059 ὃτι
1530 3004 1596 3057 δι’
1630 3005 1720 3056 ὲν-

1913 1712 2040 1768 llaec
2074 1711 2217 1783 apud
2255 1711 2552 1782 sapientes.
2609 1711 2716 1766 Sed
2763 1710 2910 1779 apud
2952 1707 3238 1771 animales.
3280 1709 3420 1777 apud

1841 1806 2112 1870 carnales,
2138 1803 2279 1870 apud
2314 1805 2635 1867 mundauos,
2664 1803 2806 1872 apud
2843 1812 3224 1872 exaggeratam
3254 1802 3420 1855 animi

1835 1898 1966 1963 vim,
1995 1896 2109 1953 Nus
2139 1912 2418 1967 nunquam
2445 1897 2722 1959 desinens,
2746 1896 3022 1967 perpetuis
3048 1911 3112 1951 ac
3145 1913 3418 1964 nunquam

1836 1990 2210 2045 desinentibus
2245 1989 2502 2044 salutem.
2547 1988 2807 2059 Equidem
2853 2003 3042 2043 eorum
3088 2004 3220 2059 qure-
3250 2005 3422 2060 neque

1835 2081 2257 2145 nominari,nec
2301 2079 2564 2149 explicari
2617 2080 2864 2134 oratione
2907 2088 3158 2149 possunt,
3191 2096 3421 2149 quaeque

1833 2172 2145 2228 caelestibus
2191 2171 2326 2242 ipsis
2375 2171 2662 2241 superiora
2711 2181 2862 2239 sunt,
2910 2171 3242 2226 mentionem
3280 2173 3419 2240 apud

1832 2279 1930 2318 vos
1965 2262 2245 2317 instituam
2276 2279 2289 2316 :
2320 2276 2442 2332 qua:
2475 2276 2653 2332 neque
2698 2260 3066 2332 Principatus,
3100 2277 3274 2332 neque
3322 2262 3422 2316 Po-

1833 2367 2077 2424 testates,
2109 2375 2214 2415 nec
2243 2375 2367 2430 qua:
2409 2358 2516 2414 illis
2557 2359 2804 2426 subjecta
2853 2369 3001 2420 sunt.
3051 2374 3227 2429 neque
3273 2358 3420 2412 aliud

1831 2449 2129 2521 quidquam
2201 2449 2558 2522 intelligentia
2613 2461 2793 2520 potest
2849 2452 3108 2520 consequi
3140 2492 3162 2515 ,
3211 2452 3421 2522 solique

1829 2543 1970 2614 ejus,
1998 2537 2194 2614 quiest
2223 2543 2605 2615 Immutabilis,
2634 2553 2758 2600 sunt
2798 2547 3091 2616 cognitioni
3125 2548 3416 2618 patefacta.

1831 2633 2108 2706 Principio
2136 2635 2402 2705 siquidem
2443 2628 2626 2690 rerum
2658 2637 2927 2702 onmium,
2965 2641 3198 2708 quando
3225 2641 3276 2696 is
3322 2641 3414 2710 qui

1830 2745 1924 2799 per
1947 2728 2185 2798 seipsum
2218 2728 2382 2783 Pater
2408 2737 2511 2792 est,
2540 2729 2797 2784 universa
2839 2729 2892 2783 in
2938 2732 3244 2802 semetipso
3283 2735 3414 2787 obs-

1827 2837 1955 2877 cura
1991 2823 2286 2893 ignotaque
2325 2821 2644 2878 continebat
2670 2821 2853 2894 (quem
2893 2823 3135 2880 nonnulli
3177 2823 3414 2882 Αζοιιριιι

1828 2915 2129 2971 senectutis
2177 2921 2459 2983 expertem
2502 2928 2823 2983 semperque
2856 2914 3159 2982 florentem,
3204 2927 3258 2972 et
3303 2917 3418 2973 Mai-

1829 3023 1941 3062 rem
1992 3007 2365 3077 feminamque
2429 3016 2664 3070 vocant.
2715 3009 2806 3078 qui
2853 3009 3035 3065 omnia
3095 3013 3415 3080 complexus

121 3067 419 3169 θυμήσεως
458 3098 629 3169 χωρὶς
673 3067 1181 3166 λόγουιτάυπάνταΙ
1208 3099 1268 3152 τὸ
1310 3099 1553 3167 Μέγεθος
1604 3101 1718 3152 tv.—

1827 3099 1968 3152 oulla
2018 3113 2076 3151 re
2121 3097 2238 3167 ipse
2275 3067 2787 3170 'compreltet‘tditu'r)
2819 3119 2830 3154 :
2866 3108 2997 3154 tunc
3044 3115 3164 3170 qua:
3215 3067 3265 3154 in
3324 3101 3418 3156 illo

122 3193 404 3262 λιιίιι.ιτεν)⁶
438 3193 513 3256 ὡς
542 3187 635 3246 οὖν
671 3196 950 3265 προεῖπον,
985 3194 1320 3266 ήᾶφθαρτος
1355 3195 1557 3248 Ᾱίωνία
1595 3194 1719 3264 βου-

123 3284 356 3356 ληθεῖσα
385 3284 560 3355 δεσμά
595 3284 775 3355 ῥῆξαι,
805 3284 1030 3356 ἐθήλυνε
1067 3284 1127 3338 τὸ
1163 3285 1406 3355 Μέγεθος
1430 3289 1515 3340 ἐπ’
1541 3285 1719 3358 ὀρέξει

124 3376 494 3439 ἀναπαύσεως
537 3375 721 3431 αὑτοῦ.
755 3376 865 3430 Καὶ
907 3373 1070 3450 αὕτη,
1112 3376 1259 3449 αὐτῴ
1304 3381 1546 3450 μιγεῖσα,
1595 3379 1719 3434 ἀνέ-

120 3467 263 3532 δειξε
302 3467 395 3519 τὸν
440 3467 658 3538 Πατέρα
707 3467 805 3538 τῆς
847 3466 1146 3539 Ἀληθείας,
1184 3467 1242 3522 ὃν
1296 3470 1511 3535 οἰκείως
1543 3473 1591 3525 οι
1631 3471 1719 3526 τέ-

121 3558 257 3613 λειοι
314 3557 634 3629 Ἄνθρωπον
678 3557 986 3630 ὠνόμασαν,
1039 3559 1120 3614 ὅτι
1172 3556 1240 3632 ἦν
1288 3562 1574 3627 ἀντίτυπος
1622 3560 1716 3616 τοῦ

125 3651 390 3720 προὸντος
427 3650 768 3720 Ἀγεννήτου.
816 3649 971 3704 Μετὰ
1016 3650 1174 3705 τοῦτο
1201 3651 1256 3705 δὲ
1304 3653 1336 3724 ἡ
1381 3655 1512 3726 Σιγὴ
1560 3673 1717 3725 φυσι-

123 3744 232 3813 κὴν
284 3744 514 3812 ἑνότητα
569 3741 746 3811 φωτὸς
795 3744 1244 3815 προενεγκαμένη
1300 3745 1396 3799 σὺν
1451 3746 1528 3816 τῷ
1595 3748 1716 3800 ’Λν-

124 3833 333 3905 θρὼπῳ
371 3829 460 3903 (ἦν
497 3833 554 3886 δὲ
593 3834 773 3887 αὐτῶν
819 3839 851 3905 ὴ
903 3834 1212 3900 συνέλευσις
1256 3837 1316 3890 τὸ
1360 3837 1577 3911 θέλειν),
1623 3841 1717 3893 καὶ

125 3925 470 3978 ἁναδεικνῦσι
497 3925 596 3996 τὴν
637 3923 935 3996 ’Λλήθειαν.
985 3925 1235 3996 ’Λλήθεια
1263 3928 1319 3982 δὲ
1354 3927 1461 3983 ὑπὸ
1493 3930 1599 3984 τῶν
1625 3949 1715 3984 τε-

129 4017 284 4070 λείων
316 4017 534 4081 οἰκείως
575 4017 889 4088 ὠνομάσθη,
933 4020 1015 4072 ὃτι
1061 4018 1276 4091 ἀληθῶς
1327 4020 1487 4091 ὁμοία
1534 4018 1601 4094 ἦν
1650 4024 1716 4094 τῇ

127 4110 328 4181 ἑαυτῆς
364 4110 535 4180 μητρὶ
568 4110 722 4181 Σιγῇ,
755 4111 853 4181 τῆς
894 4111 1058 4180 Σιγῆς
1102 4111 1260 4165 τοῦτο
1296 4112 1626 4185 βουλομένης
1649 4116 1714 4178 ³⁵,

127 4204 236 4257 ἀπὸ
265 4201 551 4273 μερισμῶν
577 4201 771 4272 φώτων
795 4203 886 4257 τοῦ
905 4221 962 4256 τε
986 4205 1214 4276 ἄρρενος
1241 4206 1334 4259 καὶ
1361 4201 1461 4278 τῆς
1499 4206 1717 4280 θηλείας

133 4299 244 4351 ἴσον
283 4294 444 4360 εἶναι,
497 4297 646 4359 ὅπως
684 4296 752 4349 δι’
788 4297 991 4349 ἑαυτῶν
1027 4297 1121 4350 καὶ
1168 4299 1201 4370 ἡ
1237 4299 1295 4350 ἐν
1332 4300 1516 4364 αὐτοῖς
1555 4317 1717 4370 φανε-

1822 3189 1998 3242 inerat
2035 3186 2186 3242 Mens
2219 3186 2388 3242 voluit
2421 3186 2518 3261 (ita
2551 3189 2700 3244 enint
2731 3189 2951 3259 quidam
2993 3191 3286 3261 appellant,
3318 3193 3413 3246 alii

1819 3279 2039 3350 proprio
2088 3280 2310 3335 nomine
2359 3279 2628 3346 Gratiam,
2659 3284 2801 3353 quod
2845 3283 3233 3355 Maguitudinis
3286 3286 3408 3340 tlte-

1819 3387 2036 3436 sanros.
2068 3373 2121 3428 in
2149 3388 2244 3430 eos
2278 3373 2368 3444 qui
2407 3389 2473 3429 ex
2503 3373 2874 3446 Magnitudine
2907 3387 3066 3432 erant
3098 3377 3410 3447 insumpse-

1819 3463 1926 3532 rit;
1955 3467 2049 3522 sed
2078 3465 2273 3522 melius
2304 3466 2372 3521 ab
2407 3466 2533 3523 aliis
2561 3465 2852 3522 Silentium
2880 3478 3126 3533 vocatur,
3151 3471 3418 3539 quoniam

1817 3560 1957 3613 citra
2001 3559 2271 3614 sermonis
2306 3575 2464 3614 nsum
2497 3561 2678 3615 omnia
2722 3560 3038 3632 Magnitudo
3077 3564 3421 3635 cogitatione

1818 3651 1932 3706 sola
1962 3649 2207 3724 perfecit)
2233 3669 2248 3717 ;
2277 3650 2442 3724 356
2468 3652 2650 3722 igitur,
2679 3661 2738 3706 ιιι
2776 3653 2915 3717 dixi.
2950 3654 3264 3724 incorrupta
3299 3657 3416 3710 lucc

1818 3759 1884 3799 es
1923 3743 2157 3800 IEonum
2193 3760 2424 3799 numero
2471 3743 2702 3808 femina,
2736 3744 2967 3801 vinculis
2999 3747 3252 3816 expedire
3295 3764 3420 3804 sese

1817 3836 2025 3903 volens,
2057 3835 2480 3908 Magnitudinem
2507 3836 2747 3892 libidinis
2775 3837 3044 3892 illecebris
3063 3838 3130 3893 ad
3158 3840 3243 3894 sui
3283 3857 3410 3896 con-

1818 3925 2157 3983 suetudinem
2190 3924 2414 3984 inllexit.
2437 3925 2511 3980 Ex
2535 3941 2637 3995 qua
2669 3927 2930 3983 Veritatis
2957 3927 3121 3983 Pater
3144 3945 3400 4000 procrea-

1820 4031 1909 4076 tus
1937 4030 2206 4090 est,quem
2235 4021 2326 4090 qni
2355 4018 2580 4089 perfecti
2611 4031 2738 4077 sunt
2768 4021 2988 4092 proprie
3011 4021 3310 4078 Hominem
3330 4041 3425 4094 ap-

1818 4114 2040 4184 pellant.
2064 4113 2207 4184 quod
2224 4114 2342 4183 ejus
2364 4113 2456 4182 qui
2488 4113 2640 4183 prior
2669 4123 2773 4182 est,
2798 4130 2897 4169 nec
2920 4116 2988 4170 al:
3013 4115 3124 4171 lallo
3145 4127 3227 4172 est
3252 4120 3413 4186 geni-

1821 4217 1926 4270 ttts,
1941 4203 2350 4261 similitudinem
2379 4203 2597 4260 referat.
2617 4204 2820 4260 Deinde
2840 4205 2967 4277 Sige
2989 4218 3292 4262 naturalem
3323 4213 3410 4266 lu-

1817 4299 1984 4355 minis
2014 4299 2278 4353 unitatem
2296 4313 2420 4353 eum
2454 4295 2681 4352 Homine
2703 4298 3008 4366 producens
3029 4297 3243 4360 (borum
3277 4315 3409 4357 ven

133 4390 279 4461 ρωθῇ
312 4391 424 4452 τοῖς
446 4388 504 4456 ἐξ
533 4387 698 4442 αὐτοῦ
721 4391 780 4442 ἐν
814 4389 960 4460 αὐτῷ
990 4393 1069 4454 εἰς
1101 4387 1395 4462 αἰσθητικά
1429 4393 1582 4461 φῶτα
1617 4405 1716 4464 με-

1826 4392 2132 4462 eotijuuctio
2173 4391 2450 4446 voluntate
2505 4393 2619 4447 sola
2663 4390 2903 4460 perfecta
2958 4391 3063 4463 est)
3108 4392 3406 4449 Veritatem

136 4484 395 4554 ρισθεῖσα.
429 4482 583 4536 Μετὰ
617 4481 774 4536 τοῦτο
807 4485 840 4554 ή
884 4482 1133 4555 Ἀλήθεια
1167 4486 1437 4558 μητρικὴν
1466 4504 1720 4558 προενεγ-

133 4574 345 4645 καμένη
381 4575 756 4648 Προύνεικίαν,
795 4573 1018 4645 ἐθήλυνε
1048 4575 1138 4628 τὸν
1171 4577 1381 4649 πατέρα
1417 4577 1612 4650 ἑαυτῆς
1639 4581 1718 4642 είς

131 4669 362 4739 ἑαυτὴν,
412 4667 505 4720 καὶ
555 4668 820 4738 συνῄεσαν
863 4669 1073 4734 ἐαυτοῖς
1119 4670 1382 4742 ἀφθάρτῳ
1431 4671 1574 4742 μίξει
1624 4672 1719 4724 καὶ

131 4761 393 4834 ἁτηράτῳ
425 4762 744 4831 συγκράσει.
777 4763 884 4815 Καὶ
914 4762 1256 4817 ἀναδεικνῦσι
1293 4765 1525 4836 τετράδα
1561 4783 1720 4818 πνευ-

137 4855 366 4926 ματικὴν
405 4852 789 4926 ἀῤῥενὸθηλυν,
831 4853 1121 4908 ἀντίτυπον
1167 4855 1267 4926 τῆς
1318 4855 1627 4928 προσούσης
1673 4857 1718 4888 ³⁸

133 4947 420 5018 τετράδος,
477 4946 596 5016 ἦτις
650 4941 719 5016 ἦν
766 4945 951 5010 Βυθὲς,
989 4948 1144 5018 Σιγὴ,
1188 4949 1410 5022 Πατὴρ,
1447 4950 1713 5022 Ἀλήθεια.

133 5038 277 5110 Αὕτη
315 5038 370 5091 δὲ
414 5039 448 5108 ἡ
499 5040 562 5091 ἐκ
609 5037 701 5091 τοῦ
737 5038 949 5110 Πατρὸς
987 5041 1079 5092 καὶ
1130 5040 1229 5110 τῆς
1279 5042 1440 5114 Σιγῆς
1498 5043 1715 5114 τετρὰς,

136 5131 467 5202 Ἀνθρωπος,
507 5129 820 5201 Ἐκκλησία,
858 5131 1046 5200 Λόγος,
1079 5133 1226 5204 Ζωή.
1263 5133 1395 5187 Τότε
1428 5135 1519 5188 τοῦ
1545 5136 1719 5190 πάντα

133 5225 474 5293 περιέχοντος
507 5221 680 5276 Βυθοῦ
709 5222 971 5294 θελήματι
999 5225 1028 5277 ὁ
1054 5224 1372 5298 Ἀνθρωπος
1401 5228 1496 5282 καὶ
1532 5231 1564 5300 ἡ
1601 5231 1720 5284 Ἑκο

135 5315 326 5386 κλησία
349 5313 632 5386 πατρικῶν
657 5315 986 5385 μνησθέντες
1003 5315 1177 5386 λόγων
1195 5320 1459 5392 συνῄεσαν
1485 5322 1716 5388 ἑαυτοῖς,

136 5408 226 5459 καὶ
257 5404 597 5459 ἀναδεικνῦσι
638 5406 920 5460 Δωδεκάδα
955 5409 1298 5482 Προὺνείκων
1330 5414 1714 5485 ἁρῤενὸθηλυν.

135 5503 195 5555 ΟΞ
225 5498 314 5554 οὖν
344 5499 571 5572 ἄρῤενές
607 5501 734 5563 εἰσι,
768 5500 1142 5573 Παρακλητος,
1181 5505 1471 5575 Πατρικὸς,
1511 5509 1719 5579 Μητρι-

137 5595 246 5656 κὸς.
291 5593 559 5655 Ἀείνους,
608 5591 863 5662 Θελητὸς,
901 5594 928 5646 ὅ
973 5596 1086 5648 ἐστι
1136 5596 1276 5661 Φῶς,
1309 5598 1718 5670 Ἐκκλησιαστι-

138 5687 244 5747 κνές.
274 5684 332 5736 Αἱ
361 5683 417 5737 δὲ
441 5683 673 5753 θήλειαι,
703 5683 914 5748 Πίστις,
957 5686 1163 5749 Ἐλπὶς,
1200 5688 1436 5760 Ἀγαπη,
1471 5690 1712 5756 Σύνεσις,

136 5777 406 5847 Μακαρία,
434 5775 622 5846 Σοφία.
653 5776 962 5831 Μετέπειτα
997 5777 1052 5831 δὲ
1100 5779 1268 5848 Λόγος
1307 5781 1396 5834 καὶ
1442 5782 1582 5853 Ζωὴ,
1621 5785 1713 5836 καὶ

207 5922 247 5953 ²¹
281 5914 336 5973 Γ.
355 5918 661 5977 κατέλιπεν.
760 5919 803 5953 ⁸⁸
843 5919 905 5975 ν.
938 5916 1057 5975 cod.
1094 5918 1391 5994 μυστήριον
1423 5917 1552 5993 πρὸς
1579 5918 1736 5993 ὑμαῖς.

1820 4485 1991 4541 edidit
2040 4499 2162 4556 qute
2209 4499 2276 4540 eo
2319 4483 2539 4540 nomine
2588 4484 2787 4539 merito
2830 4500 2859 4538 a
2910 4485 3166 4555 perfectis
3205 4488 3404 4541 donata

1820 4587 1922 4641 est.
1955 4578 2097 4647 quod
2132 4576 2288 4632 Matri
2329 4592 2439 4632 sine
2467 4575 2593 4647 Sige
2629 4575 2804 4645 reipsa
2845 4577 3040 4633 similis
3069 4589 3252 4641 esset;
3285 4595 3410 4646 ιμιπι

1819 4689 1884 4728 ex
1914 4673 2273 4728 divisionibus
2309 4672 2591 4736 luminum,
2625 4683 2734 4729 tant
2774 4674 2941 4728 maris
2971 4690 3134 4744 quam
3169 4675 3404 4738 fontium,

1822 4767 2052 4836 idipsum
2101 4764 2307 4834 aequale
2339 4780 2460 4819 esse
2502 4765 2748 4820 voluerat
2780 4780 2795 4819 :
2835 4775 2894 4820 ut
2945 4767 3195 4822 sensibus
3234 4783 3401 4833 expr-

1820 4858 1921 4913 sita
1960 4856 2160 4912 lumina
2192 4857 2456 4925 dispersa.
2487 4871 2583 4926 per
2632 4855 2721 4910 illa
2776 4855 2913 4926 ipsa,
2953 4868 3010 4910 et
3047 4857 3100 4910 in
3151 4857 3305 4924 ipsis,
3336 4859 3402 4909 iis

1819 4950 1909 5018 qui
1945 4963 2008 5003 ex
2044 4948 2164 5019 ipso
2190 4949 2317 5004 etin
2348 4947 2465 5019 ipso
2499 4957 2627 5001 sunt
2661 4962 2782 5002 sese
2815 4947 3168 5016 patefaceret.
3210 4947 3400 5001 Postea

1820 5041 2032 5096 Veritas
2083 5050 2384 5096 maternam
2424 5037 2734 5093 Pruuiciam
2769 5037 3065 5106 proferens.
3113 5047 3398 5105 parentem

1820 5150 1975 5188 suum
2006 5133 2072 5186 ad
2103 5132 2186 5186 sui
2219 5146 2457 5186 amorem
2483 5131 2766 5199 pertraxit.
2799 5129 2980 5196 Quare
3011 5132 3170 5182 ambo
3217 5131 3402 5182 ineor-

1822 5237 1974 5295 rupta
2033 5223 2410 5294 copulatione,
2457 5238 2522 5277 ac
2585 5237 2857 5290 nunquam
2901 5231 3223 5276 senescente
3274 5237 3406 5275 con-

1815 5320 2098 5389 junctioue
2132 5317 2403 5372 commisti
2461 5323 2607 5371 sunt.
2669 5314 2822 5372 Unde
2861 5315 3124 5386 spiritalis
3169 5315 3401 5370 marium

1820 5431 1882 5466 at:
1912 5411 2233 5464 feminarum
2264 5410 2524 5480 quadriga
2558 5409 2789 5480 prodiit,
2840 5407 3039 5478 prioris
3071 5406 3298 5462 alterius
3330 5409 3405 5460 si-

1821 5504 1988 5569 milis,
2024 5517 2146 5573 qua:
2187 5501 2252 5555 iis
2295 5511 2545 5570 quatuor,
2585 5499 2781 5570 Bytlto.
2809 5497 2956 5568 Sige,
2991 5497 3150 5553 Patre
3201 5513 3265 5553 ac
3303 5495 3404 5552 γε·

1820 5600 1981 5652 ritate
2036 5596 2342 5653 constabat.
2393 5593 2670 5649 Posterior
2714 5610 2842 5649 vero
2892 5593 2980 5648 illa
3027 5609 3091 5647 ex
3139 5591 3296 5647 Patre
3341 5609 3406 5647 ac

1822 5690 1946 5761 Sige
1986 5691 2244 5758 producta
2297 5689 2411 5742 Iure
2465 5695 2589 5740 est:
2629 5685 2836 5747 llomo.
2880 5684 3145 5747 Ecclesia,
3187 5685 3399 5745 Sermo,

1825 5783 1966 5836 Vita.
2005 5780 2156 5836 Tunc
2185 5777 2698 5849 comprcltendeutis
2723 5777 2901 5832 omnia
2943 5774 3096 5846 Bytlti
3128 5776 3404 5831 voluntate

1816 5921 1856 5951 ¹”
1891 5918 2018 5994 ch.
2052 5919 2158 5975 ὅτε.
2240 5920 2282 5952 ’³
2315 5920 2372 5978 γ.
2413 5917 2786 5994 βουληθείης.
2868 5919 2908 5952 ³⁸
2934 5918 2991 5976 F.
3041 5914 3330 5990 προούτης.
