  <div class='ocr_page' id='page_1' title='image "/cluster/home/n/w/nwhite01/storage/ocr_20150623/7/hvd.32044019206614/652.png"; bbox 0 0 3878 6348; ppageno 0'>
   <div class='ocr_carea' id='block_1_1' title="bbox 133 305 288 362">
    <p class='ocr_par' dir='ltr' id='par_1_1' title="bbox 133 305 288 362">
     <span class='ocr_line' id='line_1_1' title="bbox 133 305 288 362; baseline -0.013 0"><span class='ocrx_word' id='word_1_1' title='bbox 133 305 288 362; x_wconf 62' lang='lat' dir='ltr'><strong>i285</strong></span> 
     </span>
    </p>
   </div>
   <div class='ocr_carea' id='block_1_2' title="bbox 1371 301 2210 362">
    <p class='ocr_par' dir='ltr' id='par_1_2' title="bbox 1371 301 2210 362">
     <span class='ocr_line' id='line_1_2' title="bbox 1371 301 2210 362; baseline 0.005 -6"><span class='ocrx_word' id='word_1_2' title='bbox 1371 301 1802 362; x_wconf 72' lang='lat' dir='ltr'><strong>FRAGMENTA</strong></span> <span class='ocrx_word' id='word_1_3' title='bbox 1842 305 2210 362; x_wconf 77' lang='lat' dir='ltr'><strong>CNOSTICA.</strong></span> 
     </span>
    </p>
   </div>
   <div class='ocr_carea' id='block_1_3' title="bbox 3283 311 3420 368">
    <p class='ocr_par' dir='ltr' id='par_1_3' title="bbox 3283 311 3420 368">
     <span class='ocr_line' id='line_1_3' title="bbox 3283 311 3420 368; baseline 0.007 -1"><span class='ocrx_word' id='word_1_4' title='bbox 3283 311 3420 368; x_wconf 61' lang='grc' dir='ltr'><strong>ΗΜ</strong></span> 
     </span>
    </p>
   </div>
   <div class='ocr_carea' id='block_1_4' title="bbox 130 416 1735 499">
    <p class='ocr_par' dir='ltr' id='par_1_4' title="bbox 130 416 1733 492">
     <span class='ocr_line' id='line_1_4' title="bbox 130 416 1733 492; baseline 0.002 -20"><span class='ocrx_word' id='word_1_5' title='bbox 130 419 356 474; x_wconf 68' lang='grc' dir='ltr'>ἐκεῖνον</span> <span class='ocrx_word' id='word_1_6' title='bbox 386 418 460 490; x_wconf 81' lang='grc' dir='ltr'>μὴ</span> <span class='ocrx_word' id='word_1_7' title='bbox 492 416 751 473; x_wconf 86' lang='grc' dir='ltr'>δύνωνται</span> <span class='ocrx_word' id='word_1_8' title='bbox 786 416 1092 488; x_wconf 62' lang='grc' dir='ltr'>φυλάττειν,</span> <span class='ocrx_word' id='word_1_9' title='bbox 1127 419 1228 473; x_wconf 74' lang='grc' dir='ltr'>κᾶν</span> <span class='ocrx_word' id='word_1_10' title='bbox 1250 419 1437 474; x_wconf 78' lang='grc' dir='ltr'>τοῦτόν</span> <span class='ocrx_word' id='word_1_11' title='bbox 1469 438 1533 490; x_wconf 85' lang='grc' dir='ltr'><strong>γε</strong></span> <span class='ocrx_word' id='word_1_12' title='bbox 1567 422 1733 492; x_wconf 77' lang='grc' dir='ltr'>φυλά-</span> 
     </span>
    </p>
   </div>
   <div class='ocr_carea' id='block_1_5' title="bbox 1844 416 3418 499">
    <p class='ocr_par' dir='ltr' id='par_1_5' title="bbox 1844 421 3418 499">
     <span class='ocr_line' id='line_1_5' title="bbox 1844 421 3418 499; baseline 0.006 -26"><span class='ocrx_word' id='word_1_13' title='bbox 1844 423 2074 492; x_wconf 82' lang='lat' dir='ltr'><strong>possint,</strong></span> <span class='ocrx_word' id='word_1_14' title='bbox 2111 423 2252 477; x_wconf 85' lang='lat' dir='ltr'><strong>hanc</strong></span> <span class='ocrx_word' id='word_1_15' title='bbox 2283 421 2477 476; x_wconf 81' lang='lat' dir='ltr'><strong>saltem</strong></span> <span class='ocrx_word' id='word_1_16' title='bbox 2517 423 2812 490; x_wconf 73' lang='lat' dir='ltr'><strong>retineant,</strong></span> <span class='ocrx_word' id='word_1_17' title='bbox 2834 440 3012 495; x_wconf 78' lang='lat' dir='ltr'><strong>neque.</strong></span> <span class='ocrx_word' id='word_1_18' title='bbox 3032 440 3092 480; x_wconf 77' lang='lat' dir='ltr'><strong>se</strong></span> <span class='ocrx_word' id='word_1_19' title='bbox 3124 425 3176 480; x_wconf 89' lang='lat' dir='ltr'><strong>in</strong></span> <span class='ocrx_word' id='word_1_20' title='bbox 3213 426 3418 499; x_wconf 77' lang='lat' dir='ltr'><strong>ﬂagitia</strong></span> 
     </span>
    </p>
   </div>
   <div class='ocr_carea' id='block_1_6' title="bbox 130 511 1735 585">
    <p class='ocr_par' dir='ltr' id='par_1_6' title="bbox 130 511 1735 585">
     <span class='ocr_line' id='line_1_6' title="bbox 130 511 1735 585; baseline 0.002 -18"><span class='ocrx_word' id='word_1_21' title='bbox 130 512 314 580; x_wconf 69' lang='lat' dir='ltr'><strong>5mm,</strong></span> <span class='ocrx_word' id='word_1_22' title='bbox 342 511 435 566; x_wconf 81' lang='grc' dir='ltr'>καὶ</span> <span class='ocrx_word' id='word_1_23' title='bbox 471 513 546 585; x_wconf 75' lang='grc' dir='ltr'>μὴ</span> <span class='ocrx_word' id='word_1_24' title='bbox 581 513 660 576; x_wconf 80' lang='grc' dir='ltr'><strong>εἰς</strong></span> <span class='ocrx_word' id='word_1_25' title='bbox 693 511 907 574; x_wconf 83' lang='grc' dir='ltr'>ἀδικίας</span> <span class='ocrx_word' id='word_1_26' title='bbox 940 513 1032 564; x_wconf 74' lang='grc' dir='ltr'>καὶ</span> <span class='ocrx_word' id='word_1_27' title='bbox 1077 513 1274 577; x_wconf 88' lang='grc' dir='ltr'>κακίας</span> <span class='ocrx_word' id='word_1_28' title='bbox 1302 514 1642 585; x_wconf 83' lang='grc' dir='ltr'>ὲκτραπῶσι,</span> <span class='ocrx_word' id='word_1_29' title='bbox 1668 516 1735 570; x_wconf 82' lang='grc' dir='ltr'>δι’</span> 
     </span>
    </p>
   </div>
   <div class='ocr_carea' id='block_1_7' title="bbox 129 601 1732 679">
    <p class='ocr_par' dir='ltr' id='par_1_7' title="bbox 129 601 1732 679">
     <span class='ocr_line' id='line_1_7' title="bbox 129 601 1732 679; baseline 0.002 -21"><span class='ocrx_word' id='word_1_30' title='bbox 129 601 216 658; x_wconf 78' lang='grc' dir='ltr'><strong>ὧν</strong></span> <span class='ocrx_word' id='word_1_31' title='bbox 246 605 492 659; x_wconf 77' lang='grc' dir='ltr'><strong>ἀπώλεια</strong></span> <span class='ocrx_word' id='word_1_32' title='bbox 513 605 694 667; x_wconf 75' lang='grc' dir='ltr'>αὐτοῖς</span> <span class='ocrx_word' id='word_1_33' title='bbox 711 603 902 676; x_wconf 71' lang='grc' dir='ltr'>ἔμελλε</span> <span class='ocrx_word' id='word_1_34' title='bbox 918 604 1232 676; x_wconf 74' lang='grc' dir='ltr'><strong>τελειοτάτη</strong></span> <span class='ocrx_word' id='word_1_35' title='bbox 1249 607 1732 679; x_wconf 74' lang='grc' dir='ltr'>ὲπακολουθήσειν.</span> 
     </span>
    </p>
   </div>
   <div class='ocr_carea' id='block_1_8' title="bbox 129 697 1736 774">
    <p class='ocr_par' dir='ltr' id='par_1_8' title="bbox 129 697 1736 774">
     <span class='ocr_line' id='line_1_8' title="bbox 129 697 1736 774; baseline 0.002 -21"><span class='ocrx_word' id='word_1_36' title='bbox 129 699 296 770; x_wconf 77' lang='grc' dir='ltr'><strong>Αὕτη</strong></span> <span class='ocrx_word' id='word_1_37' title='bbox 345 698 504 770; x_wconf 77' lang='grc' dir='ltr'><strong>μὲνὴ</strong></span> <span class='ocrx_word' id='word_1_38' title='bbox 545 697 736 752; x_wconf 86' lang='grc' dir='ltr'>τούτου</span> <span class='ocrx_word' id='word_1_39' title='bbox 778 698 972 770; x_wconf 73' lang='grc' dir='ltr'>γνώμη</span> <span class='ocrx_word' id='word_1_40' title='bbox 994 739 1007 763; x_wconf 91' lang='grc'><strong>,</strong></span> <span class='ocrx_word' id='word_1_41' title='bbox 1043 699 1164 754; x_wconf 79' lang='grc' dir='ltr'>καθ’</span> <span class='ocrx_word' id='word_1_42' title='bbox 1198 701 1265 772; x_wconf 76' lang='grc' dir='ltr'>ἦν</span> <span class='ocrx_word' id='word_1_43' title='bbox 1306 702 1736 774; x_wconf 80' lang='grc' dir='ltr'><strong>ἀντινομοθετῶν</strong></span> 
     </span>
    </p>
   </div>
   <div class='ocr_carea' id='block_1_9' title="bbox 131 789 1736 864">
    <p class='ocr_par' dir='ltr' id='par_1_9' title="bbox 131 789 1736 864">
     <span class='ocr_line' id='line_1_9' title="bbox 131 789 1736 864; baseline 0.002 -19"><span class='ocrx_word' id='word_1_44' title='bbox 131 791 463 863; x_wconf 79' lang='grc' dir='ltr'>εὑρίσκεται</span> <span class='ocrx_word' id='word_1_45' title='bbox 508 789 585 860; x_wconf 77' lang='grc' dir='ltr'>τῷ</span> <span class='ocrx_word' id='word_1_46' title='bbox 630 789 769 861; x_wconf 77' lang='grc' dir='ltr'><strong>Θεῷ.</strong></span> <span class='ocrx_word' id='word_1_47' title='bbox 816 791 963 864; x_wconf 71' lang='grc' dir='ltr'>Πλὴν</span> <span class='ocrx_word' id='word_1_48' title='bbox 1010 793 1091 846; x_wconf 85' lang='grc' dir='ltr'>ὅτι</span> <span class='ocrx_word' id='word_1_49' title='bbox 1144 810 1209 862; x_wconf 91' lang='grc' dir='ltr'>γε</span> <span class='ocrx_word' id='word_1_50' title='bbox 1259 794 1539 859; x_wconf 79' lang='grc' dir='ltr'>Μωῦσέως</span> <span class='ocrx_word' id='word_1_51' title='bbox 1569 794 1736 848; x_wconf 76' lang='grc' dir='ltr'>αὐτοῦ</span> 
     </span>
    </p>
   </div>
   <div class='ocr_carea' id='block_1_10' title="bbox 129 878 1734 955">
    <p class='ocr_par' dir='ltr' id='par_1_10' title="bbox 129 878 1734 955">
     <span class='ocr_line' id='line_1_10' title="bbox 129 878 1734 955; baseline 0.002 -21"><span class='ocrx_word' id='word_1_52' title='bbox 129 881 424 935; x_wconf 76' lang='grc' dir='ltr'><strong>δείκνυται</strong></span> <span class='ocrx_word' id='word_1_53' title='bbox 476 878 711 932; x_wconf 78' lang='grc' dir='ltr'>ἐνταῦθα</span> <span class='ocrx_word' id='word_1_54' title='bbox 761 880 947 952; x_wconf 75' lang='grc' dir='ltr'>ἕτερος</span> <span class='ocrx_word' id='word_1_55' title='bbox 988 880 1064 935; x_wconf 80' lang='grc' dir='ltr'>ὢν</span> <span class='ocrx_word' id='word_1_56' title='bbox 1115 881 1265 955; x_wconf 78' lang='grc' dir='ltr'><strong>παρά</strong></span> <span class='ocrx_word' id='word_1_57' title='bbox 1321 883 1410 937; x_wconf 84' lang='grc' dir='ltr'>τὸν</span> <span class='ocrx_word' id='word_1_58' title='bbox 1463 884 1556 938; x_wconf 89' lang='grc' dir='ltr'><strong>τοῦ</strong></span> <span class='ocrx_word' id='word_1_59' title='bbox 1600 884 1734 938; x_wconf 97' lang='grc' dir='ltr'>Θεοῦ</span> 
     </span>
    </p>
   </div>
   <div class='ocr_carea' id='block_1_11' title="bbox 125 971 1735 1048">
    <p class='ocr_par' dir='ltr' id='par_1_11' title="bbox 125 971 1735 1048">
     <span class='ocr_line' id='line_1_11' title="bbox 125 971 1735 1048; baseline 0.001 -20"><span class='ocrx_word' id='word_1_60' title='bbox 125 976 332 1045; x_wconf 73' lang='grc' dir='ltr'>νόμον,</span> <span class='ocrx_word' id='word_1_61' title='bbox 354 972 837 1045; x_wconf 69' lang='grc' dir='ltr'>ἀναμφισϐήτητον</span> <span class='ocrx_word' id='word_1_62' title='bbox 858 977 993 1036; x_wconf 79' lang='grc' dir='ltr'>ἐστι,</span> <span class='ocrx_word' id='word_1_63' title='bbox 1025 973 1126 1028; x_wconf 72' lang='grc' dir='ltr'>κᾶν</span> <span class='ocrx_word' id='word_1_64' title='bbox 1141 975 1208 1028; x_wconf 82' lang='grc' dir='ltr'>δι’</span> <span class='ocrx_word' id='word_1_65' title='bbox 1231 977 1350 1039; x_wconf 72' lang='grc' dir='ltr'>ἑνὸς</span> <span class='ocrx_word' id='word_1_66' title='bbox 1370 977 1440 1030; x_wconf 84' lang='grc' dir='ltr'>τὰ</span> <span class='ocrx_word' id='word_1_67' title='bbox 1471 977 1568 1030; x_wconf 89' lang='grc' dir='ltr'><strong>νῦν</strong></span> <span class='ocrx_word' id='word_1_68' title='bbox 1586 971 1735 1048; x_wconf 79' lang='grc' dir='ltr'>ὦμεν</span> 
     </span>
    </p>
   </div>
   <div class='ocr_carea' id='block_1_12' title="bbox 131 1065 1736 1141">
    <p class='ocr_par' dir='ltr' id='par_1_12' title="bbox 131 1065 1736 1141">
     <span class='ocr_line' id='line_1_12' title="bbox 131 1065 1736 1141; baseline 0.001 -21"><span class='ocrx_word' id='word_1_69' title='bbox 131 1066 466 1136; x_wconf 78' lang='grc' dir='ltr'>δεδειχότες.</span> <span class='ocrx_word' id='word_1_70' title='bbox 509 1067 628 1118; x_wconf 86' lang='grc' dir='ltr'>Ὅτι</span> <span class='ocrx_word' id='word_1_71' title='bbox 667 1065 724 1118; x_wconf 77' lang='grc' dir='ltr'>δὲ</span> <span class='ocrx_word' id='word_1_72' title='bbox 758 1066 853 1119; x_wconf 70' lang='grc' dir='ltr'>καὶ</span> <span class='ocrx_word' id='word_1_73' title='bbox 890 1066 998 1119; x_wconf 78' lang='grc' dir='ltr'>τῶν</span> <span class='ocrx_word' id='word_1_74' title='bbox 1033 1067 1418 1141; x_wconf 79' lang='grc' dir='ltr'>πρεσϐυτέρων</span> <span class='ocrx_word' id='word_1_75' title='bbox 1451 1069 1557 1122; x_wconf 71' lang='grc' dir='ltr'>εἰσί</span> <span class='ocrx_word' id='word_1_76' title='bbox 1591 1087 1736 1134; x_wconf 89' lang='grc' dir='ltr'>τινες</span> 
     </span>
    </p>
   </div>
   <div class='ocr_carea' id='block_1_13' title="bbox 90 1147 1736 1232">
    <p class='ocr_par' dir='ltr' id='par_1_13' title="bbox 90 1147 1736 1232">
     <span class='ocr_line' id='line_1_13' title="bbox 90 1147 1736 1232; baseline 0.002 -22"><span class='ocrx_word' id='word_1_77' title='bbox 90 1147 108 1176; x_wconf 83' lang='grc'><strong>”</strong></span> <span class='ocrx_word' id='word_1_78' title='bbox 136 1157 638 1229; x_wconf 76' lang='grc' dir='ltr'><strong>συμπεπλεγμέναι</strong></span> <span class='ocrx_word' id='word_1_79' title='bbox 672 1158 1002 1230; x_wconf 69' lang='grc' dir='ltr'>παραδόσεις</span> <span class='ocrx_word' id='word_1_80' title='bbox 1036 1161 1093 1212; x_wconf 79' lang='grc' dir='ltr'>ὲν</span> <span class='ocrx_word' id='word_1_81' title='bbox 1123 1159 1200 1230; x_wconf 83' lang='grc' dir='ltr'><strong>τῷ</strong></span> <span class='ocrx_word' id='word_1_82' title='bbox 1233 1160 1384 1231; x_wconf 77' lang='grc' dir='ltr'>νόμῳ</span> <span class='ocrx_word' id='word_1_83' title='bbox 1407 1201 1422 1225; x_wconf 97' lang='grc'><strong>,</strong></span> <span class='ocrx_word' id='word_1_84' title='bbox 1459 1160 1609 1232; x_wconf 78' lang='grc' dir='ltr'>δηλοῖ</span> <span class='ocrx_word' id='word_1_85' title='bbox 1641 1161 1736 1216; x_wconf 75' lang='grc' dir='ltr'>καὶ</span> 
     </span>
    </p>
   </div>
   <div class='ocr_carea' id='block_1_14' title="bbox 136 1248 1730 1324">
    <p class='ocr_par' dir='ltr' id='par_1_14' title="bbox 136 1248 1730 1324">
     <span class='ocr_line' id='line_1_14' title="bbox 136 1248 1730 1324; baseline 0.002 -21"><span class='ocrx_word' id='word_1_86' title='bbox 136 1250 312 1304; x_wconf 82' lang='grc' dir='ltr'>τοῦτο</span> <span class='ocrx_word' id='word_1_87' title='bbox 353 1253 383 1304; x_wconf 87' lang='grc' dir='ltr'><strong>ὁ</strong></span> <span class='ocrx_word' id='word_1_88' title='bbox 421 1250 634 1322; x_wconf 72' lang='grc' dir='ltr'>Σωτήρ.</span> <span class='ocrx_word' id='word_1_89' title='bbox 683 1251 736 1302; x_wconf 86' lang='lat'><strong>&#39;0</strong></span> <span class='ocrx_word' id='word_1_90' title='bbox 778 1249 887 1321; x_wconf 69' lang='grc' dir='ltr'>γὰρ</span> <span class='ocrx_word' id='word_1_91' title='bbox 933 1250 1110 1317; x_wconf 79' lang='grc' dir='ltr'>Θεὸς,</span> <span class='ocrx_word' id='word_1_92' title='bbox 1155 1253 1348 1324; x_wconf 73' lang='grc' dir='ltr'>φησὶν,</span> <span class='ocrx_word' id='word_1_93' title='bbox 1383 1248 1547 1318; x_wconf 74' lang='grc' dir='ltr'>εἶπε,</span> <span class='ocrx_word' id='word_1_94' title='bbox 1587 1253 1730 1321; x_wconf 76' lang='grc' dir='ltr'>Τίμα</span> 
     </span>
    </p>
   </div>
   <div class='ocr_carea' id='block_1_15' title="bbox 136 1341 1734 1413">
    <p class='ocr_par' dir='ltr' id='par_1_15' title="bbox 136 1341 1734 1413">
     <span class='ocr_line' id='line_1_15' title="bbox 136 1341 1734 1413; baseline 0.003 -17"><span class='ocrx_word' id='word_1_95' title='bbox 136 1346 258 1396; x_wconf 72' lang='grc' dir='ltr'><strong>τὸν</strong></span> <span class='ocrx_word' id='word_1_96' title='bbox 291 1342 517 1408; x_wconf 75' lang='grc' dir='ltr'>πατέρα</span> <span class='ocrx_word' id='word_1_97' title='bbox 553 1359 668 1397; x_wconf 84' lang='grc' dir='ltr'>σου</span> <span class='ocrx_word' id='word_1_98' title='bbox 693 1342 791 1396; x_wconf 74' lang='grc' dir='ltr'><strong>καὶ</strong></span> <span class='ocrx_word' id='word_1_99' title='bbox 825 1341 941 1411; x_wconf 62' lang='grc' dir='ltr'><strong>τὴν</strong></span> <span class='ocrx_word' id='word_1_100' title='bbox 953 1343 1184 1413; x_wconf 75' lang='grc' dir='ltr'>μητέρα</span> <span class='ocrx_word' id='word_1_101' title='bbox 1211 1360 1329 1399; x_wconf 85' lang='grc' dir='ltr'>σου</span> <span class='ocrx_word' id='word_1_102' title='bbox 1352 1384 1367 1407; x_wconf 93' lang='grc'><strong>,</strong></span> <span class='ocrx_word' id='word_1_103' title='bbox 1398 1346 1498 1398; x_wconf 77' lang='grc' dir='ltr'><strong>ἵνα</strong></span> <span class='ocrx_word' id='word_1_104' title='bbox 1527 1342 1597 1401; x_wconf 80' lang='grc' dir='ltr'>εὖ</span> <span class='ocrx_word' id='word_1_105' title='bbox 1633 1362 1734 1401; x_wconf 82' lang='grc' dir='ltr'><strong>σοι</strong></span> 
     </span>
    </p>
   </div>
   <div class='ocr_carea' id='block_1_16' title="bbox 139 1434 1736 1512">
    <p class='ocr_par' dir='ltr' id='par_1_16' title="bbox 139 1434 1736 1512">
     <span class='ocr_line' id='line_1_16' title="bbox 139 1434 1736 1512; baseline 0.004 -25"><span class='ocrx_word' id='word_1_106' title='bbox 139 1435 412 1507; x_wconf 64' lang='grc' dir='ltr'><strong>γένηται.</strong></span> <span class='ocrx_word' id='word_1_107' title='bbox 454 1435 652 1505; x_wconf 81' lang='grc' dir='ltr'><strong>Ὑμεῖς</strong></span> <span class='ocrx_word' id='word_1_108' title='bbox 692 1434 795 1498; x_wconf 82' lang='grc' dir='ltr'><strong>δὲ,</strong></span> <span class='ocrx_word' id='word_1_109' title='bbox 842 1440 1044 1509; x_wconf 68' lang='grc' dir='ltr'>φησιν,</span> <span class='ocrx_word' id='word_1_110' title='bbox 1081 1437 1391 1506; x_wconf 68' lang='grc' dir='ltr'>εἰρήκατε,</span> <span class='ocrx_word' id='word_1_111' title='bbox 1449 1441 1563 1503; x_wconf 77' lang='grc' dir='ltr'>τοῖς</span> <span class='ocrx_word' id='word_1_112' title='bbox 1603 1457 1736 1512; x_wconf 82' lang='grc' dir='ltr'>πρε-</span> 
     </span>
    </p>
   </div>
   <div class='ocr_carea' id='block_1_17' title="bbox 141 1527 1734 1600">
    <p class='ocr_par' dir='ltr' id='par_1_17' title="bbox 141 1527 1734 1600">
     <span class='ocr_line' id='line_1_17' title="bbox 141 1527 1734 1600; baseline 0.003 -17"><span class='ocrx_word' id='word_1_113' title='bbox 141 1529 438 1600; x_wconf 76' lang='grc' dir='ltr'>σϐυτέροις</span> <span class='ocrx_word' id='word_1_114' title='bbox 473 1530 675 1598; x_wconf 75' lang='grc' dir='ltr'>λέγων·</span> <span class='ocrx_word' id='word_1_115' title='bbox 713 1527 910 1596; x_wconf 78' lang='grc' dir='ltr'>Δῶρον</span> <span class='ocrx_word' id='word_1_116' title='bbox 935 1529 1021 1596; x_wconf 70' lang='grc' dir='ltr'><strong>τῷ</strong></span> <span class='ocrx_word' id='word_1_117' title='bbox 1057 1529 1179 1595; x_wconf 84' lang='grc' dir='ltr'>Θεῴ</span> <span class='ocrx_word' id='word_1_118' title='bbox 1214 1529 1245 1583; x_wconf 83' lang='grc' dir='ltr'><em>ὃ</em></span> <span class='ocrx_word' id='word_1_119' title='bbox 1283 1530 1393 1583; x_wconf 73' lang='grc' dir='ltr'><strong>ἐὰν</strong></span> <span class='ocrx_word' id='word_1_120' title='bbox 1416 1531 1734 1600; x_wconf 62' lang='grc' dir='ltr'><strong>ὠφεληθῇς</strong></span> 
     </span>
    </p>
   </div>
   <div class='ocr_carea' id='block_1_18' title="bbox 137 1621 1735 1693">
    <p class='ocr_par' dir='ltr' id='par_1_18' title="bbox 137 1621 1735 1693">
     <span class='ocr_line' id='line_1_18' title="bbox 137 1621 1735 1693; baseline 0.003 -18"><span class='ocrx_word' id='word_1_121' title='bbox 137 1622 212 1686; x_wconf 78' lang='grc' dir='ltr'><strong>ἐξ</strong></span> <span class='ocrx_word' id='word_1_122' title='bbox 235 1622 409 1693; x_wconf 72' lang='grc' dir='ltr'>ἐμοῦ·</span> <span class='ocrx_word' id='word_1_123' title='bbox 446 1622 543 1675; x_wconf 77' lang='grc' dir='ltr'><strong>καὶ</strong></span> <span class='ocrx_word' id='word_1_124' title='bbox 579 1621 914 1690; x_wconf 58' lang='lat' dir='ltr'><strong>iixvpdrcare</strong></span> <span class='ocrx_word' id='word_1_125' title='bbox 945 1623 1053 1675; x_wconf 78' lang='grc' dir='ltr'><strong>τὸν</strong></span> <span class='ocrx_word' id='word_1_126' title='bbox 1076 1624 1264 1693; x_wconf 71' lang='grc' dir='ltr'>νόμον</span> <span class='ocrx_word' id='word_1_127' title='bbox 1291 1624 1396 1677; x_wconf 86' lang='grc' dir='ltr'>τοῦ</span> <span class='ocrx_word' id='word_1_128' title='bbox 1433 1625 1602 1686; x_wconf 83' lang='grc' dir='ltr'>Θεοῦ,</span> <span class='ocrx_word' id='word_1_129' title='bbox 1637 1626 1735 1680; x_wconf 86' lang='grc' dir='ltr'><strong>διὰ</strong></span> 
     </span>
    </p>
   </div>
   <div class='ocr_carea' id='block_1_19' title="bbox 137 1713 1735 1785">
    <p class='ocr_par' dir='ltr' id='par_1_19' title="bbox 137 1713 1735 1785">
     <span class='ocr_line' id='line_1_19' title="bbox 137 1713 1735 1785; baseline 0.001 -17"><span class='ocrx_word' id='word_1_130' title='bbox 137 1713 265 1783; x_wconf 77' lang='grc' dir='ltr'><strong>τὴν</strong></span> <span class='ocrx_word' id='word_1_131' title='bbox 311 1713 644 1783; x_wconf 73' lang='grc' dir='ltr'><em>παράδοσιν</em></span> <span class='ocrx_word' id='word_1_132' title='bbox 677 1713 795 1768; x_wconf 80' lang='grc' dir='ltr'><strong>τῶν</strong></span> <span class='ocrx_word' id='word_1_133' title='bbox 846 1716 1260 1783; x_wconf 72' lang='grc' dir='ltr'>πρεσϐυτέρων</span> <span class='ocrx_word' id='word_1_134' title='bbox 1325 1715 1512 1785; x_wconf 62' lang='grc' dir='ltr'><strong>ὑμῶν.</strong></span> <span class='ocrx_word' id='word_1_135' title='bbox 1563 1717 1735 1770; x_wconf 85' lang='grc' dir='ltr'>Τοῦτο</span> 
     </span>
    </p>
   </div>
   <div class='ocr_carea' id='block_1_20' title="bbox 1841 515 3417 586">
    <p class='ocr_par' dir='ltr' id='par_1_20' title="bbox 1841 515 3417 586">
     <span class='ocr_line' id='line_1_20' title="bbox 1841 515 3417 586; baseline 0.003 -18"><span class='ocrx_word' id='word_1_136' title='bbox 1841 515 2158 584; x_wconf 82' lang='lat' dir='ltr'><strong>sceleraque</strong></span> <span class='ocrx_word' id='word_1_137' title='bbox 2186 515 2570 576; x_wconf 70' lang='lat' dir='ltr'><strong>committant.</strong></span> <span class='ocrx_word' id='word_1_138' title='bbox 2621 530 2719 583; x_wconf 88' lang='lat' dir='ltr'><strong>per</strong></span> <span class='ocrx_word' id='word_1_139' title='bbox 2749 530 2869 586; x_wconf 69' lang='lat' dir='ltr'><strong>qua:</strong></span> <span class='ocrx_word' id='word_1_140' title='bbox 2911 517 3156 570; x_wconf 85' lang='lat' dir='ltr'><strong>ultimum</strong></span> <span class='ocrx_word' id='word_1_141' title='bbox 3185 521 3417 573; x_wconf 73' lang='lat' dir='ltr'><strong>cxrtiuni</strong></span> 
     </span>
    </p>
   </div>
   <div class='ocr_carea' id='block_1_21' title="bbox 1843 604 3418 680">
    <p class='ocr_par' dir='ltr' id='par_1_21' title="bbox 1843 604 3418 680">
     <span class='ocr_line' id='line_1_21' title="bbox 1843 604 3418 680; baseline 0.001 -19"><span class='ocrx_word' id='word_1_142' title='bbox 1843 616 2230 674; x_wconf 73' lang='lat' dir='ltr'><strong>consequatur.</strong></span> <span class='ocrx_word' id='word_1_143' title='bbox 2293 604 2417 660; x_wconf 77' lang='lat' dir='ltr'><strong>llzec</strong></span> <span class='ocrx_word' id='word_1_144' title='bbox 2460 606 2605 660; x_wconf 88' lang='lat' dir='ltr'><strong>illius</strong></span> <span class='ocrx_word' id='word_1_145' title='bbox 2649 610 2787 662; x_wconf 80' lang='lat' dir='ltr'><strong>ratio</strong></span> <span class='ocrx_word' id='word_1_146' title='bbox 2837 608 2958 670; x_wconf 81' lang='lat' dir='ltr'><strong>fuit,</strong></span> <span class='ocrx_word' id='word_1_147' title='bbox 2991 619 3214 680; x_wconf 81' lang='lat' dir='ltr'><strong>propter</strong></span> <span class='ocrx_word' id='word_1_148' title='bbox 3251 625 3418 678; x_wconf 86' lang='lat' dir='ltr'><strong>quam</strong></span> 
     </span>
    </p>
   </div>
   <div class='ocr_carea' id='block_1_22' title="bbox 1843 699 3419 767">
    <p class='ocr_par' dir='ltr' id='par_1_22' title="bbox 1843 699 3419 767">
     <span class='ocr_line' id='line_1_22' title="bbox 1843 699 3419 767; baseline 0.002 -14"><span class='ocrx_word' id='word_1_149' title='bbox 1843 701 2184 754; x_wconf 87' lang='lat' dir='ltr'><strong>contrarium</strong></span> <span class='ocrx_word' id='word_1_150' title='bbox 2217 699 2478 767; x_wconf 76' lang='lat' dir='ltr'><strong>quiddam</strong></span> <span class='ocrx_word' id='word_1_151' title='bbox 2514 701 2625 755; x_wconf 88' lang='lat' dir='ltr'><strong>Deo</strong></span> <span class='ocrx_word' id='word_1_152' title='bbox 2659 703 2916 756; x_wconf 87' lang='lat' dir='ltr'><strong>statuisse</strong></span> <span class='ocrx_word' id='word_1_153' title='bbox 2934 705 3196 757; x_wconf 86' lang='lat' dir='ltr'><strong>cernitur.</strong></span> <span class='ocrx_word' id='word_1_154' title='bbox 3231 704 3419 756; x_wconf 80' lang='lat' dir='ltr'><strong>Enim-</strong></span> 
     </span>
    </p>
   </div>
   <div class='ocr_carea' id='block_1_23' title="bbox 1843 793 3412 868">
    <p class='ocr_par' dir='ltr' id='par_1_23' title="bbox 1843 793 3412 868">
     <span class='ocr_line' id='line_1_23' title="bbox 1843 793 3412 868; baseline 0.004 -24"><span class='ocrx_word' id='word_1_155' title='bbox 1843 807 1972 847; x_wconf 87' lang='lat' dir='ltr'><strong>vero</strong></span> <span class='ocrx_word' id='word_1_156' title='bbox 2001 793 2274 847; x_wconf 79' lang='lat' dir='ltr'><strong>diversam</strong></span> <span class='ocrx_word' id='word_1_157' title='bbox 2325 795 2413 849; x_wconf 84' lang='lat' dir='ltr'><strong>hic</strong></span> <span class='ocrx_word' id='word_1_158' title='bbox 2442 810 2472 848; x_wconf 89' lang='lat' dir='ltr'><strong>a</strong></span> <span class='ocrx_word' id='word_1_159' title='bbox 2505 795 2690 848; x_wconf 84' lang='lat' dir='ltr'><strong>divina</strong></span> <span class='ocrx_word' id='word_1_160' title='bbox 2776 795 2977 866; x_wconf 75' lang='lat' dir='ltr'><strong>Moysis</strong></span> <span class='ocrx_word' id='word_1_161' title='bbox 3021 797 3192 868; x_wconf 86' lang='lat' dir='ltr'><strong>legem</strong></span> <span class='ocrx_word' id='word_1_162' title='bbox 3236 799 3412 852; x_wconf 82' lang='lat' dir='ltr'><strong>exsti-</strong></span> 
     </span>
    </p>
   </div>
   <div class='ocr_carea' id='block_1_24' title="bbox 1843 884 3423 951">
    <p class='ocr_par' dir='ltr' id='par_1_24' title="bbox 1843 884 3423 951">
     <span class='ocr_line' id='line_1_24' title="bbox 1843 884 3423 951; baseline 0.004 -14"><span class='ocrx_word' id='word_1_163' title='bbox 1843 884 1996 951; x_wconf 85' lang='lat' dir='ltr'><strong>tisse,</strong></span> <span class='ocrx_word' id='word_1_164' title='bbox 2022 895 2176 939; x_wconf 77' lang='lat' dir='ltr'><strong>estra</strong></span> <span class='ocrx_word' id='word_1_165' title='bbox 2207 900 2425 940; x_wconf 85' lang='lat' dir='ltr'><strong>onmem</strong></span> <span class='ocrx_word' id='word_1_166' title='bbox 2465 889 2897 943; x_wconf 86' lang='lat' dir='ltr'><strong>controversiam</strong></span> <span class='ocrx_word' id='word_1_167' title='bbox 2929 899 3017 943; x_wconf 86' lang='lat' dir='ltr'><strong>est</strong></span> <span class='ocrx_word' id='word_1_168' title='bbox 3054 906 3068 942; x_wconf 86' lang='lat'><strong>:</strong></span> <span class='ocrx_word' id='word_1_169' title='bbox 3104 898 3158 944; x_wconf 85' lang='lat' dir='ltr'><strong>et</strong></span> <span class='ocrx_word' id='word_1_170' title='bbox 3193 891 3236 944; x_wconf 83' lang='lat' dir='ltr'><strong>si</strong></span> <span class='ocrx_word' id='word_1_171' title='bbox 3277 889 3329 942; x_wconf 86' lang='lat' dir='ltr'><strong>id</strong></span> <span class='ocrx_word' id='word_1_172' title='bbox 3369 889 3423 944; x_wconf 89' lang='lat' dir='ltr'><strong>in</strong></span> 
     </span>
    </p>
   </div>
   <div class='ocr_carea' id='block_1_25' title="bbox 1840 979 3421 1048">
    <p class='ocr_par' dir='ltr' id='par_1_25' title="bbox 1840 979 3421 1048">
     <span class='ocr_line' id='line_1_25' title="bbox 1840 979 3421 1048; baseline 0.003 -19"><span class='ocrx_word' id='word_1_173' title='bbox 1840 991 1950 1029; x_wconf 84' lang='lat' dir='ltr'><strong>uno</strong></span> <span class='ocrx_word' id='word_1_174' title='bbox 1989 987 2198 1031; x_wconf 87' lang='lat' dir='ltr'><strong>tantum</strong></span> <span class='ocrx_word' id='word_1_175' title='bbox 2227 979 2452 1032; x_wconf 88' lang='lat' dir='ltr'><strong>decreto</strong></span> <span class='ocrx_word' id='word_1_176' title='bbox 2482 979 2769 1048; x_wconf 88' lang='lat' dir='ltr'><strong>probatum</strong></span> <span class='ocrx_word' id='word_1_177' title='bbox 2799 981 2891 1034; x_wconf 87' lang='lat' dir='ltr'><strong>sit.</strong></span> <span class='ocrx_word' id='word_1_178' title='bbox 2926 981 3112 1034; x_wconf 82' lang='lat' dir='ltr'><strong>Eidem</strong></span> <span class='ocrx_word' id='word_1_179' title='bbox 3143 996 3269 1034; x_wconf 84' lang='lat' dir='ltr'><strong>vero</strong></span> <span class='ocrx_word' id='word_1_180' title='bbox 3312 982 3421 1047; x_wconf 78' lang='lat' dir='ltr'><strong>legi</strong></span> 
     </span>
    </p>
   </div>
   <div class='ocr_carea' id='block_1_26' title="bbox 1843 1070 3426 1142">
    <p class='ocr_par' dir='ltr' id='par_1_26' title="bbox 1843 1070 3426 1142">
     <span class='ocr_line' id='line_1_26' title="bbox 1843 1070 3426 1142; baseline 0.001 -21"><span class='ocrx_word' id='word_1_181' title='bbox 1843 1070 2072 1122; x_wconf 80' lang='lat' dir='ltr'><strong>traditas</strong></span> <span class='ocrx_word' id='word_1_182' title='bbox 2096 1085 2125 1122; x_wconf 87' lang='lat' dir='ltr'><strong>a</strong></span> <span class='ocrx_word' id='word_1_183' title='bbox 2152 1070 2459 1124; x_wconf 84' lang='lat' dir='ltr'><strong>senioribus</strong></span> <span class='ocrx_word' id='word_1_184' title='bbox 2493 1070 2727 1140; x_wconf 75' lang='lat' dir='ltr'><strong>illigatas</strong></span> <span class='ocrx_word' id='word_1_185' title='bbox 2750 1087 2872 1126; x_wconf 89' lang='lat' dir='ltr'><strong>esse</strong></span> <span class='ocrx_word' id='word_1_186' title='bbox 2900 1073 3139 1142; x_wconf 79' lang='lat' dir='ltr'><strong>regulas,</strong></span> <span class='ocrx_word' id='word_1_187' title='bbox 3183 1089 3288 1126; x_wconf 80' lang='lat' dir='ltr'><strong>non</strong></span> <span class='ocrx_word' id='word_1_188' title='bbox 3326 1075 3426 1126; x_wconf 84' lang='lat' dir='ltr'><strong>ob-</strong></span> 
     </span>
    </p>
   </div>
   <div class='ocr_carea' id='block_1_27' title="bbox 1838 1162 3423 1234">
    <p class='ocr_par' dir='ltr' id='par_1_27' title="bbox 1838 1162 3423 1234">
     <span class='ocr_line' id='line_1_27' title="bbox 1838 1162 3423 1234; baseline 0 -18"><span class='ocrx_word' id='word_1_189' title='bbox 1838 1177 1999 1217; x_wconf 87' lang='lat' dir='ltr'><strong>scure</strong></span> <span class='ocrx_word' id='word_1_190' title='bbox 2039 1162 2299 1218; x_wconf 80' lang='lat' dir='ltr'><strong>Salvator</strong></span> <span class='ocrx_word' id='word_1_191' title='bbox 2341 1163 2781 1220; x_wconf 77' lang='lat' dir='ltr'><strong>ostendit;l)eus</strong></span> <span class='ocrx_word' id='word_1_192' title='bbox 2817 1165 2976 1230; x_wconf 69' lang='lat' dir='ltr'><strong>enim,</strong></span> <span class='ocrx_word' id='word_1_193' title='bbox 3009 1164 3203 1234; x_wconf 83' lang='lat' dir='ltr'><strong>inquit,</strong></span> <span class='ocrx_word' id='word_1_194' title='bbox 3246 1162 3423 1216; x_wconf 74' lang='lat' dir='ltr'><strong>dixit:</strong></span> 
     </span>
    </p>
   </div>
   <div class='ocr_carea' id='block_1_28' title="bbox 1843 1254 3420 1326">
    <p class='ocr_par' dir='ltr' id='par_1_28' title="bbox 1843 1254 3420 1326">
     <span class='ocr_line' id='line_1_28' title="bbox 1843 1254 3420 1326; baseline -0.001 -16"><span class='ocrx_word' id='word_1_195' title='bbox 1843 1254 2063 1310; x_wconf 77' lang='lat' dir='ltr'><strong>Honora</strong></span> <span class='ocrx_word' id='word_1_196' title='bbox 2085 1266 2291 1326; x_wconf 78' lang='lat' dir='ltr'><strong>patrem</strong></span> <span class='ocrx_word' id='word_1_197' title='bbox 2309 1268 2463 1312; x_wconf 74' lang='lat' dir='ltr'><strong>tuum</strong></span> <span class='ocrx_word' id='word_1_198' title='bbox 2484 1267 2530 1311; x_wconf 80' lang='lat' dir='ltr'><strong>et</strong></span> <span class='ocrx_word' id='word_1_199' title='bbox 2549 1265 2767 1310; x_wconf 80' lang='lat' dir='ltr'><strong>matrem</strong></span> <span class='ocrx_word' id='word_1_200' title='bbox 2783 1265 2964 1318; x_wconf 78' lang='lat' dir='ltr'><strong>tuam,</strong></span> <span class='ocrx_word' id='word_1_201' title='bbox 2983 1267 3034 1308; x_wconf 84' lang='lat' dir='ltr'><strong>nt</strong></span> <span class='ocrx_word' id='word_1_202' title='bbox 3054 1257 3177 1309; x_wconf 75' lang='lat' dir='ltr'><strong>bene</strong></span> <span class='ocrx_word' id='word_1_203' title='bbox 3200 1258 3267 1310; x_wconf 84' lang='lat' dir='ltr'><strong>sit</strong></span> <span class='ocrx_word' id='word_1_204' title='bbox 3292 1258 3420 1308; x_wconf 74' lang='lat' dir='ltr'><strong>tibi:</strong></span> 
     </span>
    </p>
   </div>
   <div class='ocr_carea' id='block_1_29' title="bbox 1840 1345 3423 1416">
    <p class='ocr_par' dir='ltr' id='par_1_29' title="bbox 1840 1345 3423 1416">
     <span class='ocr_line' id='line_1_29' title="bbox 1840 1345 3423 1416; baseline 0.001 -17"><span class='ocrx_word' id='word_1_205' title='bbox 1840 1362 1928 1401; x_wconf 78' lang='lat' dir='ltr'><strong>eos</strong></span> <span class='ocrx_word' id='word_1_206' title='bbox 1959 1356 2135 1401; x_wconf 84' lang='lat' dir='ltr'><strong>autem</strong></span> <span class='ocrx_word' id='word_1_207' title='bbox 2158 1347 2396 1411; x_wconf 71' lang='lat' dir='ltr'><strong>dixistis,</strong></span> <span class='ocrx_word' id='word_1_208' title='bbox 2414 1347 2593 1416; x_wconf 88' lang='lat' dir='ltr'><strong>inquit</strong></span> <span class='ocrx_word' id='word_1_209' title='bbox 2614 1347 2860 1400; x_wconf 87' lang='lat' dir='ltr'><strong>seniores</strong></span> <span class='ocrx_word' id='word_1_210' title='bbox 2883 1346 3162 1415; x_wconf 87' lang='lat' dir='ltr'><strong>alloquens</strong></span> <span class='ocrx_word' id='word_1_211' title='bbox 3185 1365 3199 1401; x_wconf 91' lang='lat'><strong>:</strong></span> <span class='ocrx_word' id='word_1_212' title='bbox 3229 1345 3423 1400; x_wconf 76' lang='lat' dir='ltr'><strong>Munus</strong></span> 
     </span>
    </p>
   </div>
   <div class='ocr_carea' id='block_1_30' title="bbox 1839 1435 3422 1508">
    <p class='ocr_par' dir='ltr' id='par_1_30' title="bbox 1839 1435 3422 1508">
     <span class='ocr_line' id='line_1_30' title="bbox 1839 1435 3422 1508; baseline 0 -16"><span class='ocrx_word' id='word_1_213' title='bbox 1839 1437 1948 1492; x_wconf 83' lang='lat' dir='ltr'><strong>Dea</strong></span> <span class='ocrx_word' id='word_1_214' title='bbox 1965 1441 2309 1508; x_wconf 80' lang='lat' dir='ltr'><strong>quodcunque</strong></span> <span class='ocrx_word' id='word_1_215' title='bbox 2331 1455 2396 1492; x_wconf 79' lang='lat' dir='ltr'><strong>ea:</strong></span> <span class='ocrx_word' id='word_1_216' title='bbox 2412 1455 2497 1492; x_wconf 81' lang='lat' dir='ltr'><strong>me</strong></span> <span class='ocrx_word' id='word_1_217' title='bbox 2521 1440 2612 1491; x_wconf 84' lang='lat' dir='ltr'><strong>tibi</strong></span> <span class='ocrx_word' id='word_1_218' title='bbox 2634 1437 2874 1508; x_wconf 65' lang='lat' dir='ltr'><strong>proderit</strong></span> <span class='ocrx_word' id='word_1_219' title='bbox 2891 1446 2908 1502; x_wconf 69' lang='grc' dir='ltr'><em>ζ</em></span> <span class='ocrx_word' id='word_1_220' title='bbox 2925 1449 2972 1490; x_wconf 84' lang='lat' dir='ltr'><strong>et</strong></span> <span class='ocrx_word' id='word_1_221' title='bbox 2993 1437 3201 1491; x_wconf 81' lang='lat' dir='ltr'><strong>irritam</strong></span> <span class='ocrx_word' id='word_1_222' title='bbox 3223 1435 3422 1505; x_wconf 74' lang='lat' dir='ltr'><strong>[cristis</strong></span> 
     </span>
    </p>
   </div>
   <div class='ocr_carea' id='block_1_31' title="bbox 1837 1525 3422 1600">
    <p class='ocr_par' dir='ltr' id='par_1_31' title="bbox 1837 1525 3422 1600">
     <span class='ocr_line' id='line_1_31' title="bbox 1837 1525 3422 1600; baseline 0.001 -18"><span class='ocrx_word' id='word_1_223' title='bbox 1837 1530 1999 1600; x_wconf 72' lang='lat' dir='ltr'><strong>legent</strong></span> <span class='ocrx_word' id='word_1_224' title='bbox 2037 1530 2130 1586; x_wconf 81' lang='lat' dir='ltr'><strong>Dei</strong></span> <span class='ocrx_word' id='word_1_225' title='bbox 2167 1540 2381 1600; x_wconf 80' lang='lat' dir='ltr'><strong>propter</strong></span> <span class='ocrx_word' id='word_1_226' title='bbox 2404 1531 2724 1584; x_wconf 79' lang='lat' dir='ltr'><strong>traditiones</strong></span> <span class='ocrx_word' id='word_1_227' title='bbox 2753 1531 3019 1583; x_wconf 79' lang='lat' dir='ltr'><strong>seniorum</strong></span> <span class='ocrx_word' id='word_1_228' title='bbox 3049 1525 3422 1582; x_wconf 77' lang='lat' dir='ltr'><strong>restrurum”.</strong></span> 
     </span>
    </p>
   </div>
   <div class='ocr_carea' id='block_1_32' title="bbox 1841 1618 3423 1694">
    <p class='ocr_par' dir='ltr' id='par_1_32' title="bbox 1841 1618 3423 1694">
     <span class='ocr_line' id='line_1_32' title="bbox 1841 1618 3423 1694; baseline -0.002 -16"><span class='ocrx_word' id='word_1_229' title='bbox 1841 1623 1950 1678; x_wconf 88' lang='lat' dir='ltr'><strong>lloc</strong></span> <span class='ocrx_word' id='word_1_230' title='bbox 1976 1625 2152 1694; x_wconf 82' lang='lat' dir='ltr'><strong>ipsum</strong></span> <span class='ocrx_word' id='word_1_231' title='bbox 2184 1624 2554 1694; x_wconf 84' lang='lat' dir='ltr'><strong>promtutiavit</strong></span> <span class='ocrx_word' id='word_1_232' title='bbox 2588 1623 2778 1686; x_wconf 75' lang='lat' dir='ltr'><strong>Isaias,</strong></span> <span class='ocrx_word' id='word_1_233' title='bbox 2807 1623 2993 1676; x_wconf 85' lang='lat' dir='ltr'><strong>dicens</strong></span> <span class='ocrx_word' id='word_1_234' title='bbox 3020 1640 3034 1676; x_wconf 46' lang='lat'><strong>»:</strong></span> <span class='ocrx_word' id='word_1_235' title='bbox 3079 1618 3318 1688; x_wconf 77' lang='lat' dir='ltr'><strong>Populus</strong></span> <span class='ocrx_word' id='word_1_236' title='bbox 3339 1620 3423 1682; x_wconf 81' lang='lat' dir='ltr'><strong>hic</strong></span> 
     </span>
    </p>
   </div>
   <div class='ocr_carea' id='block_1_33' title="bbox 1838 1713 3418 1784">
    <p class='ocr_par' dir='ltr' id='par_1_33' title="bbox 1838 1713 3418 1784">
     <span class='ocr_line' id='line_1_33' title="bbox 1838 1713 3418 1784; baseline 0.001 -16"><span class='ocrx_word' id='word_1_237' title='bbox 1838 1717 1995 1770; x_wconf 62' lang='lat' dir='ltr'><strong>Intrii:</strong></span> <span class='ocrx_word' id='word_1_238' title='bbox 2024 1734 2105 1770; x_wconf 86' lang='lat' dir='ltr'><strong>me</strong></span> <span class='ocrx_word' id='word_1_239' title='bbox 2128 1717 2380 1779; x_wconf 71' lang='lat' dir='ltr'><strong>honorat,</strong></span> <span class='ocrx_word' id='word_1_240' title='bbox 2416 1733 2508 1770; x_wconf 75' lang='lat' dir='ltr'><strong>cor</strong></span> <span class='ocrx_word' id='word_1_241' title='bbox 2528 1727 2702 1769; x_wconf 83' lang='lat' dir='ltr'><strong>autem</strong></span> <span class='ocrx_word' id='word_1_242' title='bbox 2731 1731 2910 1768; x_wconf 79' lang='lat' dir='ltr'><strong>eorum</strong></span> <span class='ocrx_word' id='word_1_243' title='bbox 2955 1713 3108 1784; x_wconf 83' lang='lat' dir='ltr'><strong>longe</strong></span> <span class='ocrx_word' id='word_1_244' title='bbox 3134 1725 3208 1768; x_wconf 79' lang='lat' dir='ltr'><strong>est</strong></span> <span class='ocrx_word' id='word_1_245' title='bbox 3249 1731 3279 1767; x_wconf 81' lang='grc' dir='ltr'><strong>ιι</strong></span> <span class='ocrx_word' id='word_1_246' title='bbox 3319 1731 3418 1769; x_wconf 73' lang='lat' dir='ltr'><strong>me.</strong></span> 
     </span>
    </p>
   </div>
   <div class='ocr_carea' id='block_1_34' title="bbox 137 1785 1735 1874">
    <p class='ocr_par' dir='ltr' id='par_1_34' title="bbox 137 1800 1734 1874">
     <span class='ocr_line' id='line_1_34' title="bbox 137 1800 1734 1874; baseline -0.001 -16"><span class='ocrx_word' id='word_1_247' title='bbox 137 1805 199 1858; x_wconf 69' lang='grc' dir='ltr'>δὲ</span> <span class='ocrx_word' id='word_1_248' title='bbox 265 1805 497 1868; x_wconf 70' lang='grc' dir='ltr'>Ἡσαΐας</span> <span class='ocrx_word' id='word_1_249' title='bbox 560 1803 906 1874; x_wconf 69' lang='grc' dir='ltr'>ἐξεφώνησεν</span> <span class='ocrx_word' id='word_1_250' title='bbox 940 1844 954 1865; x_wconf 90' lang='grc'><strong>,</strong></span> <span class='ocrx_word' id='word_1_251' title='bbox 1028 1803 1214 1857; x_wconf 77' lang='grc' dir='ltr'>εἰπών’</span> <span class='ocrx_word' id='word_1_252' title='bbox 1271 1805 1323 1856; x_wconf 86' lang='grc' dir='ltr'>Ὀ</span> <span class='ocrx_word' id='word_1_253' title='bbox 1369 1803 1520 1872; x_wconf 75' lang='grc' dir='ltr'><strong>λαὸς</strong></span> <span class='ocrx_word' id='word_1_254' title='bbox 1557 1800 1734 1872; x_wconf 83' lang='grc' dir='ltr'>οὗτος</span> 
     </span>
    </p>
   </div>
   <div class='ocr_carea' id='block_1_35' title="bbox 1844 1785 3422 1874">
    <p class='ocr_par' dir='ltr' id='par_1_35' title="bbox 1844 1806 3422 1870">
     <span class='ocr_line' id='line_1_35' title="bbox 1844 1806 3422 1870; baseline -0.004 -9"><span class='ocrx_word' id='word_1_255' title='bbox 1844 1808 1965 1862; x_wconf 88' lang='lat' dir='ltr'><strong>Sine</strong></span> <span class='ocrx_word' id='word_1_256' title='bbox 2020 1825 2182 1860; x_wconf 79' lang='lat' dir='ltr'><strong>causa</strong></span> <span class='ocrx_word' id='word_1_257' title='bbox 2239 1818 2417 1862; x_wconf 81' lang='lat' dir='ltr'><strong>autem</strong></span> <span class='ocrx_word' id='word_1_258' title='bbox 2483 1809 2660 1862; x_wconf 83' lang='lat' dir='ltr'><strong>colunt</strong></span> <span class='ocrx_word' id='word_1_259' title='bbox 2721 1824 2802 1860; x_wconf 73' lang='lat' dir='ltr'><strong>me</strong></span> <span class='ocrx_word' id='word_1_260' title='bbox 2840 1847 2855 1870; x_wconf 85' lang='lat'><strong>,</strong></span> <span class='ocrx_word' id='word_1_261' title='bbox 2919 1807 3167 1860; x_wconf 80' lang='lat' dir='ltr'><strong>docentes</strong></span> <span class='ocrx_word' id='word_1_262' title='bbox 3221 1806 3422 1860; x_wconf 81' lang='lat' dir='ltr'><strong>doctri-</strong></span> 
     </span>
    </p>
   </div>
   <div class='ocr_carea' id='block_1_36' title="bbox 137 1893 1734 1971">
    <p class='ocr_par' dir='ltr' id='par_1_36' title="bbox 137 1893 1734 1971">
     <span class='ocr_line' id='line_1_36' title="bbox 137 1893 1734 1971; baseline -0.003 -19"><span class='ocrx_word' id='word_1_263' title='bbox 137 1898 271 1965; x_wconf 78' lang='grc' dir='ltr'>τοῖς</span> <span class='ocrx_word' id='word_1_264' title='bbox 307 1899 541 1971; x_wconf 73' lang='grc' dir='ltr'>χείλεσί</span> <span class='ocrx_word' id='word_1_265' title='bbox 571 1916 649 1968; x_wconf 79' lang='grc' dir='ltr'><strong>με</strong></span> <span class='ocrx_word' id='word_1_266' title='bbox 679 1897 816 1967; x_wconf 82' lang='grc' dir='ltr'>τιμᾷ</span> <span class='ocrx_word' id='word_1_267' title='bbox 835 1939 850 1963; x_wconf 94' lang='grc'><strong>,</strong></span> <span class='ocrx_word' id='word_1_268' title='bbox 879 1899 918 1966; x_wconf 73' lang='grc' dir='ltr'><em>ὴ</em></span> <span class='ocrx_word' id='word_1_269' title='bbox 964 1897 1033 1950; x_wconf 81' lang='grc' dir='ltr'><strong>δὲ</strong></span> <span class='ocrx_word' id='word_1_270' title='bbox 1057 1897 1272 1966; x_wconf 77' lang='grc' dir='ltr'>καρδιά</span> <span class='ocrx_word' id='word_1_271' title='bbox 1308 1893 1508 1951; x_wconf 79' lang='grc' dir='ltr'><strong>αὐτῶν</strong></span> <span class='ocrx_word' id='word_1_272' title='bbox 1536 1899 1734 1966; x_wconf 55' lang='grc' dir='ltr'>πάι)ρω</span> 
     </span>
    </p>
   </div>
   <div class='ocr_carea' id='block_1_37' title="bbox 137 1986 1731 2059">
    <p class='ocr_par' dir='ltr' id='par_1_37' title="bbox 137 1986 1731 2059">
     <span class='ocr_line' id='line_1_37' title="bbox 137 1986 1731 2059; baseline -0.004 -14"><span class='ocrx_word' id='word_1_273' title='bbox 137 1990 358 2059; x_wconf 70' lang='grc' dir='ltr'>ἀπέχει</span> <span class='ocrx_word' id='word_1_274' title='bbox 387 1991 486 2044; x_wconf 74' lang='grc' dir='ltr'>ἀπ’</span> <span class='ocrx_word' id='word_1_275' title='bbox 517 1989 685 2058; x_wconf 80' lang='grc' dir='ltr'>ἐμοῦ.</span> <span class='ocrx_word' id='word_1_276' title='bbox 715 1988 924 2056; x_wconf 80' lang='grc' dir='ltr'><strong>Μάτην</strong></span> <span class='ocrx_word' id='word_1_277' title='bbox 973 1987 1041 2040; x_wconf 86' lang='grc' dir='ltr'><strong>δὲ</strong></span> <span class='ocrx_word' id='word_1_278' title='bbox 1085 1987 1367 2042; x_wconf 78' lang='grc' dir='ltr'>σέϐονταί</span> <span class='ocrx_word' id='word_1_279' title='bbox 1407 2003 1518 2056; x_wconf 79' lang='grc' dir='ltr'><strong>με,</strong></span> <span class='ocrx_word' id='word_1_280' title='bbox 1566 1986 1731 2040; x_wconf 83' lang='grc' dir='ltr'>διδά-</span> 
     </span>
    </p>
   </div>
   <div class='ocr_carea' id='block_1_38' title="bbox 136 2079 1732 2150">
    <p class='ocr_par' dir='ltr' id='par_1_38' title="bbox 136 2079 1732 2150">
     <span class='ocr_line' id='line_1_38' title="bbox 136 2079 1732 2150; baseline -0.002 -17"><span class='ocrx_word' id='word_1_281' title='bbox 136 2099 405 2148; x_wconf 75' lang='grc' dir='ltr'>σκοντες</span> <span class='ocrx_word' id='word_1_282' title='bbox 433 2081 852 2146; x_wconf 73' lang='grc' dir='ltr'>διδασκαλίας,</span> <span class='ocrx_word' id='word_1_283' title='bbox 875 2081 1216 2150; x_wconf 68' lang='grc' dir='ltr'><strong>ἑ-νταιιματα</strong></span> <span class='ocrx_word' id='word_1_284' title='bbox 1248 2081 1593 2148; x_wconf 75' lang='grc' dir='ltr'>ἀνθρώπων.</span> <span class='ocrx_word' id='word_1_285' title='bbox 1630 2079 1732 2131; x_wconf 86' lang='grc' dir='ltr'><strong>Σα-</strong></span> 
     </span>
    </p>
   </div>
   <div class='ocr_carea' id='block_1_39' title="bbox 139 2172 1739 2246">
    <p class='ocr_par' dir='ltr' id='par_1_39' title="bbox 139 2172 1739 2246">
     <span class='ocr_line' id='line_1_39' title="bbox 139 2172 1739 2246; baseline -0.002 -21"><span class='ocrx_word' id='word_1_286' title='bbox 139 2175 263 2244; x_wconf 47' lang='lat' dir='ltr'><strong>qui);</strong></span> <span class='ocrx_word' id='word_1_287' title='bbox 300 2172 395 2228; x_wconf 85' lang='grc' dir='ltr'><strong>οῦν</strong></span> <span class='ocrx_word' id='word_1_288' title='bbox 425 2178 487 2228; x_wconf 74' lang='grc' dir='ltr'>ἐκ</span> <span class='ocrx_word' id='word_1_289' title='bbox 519 2174 721 2228; x_wconf 85' lang='grc' dir='ltr'>τούτων</span> <span class='ocrx_word' id='word_1_290' title='bbox 755 2177 835 2238; x_wconf 89' lang='grc' dir='ltr'><strong>είς</strong></span> <span class='ocrx_word' id='word_1_291' title='bbox 867 2175 990 2246; x_wconf 87' lang='grc' dir='ltr'>τρία</span> <span class='ocrx_word' id='word_1_292' title='bbox 1021 2173 1396 2246; x_wconf 76' lang='grc' dir='ltr'><strong>διαιρούμενος</strong></span> <span class='ocrx_word' id='word_1_293' title='bbox 1456 2175 1484 2226; x_wconf 84' lang='grc' dir='ltr'>ὁ</span> <span class='ocrx_word' id='word_1_294' title='bbox 1518 2172 1739 2242; x_wconf 81' lang='grc' dir='ltr'><strong>σύμπας</strong></span> 
     </span>
    </p>
   </div>
   <div class='ocr_carea' id='block_1_40' title="bbox 131 2263 1738 2338">
    <p class='ocr_par' dir='ltr' id='par_1_40' title="bbox 131 2263 1738 2338">
     <span class='ocr_line' id='line_1_40' title="bbox 131 2263 1738 2338; baseline -0.003 -18"><span class='ocrx_word' id='word_1_295' title='bbox 131 2271 361 2332; x_wconf 72' lang='grc' dir='ltr'>ἐκεῖνος</span> <span class='ocrx_word' id='word_1_296' title='bbox 393 2266 666 2320; x_wconf 72' lang='grc' dir='ltr'><strong>δείκνυται</strong></span> <span class='ocrx_word' id='word_1_297' title='bbox 694 2267 878 2338; x_wconf 81' lang='grc' dir='ltr'>νόμος.</span> <span class='ocrx_word' id='word_1_298' title='bbox 915 2267 1193 2329; x_wconf 64' lang='lat' dir='ltr'><strong>Melisse);</strong></span> <span class='ocrx_word' id='word_1_299' title='bbox 1214 2283 1271 2318; x_wconf 86' lang='grc' dir='ltr'>τε</span> <span class='ocrx_word' id='word_1_300' title='bbox 1298 2266 1408 2335; x_wconf 75' lang='grc' dir='ltr'><strong>γὰρ</strong></span> <span class='ocrx_word' id='word_1_301' title='bbox 1429 2263 1619 2328; x_wconf 78' lang='grc' dir='ltr'>αὐτοῦ,</span> <span class='ocrx_word' id='word_1_302' title='bbox 1646 2265 1738 2316; x_wconf 83' lang='grc' dir='ltr'>καὶ</span> 
     </span>
    </p>
   </div>
   <div class='ocr_carea' id='block_1_41' title="bbox 1847 1894 3421 1968">
    <p class='ocr_par' dir='ltr' id='par_1_41' title="bbox 1847 1894 3421 1968">
     <span class='ocr_line' id='line_1_41' title="bbox 1847 1894 3421 1968; baseline -0.001 -14"><span class='ocrx_word' id='word_1_303' title='bbox 1847 1917 1938 1955; x_wconf 84' lang='lat' dir='ltr'><strong>nas</strong></span> <span class='ocrx_word' id='word_1_304' title='bbox 1995 1912 2042 1953; x_wconf 82' lang='lat' dir='ltr'><strong>et</strong></span> <span class='ocrx_word' id='word_1_305' title='bbox 2099 1900 2355 1953; x_wconf 84' lang='lat' dir='ltr'><strong>mandata</strong></span> <span class='ocrx_word' id='word_1_306' title='bbox 2423 1894 2776 1954; x_wconf 70' lang='lat' dir='ltr'><strong>hominum“.</strong></span> <span class='ocrx_word' id='word_1_307' title='bbox 2839 1900 2916 1952; x_wconf 75' lang='lat' dir='ltr'><strong>Ex</strong></span> <span class='ocrx_word' id='word_1_308' title='bbox 2956 1900 3020 1954; x_wconf 85' lang='lat' dir='ltr'><strong>iis</strong></span> <span class='ocrx_word' id='word_1_309' title='bbox 3075 1898 3246 1968; x_wconf 89' lang='lat' dir='ltr'><strong>liquet</strong></span> <span class='ocrx_word' id='word_1_310' title='bbox 3305 1914 3421 1952; x_wconf 89' lang='lat' dir='ltr'><strong>om-</strong></span> 
     </span>
    </p>
   </div>
   <div class='ocr_carea' id='block_1_42' title="bbox 1843 1988 3422 2061">
    <p class='ocr_par' dir='ltr' id='par_1_42' title="bbox 1843 1988 3422 2061">
     <span class='ocr_line' id='line_1_42' title="bbox 1843 1988 3422 2061; baseline -0.001 -17"><span class='ocrx_word' id='word_1_311' title='bbox 1843 2008 1962 2044; x_wconf 83' lang='lat' dir='ltr'><strong>nem</strong></span> <span class='ocrx_word' id='word_1_312' title='bbox 1990 1991 2133 2044; x_wconf 82' lang='lat' dir='ltr'><strong>illam</strong></span> <span class='ocrx_word' id='word_1_313' title='bbox 2170 2005 2294 2045; x_wconf 84' lang='lat' dir='ltr'><strong>esse</strong></span> <span class='ocrx_word' id='word_1_314' title='bbox 2316 1991 2491 2061; x_wconf 72' lang='lat' dir='ltr'><strong>legem</strong></span> <span class='ocrx_word' id='word_1_315' title='bbox 2524 1990 2759 2043; x_wconf 75' lang='lat' dir='ltr'><strong>divisam</strong></span> <span class='ocrx_word' id='word_1_316' title='bbox 2787 1989 2838 2042; x_wconf 94' lang='lat' dir='ltr'><strong>in</strong></span> <span class='ocrx_word' id='word_1_317' title='bbox 2861 1999 3048 2057; x_wconf 86' lang='lat' dir='ltr'><strong>partes</strong></span> <span class='ocrx_word' id='word_1_318' title='bbox 3077 1999 3184 2042; x_wconf 90' lang='lat' dir='ltr'><strong>tres</strong></span> <span class='ocrx_word' id='word_1_319' title='bbox 3208 2007 3222 2053; x_wconf 86' lang='lat'><strong>;</strong></span> <span class='ocrx_word' id='word_1_320' title='bbox 3253 1988 3307 2042; x_wconf 90' lang='lat' dir='ltr'><strong>in</strong></span> <span class='ocrx_word' id='word_1_321' title='bbox 3330 2004 3422 2043; x_wconf 81' lang='lat' dir='ltr'><strong>ca-</strong></span> 
     </span>
    </p>
   </div>
   <div class='ocr_carea' id='block_1_43' title="bbox 1839 2082 3420 2154">
    <p class='ocr_par' dir='ltr' id='par_1_43' title="bbox 1839 2082 3420 2154">
     <span class='ocr_line' id='line_1_43' title="bbox 1839 2082 3420 2154; baseline 0.001 -20"><span class='ocrx_word' id='word_1_322' title='bbox 1839 2098 1945 2152; x_wconf 89' lang='lat' dir='ltr'><strong>que</strong></span> <span class='ocrx_word' id='word_1_323' title='bbox 1981 2094 2032 2136; x_wconf 80' lang='lat' dir='ltr'><strong>et</strong></span> <span class='ocrx_word' id='word_1_324' title='bbox 2060 2083 2259 2154; x_wconf 83' lang='lat' dir='ltr'><strong>Moysis</strong></span> <span class='ocrx_word' id='word_1_325' title='bbox 2296 2085 2484 2154; x_wconf 81' lang='lat' dir='ltr'><strong>ipsius.</strong></span> <span class='ocrx_word' id='word_1_326' title='bbox 2513 2093 2570 2138; x_wconf 88' lang='lat' dir='ltr'><strong>et</strong></span> <span class='ocrx_word' id='word_1_327' title='bbox 2593 2084 2900 2145; x_wconf 86' lang='lat' dir='ltr'><strong>seniorum,</strong></span> <span class='ocrx_word' id='word_1_328' title='bbox 2929 2093 2982 2137; x_wconf 91' lang='lat' dir='ltr'><strong>et</strong></span> <span class='ocrx_word' id='word_1_329' title='bbox 3028 2082 3120 2136; x_wconf 88' lang='lat' dir='ltr'><strong>Dei</strong></span> <span class='ocrx_word' id='word_1_330' title='bbox 3165 2084 3420 2137; x_wconf 85' lang='lat' dir='ltr'><strong>mandata</strong></span> 
     </span>
    </p>
   </div>
   <div class='ocr_carea' id='block_1_44' title="bbox 1846 2174 3420 2246">
    <p class='ocr_par' dir='ltr' id='par_1_44' title="bbox 1846 2174 3420 2246">
     <span class='ocr_line' id='line_1_44' title="bbox 1846 2174 3420 2246; baseline 0.003 -22"><span class='ocrx_word' id='word_1_331' title='bbox 1846 2174 2139 2227; x_wconf 80' lang='lat' dir='ltr'><strong>roulinet&#39;i.</strong></span> <span class='ocrx_word' id='word_1_332' title='bbox 2201 2175 2380 2243; x_wconf 81' lang='lat' dir='ltr'><strong>Atque</strong></span> <span class='ocrx_word' id='word_1_333' title='bbox 2411 2174 2526 2229; x_wconf 71' lang='lat' dir='ltr'><strong>bare</strong></span> <span class='ocrx_word' id='word_1_334' title='bbox 2571 2177 2841 2229; x_wconf 70' lang='lat' dir='ltr'><strong>universa:</strong></span> <span class='ocrx_word' id='word_1_335' title='bbox 2885 2175 3018 2246; x_wconf 84' lang='lat' dir='ltr'><strong>legis</strong></span> <span class='ocrx_word' id='word_1_336' title='bbox 3060 2190 3090 2228; x_wconf 87' lang='lat' dir='ltr'><strong>a</strong></span> <span class='ocrx_word' id='word_1_337' title='bbox 3140 2174 3300 2230; x_wconf 86' lang='lat' dir='ltr'><strong>nobis</strong></span> <span class='ocrx_word' id='word_1_338' title='bbox 3335 2176 3420 2229; x_wconf 90' lang='lat' dir='ltr'><strong>in-</strong></span> 
     </span>
    </p>
   </div>
   <div class='ocr_carea' id='block_1_45' title="bbox 1846 2264 3279 2334">
    <p class='ocr_par' dir='ltr' id='par_1_45' title="bbox 1846 2264 3279 2334">
     <span class='ocr_line' id='line_1_45' title="bbox 1846 2264 3279 2334; baseline 0.001 -16"><span class='ocrx_word' id='word_1_339' title='bbox 1846 2264 2038 2318; x_wconf 86' lang='lat' dir='ltr'><strong>stituta</strong></span> <span class='ocrx_word' id='word_1_340' title='bbox 2073 2264 2298 2334; x_wconf 81' lang='lat' dir='ltr'><strong>partitio</strong></span> <span class='ocrx_word' id='word_1_341' title='bbox 2336 2264 2481 2318; x_wconf 90' lang='lat' dir='ltr'><strong>illius</strong></span> <span class='ocrx_word' id='word_1_342' title='bbox 2511 2265 2668 2320; x_wconf 87' lang='lat' dir='ltr'><strong>nobis</strong></span> <span class='ocrx_word' id='word_1_343' title='bbox 2706 2267 2989 2319; x_wconf 77' lang='lat' dir='ltr'><strong>veritatem</strong></span> <span class='ocrx_word' id='word_1_344' title='bbox 3017 2266 3279 2320; x_wconf 83' lang='lat' dir='ltr'><strong>ostendit.</strong></span> 
     </span>
    </p>
   </div>
   <div class='ocr_carea' id='block_1_46' title="bbox 133 2357 3423 2436">
    <p class='ocr_par' dir='ltr' id='par_1_46' title="bbox 133 2357 3423 2436">
     <span class='ocr_line' id='line_1_46' title="bbox 133 2357 3423 2436; baseline 0 -21"><span class='ocrx_word' id='word_1_345' title='bbox 133 2365 252 2418; x_wconf 63' lang='grc' dir='ltr'><strong>πῶν</strong></span> <span class='ocrx_word' id='word_1_346' title='bbox 293 2364 707 2436; x_wconf 78' lang='grc' dir='ltr'>Πρεσϐυτέρων,</span> <span class='ocrx_word' id='word_1_347' title='bbox 743 2364 835 2418; x_wconf 70' lang='grc' dir='ltr'>καὶ</span> <span class='ocrx_word' id='word_1_348' title='bbox 868 2364 1031 2417; x_wconf 87' lang='grc' dir='ltr'>αύτοῦ</span> <span class='ocrx_word' id='word_1_349' title='bbox 1061 2363 1153 2416; x_wconf 88' lang='grc' dir='ltr'><strong>τοῦ</strong></span> <span class='ocrx_word' id='word_1_350' title='bbox 1179 2361 1315 2415; x_wconf 89' lang='grc' dir='ltr'>Θεοῦ</span> <span class='ocrx_word' id='word_1_351' title='bbox 1355 2361 1586 2433; x_wconf 73' lang='grc' dir='ltr'>εὕρομεν</span> <span class='ocrx_word' id='word_1_352' title='bbox 1615 2360 1933 2432; x_wconf 76' lang='grc' dir='ltr'><strong>νομοθεσίαν</strong></span> <span class='ocrx_word' id='word_1_353' title='bbox 1980 2361 2037 2413; x_wconf 83' lang='grc' dir='ltr'><strong>ὲν</strong></span> <span class='ocrx_word' id='word_1_354' title='bbox 2067 2361 2233 2432; x_wconf 84' lang='grc' dir='ltr'>αύτῷ.</span> <span class='ocrx_word' id='word_1_355' title='bbox 2285 2361 2432 2432; x_wconf 84' lang='grc' dir='ltr'>Λῦτη</span> <span class='ocrx_word' id='word_1_356' title='bbox 2479 2362 2578 2433; x_wconf 74' lang='grc' dir='ltr'>μὲν</span> <span class='ocrx_word' id='word_1_357' title='bbox 2622 2358 2716 2416; x_wconf 82' lang='grc' dir='ltr'><strong>οῦν</strong></span> <span class='ocrx_word' id='word_1_358' title='bbox 2765 2363 2799 2434; x_wconf 76' lang='grc' dir='ltr'>ἡ</span> <span class='ocrx_word' id='word_1_359' title='bbox 2837 2361 3099 2434; x_wconf 85' lang='grc' dir='ltr'>διαίρεσις</span> <span class='ocrx_word' id='word_1_360' title='bbox 3143 2360 3236 2415; x_wconf 83' lang='grc' dir='ltr'><strong>τοῦ</strong></span> <span class='ocrx_word' id='word_1_361' title='bbox 3283 2357 3423 2434; x_wconf 77' lang='grc' dir='ltr'>σύμο</span> 
     </span>
    </p>
   </div>
   <div class='ocr_carea' id='block_1_47' title="bbox 148 2447 2536 2526">
    <p class='ocr_par' dir='ltr' id='par_1_47' title="bbox 148 2447 2536 2526">
     <span class='ocr_line' id='line_1_47' title="bbox 148 2447 2536 2526; baseline 0 -20"><span class='ocrx_word' id='word_1_362' title='bbox 148 2473 355 2519; x_wconf 79' lang='grc' dir='ltr'>παντος</span> <span class='ocrx_word' id='word_1_363' title='bbox 399 2455 607 2510; x_wconf 84' lang='grc' dir='ltr'>ἐκείνου</span> <span class='ocrx_word' id='word_1_364' title='bbox 642 2456 806 2526; x_wconf 83' lang='grc' dir='ltr'>νόμου</span> <span class='ocrx_word' id='word_1_365' title='bbox 839 2447 941 2508; x_wconf 84' lang='grc' dir='ltr'>ὧδε</span> <span class='ocrx_word' id='word_1_366' title='bbox 971 2456 1101 2525; x_wconf 81' lang='grc' dir='ltr'>ἡμῖν</span> <span class='ocrx_word' id='word_1_367' title='bbox 1132 2453 1495 2526; x_wconf 82' lang='grc' dir='ltr'>διαιρεθεῖσα,</span> <span class='ocrx_word' id='word_1_368' title='bbox 1549 2453 1610 2506; x_wconf 79' lang='grc' dir='ltr'>τὸ</span> <span class='ocrx_word' id='word_1_369' title='bbox 1645 2454 1701 2505; x_wconf 87' lang='grc' dir='ltr'>ἐν</span> <span class='ocrx_word' id='word_1_370' title='bbox 1727 2452 1873 2523; x_wconf 80' lang='grc' dir='ltr'>αύτῷ</span> <span class='ocrx_word' id='word_1_371' title='bbox 1905 2451 2101 2522; x_wconf 73' lang='grc' dir='ltr'>ἀληθὲς</span> <span class='ocrx_word' id='word_1_372' title='bbox 2131 2454 2536 2522; x_wconf 77' lang='grc' dir='ltr'>ἁναπέφαγκεν.</span> 
     </span>
    </p>
   </div>
   <div class='ocr_carea' id='block_1_48' title="bbox 216 2543 1732 2619">
    <p class='ocr_par' dir='ltr' id='par_1_48' title="bbox 216 2543 1732 2619">
     <span class='ocr_line' id='line_1_48' title="bbox 216 2543 1732 2619; baseline -0.002 -18"><span class='ocrx_word' id='word_1_373' title='bbox 216 2549 394 2602; x_wconf 74' lang='grc' dir='ltr'>Πάλιν</span> <span class='ocrx_word' id='word_1_374' title='bbox 420 2549 475 2601; x_wconf 81' lang='grc' dir='ltr'>δὲ</span> <span class='ocrx_word' id='word_1_375' title='bbox 506 2547 570 2619; x_wconf 79' lang='grc' dir='ltr'>δὴ</span> <span class='ocrx_word' id='word_1_376' title='bbox 603 2549 662 2601; x_wconf 81' lang='grc' dir='ltr'><strong>τὸ</strong></span> <span class='ocrx_word' id='word_1_377' title='bbox 695 2547 753 2599; x_wconf 82' lang='grc' dir='ltr'><strong>ἓν</strong></span> <span class='ocrx_word' id='word_1_378' title='bbox 790 2547 987 2618; x_wconf 83' lang='grc' dir='ltr'>μέρος.</span> <span class='ocrx_word' id='word_1_379' title='bbox 1012 2549 1040 2600; x_wconf 77' lang='grc' dir='ltr'>ὁ</span> <span class='ocrx_word' id='word_1_380' title='bbox 1073 2545 1238 2600; x_wconf 72' lang='grc' dir='ltr'>αὐτοῦ</span> <span class='ocrx_word' id='word_1_381' title='bbox 1270 2545 1364 2598; x_wconf 85' lang='grc' dir='ltr'><strong>τοῦ</strong></span> <span class='ocrx_word' id='word_1_382' title='bbox 1383 2543 1519 2598; x_wconf 84' lang='grc' dir='ltr'>Θεοῦ</span> <span class='ocrx_word' id='word_1_383' title='bbox 1547 2547 1732 2615; x_wconf 80' lang='grc' dir='ltr'>νόμος,</span> 
     </span>
    </p>
   </div>
   <div class='ocr_carea' id='block_1_49' title="bbox 123 2636 1739 2710">
    <p class='ocr_par' dir='ltr' id='par_1_49' title="bbox 123 2636 1739 2710">
     <span class='ocr_line' id='line_1_49' title="bbox 123 2636 1739 2710; baseline -0.004 -16"><span class='ocrx_word' id='word_1_384' title='bbox 123 2639 439 2710; x_wconf 74' lang='grc' dir='ltr'>σδιαιρεῖται</span> <span class='ocrx_word' id='word_1_385' title='bbox 469 2641 545 2703; x_wconf 84' lang='grc' dir='ltr'><strong>είς</strong></span> <span class='ocrx_word' id='word_1_386' title='bbox 577 2639 705 2710; x_wconf 86' lang='grc' dir='ltr'>τρία</span> <span class='ocrx_word' id='word_1_387' title='bbox 734 2638 875 2702; x_wconf 73' lang='grc' dir='ltr'>τινὰ,</span> <span class='ocrx_word' id='word_1_388' title='bbox 908 2638 990 2702; x_wconf 81' lang='grc' dir='ltr'><strong>είς</strong></span> <span class='ocrx_word' id='word_1_389' title='bbox 1016 2655 1073 2691; x_wconf 92' lang='grc' dir='ltr'>τε</span> <span class='ocrx_word' id='word_1_390' title='bbox 1101 2637 1200 2709; x_wconf 79' lang='grc' dir='ltr'><strong>τὴν</strong></span> <span class='ocrx_word' id='word_1_391' title='bbox 1236 2637 1484 2710; x_wconf 71' lang='grc' dir='ltr'>καθαρὰν</span> <span class='ocrx_word' id='word_1_392' title='bbox 1513 2636 1739 2708; x_wconf 72' lang='grc' dir='ltr'>νομοθε-</span> 
     </span>
    </p>
   </div>
   <div class='ocr_carea' id='block_1_50' title="bbox 137 2727 1736 2802">
    <p class='ocr_par' dir='ltr' id='par_1_50' title="bbox 137 2727 1736 2802">
     <span class='ocr_line' id='line_1_50' title="bbox 137 2727 1736 2802; baseline -0.004 -17"><span class='ocrx_word' id='word_1_393' title='bbox 137 2733 298 2797; x_wconf 81' lang='grc' dir='ltr'>σίαν,</span> <span class='ocrx_word' id='word_1_394' title='bbox 323 2733 424 2802; x_wconf 76' lang='grc' dir='ltr'><strong>τὴν</strong></span> <span class='ocrx_word' id='word_1_395' title='bbox 457 2729 809 2802; x_wconf 87' lang='grc' dir='ltr'>ἀσύμπλοκον</span> <span class='ocrx_word' id='word_1_396' title='bbox 856 2730 933 2802; x_wconf 79' lang='grc' dir='ltr'>τῷ</span> <span class='ocrx_word' id='word_1_397' title='bbox 962 2730 1115 2801; x_wconf 85' lang='grc' dir='ltr'><strong>κακῷ</strong></span> <span class='ocrx_word' id='word_1_398' title='bbox 1137 2769 1150 2793; x_wconf 92' lang='grc'><strong>,</strong></span> <span class='ocrx_word' id='word_1_399' title='bbox 1177 2729 1237 2793; x_wconf 83' lang='grc' dir='ltr'>ὃς</span> <span class='ocrx_word' id='word_1_400' title='bbox 1272 2730 1367 2782; x_wconf 73' lang='grc' dir='ltr'>καὶ</span> <span class='ocrx_word' id='word_1_401' title='bbox 1411 2729 1616 2801; x_wconf 77' lang='grc' dir='ltr'><strong>κυρίως</strong></span> <span class='ocrx_word' id='word_1_402' title='bbox 1648 2727 1736 2780; x_wconf 85' lang='grc' dir='ltr'><strong>νό-</strong></span> 
     </span>
    </p>
   </div>
   <div class='ocr_carea' id='block_1_51' title="bbox 129 2818 1741 2894">
    <p class='ocr_par' dir='ltr' id='par_1_51' title="bbox 129 2818 1741 2894">
     <span class='ocr_line' id='line_1_51' title="bbox 129 2818 1741 2894; baseline -0.004 -15"><span class='ocrx_word' id='word_1_403' title='bbox 129 2840 250 2892; x_wconf 65' lang='grc' dir='ltr'><strong>μος</strong></span> <span class='ocrx_word' id='word_1_404' title='bbox 283 2822 523 2892; x_wconf 79' lang='grc' dir='ltr'>λέγεται,</span> <span class='ocrx_word' id='word_1_405' title='bbox 557 2823 616 2877; x_wconf 75' lang='grc' dir='ltr'>ὃν</span> <span class='ocrx_word' id='word_1_406' title='bbox 646 2825 747 2877; x_wconf 87' lang='grc' dir='ltr'><strong>ούκ</strong></span> <span class='ocrx_word' id='word_1_407' title='bbox 785 2819 916 2894; x_wconf 80' lang='grc' dir='ltr'>ἦλθε</span> <span class='ocrx_word' id='word_1_408' title='bbox 955 2822 1258 2877; x_wconf 83' lang='grc' dir='ltr'>καταλῦσαι</span> <span class='ocrx_word' id='word_1_409' title='bbox 1286 2825 1315 2876; x_wconf 78' lang='grc' dir='ltr'>ὁ</span> <span class='ocrx_word' id='word_1_410' title='bbox 1348 2821 1569 2893; x_wconf 69' lang='grc' dir='ltr'>Σωτὴρ,</span> <span class='ocrx_word' id='word_1_411' title='bbox 1607 2818 1741 2874; x_wconf 80' lang='grc' dir='ltr'><strong>ἀλλά</strong></span> 
     </span>
    </p>
   </div>
   <div class='ocr_carea' id='block_1_52' title="bbox 144 2909 1737 2986">
    <p class='ocr_par' dir='ltr' id='par_1_52' title="bbox 144 2909 1737 2986">
     <span class='ocr_line' id='line_1_52' title="bbox 144 2909 1737 2986; baseline -0.001 -20"><span class='ocrx_word' id='word_1_412' title='bbox 144 2913 457 2986; x_wconf 72' lang='grc' dir='ltr'>πληρῶσαι.</span> <span class='ocrx_word' id='word_1_413' title='bbox 485 2913 558 2967; x_wconf 73' lang='lat' dir='ltr'><strong>Ob</strong></span> <span class='ocrx_word' id='word_1_414' title='bbox 579 2914 686 2984; x_wconf 78' lang='grc' dir='ltr'><strong>γὰρ</strong></span> <span class='ocrx_word' id='word_1_415' title='bbox 717 2909 784 2984; x_wconf 83' lang='grc' dir='ltr'><strong>ἦν</strong></span> <span class='ocrx_word' id='word_1_416' title='bbox 811 2913 1090 2986; x_wconf 77' lang='grc' dir='ltr'>ἀλλότριος</span> <span class='ocrx_word' id='word_1_417' title='bbox 1116 2913 1280 2967; x_wconf 83' lang='grc' dir='ltr'>αὑτοῦ</span> <span class='ocrx_word' id='word_1_418' title='bbox 1309 2913 1368 2967; x_wconf 80' lang='grc' dir='ltr'>ὃν</span> <span class='ocrx_word' id='word_1_419' title='bbox 1400 2913 1737 2984; x_wconf 77' lang='grc' dir='ltr'>ἐπλήρωσεν·</span> 
     </span>
    </p>
   </div>
   <div class='ocr_carea' id='block_1_53' title="bbox 123 2999 1734 3076">
    <p class='ocr_par' dir='ltr' id='par_1_53' title="bbox 123 2999 1734 3076">
     <span class='ocr_line' id='line_1_53' title="bbox 123 2999 1734 3076; baseline -0.001 -18"><span class='ocrx_word' id='word_1_420' title='bbox 242 3004 356 3075; x_wconf 76' lang='grc' dir='ltr'><strong>γὰρ</strong></span> <span class='ocrx_word' id='word_1_421' title='bbox 386 2999 498 3076; x_wconf 82' lang='grc' dir='ltr'>εἶχε</span> <span class='ocrx_word' id='word_1_422' title='bbox 532 3003 592 3057; x_wconf 84' lang='grc' dir='ltr'><strong>τὸ</strong></span> <span class='ocrx_word' id='word_1_423' title='bbox 627 3004 850 3057; x_wconf 86' lang='grc' dir='ltr'>τέλειον.</span> <span class='ocrx_word' id='word_1_424' title='bbox 896 3004 1008 3057; x_wconf 69' lang='grc' dir='ltr'><strong>Καὶ</strong></span> <span class='ocrx_word' id='word_1_425' title='bbox 1041 3006 1119 3068; x_wconf 79' lang='grc' dir='ltr'>εἰς</span> <span class='ocrx_word' id='word_1_426' title='bbox 1151 3003 1213 3057; x_wconf 85' lang='grc' dir='ltr'><strong>τὸ</strong></span> <span class='ocrx_word' id='word_1_427' title='bbox 1247 3003 1734 3075; x_wconf 79' lang='grc' dir='ltr'><strong>συμπεπλεγμένον</strong></span> 
     </span>
    </p>
   </div>
   <div class='ocr_carea' id='block_1_54' title="bbox 146 3098 1728 3172">
    <p class='ocr_par' dir='ltr' id='par_1_54' title="bbox 146 3098 1728 3172">
     <span class='ocr_line' id='line_1_54' title="bbox 146 3098 1728 3172; baseline 0.001 -21"><span class='ocrx_word' id='word_1_428' title='bbox 146 3100 228 3170; x_wconf 75' lang='grc' dir='ltr'>τῷ</span> <span class='ocrx_word' id='word_1_429' title='bbox 256 3099 484 3172; x_wconf 70' lang='grc' dir='ltr'>χείρονι,</span> <span class='ocrx_word' id='word_1_430' title='bbox 514 3102 607 3153; x_wconf 73' lang='grc' dir='ltr'>καὶ</span> <span class='ocrx_word' id='word_1_431' title='bbox 634 3101 730 3170; x_wconf 74' lang='grc' dir='ltr'><strong>τὴν</strong></span> <span class='ocrx_word' id='word_1_432' title='bbox 762 3099 974 3154; x_wconf 79' lang='grc' dir='ltr'>ἀδικίαν</span> <span class='ocrx_word' id='word_1_433' title='bbox 993 3140 1006 3163; x_wconf 94' lang='grc'><strong>,</strong></span> <span class='ocrx_word' id='word_1_434' title='bbox 1037 3098 1104 3170; x_wconf 76' lang='grc' dir='ltr'>ἥν</span> <span class='ocrx_word' id='word_1_435' title='bbox 1128 3099 1175 3132; x_wconf 84' lang='grc'><strong>⁵³</strong></span> <span class='ocrx_word' id='word_1_436' title='bbox 1209 3100 1417 3152; x_wconf 85' lang='grc' dir='ltr'>ἀνεῖλεν</span> <span class='ocrx_word' id='word_1_437' title='bbox 1449 3101 1478 3154; x_wconf 85' lang='grc' dir='ltr'>ὁ</span> <span class='ocrx_word' id='word_1_438' title='bbox 1513 3099 1728 3171; x_wconf 78' lang='grc' dir='ltr'>Σωτὴρ,</span> 
     </span>
    </p>
   </div>
   <div class='ocr_carea' id='block_1_55' title="bbox 131 3193 1735 3266">
    <p class='ocr_par' dir='ltr' id='par_1_55' title="bbox 131 3193 1735 3266">
     <span class='ocr_line' id='line_1_55' title="bbox 131 3193 1735 3266; baseline 0.003 -25"><span class='ocrx_word' id='word_1_439' title='bbox 131 3196 421 3248; x_wconf 83' lang='grc' dir='ltr'>,ἀνοίκειον</span> <span class='ocrx_word' id='word_1_440' title='bbox 448 3194 578 3248; x_wconf 68' lang='grc' dir='ltr'>ὄντα</span> <span class='ocrx_word' id='word_1_441' title='bbox 605 3197 669 3266; x_wconf 76' lang='grc' dir='ltr'>τῇ</span> <span class='ocrx_word' id='word_1_442' title='bbox 696 3195 887 3250; x_wconf 78' lang='grc' dir='ltr'>ἑαυτοῦ</span> <span class='ocrx_word' id='word_1_443' title='bbox 920 3194 1100 3264; x_wconf 80' lang='grc' dir='ltr'>φύσει.</span> <span class='ocrx_word' id='word_1_444' title='bbox 1127 3196 1429 3266; x_wconf 90' lang='grc' dir='ltr'>Διαιρεῖται</span> <span class='ocrx_word' id='word_1_445' title='bbox 1457 3193 1512 3247; x_wconf 84' lang='grc' dir='ltr'>δὲ</span> <span class='ocrx_word' id='word_1_446' title='bbox 1540 3193 1636 3247; x_wconf 58' lang='grc' dir='ltr'><strong>καὶ⁵</strong></span> <span class='ocrx_word' id='word_1_447' title='bbox 1657 3195 1735 3257; x_wconf 84' lang='grc' dir='ltr'><strong>είς</strong></span> 
     </span>
    </p>
   </div>
   <div class='ocr_carea' id='block_1_56' title="bbox 129 3286 1738 3359">
    <p class='ocr_par' dir='ltr' id='par_1_56' title="bbox 129 3286 1738 3359">
     <span class='ocr_line' id='line_1_56' title="bbox 129 3286 1738 3359; baseline -0.002 -16"><span class='ocrx_word' id='word_1_448' title='bbox 129 3289 211 3343; x_wconf 66' lang='lat'><strong>&#39;1’)</strong></span> <span class='ocrx_word' id='word_1_449' title='bbox 229 3287 481 3350; x_wconf 76' lang='grc' dir='ltr'>τυπικὸν,</span> <span class='ocrx_word' id='word_1_450' title='bbox 517 3289 612 3342; x_wconf 74' lang='grc' dir='ltr'>καὶ</span> <span class='ocrx_word' id='word_1_451' title='bbox 645 3305 707 3341; x_wconf 90' lang='grc' dir='ltr'><strong>συ</strong></span> <span class='ocrx_word' id='word_1_452' title='bbox 717 3287 989 3359; x_wconf 75' lang='grc' dir='ltr'>μδολικὸν,</span> <span class='ocrx_word' id='word_1_453' title='bbox 1020 3288 1080 3342; x_wconf 74' lang='grc' dir='ltr'>τὸ</span> <span class='ocrx_word' id='word_1_454' title='bbox 1105 3291 1225 3343; x_wconf 79' lang='grc' dir='ltr'>κατ’</span> <span class='ocrx_word' id='word_1_455' title='bbox 1254 3289 1438 3342; x_wconf 71' lang='grc' dir='ltr'>εἰκόνα</span> <span class='ocrx_word' id='word_1_456' title='bbox 1463 3287 1570 3341; x_wconf 85' lang='grc' dir='ltr'><strong>τῶν</strong></span> <span class='ocrx_word' id='word_1_457' title='bbox 1595 3286 1738 3359; x_wconf 90' lang='grc' dir='ltr'>[κατ’</span> 
     </span>
    </p>
   </div>
   <div class='ocr_carea' id='block_1_57' title="bbox 146 3380 1739 3454">
    <p class='ocr_par' dir='ltr' id='par_1_57' title="bbox 146 3380 1739 3454">
     <span class='ocr_line' id='line_1_57' title="bbox 146 3380 1739 3454; baseline -0.001 -19"><span class='ocrx_word' id='word_1_458' title='bbox 146 3381 428 3454; x_wconf 63' lang='grc' dir='ltr'>είκόναυδί</span> <span class='ocrx_word' id='word_1_459' title='bbox 455 3383 821 3454; x_wconf 72' lang='grc' dir='ltr'>διαφερόντων</span> <span class='ocrx_word' id='word_1_460' title='bbox 848 3381 1289 3454; x_wconf 80' lang='grc' dir='ltr'>νενομοθετηθέν·</span> <span class='ocrx_word' id='word_1_461' title='bbox 1334 3381 1392 3434; x_wconf 79' lang='grc' dir='ltr'>ὃν</span> <span class='ocrx_word' id='word_1_462' title='bbox 1443 3380 1739 3452; x_wconf 77' lang='grc' dir='ltr'>μετέθηκεν</span> 
     </span>
    </p>
   </div>
   <div class='ocr_carea' id='block_1_58' title="bbox 135 3471 1742 3544">
    <p class='ocr_par' dir='ltr' id='par_1_58' title="bbox 135 3471 1742 3544">
     <span class='ocr_line' id='line_1_58' title="bbox 135 3471 1742 3544; baseline 0 -18"><span class='ocrx_word' id='word_1_463' title='bbox 135 3476 175 3526; x_wconf 60' lang='grc' dir='ltr'><strong>’ὁ</strong></span> <span class='ocrx_word' id='word_1_464' title='bbox 212 3471 408 3544; x_wconf 77' lang='grc' dir='ltr'>Σωτὴρ</span> <span class='ocrx_word' id='word_1_465' title='bbox 441 3473 549 3526; x_wconf 78' lang='grc' dir='ltr'>ἀπὸ</span> <span class='ocrx_word' id='word_1_466' title='bbox 579 3471 839 3543; x_wconf 78' lang='grc' dir='ltr'>αἰσθητοῦ</span> <span class='ocrx_word' id='word_1_467' title='bbox 881 3473 975 3526; x_wconf 70' lang='grc' dir='ltr'>καὶ</span> <span class='ocrx_word' id='word_1_468' title='bbox 1007 3473 1332 3544; x_wconf 74' lang='grc' dir='ltr'>φαινομένου</span> <span class='ocrx_word' id='word_1_469' title='bbox 1370 3473 1462 3526; x_wconf 69' lang='grc' dir='ltr'>ἐπὶ</span> <span class='ocrx_word' id='word_1_470' title='bbox 1495 3473 1555 3526; x_wconf 84' lang='grc' dir='ltr'>τὸ</span> <span class='ocrx_word' id='word_1_471' title='bbox 1577 3490 1742 3526; x_wconf 70' lang='grc' dir='ltr'>πνευν</span> 
     </span>
    </p>
   </div>
   <div class='ocr_carea' id='block_1_59' title="bbox 150 3563 1739 3638">
    <p class='ocr_par' dir='ltr' id='par_1_59' title="bbox 150 3563 1739 3638">
     <span class='ocr_line' id='line_1_59' title="bbox 150 3563 1739 3638; baseline 0.001 -21"><span class='ocrx_word' id='word_1_472' title='bbox 150 3563 386 3636; x_wconf 83' lang='grc' dir='ltr'>ματικὸν</span> <span class='ocrx_word' id='word_1_473' title='bbox 421 3563 513 3632; x_wconf 67' lang='grc' dir='ltr'>καὶ</span> <span class='ocrx_word' id='word_1_474' title='bbox 539 3564 790 3636; x_wconf 77' lang='grc' dir='ltr'>ἀόρατον.</span> <span class='ocrx_word' id='word_1_475' title='bbox 823 3564 931 3619; x_wconf 74' lang='grc' dir='ltr'><strong>Καὶ</strong></span> <span class='ocrx_word' id='word_1_476' title='bbox 966 3565 1080 3618; x_wconf 77' lang='grc' dir='ltr'>ἔστι</span> <span class='ocrx_word' id='word_1_477' title='bbox 1110 3566 1209 3636; x_wconf 83' lang='grc' dir='ltr'>μὲν</span> <span class='ocrx_word' id='word_1_478' title='bbox 1243 3568 1272 3619; x_wconf 86' lang='grc' dir='ltr'>ὁ</span> <span class='ocrx_word' id='word_1_479' title='bbox 1299 3565 1392 3619; x_wconf 88' lang='lat'><strong>105</strong></span> <span class='ocrx_word' id='word_1_480' title='bbox 1417 3565 1550 3619; x_wconf 87' lang='grc' dir='ltr'>Θεοῦ</span> <span class='ocrx_word' id='word_1_481' title='bbox 1576 3567 1739 3638; x_wconf 82' lang='grc' dir='ltr'>νόμος</span> 
     </span>
    </p>
   </div>
   <div class='ocr_carea' id='block_1_60' title="bbox 144 3657 1740 3731">
    <p class='ocr_par' dir='ltr' id='par_1_60' title="bbox 144 3657 1740 3731">
     <span class='ocr_line' id='line_1_60' title="bbox 144 3657 1740 3731; baseline 0.001 -21"><span class='ocrx_word' id='word_1_482' title='bbox 144 3659 178 3710; x_wconf 81' lang='grc' dir='ltr'><strong>ὁ</strong></span> <span class='ocrx_word' id='word_1_483' title='bbox 210 3657 454 3728; x_wconf 56' lang='grc' dir='ltr'>καθαῷς</span> <span class='ocrx_word' id='word_1_484' title='bbox 480 3659 575 3711; x_wconf 71' lang='grc' dir='ltr'><strong>καὶ</strong></span> <span class='ocrx_word' id='word_1_485' title='bbox 601 3657 952 3728; x_wconf 85' lang='grc' dir='ltr'>ἀσύμπλοκος</span> <span class='ocrx_word' id='word_1_486' title='bbox 981 3657 1058 3729; x_wconf 82' lang='grc' dir='ltr'>τῷ</span> <span class='ocrx_word' id='word_1_487' title='bbox 1087 3659 1315 3731; x_wconf 85' lang='grc' dir='ltr'>χείρονι,</span> <span class='ocrx_word' id='word_1_488' title='bbox 1337 3659 1474 3730; x_wconf 81' lang='grc' dir='ltr'>αὑτὴ</span> <span class='ocrx_word' id='word_1_489' title='bbox 1502 3661 1536 3730; x_wconf 79' lang='grc' dir='ltr'><strong>ἡ</strong></span> <span class='ocrx_word' id='word_1_490' title='bbox 1563 3661 1740 3712; x_wconf 81' lang='grc' dir='ltr'>Δεκά-</span> 
     </span>
    </p>
   </div>
   <div class='ocr_carea' id='block_1_61' title="bbox 145 3749 1740 3819">
    <p class='ocr_par' dir='ltr' id='par_1_61' title="bbox 145 3749 1740 3819">
     <span class='ocr_line' id='line_1_61' title="bbox 145 3749 1740 3819; baseline 0.001 -17"><span class='ocrx_word' id='word_1_491' title='bbox 145 3751 338 3819; x_wconf 61' lang='lat' dir='ltr'><strong>loro;-</strong></span> <span class='ocrx_word' id='word_1_492' title='bbox 360 3789 375 3812; x_wconf 92' lang='lat'><strong>,</strong></span> <span class='ocrx_word' id='word_1_493' title='bbox 411 3751 460 3802; x_wconf 74' lang='grc' dir='ltr'>οἱ</span> <span class='ocrx_word' id='word_1_494' title='bbox 486 3749 621 3803; x_wconf 78' lang='grc' dir='ltr'>δέκα</span> <span class='ocrx_word' id='word_1_495' title='bbox 651 3749 797 3818; x_wconf 71' lang='grc' dir='ltr'>λόγοι</span> <span class='ocrx_word' id='word_1_496' title='bbox 827 3753 1024 3804; x_wconf 77' lang='grc' dir='ltr'>ἐκεῖνοι</span> <span class='ocrx_word' id='word_1_497' title='bbox 1052 3790 1066 3811; x_wconf 90' lang='grc'><strong>.</strong></span> <span class='ocrx_word' id='word_1_498' title='bbox 1101 3751 1150 3803; x_wconf 80' lang='grc' dir='ltr'>οἱ</span> <span class='ocrx_word' id='word_1_499' title='bbox 1185 3753 1245 3804; x_wconf 82' lang='grc' dir='ltr'><strong>ὲν</strong></span> <span class='ocrx_word' id='word_1_500' title='bbox 1275 3753 1394 3814; x_wconf 86' lang='grc' dir='ltr'>ταῖς</span> <span class='ocrx_word' id='word_1_501' title='bbox 1425 3750 1544 3804; x_wconf 74' lang='grc' dir='ltr'><strong>δυσ)⁸</strong></span> <span class='ocrx_word' id='word_1_502' title='bbox 1578 3750 1740 3814; x_wconf 72' lang='grc' dir='ltr'>πλαξὶ</span> 
     </span>
    </p>
   </div>
   <div class='ocr_carea' id='block_1_62' title="bbox 147 3841 1739 3914">
    <p class='ocr_par' dir='ltr' id='par_1_62' title="bbox 147 3841 1739 3914">
     <span class='ocr_line' id='line_1_62' title="bbox 147 3841 1739 3914; baseline 0 -18"><span class='ocrx_word' id='word_1_503' title='bbox 147 3841 556 3911; x_wconf 77' lang='grc' dir='ltr'>δεδιχασμένοι,</span> <span class='ocrx_word' id='word_1_504' title='bbox 598 3841 677 3904; x_wconf 59' lang='grc' dir='ltr'>εἰς</span> <span class='ocrx_word' id='word_1_505' title='bbox 717 3859 776 3895; x_wconf 83' lang='grc' dir='ltr'>τε</span> <span class='ocrx_word' id='word_1_506' title='bbox 811 3843 1091 3914; x_wconf 85' lang='grc' dir='ltr'>ἀναίρεσιν</span> <span class='ocrx_word' id='word_1_507' title='bbox 1139 3842 1247 3895; x_wconf 78' lang='grc' dir='ltr'><strong>τῶν</strong></span> <span class='ocrx_word' id='word_1_508' title='bbox 1291 3842 1612 3911; x_wconf 77' lang='grc' dir='ltr'>ἁφθὲγκτων</span> <span class='ocrx_word' id='word_1_509' title='bbox 1644 3845 1739 3896; x_wconf 72' lang='grc' dir='ltr'>καὶ</span> 
     </span>
    </p>
   </div>
   <div class='ocr_carea' id='block_1_63' title="bbox 150 3931 1738 4004">
    <p class='ocr_par' dir='ltr' id='par_1_63' title="bbox 150 3931 1738 4004">
     <span class='ocr_line' id='line_1_63' title="bbox 150 3931 1738 4004; baseline 0 -18"><span class='ocrx_word' id='word_1_510' title='bbox 150 3935 231 3997; x_wconf 84' lang='grc' dir='ltr'>εἰς</span> <span class='ocrx_word' id='word_1_511' title='bbox 290 3932 588 4004; x_wconf 75' lang='grc' dir='ltr'>πρόσταξιν</span> <span class='ocrx_word' id='word_1_512' title='bbox 640 3931 747 3985; x_wconf 85' lang='grc' dir='ltr'>τῶν</span> <span class='ocrx_word' id='word_1_513' title='bbox 797 3932 1084 4002; x_wconf 81' lang='grc' dir='ltr'>ποιητέων,</span> <span class='ocrx_word' id='word_1_514' title='bbox 1123 3933 1209 3996; x_wconf 76' lang='grc' dir='ltr'>οἳ,</span> <span class='ocrx_word' id='word_1_515' title='bbox 1244 3931 1447 4003; x_wconf 81' lang='grc' dir='ltr'>καίπερ</span> <span class='ocrx_word' id='word_1_516' title='bbox 1493 3933 1738 4004; x_wconf 73' lang='grc' dir='ltr'>καθαρὰν</span> 
     </span>
    </p>
   </div>
   <div class='ocr_carea' id='block_1_64' title="bbox 151 4022 1736 4096">
    <p class='ocr_par' dir='ltr' id='par_1_64' title="bbox 151 4022 1736 4096">
     <span class='ocr_line' id='line_1_64' title="bbox 151 4022 1736 4096; baseline 0 -18"><span class='ocrx_word' id='word_1_517' title='bbox 151 4024 369 4096; x_wconf 76' lang='grc' dir='ltr'>ἔχοντες</span> <span class='ocrx_word' id='word_1_518' title='bbox 402 4023 499 4094; x_wconf 76' lang='grc' dir='ltr'><strong>τὴν</strong></span> <span class='ocrx_word' id='word_1_519' title='bbox 533 4022 852 4093; x_wconf 86' lang='grc' dir='ltr'>νομοθεσίαν</span> <span class='ocrx_word' id='word_1_520' title='bbox 875 4064 889 4087; x_wconf 92' lang='grc'><strong>,</strong></span> <span class='ocrx_word' id='word_1_521' title='bbox 937 4023 1011 4094; x_wconf 82' lang='grc' dir='ltr'>μὴ</span> <span class='ocrx_word' id='word_1_522' title='bbox 1059 4024 1274 4094; x_wconf 80' lang='grc' dir='ltr'>ἔχοντες</span> <span class='ocrx_word' id='word_1_523' title='bbox 1311 4023 1366 4075; x_wconf 82' lang='grc' dir='ltr'>δὲ</span> <span class='ocrx_word' id='word_1_524' title='bbox 1402 4025 1460 4076; x_wconf 82' lang='grc' dir='ltr'>τὸ</span> <span class='ocrx_word' id='word_1_525' title='bbox 1501 4024 1736 4088; x_wconf 80' lang='grc' dir='ltr'>τέλειον,</span> 
     </span>
    </p>
   </div>
   <div class='ocr_carea' id='block_1_65' title="bbox 153 4114 1738 4188">
    <p class='ocr_par' dir='ltr' id='par_1_65' title="bbox 153 4114 1738 4188">
     <span class='ocr_line' id='line_1_65' title="bbox 153 4114 1738 4188; baseline -0.001 -17"><span class='ocrx_word' id='word_1_526' title='bbox 153 4117 364 4171; x_wconf 68' lang='grc' dir='ltr'>ἐδέοντο</span> <span class='ocrx_word' id='word_1_527' title='bbox 396 4117 493 4188; x_wconf 79' lang='grc' dir='ltr'>τῆς</span> <span class='ocrx_word' id='word_1_528' title='bbox 516 4115 665 4188; x_wconf 77' lang='grc' dir='ltr'>παρὰ</span> <span class='ocrx_word' id='word_1_529' title='bbox 693 4114 787 4168; x_wconf 85' lang='grc' dir='ltr'><strong>τοῦ</strong></span> <span class='ocrx_word' id='word_1_530' title='bbox 813 4115 1062 4187; x_wconf 76' lang='grc' dir='ltr'>Σωτῆρος</span> <span class='ocrx_word' id='word_1_531' title='bbox 1084 4115 1436 4186; x_wconf 81' lang='grc' dir='ltr'>πληρώσεως.</span> <span class='ocrx_word' id='word_1_532' title='bbox 1466 4115 1523 4168; x_wconf 85' lang='grc' dir='ltr'>Ὀ</span> <span class='ocrx_word' id='word_1_533' title='bbox 1544 4116 1599 4169; x_wconf 84' lang='grc' dir='ltr'><em>δέ</em></span> <span class='ocrx_word' id='word_1_534' title='bbox 1623 4118 1738 4170; x_wconf 79' lang='grc' dir='ltr'>ἐστι</span> 
     </span>
    </p>
   </div>
   <div class='ocr_carea' id='block_1_66' title="bbox 152 4198 1738 4277">
    <p class='ocr_par' dir='ltr' id='par_1_66' title="bbox 152 4198 1738 4277">
     <span class='ocr_line' id='line_1_66' title="bbox 152 4198 1738 4277; baseline -0.001 -18"><span class='ocrx_word' id='word_1_535' title='bbox 152 4205 646 4277; x_wconf 85' lang='grc' dir='ltr'>συμπεπλεγμένος</span> <span class='ocrx_word' id='word_1_536' title='bbox 671 4207 734 4276; x_wconf 78' lang='grc' dir='ltr'>τῇ</span> <span class='ocrx_word' id='word_1_537' title='bbox 760 4204 964 4276; x_wconf 70' lang='grc' dir='ltr'>ἀδικία,</span> <span class='ocrx_word' id='word_1_538' title='bbox 999 4198 1154 4269; x_wconf 73' lang='grc' dir='ltr'>οὗτος</span> <span class='ocrx_word' id='word_1_539' title='bbox 1187 4208 1214 4260; x_wconf 83' lang='grc' dir='ltr'>ὁ</span> <span class='ocrx_word' id='word_1_540' title='bbox 1243 4206 1383 4259; x_wconf 85' lang='grc' dir='ltr'><strong>κατά</strong></span> <span class='ocrx_word' id='word_1_541' title='bbox 1407 4206 1503 4277; x_wconf 80' lang='grc' dir='ltr'><strong>τὴν</strong></span> <span class='ocrx_word' id='word_1_542' title='bbox 1526 4207 1738 4277; x_wconf 81' lang='grc' dir='ltr'>ἄμυναν</span> 
     </span>
    </p>
   </div>
   <div class='ocr_carea' id='block_1_67' title="bbox 151 4297 1736 4368">
    <p class='ocr_par' dir='ltr' id='par_1_67' title="bbox 151 4297 1736 4368">
     <span class='ocr_line' id='line_1_67' title="bbox 151 4297 1736 4368; baseline -0.001 -15"><span class='ocrx_word' id='word_1_543' title='bbox 151 4302 250 4354; x_wconf 77' lang='grc' dir='ltr'>καὶ</span> <span class='ocrx_word' id='word_1_544' title='bbox 309 4297 666 4352; x_wconf 73' lang='grc' dir='ltr'>ἀνταπόδοσιν</span> <span class='ocrx_word' id='word_1_545' title='bbox 723 4297 832 4350; x_wconf 85' lang='grc' dir='ltr'><strong>τῶν</strong></span> <span class='ocrx_word' id='word_1_546' title='bbox 898 4297 1379 4368; x_wconf 77' lang='grc' dir='ltr'>προαδικησάντων</span> <span class='ocrx_word' id='word_1_547' title='bbox 1451 4299 1736 4368; x_wconf 81' lang='grc' dir='ltr'>κείμενος,</span> 
     </span>
    </p>
   </div>
   <div class='ocr_carea' id='block_1_68' title="bbox 164 4389 1740 4460">
    <p class='ocr_par' dir='ltr' id='par_1_68' title="bbox 164 4389 1740 4460">
     <span class='ocr_line' id='line_1_68' title="bbox 164 4389 1740 4460; baseline -0.001 -15"><span class='ocrx_word' id='word_1_548' title='bbox 164 4389 511 4460; x_wconf 55' lang='grc' dir='ltr'><strong>Ὀφθαλμὸν</strong></span> <span class='ocrx_word' id='word_1_549' title='bbox 521 4389 653 4444; x_wconf 75' lang='grc' dir='ltr'><strong>ἀντὶ</strong></span> <span class='ocrx_word' id='word_1_550' title='bbox 668 4390 1100 4459; x_wconf 57' lang='grc' dir='ltr'>ὀφθαλμοῦριαί</span> <span class='ocrx_word' id='word_1_551' title='bbox 1117 4390 1332 4443; x_wconf 67' lang='grc' dir='ltr'><strong>ὀδόντα</strong></span> <span class='ocrx_word' id='word_1_552' title='bbox 1345 4389 1478 4444; x_wconf 72' lang='grc' dir='ltr'><strong>ἀντὶ</strong></span> <span class='ocrx_word' id='word_1_553' title='bbox 1494 4390 1740 4458; x_wconf 77' lang='grc' dir='ltr'><strong>ὀδόντος</strong></span> 
     </span>
    </p>
   </div>
   <div class='ocr_carea' id='block_1_69' title="bbox 1910 2545 3413 2617">
    <p class='ocr_par' dir='ltr' id='par_1_69' title="bbox 1910 2545 3413 2617">
     <span class='ocr_line' id='line_1_69' title="bbox 1910 2545 3413 2617; baseline 0.004 -19"><span class='ocrx_word' id='word_1_554' title='bbox 1910 2545 2015 2599; x_wconf 86' lang='lat' dir='ltr'><strong>Sed</strong></span> <span class='ocrx_word' id='word_1_555' title='bbox 2047 2562 2110 2598; x_wconf 75' lang='lat' dir='ltr'><strong>ea</strong></span> <span class='ocrx_word' id='word_1_556' title='bbox 2143 2561 2270 2614; x_wconf 85' lang='lat' dir='ltr'><strong>pars</strong></span> <span class='ocrx_word' id='word_1_557' title='bbox 2311 2547 2471 2614; x_wconf 82' lang='lat' dir='ltr'><strong>legis,</strong></span> <span class='ocrx_word' id='word_1_558' title='bbox 2505 2560 2629 2616; x_wconf 77' lang='lat' dir='ltr'><strong>qua:</strong></span> <span class='ocrx_word' id='word_1_559' title='bbox 2660 2562 2688 2600; x_wconf 87' lang='lat' dir='ltr'><strong>a</strong></span> <span class='ocrx_word' id='word_1_560' title='bbox 2728 2547 2837 2602; x_wconf 91' lang='lat' dir='ltr'><strong>Deo</strong></span> <span class='ocrx_word' id='word_1_561' title='bbox 2871 2547 3114 2617; x_wconf 78' lang='lat' dir='ltr'><strong>proiecta</strong></span> <span class='ocrx_word' id='word_1_562' title='bbox 3145 2558 3255 2615; x_wconf 89' lang='lat' dir='ltr'><strong>est,</strong></span> <span class='ocrx_word' id='word_1_563' title='bbox 3308 2549 3413 2604; x_wconf 85' lang='lat' dir='ltr'><strong>tria</strong></span> 
     </span>
    </p>
   </div>
   <div class='ocr_carea' id='block_1_70' title="bbox 1843 2637 3422 2697">
    <p class='ocr_par' dir='ltr' id='par_1_70' title="bbox 1843 2637 3422 2697">
     <span class='ocr_line' id='line_1_70' title="bbox 1843 2637 3422 2697; baseline 0.003 -6"><span class='ocrx_word' id='word_1_564' title='bbox 1843 2653 2057 2694; x_wconf 89' lang='lat' dir='ltr'><strong>rursum</strong></span> <span class='ocrx_word' id='word_1_565' title='bbox 2091 2638 2141 2691; x_wconf 91' lang='lat' dir='ltr'><strong>in</strong></span> <span class='ocrx_word' id='word_1_566' title='bbox 2175 2637 2420 2692; x_wconf 85' lang='lat' dir='ltr'><strong>membra</strong></span> <span class='ocrx_word' id='word_1_567' title='bbox 2445 2638 2729 2692; x_wconf 83' lang='lat' dir='ltr'><strong>dividitur.</strong></span> <span class='ocrx_word' id='word_1_568' title='bbox 2753 2639 2869 2692; x_wconf 83' lang='lat' dir='ltr'><strong>Alia</strong></span> <span class='ocrx_word' id='word_1_569' title='bbox 2895 2639 3036 2694; x_wconf 89' lang='lat' dir='ltr'><strong>enim</strong></span> <span class='ocrx_word' id='word_1_570' title='bbox 3056 2650 3185 2695; x_wconf 88' lang='lat' dir='ltr'><strong>sunt</strong></span> <span class='ocrx_word' id='word_1_571' title='bbox 3207 2642 3422 2697; x_wconf 81' lang='lat' dir='ltr'><strong>sincera</strong></span> 
     </span>
    </p>
   </div>
   <div class='ocr_carea' id='block_1_71' title="bbox 1843 2730 3421 2802">
    <p class='ocr_par' dir='ltr' id='par_1_71' title="bbox 1843 2730 3421 2802">
     <span class='ocr_line' id='line_1_71' title="bbox 1843 2730 3421 2802; baseline 0.001 -19"><span class='ocrx_word' id='word_1_572' title='bbox 1843 2741 2144 2801; x_wconf 66' lang='grc' dir='ltr'>νηοί-θριξὶ,</span> <span class='ocrx_word' id='word_1_573' title='bbox 2183 2741 2238 2784; x_wconf 91' lang='lat' dir='ltr'><strong>et</strong></span> <span class='ocrx_word' id='word_1_574' title='bbox 2286 2732 2352 2784; x_wconf 90' lang='lat' dir='ltr'><strong>ab</strong></span> <span class='ocrx_word' id='word_1_575' title='bbox 2391 2733 2539 2784; x_wconf 89' lang='lat' dir='ltr'><strong>omni</strong></span> <span class='ocrx_word' id='word_1_576' title='bbox 2597 2730 2723 2785; x_wconf 77' lang='lat' dir='ltr'><strong>ntali</strong></span> <span class='ocrx_word' id='word_1_577' title='bbox 2778 2732 3131 2802; x_wconf 88' lang='lat' dir='ltr'><strong>permistione</strong></span> <span class='ocrx_word' id='word_1_578' title='bbox 3180 2746 3421 2802; x_wconf 83' lang='lat' dir='ltr'><strong>secreta,</strong></span> 
     </span>
    </p>
   </div>
   <div class='ocr_carea' id='block_1_72' title="bbox 1845 2820 3422 2892">
    <p class='ocr_par' dir='ltr' id='par_1_72' title="bbox 1845 2820 3422 2892">
     <span class='ocr_line' id='line_1_72' title="bbox 1845 2820 3422 2892; baseline 0.005 -18"><span class='ocrx_word' id='word_1_579' title='bbox 1845 2837 1966 2891; x_wconf 68' lang='lat' dir='ltr'><strong>qum</strong></span> <span class='ocrx_word' id='word_1_580' title='bbox 1991 2823 2215 2892; x_wconf 86' lang='lat' dir='ltr'><strong>proprie</strong></span> <span class='ocrx_word' id='word_1_581' title='bbox 2245 2820 2326 2875; x_wconf 79' lang='lat' dir='ltr'><strong>les</strong></span> <span class='ocrx_word' id='word_1_582' title='bbox 2357 2821 2680 2892; x_wconf 78' lang='lat' dir='ltr'><strong>appellatur,</strong></span> <span class='ocrx_word' id='word_1_583' title='bbox 2713 2837 2876 2892; x_wconf 85' lang='lat' dir='ltr'><strong>quant</strong></span> <span class='ocrx_word' id='word_1_584' title='bbox 2913 2840 3016 2878; x_wconf 89' lang='lat' dir='ltr'><strong>non</strong></span> <span class='ocrx_word' id='word_1_585' title='bbox 3044 2822 3299 2880; x_wconf 84' lang='lat' dir='ltr'><strong>Salvator</strong></span> <span class='ocrx_word' id='word_1_586' title='bbox 3330 2843 3422 2882; x_wconf 81' lang='lat' dir='ltr'><strong>ve-</strong></span> 
     </span>
    </p>
   </div>
   <div class='ocr_carea' id='block_1_73' title="bbox 1849 2915 3422 2986">
    <p class='ocr_par' dir='ltr' id='par_1_73' title="bbox 1849 2915 3422 2986">
     <span class='ocr_line' id='line_1_73' title="bbox 1849 2915 3422 2986; baseline 0.001 -13"><span class='ocrx_word' id='word_1_587' title='bbox 1849 2920 1928 2974; x_wconf 92' lang='lat' dir='ltr'><strong>nit</strong></span> <span class='ocrx_word' id='word_1_588' title='bbox 1961 2918 2200 2982; x_wconf 86' lang='lat' dir='ltr'><strong>solvere,</strong></span> <span class='ocrx_word' id='word_1_589' title='bbox 2242 2918 2335 2972; x_wconf 88' lang='lat' dir='ltr'><strong>sed</strong></span> <span class='ocrx_word' id='word_1_590' title='bbox 2371 2916 2756 2986; x_wconf 71' lang='lat' dir='ltr'><strong>adimplere&quot;.</strong></span> <span class='ocrx_word' id='word_1_591' title='bbox 2791 2915 2906 2970; x_wconf 84' lang='lat' dir='ltr'><strong>Non</strong></span> <span class='ocrx_word' id='word_1_592' title='bbox 2950 2918 3097 2975; x_wconf 69' lang='lat' dir='ltr'><strong>sitim</strong></span> <span class='ocrx_word' id='word_1_593' title='bbox 3146 2933 3175 2974; x_wconf 84' lang='lat' dir='ltr'><strong>a</strong></span> <span class='ocrx_word' id='word_1_594' title='bbox 3210 2933 3268 2974; x_wconf 87' lang='lat' dir='ltr'><strong>se</strong></span> <span class='ocrx_word' id='word_1_595' title='bbox 3302 2929 3422 2974; x_wconf 85' lang='lat' dir='ltr'><strong>erat</strong></span> 
     </span>
    </p>
   </div>
   <div class='ocr_carea' id='block_1_74' title="bbox 1842 3009 3422 3083">
    <p class='ocr_par' dir='ltr' id='par_1_74' title="bbox 1842 3009 3422 3083">
     <span class='ocr_line' id='line_1_74' title="bbox 1842 3009 3422 3083; baseline 0.003 -19"><span class='ocrx_word' id='word_1_596' title='bbox 1842 3010 2208 3078; x_wconf 87' lang='lat' dir='ltr'><strong>alienaquam</strong></span> <span class='ocrx_word' id='word_1_597' title='bbox 2235 3009 2558 3080; x_wconf 87' lang='lat' dir='ltr'><strong>adimplevit</strong></span> <span class='ocrx_word' id='word_1_598' title='bbox 2586 3048 2601 3075; x_wconf 90' lang='lat'><strong>,</strong></span> <span class='ocrx_word' id='word_1_599' title='bbox 2634 3009 2836 3079; x_wconf 88' lang='lat' dir='ltr'><strong>alioqui</strong></span> <span class='ocrx_word' id='word_1_600' title='bbox 2870 3013 3054 3079; x_wconf 78' lang='lat' dir='ltr'><strong>perlici</strong></span> <span class='ocrx_word' id='word_1_601' title='bbox 3088 3011 3159 3066; x_wconf 88' lang='lat' dir='ltr'><strong>im</strong></span> <span class='ocrx_word' id='word_1_602' title='bbox 3174 3012 3422 3083; x_wconf 82' lang='lat' dir='ltr'><strong>plerique</strong></span> 
     </span>
    </p>
   </div>
   <div class='ocr_carea' id='block_1_75' title="bbox 1842 3101 3422 3174">
    <p class='ocr_par' dir='ltr' id='par_1_75' title="bbox 1842 3101 3422 3174">
     <span class='ocr_line' id='line_1_75' title="bbox 1842 3101 3422 3174; baseline -0.001 -17"><span class='ocrx_word' id='word_1_603' title='bbox 1842 3119 1950 3157; x_wconf 90' lang='lat' dir='ltr'><strong>non</strong></span> <span class='ocrx_word' id='word_1_604' title='bbox 1982 3102 2321 3172; x_wconf 75' lang='lat' dir='ltr'><strong>posset.Alia</strong></span> <span class='ocrx_word' id='word_1_605' title='bbox 2357 3109 2484 3156; x_wconf 88' lang='lat' dir='ltr'><strong>sunt</strong></span> <span class='ocrx_word' id='word_1_606' title='bbox 2509 3101 2884 3157; x_wconf 86' lang='lat' dir='ltr'><strong>deterioribus</strong></span> <span class='ocrx_word' id='word_1_607' title='bbox 2915 3102 3212 3174; x_wconf 87' lang='lat' dir='ltr'><strong>implicata,</strong></span> <span class='ocrx_word' id='word_1_608' title='bbox 3253 3113 3310 3159; x_wconf 89' lang='lat' dir='ltr'><strong>et</strong></span> <span class='ocrx_word' id='word_1_609' title='bbox 3339 3104 3422 3158; x_wconf 89' lang='lat' dir='ltr'><strong>iu-</strong></span> 
     </span>
    </p>
   </div>
   <div class='ocr_carea' id='block_1_76' title="bbox 1837 3193 3421 3265">
    <p class='ocr_par' dir='ltr' id='par_1_76' title="bbox 1837 3193 3421 3265">
     <span class='ocr_line' id='line_1_76' title="bbox 1837 3193 3421 3265; baseline 0.001 -17"><span class='ocrx_word' id='word_1_610' title='bbox 1837 3195 2065 3265; x_wconf 67' lang='lat' dir='ltr'><strong>justitia:</strong></span> <span class='ocrx_word' id='word_1_611' title='bbox 2098 3195 2368 3264; x_wconf 78' lang='lat' dir='ltr'><strong>proxima,</strong></span> <span class='ocrx_word' id='word_1_612' title='bbox 2410 3209 2534 3263; x_wconf 80' lang='lat' dir='ltr'><strong>qua:</strong></span> <span class='ocrx_word' id='word_1_613' title='bbox 2564 3193 2816 3248; x_wconf 75' lang='lat' dir='ltr'><strong>Salvator</strong></span> <span class='ocrx_word' id='word_1_614' title='bbox 2851 3195 3210 3250; x_wconf 83' lang='lat' dir='ltr'><strong>abhorrentia</strong></span> <span class='ocrx_word' id='word_1_615' title='bbox 3257 3211 3287 3249; x_wconf 89' lang='lat' dir='ltr'><strong>a</strong></span> <span class='ocrx_word' id='word_1_616' title='bbox 3324 3211 3421 3249; x_wconf 83' lang='lat' dir='ltr'><strong>na-</strong></span> 
     </span>
    </p>
   </div>
   <div class='ocr_carea' id='block_1_77' title="bbox 1844 3285 3422 3358">
    <p class='ocr_par' dir='ltr' id='par_1_77' title="bbox 1844 3285 3422 3358">
     <span class='ocr_line' id='line_1_77' title="bbox 1844 3285 3422 3358; baseline 0.001 -17"><span class='ocrx_word' id='word_1_617' title='bbox 1844 3297 1966 3341; x_wconf 85' lang='lat' dir='ltr'><strong>tura</strong></span> <span class='ocrx_word' id='word_1_618' title='bbox 2007 3302 2106 3341; x_wconf 90' lang='lat' dir='ltr'><strong>sua</strong></span> <span class='ocrx_word' id='word_1_619' title='bbox 2147 3285 2397 3340; x_wconf 82' lang='lat' dir='ltr'><strong>funditus</strong></span> <span class='ocrx_word' id='word_1_620' title='bbox 2423 3285 2668 3340; x_wconf 90' lang='lat' dir='ltr'><strong>sustulit.</strong></span> <span class='ocrx_word' id='word_1_621' title='bbox 2713 3285 2999 3340; x_wconf 83' lang='lat' dir='ltr'><strong>Postremo</strong></span> <span class='ocrx_word' id='word_1_622' title='bbox 3027 3287 3130 3340; x_wconf 81' lang='lat' dir='ltr'><strong>alia</strong></span> <span class='ocrx_word' id='word_1_623' title='bbox 3174 3295 3308 3342; x_wconf 87' lang='lat' dir='ltr'><strong>sunt</strong></span> <span class='ocrx_word' id='word_1_624' title='bbox 3339 3297 3422 3358; x_wconf 76' lang='lat' dir='ltr'><strong>ty-</strong></span> 
     </span>
    </p>
   </div>
   <div class='ocr_carea' id='block_1_78' title="bbox 1841 3377 3416 3451">
    <p class='ocr_par' dir='ltr' id='par_1_78' title="bbox 1841 3377 3416 3451">
     <span class='ocr_line' id='line_1_78' title="bbox 1841 3377 3416 3451; baseline 0 -17"><span class='ocrx_word' id='word_1_625' title='bbox 1841 3382 1960 3451; x_wconf 84' lang='lat' dir='ltr'><strong>pica</strong></span> <span class='ocrx_word' id='word_1_626' title='bbox 1994 3395 2060 3435; x_wconf 88' lang='lat' dir='ltr'><strong>ac</strong></span> <span class='ocrx_word' id='word_1_627' title='bbox 2087 3379 2386 3451; x_wconf 84' lang='lat' dir='ltr'><strong>symbolica</strong></span> <span class='ocrx_word' id='word_1_628' title='bbox 2426 3378 2480 3432; x_wconf 93' lang='lat' dir='ltr'><strong>iu</strong></span> <span class='ocrx_word' id='word_1_629' title='bbox 2519 3379 2752 3448; x_wconf 79' lang='lat' dir='ltr'><strong>ﬁguram</strong></span> <span class='ocrx_word' id='word_1_630' title='bbox 2784 3388 2842 3434; x_wconf 90' lang='lat' dir='ltr'><strong>et</strong></span> <span class='ocrx_word' id='word_1_631' title='bbox 2881 3377 3174 3448; x_wconf 80' lang='lat' dir='ltr'><strong>imaginem</strong></span> <span class='ocrx_word' id='word_1_632' title='bbox 3221 3379 3416 3434; x_wconf 84' lang='lat' dir='ltr'><strong>melio-</strong></span> 
     </span>
    </p>
   </div>
   <div class='ocr_carea' id='block_1_79' title="bbox 1842 3472 3420 3543">
    <p class='ocr_par' dir='ltr' id='par_1_79' title="bbox 1842 3472 3420 3543">
     <span class='ocr_line' id='line_1_79' title="bbox 1842 3472 3420 3543; baseline -0.002 -15"><span class='ocrx_word' id='word_1_633' title='bbox 1842 3490 1961 3528; x_wconf 87' lang='lat' dir='ltr'><strong>rum</strong></span> <span class='ocrx_word' id='word_1_634' title='bbox 2025 3473 2236 3543; x_wconf 87' lang='lat' dir='ltr'><strong>posita;</strong></span> <span class='ocrx_word' id='word_1_635' title='bbox 2310 3473 2452 3543; x_wconf 86' lang='lat' dir='ltr'><strong>quod</strong></span> <span class='ocrx_word' id='word_1_636' title='bbox 2504 3487 2676 3542; x_wconf 88' lang='lat' dir='ltr'><strong>genus</strong></span> <span class='ocrx_word' id='word_1_637' title='bbox 2723 3472 2983 3526; x_wconf 86' lang='lat' dir='ltr'><strong>Salvator</strong></span> <span class='ocrx_word' id='word_1_638' title='bbox 3037 3472 3108 3526; x_wconf 87' lang='lat' dir='ltr'><strong>ab</strong></span> <span class='ocrx_word' id='word_1_639' title='bbox 3161 3486 3228 3527; x_wconf 91' lang='lat' dir='ltr'><strong>eo</strong></span> <span class='ocrx_word' id='word_1_640' title='bbox 3275 3474 3420 3542; x_wconf 89' lang='lat' dir='ltr'><strong>quod</strong></span> 
     </span>
    </p>
   </div>
   <div class='ocr_carea' id='block_1_80' title="bbox 1841 3561 3422 3631">
    <p class='ocr_par' dir='ltr' id='par_1_80' title="bbox 1841 3561 3422 3631">
     <span class='ocr_line' id='line_1_80' title="bbox 1841 3561 3422 3631; baseline 0.003 -17"><span class='ocrx_word' id='word_1_641' title='bbox 1841 3562 2092 3615; x_wconf 89' lang='lat' dir='ltr'><strong>sensibus</strong></span> <span class='ocrx_word' id='word_1_642' title='bbox 2128 3561 2437 3631; x_wconf 82' lang='lat' dir='ltr'><strong>expositum</strong></span> <span class='ocrx_word' id='word_1_643' title='bbox 2469 3571 2552 3614; x_wconf 82' lang='lat' dir='ltr'><strong>est</strong></span> <span class='ocrx_word' id='word_1_644' title='bbox 2581 3572 2636 3614; x_wconf 93' lang='lat' dir='ltr'><strong>ct</strong></span> <span class='ocrx_word' id='word_1_645' title='bbox 2681 3571 2965 3615; x_wconf 75' lang='lat' dir='ltr'><strong>externum</strong></span> <span class='ocrx_word' id='word_1_646' title='bbox 2989 3600 3004 3625; x_wconf 89' lang='lat'><strong>,</strong></span> <span class='ocrx_word' id='word_1_647' title='bbox 3056 3561 3121 3616; x_wconf 86' lang='lat' dir='ltr'><strong>ad</strong></span> <span class='ocrx_word' id='word_1_648' title='bbox 3165 3561 3422 3630; x_wconf 85' lang='lat' dir='ltr'><strong>spiritale</strong></span> 
     </span>
    </p>
   </div>
   <div class='ocr_carea' id='block_1_81' title="bbox 1844 3651 3424 3726">
    <p class='ocr_par' dir='ltr' id='par_1_81' title="bbox 1844 3651 3424 3726">
     <span class='ocr_line' id='line_1_81' title="bbox 1844 3651 3424 3726; baseline -0.002 -16"><span class='ocrx_word' id='word_1_649' title='bbox 1844 3672 1944 3710; x_wconf 90' lang='lat' dir='ltr'><strong>nec</strong></span> <span class='ocrx_word' id='word_1_650' title='bbox 1991 3655 2327 3726; x_wconf 86' lang='lat' dir='ltr'><strong>aspectabile</strong></span> <span class='ocrx_word' id='word_1_651' title='bbox 2363 3656 2657 3709; x_wconf 88' lang='lat' dir='ltr'><strong>convertit.</strong></span> <span class='ocrx_word' id='word_1_652' title='bbox 2695 3651 2814 3707; x_wconf 82' lang='lat' dir='ltr'><strong>Jam</strong></span> <span class='ocrx_word' id='word_1_653' title='bbox 2853 3668 2987 3707; x_wconf 82' lang='lat' dir='ltr'><strong>vero</strong></span> <span class='ocrx_word' id='word_1_654' title='bbox 3021 3668 3154 3722; x_wconf 89' lang='lat' dir='ltr'><strong>pura</strong></span> <span class='ocrx_word' id='word_1_655' title='bbox 3189 3653 3280 3708; x_wconf 85' lang='lat' dir='ltr'><strong>illa</strong></span> <span class='ocrx_word' id='word_1_656' title='bbox 3310 3657 3424 3709; x_wconf 87' lang='lat' dir='ltr'><strong>sin-</strong></span> 
     </span>
    </p>
   </div>
   <div class='ocr_carea' id='block_1_82' title="bbox 1848 3747 3424 3821">
    <p class='ocr_par' dir='ltr' id='par_1_82' title="bbox 1848 3747 3424 3821">
     <span class='ocr_line' id='line_1_82' title="bbox 1848 3747 3424 3821; baseline -0.003 -15"><span class='ocrx_word' id='word_1_657' title='bbox 1848 3766 2089 3821; x_wconf 85' lang='lat' dir='ltr'><strong>ceraque</strong></span> <span class='ocrx_word' id='word_1_658' title='bbox 2121 3749 2204 3805; x_wconf 77' lang='lat' dir='ltr'><strong>lex</strong></span> <span class='ocrx_word' id='word_1_659' title='bbox 2244 3749 2335 3804; x_wconf 91' lang='lat' dir='ltr'><strong>Dei</strong></span> <span class='ocrx_word' id='word_1_660' title='bbox 2377 3764 2474 3802; x_wconf 88' lang='lat' dir='ltr'><strong>nec</strong></span> <span class='ocrx_word' id='word_1_661' title='bbox 2504 3763 2626 3802; x_wconf 90' lang='lat' dir='ltr'><strong>cum</strong></span> <span class='ocrx_word' id='word_1_662' title='bbox 2664 3747 2938 3801; x_wconf 80' lang='lat' dir='ltr'><strong>deteriore</strong></span> <span class='ocrx_word' id='word_1_663' title='bbox 2966 3747 3280 3815; x_wconf 77' lang='lat' dir='ltr'><strong>conjuncta,</strong></span> <span class='ocrx_word' id='word_1_664' title='bbox 3326 3749 3424 3802; x_wconf 88' lang='lat' dir='ltr'><strong>De-</strong></span> 
     </span>
    </p>
   </div>
   <div class='ocr_carea' id='block_1_83' title="bbox 1841 3837 3422 3912">
    <p class='ocr_par' dir='ltr' id='par_1_83' title="bbox 1841 3837 3422 3912">
     <span class='ocr_line' id='line_1_83' title="bbox 1841 3837 3422 3912; baseline -0.006 -12"><span class='ocrx_word' id='word_1_665' title='bbox 1841 3843 2068 3912; x_wconf 82' lang='lat' dir='ltr'><strong>calogus</strong></span> <span class='ocrx_word' id='word_1_666' title='bbox 2104 3851 2188 3896; x_wconf 81' lang='lat' dir='ltr'><strong>est</strong></span> <span class='ocrx_word' id='word_1_667' title='bbox 2220 3842 2360 3911; x_wconf 86' lang='lat' dir='ltr'><strong>ipse,</strong></span> <span class='ocrx_word' id='word_1_668' title='bbox 2393 3841 2509 3894; x_wconf 87' lang='lat' dir='ltr'><strong>sive</strong></span> <span class='ocrx_word' id='word_1_669' title='bbox 2550 3840 2740 3893; x_wconf 71' lang='lat' dir='ltr'><strong>decem</strong></span> <span class='ocrx_word' id='word_1_670' title='bbox 2775 3838 2864 3891; x_wconf 88' lang='lat' dir='ltr'><strong>illa</strong></span> <span class='ocrx_word' id='word_1_671' title='bbox 2911 3847 3184 3906; x_wconf 74' lang='lat' dir='ltr'><strong>przecepta</strong></span> <span class='ocrx_word' id='word_1_672' title='bbox 3213 3837 3422 3891; x_wconf 85' lang='lat' dir='ltr'><strong>duabus</strong></span> 
     </span>
    </p>
   </div>
   <div class='ocr_carea' id='block_1_84' title="bbox 1843 3931 3421 4003">
    <p class='ocr_par' dir='ltr' id='par_1_84' title="bbox 1843 3931 3421 4003">
     <span class='ocr_line' id='line_1_84' title="bbox 1843 3931 3421 4003; baseline -0.006 -12"><span class='ocrx_word' id='word_1_673' title='bbox 1843 3937 2101 3991; x_wconf 88' lang='lat' dir='ltr'><strong>distincta</strong></span> <span class='ocrx_word' id='word_1_674' title='bbox 2142 3933 2364 3997; x_wconf 87' lang='lat' dir='ltr'><strong>tabulis,</strong></span> <span class='ocrx_word' id='word_1_675' title='bbox 2396 3932 2600 4003; x_wconf 85' lang='lat' dir='ltr'><strong>quibus</strong></span> <span class='ocrx_word' id='word_1_676' title='bbox 2632 3941 2724 3983; x_wconf 89' lang='lat' dir='ltr'><strong>aut</strong></span> <span class='ocrx_word' id='word_1_677' title='bbox 2764 3931 2994 3984; x_wconf 77' lang='lat' dir='ltr'><strong>nefanda</strong></span> <span class='ocrx_word' id='word_1_678' title='bbox 3029 3931 3421 4000; x_wconf 87' lang='lat' dir='ltr'><strong>prohibentur,</strong></span> 
     </span>
    </p>
   </div>
   <div class='ocr_carea' id='block_1_85' title="bbox 1841 4021 3420 4090">
    <p class='ocr_par' dir='ltr' id='par_1_85' title="bbox 1841 4021 3420 4090">
     <span class='ocr_line' id='line_1_85' title="bbox 1841 4021 3420 4090; baseline -0.003 -10"><span class='ocrx_word' id='word_1_679' title='bbox 1841 4036 1936 4082; x_wconf 89' lang='lat' dir='ltr'><strong>aut</strong></span> <span class='ocrx_word' id='word_1_680' title='bbox 1972 4024 2219 4080; x_wconf 80' lang='lat' dir='ltr'><strong>facienda</strong></span> <span class='ocrx_word' id='word_1_681' title='bbox 2249 4026 2606 4079; x_wconf 87' lang='lat' dir='ltr'><strong>mandantur.</strong></span> <span class='ocrx_word' id='word_1_682' title='bbox 2643 4021 2772 4090; x_wconf 70' lang='lat' dir='ltr'><strong>Quae</strong></span> <span class='ocrx_word' id='word_1_683' title='bbox 2812 4022 2914 4077; x_wconf 89' lang='lat' dir='ltr'><strong>etsi</strong></span> <span class='ocrx_word' id='word_1_684' title='bbox 2947 4037 3083 4090; x_wconf 88' lang='lat' dir='ltr'><strong>pura</strong></span> <span class='ocrx_word' id='word_1_685' title='bbox 3113 4022 3227 4077; x_wconf 87' lang='lat' dir='ltr'><strong>sint</strong></span> <span class='ocrx_word' id='word_1_686' title='bbox 3253 4039 3318 4077; x_wconf 91' lang='lat' dir='ltr'><strong>ac</strong></span> <span class='ocrx_word' id='word_1_687' title='bbox 3349 4023 3420 4076; x_wconf 71' lang='lat' dir='ltr'><strong>li-</strong></span> 
     </span>
    </p>
   </div>
   <div class='ocr_carea' id='block_1_86' title="bbox 1841 4111 3422 4187">
    <p class='ocr_par' dir='ltr' id='par_1_86' title="bbox 1841 4111 3422 4187">
     <span class='ocr_line' id='line_1_86' title="bbox 1841 4111 3422 4187; baseline 0 -19"><span class='ocrx_word' id='word_1_688' title='bbox 1841 4116 2026 4187; x_wconf 89' lang='lat' dir='ltr'><strong>quida,</strong></span> <span class='ocrx_word' id='word_1_689' title='bbox 2071 4125 2251 4169; x_wconf 89' lang='lat' dir='ltr'><strong>tamen</strong></span> <span class='ocrx_word' id='word_1_690' title='bbox 2283 4114 2427 4185; x_wconf 90' lang='lat' dir='ltr'><strong>quod</strong></span> <span class='ocrx_word' id='word_1_691' title='bbox 2466 4114 2703 4166; x_wconf 90' lang='lat' dir='ltr'><strong>nondum</strong></span> <span class='ocrx_word' id='word_1_692' title='bbox 2737 4111 2978 4181; x_wconf 79' lang='lat' dir='ltr'><strong>perlecta</strong></span> <span class='ocrx_word' id='word_1_693' title='bbox 3021 4113 3130 4166; x_wconf 84' lang='lat' dir='ltr'><strong>sint</strong></span> <span class='ocrx_word' id='word_1_694' title='bbox 3154 4153 3169 4177; x_wconf 91' lang='lat'><strong>,</strong></span> <span class='ocrx_word' id='word_1_695' title='bbox 3205 4113 3422 4184; x_wconf 74' lang='lat' dir='ltr'><strong>impleri</strong></span> 
     </span>
    </p>
   </div>
   <div class='ocr_carea' id='block_1_87' title="bbox 1841 4202 3413 4273">
    <p class='ocr_par' dir='ltr' id='par_1_87' title="bbox 1841 4202 3413 4273">
     <span class='ocr_line' id='line_1_87' title="bbox 1841 4202 3413 4273; baseline -0.006 -8"><span class='ocrx_word' id='word_1_696' title='bbox 1841 4228 1869 4265; x_wconf 89' lang='lat' dir='ltr'><strong>a</strong></span> <span class='ocrx_word' id='word_1_697' title='bbox 1901 4209 2184 4265; x_wconf 60' lang='lat' dir='ltr'><strong>Salv-atere</strong></span> <span class='ocrx_word' id='word_1_698' title='bbox 2218 4207 2539 4261; x_wconf 86' lang='lat' dir='ltr'><strong>debuerant.</strong></span> <span class='ocrx_word' id='word_1_699' title='bbox 2571 4204 2649 4257; x_wconf 88' lang='lat' dir='ltr'><strong>Ad</strong></span> <span class='ocrx_word' id='word_1_700' title='bbox 2681 4202 2811 4256; x_wconf 90' lang='lat' dir='ltr'><strong>illud</strong></span> <span class='ocrx_word' id='word_1_701' title='bbox 2851 4217 2982 4258; x_wconf 88' lang='lat' dir='ltr'><strong>vero</strong></span> <span class='ocrx_word' id='word_1_702' title='bbox 3010 4217 3183 4273; x_wconf 83' lang='lat' dir='ltr'><strong>genus</strong></span> <span class='ocrx_word' id='word_1_703' title='bbox 3208 4242 3225 4269; x_wconf 88' lang='lat'><strong>,</strong></span> <span class='ocrx_word' id='word_1_704' title='bbox 3271 4204 3413 4271; x_wconf 90' lang='lat' dir='ltr'><strong>quod</strong></span> 
     </span>
    </p>
   </div>
   <div class='ocr_carea' id='block_1_88' title="bbox 1843 4295 3422 4373">
    <p class='ocr_par' dir='ltr' id='par_1_88' title="bbox 1843 4295 3422 4373">
     <span class='ocr_line' id='line_1_88' title="bbox 1843 4295 3422 4373; baseline -0.006 -15"><span class='ocrx_word' id='word_1_705' title='bbox 1843 4302 2123 4373; x_wconf 75' lang='lat' dir='ltr'><strong>iujustitizn</strong></span> <span class='ocrx_word' id='word_1_706' title='bbox 2157 4298 2362 4368; x_wconf 89' lang='lat' dir='ltr'><strong>aliquid</strong></span> <span class='ocrx_word' id='word_1_707' title='bbox 2389 4298 2558 4351; x_wconf 88' lang='lat' dir='ltr'><strong>habet</strong></span> <span class='ocrx_word' id='word_1_708' title='bbox 2585 4336 2600 4361; x_wconf 90' lang='lat'><strong>,</strong></span> <span class='ocrx_word' id='word_1_709' title='bbox 2633 4295 2782 4364; x_wconf 88' lang='lat' dir='ltr'><strong>leges</strong></span> <span class='ocrx_word' id='word_1_710' title='bbox 2811 4297 2916 4351; x_wconf 56' lang='lat' dir='ltr'><strong>illa“:</strong></span> <span class='ocrx_word' id='word_1_711' title='bbox 2944 4296 3242 4350; x_wconf 75' lang='lat' dir='ltr'><strong>referenda:</strong></span> <span class='ocrx_word' id='word_1_712' title='bbox 3272 4303 3422 4358; x_wconf 85' lang='lat' dir='ltr'><strong>sunt,</strong></span> 
     </span>
    </p>
   </div>
   <div class='ocr_carea' id='block_1_89' title="bbox 1843 4385 3424 4462">
    <p class='ocr_par' dir='ltr' id='par_1_89' title="bbox 1843 4385 3424 4462">
     <span class='ocr_line' id='line_1_89' title="bbox 1843 4385 3424 4462; baseline -0.003 -19"><span class='ocrx_word' id='word_1_713' title='bbox 1843 4393 2043 4462; x_wconf 88' lang='lat' dir='ltr'><strong>quibus</strong></span> <span class='ocrx_word' id='word_1_714' title='bbox 2068 4389 2389 4457; x_wconf 72' lang='lat' dir='ltr'><strong>iniuriarum</strong></span> <span class='ocrx_word' id='word_1_715' title='bbox 2418 4387 2747 4455; x_wconf 68' lang='lat' dir='ltr'><strong>persecutio,</strong></span> <span class='ocrx_word' id='word_1_716' title='bbox 2769 4401 3066 4454; x_wconf 86' lang='lat' dir='ltr'><strong>eorumque</strong></span> <span class='ocrx_word' id='word_1_717' title='bbox 3092 4385 3182 4455; x_wconf 88' lang='lat' dir='ltr'><strong>qui</strong></span> <span class='ocrx_word' id='word_1_718' title='bbox 3213 4386 3424 4453; x_wconf 83' lang='lat' dir='ltr'><strong>priores</strong></span> 
     </span>
    </p>
   </div>
   <div class='ocr_carea' id='block_1_90' title="bbox 150 4477 1735 4556">
    <p class='ocr_par' dir='ltr' id='par_1_90' title="bbox 150 4483 1735 4555">
     <span class='ocr_line' id='line_1_90' title="bbox 150 4483 1735 4555; baseline 0 -16"><span class='ocrx_word' id='word_1_719' title='bbox 150 4483 521 4540; x_wconf 77' lang='grc' dir='ltr'>ὲκκὸπτεσθαι</span> <span class='ocrx_word' id='word_1_720' title='bbox 545 4483 802 4548; x_wconf 78' lang='grc' dir='ltr'>κελεύων,</span> <span class='ocrx_word' id='word_1_721' title='bbox 871 4485 968 4538; x_wconf 75' lang='grc' dir='ltr'>καὶ</span> <span class='ocrx_word' id='word_1_722' title='bbox 1019 4485 1178 4553; x_wconf 75' lang='grc' dir='ltr'>φόνον</span> <span class='ocrx_word' id='word_1_723' title='bbox 1230 4484 1352 4537; x_wconf 77' lang='grc' dir='ltr'>ἀντὶ</span> <span class='ocrx_word' id='word_1_724' title='bbox 1405 4486 1566 4554; x_wconf 76' lang='grc' dir='ltr'>φόνου</span> <span class='ocrx_word' id='word_1_725' title='bbox 1599 4485 1735 4555; x_wconf 85' lang='grc' dir='ltr'>ἀμύ-</span> 
     </span>
    </p>
   </div>
   <div class='ocr_carea' id='block_1_91' title="bbox 1844 4477 3423 4556">
    <p class='ocr_par' dir='ltr' id='par_1_91' title="bbox 1851 4477 3423 4548">
     <span class='ocr_line' id='line_1_91' title="bbox 1851 4477 3423 4548; baseline -0.006 -8"><span class='ocrx_word' id='word_1_726' title='bbox 1851 4501 1951 4541; x_wconf 86' lang='lat' dir='ltr'><strong>nos</strong></span> <span class='ocrx_word' id='word_1_727' title='bbox 2003 4483 2264 4548; x_wconf 70' lang='lat' dir='ltr'><strong>lzcseriut,</strong></span> <span class='ocrx_word' id='word_1_728' title='bbox 2306 4480 2604 4535; x_wconf 84' lang='lat' dir='ltr'><strong>vindicatio</strong></span> <span class='ocrx_word' id='word_1_729' title='bbox 2651 4478 3050 4548; x_wconf 75' lang='lat' dir='ltr'><strong>prazscribitur.</strong></span> <span class='ocrx_word' id='word_1_730' title='bbox 3092 4477 3248 4532; x_wconf 82' lang='lat' dir='ltr'><strong>Velut</strong></span> <span class='ocrx_word' id='word_1_731' title='bbox 3297 4493 3423 4531; x_wconf 90' lang='lat' dir='ltr'><strong>cum</strong></span> 
     </span>
    </p>
   </div>
   <div class='ocr_carea' id='block_1_92' title="bbox 152 4575 1731 4652">
    <p class='ocr_par' dir='ltr' id='par_1_92' title="bbox 152 4575 1731 4652">
     <span class='ocr_line' id='line_1_92' title="bbox 152 4575 1731 4652; baseline -0.001 -19"><span class='ocrx_word' id='word_1_732' title='bbox 152 4580 368 4633; x_wconf 79' lang='grc' dir='ltr'>νασθαι.</span> <span class='ocrx_word' id='word_1_733' title='bbox 422 4578 588 4632; x_wconf 73' lang='grc' dir='ltr'>Οὐδὲν</span> <span class='ocrx_word' id='word_1_734' title='bbox 640 4577 749 4648; x_wconf 77' lang='grc' dir='ltr'>γὰρ</span> <span class='ocrx_word' id='word_1_735' title='bbox 801 4575 964 4650; x_wconf 78' lang='grc' dir='ltr'>ἦττον</span> <span class='ocrx_word' id='word_1_736' title='bbox 1029 4581 1124 4632; x_wconf 74' lang='grc' dir='ltr'>καὶ</span> <span class='ocrx_word' id='word_1_737' title='bbox 1170 4579 1199 4632; x_wconf 85' lang='grc' dir='ltr'>ὁ</span> <span class='ocrx_word' id='word_1_738' title='bbox 1249 4577 1499 4652; x_wconf 86' lang='grc' dir='ltr'>δεύτερος</span> <span class='ocrx_word' id='word_1_739' title='bbox 1531 4578 1731 4633; x_wconf 83' lang='grc' dir='ltr'>ἀδικῶν</span> 
     </span>
    </p>
   </div>
   <div class='ocr_carea' id='block_1_93' title="bbox 151 4668 1734 4742">
    <p class='ocr_par' dir='ltr' id='par_1_93' title="bbox 151 4668 1734 4742">
     <span class='ocr_line' id='line_1_93' title="bbox 151 4668 1734 4742; baseline 0 -18"><span class='ocrx_word' id='word_1_740' title='bbox 151 4673 349 4734; x_wconf 77' lang='grc' dir='ltr'>ἀδικεῖ,</span> <span class='ocrx_word' id='word_1_741' title='bbox 381 4672 449 4741; x_wconf 77' lang='grc' dir='ltr'>τῇ</span> <span class='ocrx_word' id='word_1_742' title='bbox 478 4669 628 4736; x_wconf 80' lang='grc' dir='ltr'>τάξει</span> <span class='ocrx_word' id='word_1_743' title='bbox 655 4671 814 4741; x_wconf 77' lang='grc' dir='ltr'>μόνον</span> <span class='ocrx_word' id='word_1_744' title='bbox 845 4668 1181 4724; x_wconf 83' lang='grc' dir='ltr'>διαλλάσσων</span> <span class='ocrx_word' id='word_1_745' title='bbox 1201 4709 1215 4731; x_wconf 96' lang='grc'><strong>,</strong></span> <span class='ocrx_word' id='word_1_746' title='bbox 1245 4671 1303 4724; x_wconf 85' lang='grc' dir='ltr'>τὸ</span> <span class='ocrx_word' id='word_1_747' title='bbox 1335 4671 1466 4724; x_wconf 82' lang='grc' dir='ltr'>αὐτὸ</span> <span class='ocrx_word' id='word_1_748' title='bbox 1499 4671 1734 4742; x_wconf 74' lang='grc' dir='ltr'>ἐργαζό-</span> 
     </span>
    </p>
   </div>
   <div class='ocr_carea' id='block_1_94' title="bbox 155 4763 1736 4836">
    <p class='ocr_par' dir='ltr' id='par_1_94' title="bbox 155 4763 1736 4836">
     <span class='ocr_line' id='line_1_94' title="bbox 155 4763 1736 4836; baseline 0 -19"><span class='ocrx_word' id='word_1_749' title='bbox 155 4781 319 4836; x_wconf 84' lang='grc' dir='ltr'>μενος</span> <span class='ocrx_word' id='word_1_750' title='bbox 353 4764 534 4834; x_wconf 77' lang='grc' dir='ltr'>ἒργον.</span> <span class='ocrx_word' id='word_1_751' title='bbox 567 4763 738 4816; x_wconf 84' lang='grc' dir='ltr'>Τοῦτο</span> <span class='ocrx_word' id='word_1_752' title='bbox 766 4764 823 4818; x_wconf 80' lang='grc' dir='ltr'>δὲ</span> <span class='ocrx_word' id='word_1_753' title='bbox 856 4764 1185 4835; x_wconf 84' lang='grc' dir='ltr'>πρόσταγμα</span> <span class='ocrx_word' id='word_1_754' title='bbox 1208 4764 1415 4818; x_wconf 88' lang='grc' dir='ltr'>δίκαιον</span> <span class='ocrx_word' id='word_1_755' title='bbox 1445 4766 1541 4835; x_wconf 84' lang='grc' dir='ltr'>μὲν</span> <span class='ocrx_word' id='word_1_756' title='bbox 1564 4764 1736 4830; x_wconf 78' lang='grc' dir='ltr'>ἄλλως</span> 
     </span>
    </p>
   </div>
   <div class='ocr_carea' id='block_1_95' title="bbox 153 4853 1736 4928">
    <p class='ocr_par' dir='ltr' id='par_1_95' title="bbox 153 4853 1736 4928">
     <span class='ocr_line' id='line_1_95' title="bbox 153 4853 1736 4928; baseline -0.001 -17"><span class='ocrx_word' id='word_1_757' title='bbox 153 4858 248 4912; x_wconf 70' lang='grc' dir='ltr'>καὶ</span> <span class='ocrx_word' id='word_1_758' title='bbox 258 4853 330 4928; x_wconf 82' lang='grc' dir='ltr'>ἦν</span> <span class='ocrx_word' id='word_1_759' title='bbox 350 4857 446 4909; x_wconf 70' lang='grc' dir='ltr'>καὶ</span> <span class='ocrx_word' id='word_1_760' title='bbox 466 4855 602 4919; x_wconf 76' lang='grc' dir='ltr'>ἔστι,</span> <span class='ocrx_word' id='word_1_761' title='bbox 616 4853 702 4909; x_wconf 72' lang='grc' dir='ltr'><strong>διὰ</strong></span> <span class='ocrx_word' id='word_1_762' title='bbox 711 4855 808 4927; x_wconf 77' lang='grc' dir='ltr'>τὴν</span> <span class='ocrx_word' id='word_1_763' title='bbox 825 4855 1108 4909; x_wconf 74' lang='grc' dir='ltr'>ἀσθένειαν</span> <span class='ocrx_word' id='word_1_764' title='bbox 1123 4855 1232 4909; x_wconf 80' lang='grc' dir='ltr'><strong>τῶν</strong></span> <span class='ocrx_word' id='word_1_765' title='bbox 1250 4855 1736 4928; x_wconf 80' lang='grc' dir='ltr'>νομοθετηθέντων,</span> 
     </span>
    </p>
   </div>
   <div class='ocr_carea' id='block_1_96' title="bbox 155 4946 1739 5020">
    <p class='ocr_par' dir='ltr' id='par_1_96' title="bbox 155 4946 1739 5020">
     <span class='ocr_line' id='line_1_96' title="bbox 155 4946 1739 5020; baseline -0.001 -16"><span class='ocrx_word' id='word_1_766' title='bbox 155 4953 214 5004; x_wconf 74' lang='grc' dir='ltr'>ὲν</span> <span class='ocrx_word' id='word_1_767' title='bbox 259 4949 600 5020; x_wconf 75' lang='grc' dir='ltr'>παρεκϐάσει</span> <span class='ocrx_word' id='word_1_768' title='bbox 641 4947 735 5000; x_wconf 86' lang='grc' dir='ltr'><strong>τοῦ</strong></span> <span class='ocrx_word' id='word_1_769' title='bbox 787 4946 1028 5020; x_wconf 86' lang='grc' dir='ltr'>καθαροῦ</span> <span class='ocrx_word' id='word_1_770' title='bbox 1058 4948 1225 5020; x_wconf 85' lang='grc' dir='ltr'>νόμου</span> <span class='ocrx_word' id='word_1_771' title='bbox 1253 4949 1436 5002; x_wconf 81' lang='grc' dir='ltr'>τεθέν·</span> <span class='ocrx_word' id='word_1_772' title='bbox 1473 4949 1739 5003; x_wconf 86' lang='grc' dir='ltr'>ἀνοίκειον</span> 
     </span>
    </p>
   </div>
   <div class='ocr_carea' id='block_1_97' title="bbox 154 5039 1731 5114">
    <p class='ocr_par' dir='ltr' id='par_1_97' title="bbox 154 5039 1731 5114">
     <span class='ocr_line' id='line_1_97' title="bbox 154 5039 1731 5114; baseline -0.002 -17"><span class='ocrx_word' id='word_1_773' title='bbox 154 5045 212 5097; x_wconf 75' lang='grc' dir='ltr'>δὲ</span> <span class='ocrx_word' id='word_1_774' title='bbox 232 5045 300 5114; x_wconf 80' lang='grc' dir='ltr'>τῇ</span> <span class='ocrx_word' id='word_1_775' title='bbox 333 5040 428 5094; x_wconf 82' lang='grc' dir='ltr'><strong>τοῦ</strong></span> <span class='ocrx_word' id='word_1_776' title='bbox 451 5040 667 5112; x_wconf 77' lang='grc' dir='ltr'>Πατρὸς</span> <span class='ocrx_word' id='word_1_777' title='bbox 698 5039 805 5092; x_wconf 84' lang='grc' dir='ltr'>τῶν</span> <span class='ocrx_word' id='word_1_778' title='bbox 837 5039 974 5093; x_wconf 74' lang='grc' dir='ltr'>ὅλων</span> <span class='ocrx_word' id='word_1_779' title='bbox 1013 5039 1171 5109; x_wconf 84' lang='grc' dir='ltr'>φύσει</span> <span class='ocrx_word' id='word_1_780' title='bbox 1197 5057 1256 5094; x_wconf 88' lang='grc' dir='ltr'><strong>τε</strong></span> <span class='ocrx_word' id='word_1_781' title='bbox 1292 5043 1388 5094; x_wconf 72' lang='grc' dir='ltr'>καὶ</span> <span class='ocrx_word' id='word_1_782' title='bbox 1415 5040 1731 5113; x_wconf 82' lang='grc' dir='ltr'>ἁγαθότητι·</span> 
     </span>
    </p>
   </div>
   <div class='ocr_carea' id='block_1_98' title="bbox 159 5129 1736 5203">
    <p class='ocr_par' dir='ltr' id='par_1_98' title="bbox 159 5129 1736 5203">
     <span class='ocr_line' id='line_1_98' title="bbox 159 5129 1736 5203; baseline -0.004 -14"><span class='ocrx_word' id='word_1_783' title='bbox 159 5139 290 5198; x_wconf 73' lang='grc' dir='ltr'>ἴσως</span> <span class='ocrx_word' id='word_1_784' title='bbox 311 5135 369 5188; x_wconf 70' lang='grc' dir='ltr'>εξ</span> <span class='ocrx_word' id='word_1_785' title='bbox 394 5131 553 5187; x_wconf 88' lang='grc' dir='ltr'>τοῦτο</span> <span class='ocrx_word' id='word_1_786' title='bbox 585 5129 940 5203; x_wconf 79' lang='grc' dir='ltr'>κατάλληλον,</span> <span class='ocrx_word' id='word_1_787' title='bbox 975 5133 1286 5201; x_wconf 81' lang='grc' dir='ltr'>ἐπάναγκες</span> <span class='ocrx_word' id='word_1_788' title='bbox 1321 5133 1376 5185; x_wconf 78' lang='grc' dir='ltr'>δὲ</span> <span class='ocrx_word' id='word_1_789' title='bbox 1407 5132 1627 5203; x_wconf 79' lang='grc' dir='ltr'>μᾶλλον.</span> <span class='ocrx_word' id='word_1_790' title='bbox 1678 5133 1736 5183; x_wconf 89' lang='grc'><strong>’0</strong></span> 
     </span>
    </p>
   </div>
   <div class='ocr_carea' id='block_1_99' title="bbox 157 5223 1738 5298">
    <p class='ocr_par' dir='ltr' id='par_1_99' title="bbox 157 5223 1738 5298">
     <span class='ocr_line' id='line_1_99' title="bbox 157 5223 1738 5298; baseline -0.002 -18"><span class='ocrx_word' id='word_1_791' title='bbox 157 5230 266 5298; x_wconf 68' lang='grc' dir='ltr'><strong>γὰρ</strong></span> <span class='ocrx_word' id='word_1_792' title='bbox 302 5226 398 5281; x_wconf 77' lang='grc' dir='ltr'>καὶ</span> <span class='ocrx_word' id='word_1_793' title='bbox 431 5223 525 5278; x_wconf 69' lang='grc' dir='ltr'><strong>τὸν</strong></span> <span class='ocrx_word' id='word_1_794' title='bbox 556 5223 652 5276; x_wconf 73' lang='grc' dir='ltr'><strong>ἕνα</strong></span> <span class='ocrx_word' id='word_1_795' title='bbox 683 5223 844 5292; x_wconf 77' lang='grc' dir='ltr'>φόνον</span> <span class='ocrx_word' id='word_1_796' title='bbox 873 5224 935 5278; x_wconf 79' lang='grc' dir='ltr'><strong>ού</strong></span> <span class='ocrx_word' id='word_1_797' title='bbox 969 5223 1290 5295; x_wconf 79' lang='grc' dir='ltr'>βουλόμενος</span> <span class='ocrx_word' id='word_1_798' title='bbox 1322 5224 1540 5278; x_wconf 84' lang='grc' dir='ltr'>ἔσεσθαι</span> <span class='ocrx_word' id='word_1_799' title='bbox 1573 5227 1630 5279; x_wconf 79' lang='grc' dir='ltr'>ὲν</span> <span class='ocrx_word' id='word_1_800' title='bbox 1659 5227 1738 5296; x_wconf 78' lang='grc' dir='ltr'><strong>τῷ</strong></span> 
     </span>
    </p>
   </div>
   <div class='ocr_carea' id='block_1_100' title="bbox 157 5319 1736 5390">
    <p class='ocr_par' dir='ltr' id='par_1_100' title="bbox 157 5319 1736 5390">
     <span class='ocr_line' id='line_1_100' title="bbox 157 5319 1736 5390; baseline -0.001 -17"><span class='ocrx_word' id='word_1_801' title='bbox 157 5321 340 5390; x_wconf 76' lang='grc' dir='ltr'>λέγειν</span> <span class='ocrx_word' id='word_1_802' title='bbox 363 5359 379 5384; x_wconf 93' lang='grc'><strong>,</strong></span> <span class='ocrx_word' id='word_1_803' title='bbox 419 5321 503 5374; x_wconf 86' lang='grc' dir='ltr'><strong>Οὐ</strong></span> <span class='ocrx_word' id='word_1_804' title='bbox 530 5324 870 5390; x_wconf 67' lang='grc' dir='ltr'>φονεύσεις,</span> <span class='ocrx_word' id='word_1_805' title='bbox 905 5320 1213 5390; x_wconf 76' lang='grc' dir='ltr'>προστάξας</span> <span class='ocrx_word' id='word_1_806' title='bbox 1244 5319 1336 5373; x_wconf 76' lang='grc' dir='ltr'><strong>τὸν</strong></span> <span class='ocrx_word' id='word_1_807' title='bbox 1385 5321 1548 5388; x_wconf 80' lang='grc' dir='ltr'>φονέα</span> <span class='ocrx_word' id='word_1_808' title='bbox 1590 5320 1736 5372; x_wconf 86' lang='grc' dir='ltr'>ἀντι-</span> 
     </span>
    </p>
   </div>
   <div class='ocr_carea' id='block_1_101' title="bbox 157 5411 1734 5485">
    <p class='ocr_par' dir='ltr' id='par_1_101' title="bbox 157 5411 1734 5485">
     <span class='ocr_line' id='line_1_101' title="bbox 157 5411 1734 5485; baseline 0 -19"><span class='ocrx_word' id='word_1_809' title='bbox 157 5411 512 5483; x_wconf 77' lang='grc' dir='ltr'>φονεύεσθαι,</span> <span class='ocrx_word' id='word_1_810' title='bbox 563 5412 814 5485; x_wconf 85' lang='grc' dir='ltr'>δεύτερον</span> <span class='ocrx_word' id='word_1_811' title='bbox 857 5413 1021 5482; x_wconf 75' lang='grc' dir='ltr'>νόμον</span> <span class='ocrx_word' id='word_1_812' title='bbox 1076 5412 1424 5483; x_wconf 77' lang='grc' dir='ltr'>νομοθετῶν,</span> <span class='ocrx_word' id='word_1_813' title='bbox 1475 5411 1567 5465; x_wconf 63' lang='grc' dir='ltr'>καὶ</span> <span class='ocrx_word' id='word_1_814' title='bbox 1614 5412 1734 5466; x_wconf 72' lang='grc' dir='ltr'>δυσὶ</span> 
     </span>
    </p>
   </div>
   <div class='ocr_carea' id='block_1_102' title="bbox 156 5501 1737 5576">
    <p class='ocr_par' dir='ltr' id='par_1_102' title="bbox 156 5501 1737 5576">
     <span class='ocr_line' id='line_1_102' title="bbox 156 5501 1737 5576; baseline -0.002 -18"><span class='ocrx_word' id='word_1_815' title='bbox 156 5507 340 5576; x_wconf 69' lang='grc' dir='ltr'>φόνοις</span> <span class='ocrx_word' id='word_1_816' title='bbox 387 5503 706 5576; x_wconf 76' lang='grc' dir='ltr'>βραῦεύων,</span> <span class='ocrx_word' id='word_1_817' title='bbox 758 5506 788 5558; x_wconf 87' lang='grc' dir='ltr'>ὁ</span> <span class='ocrx_word' id='word_1_818' title='bbox 839 5503 930 5556; x_wconf 78' lang='grc' dir='ltr'>τὸν</span> <span class='ocrx_word' id='word_1_819' title='bbox 978 5503 1073 5556; x_wconf 71' lang='grc' dir='ltr'><strong>ἕνα</strong></span> <span class='ocrx_word' id='word_1_820' title='bbox 1121 5501 1507 5574; x_wconf 75' lang='grc' dir='ltr'>ἀπαγορεύσας</span> <span class='ocrx_word' id='word_1_821' title='bbox 1547 5502 1737 5558; x_wconf 78' lang='grc' dir='ltr'>ἔλαθεν</span> 
     </span>
    </p>
   </div>
   <div class='ocr_carea' id='block_1_103' title="bbox 229 5705 1472 5786">
    <p class='ocr_par' dir='ltr' id='par_1_103' title="bbox 229 5705 1472 5786">
     <span class='ocr_line' id='line_1_103' title="bbox 229 5705 1472 5786; baseline 0.007 -21"><span class='ocrx_word' id='word_1_822' title='bbox 229 5715 276 5786; x_wconf 63' lang='lat' dir='ltr'>ff</span> <span class='ocrx_word' id='word_1_823' title='bbox 316 5711 508 5768; x_wconf 70' lang='lat' dir='ltr'><strong>ttauh.</strong></span> <span class='ocrx_word' id='word_1_824' title='bbox 540 5728 629 5778; x_wconf 76' lang='lat' dir='ltr'><strong>xv,</strong></span> <span class='ocrx_word' id='word_1_825' title='bbox 660 5712 693 5766; x_wconf 85' lang='lat'><strong>5</strong></span> <span class='ocrx_word' id='word_1_826' title='bbox 712 5725 868 5786; x_wconf 73' lang='lat' dir='ltr'><strong>seqq.</strong></span> <span class='ocrx_word' id='word_1_827' title='bbox 890 5706 1226 5786; x_wconf 48' lang='lat' dir='ltr'><strong>:E-ﬁregvll.</strong></span> <span class='ocrx_word' id='word_1_828' title='bbox 1257 5705 1292 5759; x_wconf 76' lang='lat'><strong>3</strong></span> <span class='ocrx_word' id='word_1_829' title='bbox 1316 5719 1472 5786; x_wconf 68' lang='lat' dir='ltr'><strong>seqq-</strong></span> 
     </span>
    </p>
   </div>
   <div class='ocr_carea' id='block_1_104' title="bbox 157 5777 1460 5841">
    <p class='ocr_par' dir='ltr' id='par_1_104' title="bbox 157 5777 1460 5841">
     <span class='ocr_line' id='line_1_104' title="bbox 157 5777 1460 5841; baseline -0.008 -1"><span class='ocrx_word' id='word_1_830' title='bbox 157 5786 202 5818; x_wconf 75' lang='lat'>“</span> <span class='ocrx_word' id='word_1_831' title='bbox 230 5783 324 5841; x_wconf 76' lang='lat' dir='ltr'><strong>lla:</strong></span> <span class='ocrx_word' id='word_1_832' title='bbox 359 5798 520 5840; x_wconf 62' lang='lat' dir='ltr'><strong>voces.</strong></span> <span class='ocrx_word' id='word_1_833' title='bbox 548 5777 844 5838; x_wconf 67' lang='lat' dir='ltr'><strong>abundant.</strong></span> <span class='ocrx_word' id='word_1_834' title='bbox 915 5781 960 5813; x_wconf 82' lang='grc'>⁵³</span> <span class='ocrx_word' id='word_1_835' title='bbox 993 5777 1166 5834; x_wconf 84' lang='lat' dir='ltr'><strong>Levit.</strong></span> <span class='ocrx_word' id='word_1_836' title='bbox 1196 5792 1344 5841; x_wconf 56' lang='grc' dir='ltr'>χειν,</span> <span class='ocrx_word' id='word_1_837' title='bbox 1375 5780 1460 5830; x_wconf 73' lang='grc' dir='ltr'><strong>τυ.</strong></span> 
     </span>
    </p>
   </div>
   <div class='ocr_carea' id='block_1_105' title="bbox 1841 4571 3422 4647">
    <p class='ocr_par' dir='ltr' id='par_1_105' title="bbox 1841 4571 3422 4647">
     <span class='ocr_line' id='line_1_105' title="bbox 1841 4571 3422 4647; baseline -0.007 -14"><span class='ocrx_word' id='word_1_838' title='bbox 1841 4579 2052 4633; x_wconf 85' lang='lat' dir='ltr'><strong>oculum</strong></span> <span class='ocrx_word' id='word_1_839' title='bbox 2073 4593 2167 4647; x_wconf 82' lang='lat' dir='ltr'><strong>pro</strong></span> <span class='ocrx_word' id='word_1_840' title='bbox 2198 4574 2370 4638; x_wconf 86' lang='lat' dir='ltr'><strong>oculo,</strong></span> <span class='ocrx_word' id='word_1_841' title='bbox 2394 4575 2604 4628; x_wconf 84' lang='lat' dir='ltr'><strong>dentem</strong></span> <span class='ocrx_word' id='word_1_842' title='bbox 2629 4571 2788 4624; x_wconf 70' lang='lat' dir='ltr'><strong>cvi-lli</strong></span> <span class='ocrx_word' id='word_1_843' title='bbox 2809 4588 2903 4640; x_wconf 80' lang='lat' dir='ltr'><strong>pro</strong></span> <span class='ocrx_word' id='word_1_844' title='bbox 2933 4573 3108 4634; x_wconf 72' lang='lat' dir='ltr'><strong>dente,</strong></span> <span class='ocrx_word' id='word_1_845' title='bbox 3135 4581 3187 4625; x_wconf 90' lang='lat' dir='ltr'><strong>et</strong></span> <span class='ocrx_word' id='word_1_846' title='bbox 3215 4573 3422 4625; x_wconf 65' lang='lat' dir='ltr'><strong>aedem</strong></span> 
     </span>
    </p>
   </div>
   <div class='ocr_carea' id='block_1_106' title="bbox 1843 4664 3425 4738">
    <p class='ocr_par' dir='ltr' id='par_1_106' title="bbox 1843 4664 3425 4738">
     <span class='ocr_line' id='line_1_106' title="bbox 1843 4664 3425 4738; baseline -0.007 -11"><span class='ocrx_word' id='word_1_847' title='bbox 1843 4671 1989 4727; x_wconf 74' lang='lat' dir='ltr'><strong>Caede</strong></span> <span class='ocrx_word' id='word_1_848' title='bbox 2023 4668 2366 4738; x_wconf 88' lang='lat' dir='ltr'><strong>compensari</strong></span> <span class='ocrx_word' id='word_1_849' title='bbox 2392 4668 2641 4738; x_wconf 64' lang='lat' dir='ltr'><strong>praecipit</strong></span> <span class='ocrx_word' id='word_1_850' title='bbox 2662 4667 2729 4721; x_wconf 83' lang='lat'><strong>&quot;.</strong></span> <span class='ocrx_word' id='word_1_851' title='bbox 2759 4668 2947 4734; x_wconf 85' lang='lat' dir='ltr'><strong>Neque</strong></span> <span class='ocrx_word' id='word_1_852' title='bbox 2969 4665 3114 4720; x_wconf 91' lang='lat' dir='ltr'><strong>enim</strong></span> <span class='ocrx_word' id='word_1_853' title='bbox 3141 4665 3320 4718; x_wconf 83' lang='lat' dir='ltr'><strong>minus</strong></span> <span class='ocrx_word' id='word_1_854' title='bbox 3343 4664 3425 4717; x_wconf 90' lang='lat' dir='ltr'><strong>iu-</strong></span> 
     </span>
    </p>
   </div>
   <div class='ocr_carea' id='block_1_107' title="bbox 1841 4755 3422 4831">
    <p class='ocr_par' dir='ltr' id='par_1_107' title="bbox 1841 4755 3422 4831">
     <span class='ocr_line' id='line_1_107' title="bbox 1841 4755 3422 4831; baseline -0.005 -16"><span class='ocrx_word' id='word_1_855' title='bbox 1841 4763 1985 4830; x_wconf 83' lang='lat' dir='ltr'><strong>juste</strong></span> <span class='ocrx_word' id='word_1_856' title='bbox 2004 4762 2133 4831; x_wconf 78' lang='lat' dir='ltr'><strong>agit,</strong></span> <span class='ocrx_word' id='word_1_857' title='bbox 2150 4763 2240 4830; x_wconf 91' lang='lat' dir='ltr'><strong>qui</strong></span> <span class='ocrx_word' id='word_1_858' title='bbox 2261 4761 2312 4814; x_wconf 87' lang='lat' dir='ltr'><strong>id</strong></span> <span class='ocrx_word' id='word_1_859' title='bbox 2336 4770 2450 4831; x_wconf 89' lang='lat' dir='ltr'><strong>post</strong></span> <span class='ocrx_word' id='word_1_860' title='bbox 2470 4761 2700 4814; x_wconf 87' lang='lat' dir='ltr'><strong>alterum</strong></span> <span class='ocrx_word' id='word_1_861' title='bbox 2724 4767 3036 4829; x_wconf 76' lang='lat' dir='ltr'><strong>perpetrat:</strong></span> <span class='ocrx_word' id='word_1_862' title='bbox 3061 4767 3211 4811; x_wconf 90' lang='lat' dir='ltr'><strong>certo</strong></span> <span class='ocrx_word' id='word_1_863' title='bbox 3233 4755 3422 4809; x_wconf 87' lang='lat' dir='ltr'><strong>ordine</strong></span> 
     </span>
    </p>
   </div>
   <div class='ocr_carea' id='block_1_108' title="bbox 1846 4846 3424 4922">
    <p class='ocr_par' dir='ltr' id='par_1_108' title="bbox 1846 4846 3424 4922">
     <span class='ocr_line' id='line_1_108' title="bbox 1846 4846 3424 4922; baseline -0.006 -13"><span class='ocrx_word' id='word_1_864' title='bbox 1846 4854 2110 4909; x_wconf 74' lang='lat' dir='ltr'><strong>duntaxat</strong></span> <span class='ocrx_word' id='word_1_865' title='bbox 2141 4869 2240 4922; x_wconf 89' lang='lat' dir='ltr'><strong>par</strong></span> <span class='ocrx_word' id='word_1_866' title='bbox 2269 4851 2384 4920; x_wconf 81' lang='lat' dir='ltr'><strong>pari</strong></span> <span class='ocrx_word' id='word_1_867' title='bbox 2431 4851 2644 4915; x_wconf 86' lang='lat' dir='ltr'><strong>reddit;</strong></span> <span class='ocrx_word' id='word_1_868' title='bbox 2680 4859 2734 4903; x_wconf 90' lang='lat' dir='ltr'><strong>at</strong></span> <span class='ocrx_word' id='word_1_869' title='bbox 2765 4849 2907 4903; x_wconf 90' lang='lat' dir='ltr'><strong>idem</strong></span> <span class='ocrx_word' id='word_1_870' title='bbox 2943 4849 3170 4902; x_wconf 91' lang='lat' dir='ltr'><strong>omnino</strong></span> <span class='ocrx_word' id='word_1_871' title='bbox 3208 4846 3424 4900; x_wconf 72' lang='lat' dir='ltr'><strong>facilius</strong></span> 
     </span>
    </p>
   </div>
   <div class='ocr_carea' id='block_1_109' title="bbox 1847 4940 3422 5013">
    <p class='ocr_par' dir='ltr' id='par_1_109' title="bbox 1847 4940 3422 5013">
     <span class='ocr_line' id='line_1_109' title="bbox 1847 4940 3422 5013; baseline -0.006 -12"><span class='ocrx_word' id='word_1_872' title='bbox 1847 4946 2162 5002; x_wconf 87' lang='lat' dir='ltr'><strong>committit.</strong></span> <span class='ocrx_word' id='word_1_873' title='bbox 2219 4944 2323 4999; x_wconf 82' lang='lat' dir='ltr'><strong>Sed</strong></span> <span class='ocrx_word' id='word_1_874' title='bbox 2377 4944 2507 4996; x_wconf 85' lang='lat' dir='ltr'><strong>illud</strong></span> <span class='ocrx_word' id='word_1_875' title='bbox 2563 4951 2896 5013; x_wconf 72' lang='lat' dir='ltr'><strong>przeceptum</strong></span> <span class='ocrx_word' id='word_1_876' title='bbox 2954 4940 3159 5010; x_wconf 88' lang='lat' dir='ltr'><strong>alioqui</strong></span> <span class='ocrx_word' id='word_1_877' title='bbox 3212 4941 3422 5010; x_wconf 86' lang='lat' dir='ltr'><strong>justum</strong></span> 
     </span>
    </p>
   </div>
   <div class='ocr_carea' id='block_1_110' title="bbox 1847 5033 3421 5105">
    <p class='ocr_par' dir='ltr' id='par_1_110' title="bbox 1847 5033 3421 5105">
     <span class='ocr_line' id='line_1_110' title="bbox 1847 5033 3421 5105; baseline -0.007 -10"><span class='ocrx_word' id='word_1_878' title='bbox 1847 5049 1991 5102; x_wconf 84' lang='lat' dir='ltr'><strong>erat,</strong></span> <span class='ocrx_word' id='word_1_879' title='bbox 2031 5049 2087 5094; x_wconf 86' lang='lat' dir='ltr'><strong>et</strong></span> <span class='ocrx_word' id='word_1_880' title='bbox 2137 5047 2220 5093; x_wconf 84' lang='lat' dir='ltr'><strong>est</strong></span> <span class='ocrx_word' id='word_1_881' title='bbox 2254 5037 2451 5101; x_wconf 87' lang='lat' dir='ltr'><strong>modo,</strong></span> <span class='ocrx_word' id='word_1_882' title='bbox 2502 5045 2728 5105; x_wconf 85' lang='lat' dir='ltr'><strong>propter</strong></span> <span class='ocrx_word' id='word_1_883' title='bbox 2775 5049 2964 5088; x_wconf 90' lang='lat' dir='ltr'><strong>eorum</strong></span> <span class='ocrx_word' id='word_1_884' title='bbox 3023 5033 3421 5094; x_wconf 77' lang='lat' dir='ltr'><strong>inﬁrmitzttmn,</strong></span> 
     </span>
    </p>
   </div>
   <div class='ocr_carea' id='block_1_111' title="bbox 1845 5124 3425 5204">
    <p class='ocr_par' dir='ltr' id='par_1_111' title="bbox 1845 5124 3425 5204">
     <span class='ocr_line' id='line_1_111' title="bbox 1845 5124 3425 5204; baseline -0.006 -18"><span class='ocrx_word' id='word_1_885' title='bbox 1845 5134 2046 5204; x_wconf 91' lang='lat' dir='ltr'><strong>quibus</strong></span> <span class='ocrx_word' id='word_1_886' title='bbox 2085 5133 2291 5186; x_wconf 90' lang='lat' dir='ltr'><strong>editum</strong></span> <span class='ocrx_word' id='word_1_887' title='bbox 2342 5130 2481 5194; x_wconf 78' lang='lat' dir='ltr'><strong>fuit,</strong></span> <span class='ocrx_word' id='word_1_888' title='bbox 2513 5145 2636 5185; x_wconf 90' lang='lat' dir='ltr'><strong>cum</strong></span> <span class='ocrx_word' id='word_1_889' title='bbox 2688 5129 2757 5182; x_wconf 83' lang='lat' dir='ltr'><strong>sit</strong></span> <span class='ocrx_word' id='word_1_890' title='bbox 2795 5127 3063 5181; x_wconf 78' lang='lat' dir='ltr'><strong>adversus</strong></span> <span class='ocrx_word' id='word_1_891' title='bbox 3103 5124 3425 5179; x_wconf 81' lang='lat' dir='ltr'><strong>sineerioris</strong></span> 
     </span>
    </p>
   </div>
   <div class='ocr_carea' id='block_1_112' title="bbox 1847 5219 3424 5295">
    <p class='ocr_par' dir='ltr' id='par_1_112' title="bbox 1847 5219 3424 5295">
     <span class='ocr_line' id='line_1_112' title="bbox 1847 5219 3424 5295; baseline -0.007 -15"><span class='ocrx_word' id='word_1_892' title='bbox 1847 5226 1983 5295; x_wconf 83' lang='lat' dir='ltr'><strong>legis</strong></span> <span class='ocrx_word' id='word_1_893' title='bbox 2025 5223 2376 5277; x_wconf 77' lang='lat' dir='ltr'><strong>violatiouem</strong></span> <span class='ocrx_word' id='word_1_894' title='bbox 2405 5222 2787 5292; x_wconf 67' lang='lat' dir='ltr'><strong>pratseriptum</strong></span> <span class='ocrx_word' id='word_1_895' title='bbox 2829 5240 2842 5275; x_wconf 89' lang='lat'><strong>:</strong></span> <span class='ocrx_word' id='word_1_896' title='bbox 2887 5219 3018 5272; x_wconf 80' lang='lat' dir='ltr'><strong>licet</strong></span> <span class='ocrx_word' id='word_1_897' title='bbox 3055 5235 3082 5271; x_wconf 94' lang='lat' dir='ltr'><strong>a</strong></span> <span class='ocrx_word' id='word_1_898' title='bbox 3117 5220 3424 5270; x_wconf 79' lang='lat' dir='ltr'><strong>commun’s</strong></span> 
     </span>
    </p>
   </div>
   <div class='ocr_carea' id='block_1_113' title="bbox 1847 5307 3424 5388">
    <p class='ocr_par' dir='ltr' id='par_1_113' title="bbox 1847 5307 3424 5388">
     <span class='ocr_line' id='line_1_113' title="bbox 1847 5307 3424 5388; baseline -0.011 -14"><span class='ocrx_word' id='word_1_899' title='bbox 1847 5319 2089 5376; x_wconf 85' lang='lat' dir='ltr'><strong>omnium</strong></span> <span class='ocrx_word' id='word_1_900' title='bbox 2120 5316 2283 5388; x_wconf 81' lang='lat'><strong>360</strong></span> <span class='ocrx_word' id='word_1_901' title='bbox 2311 5314 2561 5369; x_wconf 82' lang='lat' dir='ltr'><strong>Parentis</strong></span> <span class='ocrx_word' id='word_1_902' title='bbox 2582 5324 2783 5366; x_wconf 84' lang='lat' dir='ltr'><strong>natura</strong></span> <span class='ocrx_word' id='word_1_903' title='bbox 2832 5327 2891 5366; x_wconf 83' lang='lat' dir='ltr'><strong>ac</strong></span> <span class='ocrx_word' id='word_1_904' title='bbox 2922 5311 3170 5365; x_wconf 90' lang='lat' dir='ltr'><strong>bonitate</strong></span> <span class='ocrx_word' id='word_1_905' title='bbox 3198 5309 3267 5362; x_wconf 90' lang='lat' dir='ltr'><strong>sit</strong></span> <span class='ocrx_word' id='word_1_906' title='bbox 3293 5307 3424 5360; x_wconf 86' lang='lat' dir='ltr'><strong>alie-</strong></span> 
     </span>
    </p>
   </div>
   <div class='ocr_carea' id='block_1_114' title="bbox 1849 5402 3424 5474">
    <p class='ocr_par' dir='ltr' id='par_1_114' title="bbox 1849 5402 3424 5474">
     <span class='ocr_line' id='line_1_114' title="bbox 1849 5402 3424 5474; baseline -0.007 -9"><span class='ocrx_word' id='word_1_907' title='bbox 1849 5428 1974 5465; x_wconf 87' lang='lat' dir='ltr'><strong>num</strong></span> <span class='ocrx_word' id='word_1_908' title='bbox 2003 5429 2017 5466; x_wconf 91' lang='lat'><strong>:</strong></span> <span class='ocrx_word' id='word_1_909' title='bbox 2049 5412 2132 5463; x_wconf 88' lang='lat' dir='ltr'><strong>vel</strong></span> <span class='ocrx_word' id='word_1_910' title='bbox 2164 5418 2589 5463; x_wconf 65' lang='lat' dir='ltr'><strong>reuisentaueum</strong></span> <span class='ocrx_word' id='word_1_911' title='bbox 2621 5407 2801 5474; x_wconf 80' lang='lat' dir='ltr'><strong>potius</strong></span> <span class='ocrx_word' id='word_1_912' title='bbox 2833 5414 2939 5465; x_wconf 84' lang='lat' dir='ltr'><strong>est,</strong></span> <span class='ocrx_word' id='word_1_913' title='bbox 2970 5403 3066 5456; x_wconf 79' lang='lat' dir='ltr'><strong>sed</strong></span> <span class='ocrx_word' id='word_1_914' title='bbox 3095 5402 3424 5456; x_wconf 70' lang='lat' dir='ltr'><strong>necessitate</strong></span> 
     </span>
    </p>
   </div>
   <div class='ocr_carea' id='block_1_115' title="bbox 1846 5491 3418 5573">
    <p class='ocr_par' dir='ltr' id='par_1_115' title="bbox 1846 5491 3418 5573">
     <span class='ocr_line' id='line_1_115' title="bbox 1846 5491 3418 5573; baseline -0.007 -19"><span class='ocrx_word' id='word_1_915' title='bbox 1846 5503 2078 5573; x_wconf 85' lang='lat' dir='ltr'><strong>quadam</strong></span> <span class='ocrx_word' id='word_1_916' title='bbox 2112 5513 2455 5568; x_wconf 75' lang='lat' dir='ltr'><strong>expressum.</strong></span> <span class='ocrx_word' id='word_1_917' title='bbox 2500 5497 2633 5551; x_wconf 76' lang='lat' dir='ltr'><strong>Nam</strong></span> <span class='ocrx_word' id='word_1_918' title='bbox 2670 5498 2761 5566; x_wconf 89' lang='lat' dir='ltr'><strong>qui</strong></span> <span class='ocrx_word' id='word_1_919' title='bbox 2816 5495 2896 5550; x_wconf 90' lang='lat' dir='ltr'><strong>vel</strong></span> <span class='ocrx_word' id='word_1_920' title='bbox 2932 5495 3155 5548; x_wconf 85' lang='lat' dir='ltr'><strong>unicum</strong></span> <span class='ocrx_word' id='word_1_921' title='bbox 3186 5491 3418 5546; x_wconf 60' lang='lat' dir='ltr'><strong>hetnicic</strong></span> 
     </span>
    </p>
   </div>
   <div class='ocr_carea' id='block_1_116' title="bbox 1558 5693 1735 5769">
    <p class='ocr_par' dir='ltr' id='par_1_116' title="bbox 1558 5704 1735 5758">
     <span class='ocr_line' id='line_1_116' title="bbox 1558 5704 1735 5758; baseline -0.011 0"><span class='ocrx_word' id='word_1_922' title='bbox 1558 5704 1599 5736; x_wconf 81' lang='grc'><strong><em>⁵³</em></strong></span> <span class='ocrx_word' id='word_1_923' title='bbox 1634 5705 1735 5758; x_wconf 84' lang='lat' dir='ltr'><strong>lsa.</strong></span> 
     </span>
    </p>
   </div>
   <div class='ocr_carea' id='block_1_117' title="bbox 1844 5693 3408 5769">
    <p class='ocr_par' dir='ltr' id='par_1_117' title="bbox 1844 5693 3408 5769">
     <span class='ocr_line' id='line_1_117' title="bbox 1844 5693 3408 5769; baseline -0.006 -13"><span class='ocrx_word' id='word_1_924' title='bbox 1844 5717 1938 5768; x_wconf 70' lang='grc' dir='ltr'>ιη,</span> <span class='ocrx_word' id='word_1_925' title='bbox 1975 5704 2059 5758; x_wconf 77' lang='lat' dir='ltr'><strong>l3.</strong></span> <span class='ocrx_word' id='word_1_926' title='bbox 2132 5704 2178 5733; x_wconf 68' lang='grc' dir='ltr'><strong>δ’</strong></span> <span class='ocrx_word' id='word_1_927' title='bbox 2211 5700 2397 5755; x_wconf 39' lang='grc' dir='ltr'>λιτιιιιι.</span> <span class='ocrx_word' id='word_1_928' title='bbox 2436 5719 2485 5768; x_wconf 80' lang='grc' dir='ltr'><strong>ν,</strong></span> <span class='ocrx_word' id='word_1_929' title='bbox 2524 5703 2604 5755; x_wconf 82' lang='grc' dir='ltr'><strong>Π.</strong></span> <span class='ocrx_word' id='word_1_930' title='bbox 2677 5701 2722 5731; x_wconf 81' lang='grc'>³³</span> <span class='ocrx_word' id='word_1_931' title='bbox 2757 5698 2814 5756; x_wconf 82' lang='lat' dir='ltr'><strong>F.</strong></span> <span class='ocrx_word' id='word_1_932' title='bbox 2850 5700 2937 5752; x_wconf 69' lang='grc' dir='ltr'>καὶ</span> <span class='ocrx_word' id='word_1_933' title='bbox 2987 5700 3050 5769; x_wconf 82' lang='grc' dir='ltr'><strong>τῇ</strong></span> <span class='ocrx_word' id='word_1_934' title='bbox 3083 5695 3289 5769; x_wconf 71' lang='grc' dir='ltr'>ἀδικίᾳ,</span> <span class='ocrx_word' id='word_1_935' title='bbox 3331 5693 3408 5748; x_wconf 81' lang='grc' dir='ltr'><strong>ὃν.</strong></span> 
     </span>
    </p>
   </div>
  </div>
