3878 6348
510 343 650 397 19.37

1463 328 1805 386 AI’PENDIX
1845 327 1936 380 AD
1973 321 2286 392 QUINQUE
2326 301 2584 377 meum
2624 318 2895 374 1.1131103.

3589 315 3694 372 ἱεὶὃῖ

509 457 656 511 dium
689 460 834 508 vetat
885 450 1039 513 ﬁeri,
1079 450 1206 503 dum
1256 447 1332 500 ita
1385 443 1624 500 statuit:
1666 439 1786 495 Non
1823 439 2070 501 occides;

2188 437 2370 489 ἑαυτὸν
2412 435 2503 488 ὑπ’
2539 433 2783 502 ἀνάγκης
2815 430 3196 492 κλαπείς.·Διὺ
3328 430 3358 480 ὁ
3398 430 3488 482 ἀπ’
3531 431 3695 484 ἐκείνω

508 565 630 603 cum
661 554 848 613 postea
881 542 1046 596 ctedis
1073 549 1355 593 auctorem
1383 533 1625 589 vicissim
1653 530 2077 599 interlicijubet,

505 659 571 697 ac
596 638 892 695 secutulam
925 635 1097 704 legem
1139 631 1319 686 ferens
1351 627 1621 696 duplicem
1655 625 1858 679 caedem
1907 627 2080 690 impe-

507 746 613 797 rat,
643 732 732 802 qui
768 743 932 782 unam
976 726 1364 796 prohibuerat:
1397 721 1462 775 ad
1494 735 1555 775 ea
1587 719 1917 773 necessitate
1945 731 2077 770 coa-

503 837 629 879 ctus
661 834 718 877 et
749 821 1068 891 imprudens
1112 817 1424 872 decurrisse
1465 814 1701 867 videtur.
1730 812 1913 878 Atque
1957 809 2081 863 ideo

507 920 708 971 missus
732 915 800 968 ab
833 913 925 968 illo
962 912 1134 966 Filius
1165 924 1283 964 eam
1321 906 1456 977 legis
1489 915 1699 974 partem
1750 900 2080 970 antiquavit,

507 1009 637 1063 licet
659 1023 778 1062 eam
811 1022 838 1058 a
878 1006 990 1059 Deo
1033 1003 1200 1056 latam
1228 1009 1284 1054 et
1317 999 1430 1068 ipse
1455 996 1739 1051 confessus
1767 994 1862 1050 sit.
1902 992 2081 1060 Atque

506 1103 676 1156 etiam
699 1102 844 1155 inter
872 1109 1072 1153 ca-tera
1103 1095 1169 1148 ad
1219 1095 1498 1162 antiquam
1533 1088 1765 1145 hmresin
1807 1087 2086 1156 pertinent

508 1209 572 1248 ea
633 1207 756 1264 qua:
792 1192 936 1245 Deus
963 1189 1112 1244 hisce
1144 1185 1327 1241 verbis
1367 1184 1558 1238 statuit
1595 1197 1609 1234 :
1647 1181 1752 1247 Qui
1785 1179 2083 1232 maledixe-

510 1287 584 1339 rit
605 1288 744 1352 patri
773 1283 852 1337 vel
883 1282 1078 1344 matri,
1115 1289 1282 1333 morte
1303 1277 1564 1330 moriatur
1580 1275 1646 1327 ⁸⁷.
1683 1274 1761 1328 Ad
1789 1272 1916 1327 illud
1953 1285 2084 1325 vero

510 1391 704 1446 genus,
752 1374 895 1442 quod
947 1372 1185 1443 typicum
1237 1370 1463 1433 dicitur,
1514 1367 1568 1420 id
1613 1377 1776 1420 omne
1819 1363 2081 1432 pertinet,

509 1469 655 1540 quod
688 1465 1018 1538 spiritalium
1052 1472 1215 1533 atque
1247 1460 1634 1517 excellentium
1667 1470 1846 1512 rerum
1881 1454 2085 1524 ﬁguras

511 1562 788 1627 continet;
826 1557 1132 1629 cujusmodi
1179 1563 1307 1609 sunt
1357 1566 1639 1607 sacrorum
1682 1546 2084 1603 oll‘ereudorum

513 1653 877 1717 czcremouire,
907 1649 1285 1713 circumcisio,
1311 1647 1634 1708 Sabhatum,
1659 1642 1953 1713 jejunium,
1979 1641 2084 1694 Pa-

513 1750 667 1814 scha,
703 1762 919 1818 azyma,
949 1744 1166 1815 aliaque
1194 1744 1392 1799 similia
1428 1739 1545 1809 lege
1585 1738 1924 1806 prmscripta.
1954 1734 2082 1803 Qua:

2181 526 2622 597 παραγενόμενος
2665 526 2790 588 Υἱὸς
2820 524 2978 577 τοῦτο
3011 523 3070 576 τὸ
3105 521 3265 593 μέρος
3309 520 3400 574 τοῦ
3433 520 3581 590 νόμον
3604 523 3699 596 ἀνῄ-

2181 636 2366 694 ρηκεν,
2390 617 2732 688 ὁμολογήσας
2765 617 2858 670 καὶ
2882 615 3045 677 αὐτὸς
3087 607 3224 666 εἶναι
3254 613 3346 666 τοῦ
3379 613 3529 666 Θεοῦ.
3555 615 3634 666 Ἐν
3658 633 3699 669 τε

2179 713 2290 772 τοῖς
2322 708 2498 772 ἄλλοις
2533 707 2954 780 καταριθμεῖται
2984 708 3052 776 τῇ
3091 704 3297 776 παλαιᾷ
3322 705 3546 775 αἱρέσει,
3571 706 3701 759 καὶὲι

2179 796 2259 863 οἷς
2298 800 2399 871 ἔφη
2434 803 2464 852 ὁ
2495 800 2627 864 Θεὸς
2659 799 2848 853 εἰπὼν·
2895 799 2948 850 ’0
2975 796 3325 867 κακολογῶν
3347 796 3558 864 πατέρα
3581 798 3609 863 ἡ
3627 817 3702 866 pq-

2181 893 2338 962 τέρα,
2364 893 2597 957 θανάτῳ
2638 890 2986 945 τελευτάτω.
3026 890 3098 943 Τὸ
3131 890 3189 943 δέ
3223 892 3339 943 ἐστι
3388 889 3546 960 μέρος
3580 890 3701 942 a’m-i

2179 987 2406 1040 τυπικὸν
2429 1027 2444 1050 ,
2486 987 2546 1039 τὸ
2585 988 2704 1040 κατ’
2739 985 2921 1038 είκόνα
2953 983 3064 1038 τῶν
3095 983 3480 1055 πνευματικῶν
3519 987 3599 1037 καὶ
3622 985 3699 1038 δια-

2182 1077 2458 1148 φερόντως
2475 1078 2523 1108 ⁸⁸
2557 1077 2812 1147 κείμενον
2837 1117 2852 1139 ,
2882 1077 2944 1129 τὸ
2975 1080 3031 1130 ἐν
3066 1078 3405 1148 προσφοραῖς
3424 1117 3440 1142 ,
3471 1075 3616 1144 λέγω,
3637 1077 3704 1131 καὶ

2183 1173 2471 1242 περιτομῇ,
2499 1170 2592 1224 κα)¹
2615 1169 2888 1240 σαϐϐάτῳ,
2923 1171 3016 1222 καὶ
3037 1170 3283 1242 νηστείᾳ,
3313 1171 3410 1222 καὶ
3432 1170 3620 1240 Πάσχα,
3635 1174 3702 1224 καὶ

2182 1261 2431 1333 ἀζύμοις,
2457 1262 2679 1326 καὶτοῖς
2701 1263 2959 1326 τοιούτοις
2978 1263 3427 1334 νομοθετηθέντα.
3447 1263 3610 1316 Πάντα
3626 1266 3702 1335 rip

2182 1353 2373 1414 ταῦτα,
2402 1355 2608 1417 εἰκόνες
2635 1357 2728 1408 καὶ
2769 1355 3010 1425 σύμϐολα
3043 1355 3201 1418 ὅντα,
3235 1353 3337 1423 τῆς
3376 1353 3612 1423 ἀληθείας
3632 1373 3704 1422 φτ-

2185 1445 2513 1517 νερωθείσης
2551 1447 2834 1517 μετετέθη·
2873 1447 3014 1504 κατὰ
3067 1449 3165 1517 μὲν
3211 1447 3271 1500 τὸ
3305 1447 3609 1516 φαινόμενον
3639 1449 3704 1500 καὶ

2186 1539 2513 1608 σωματικῶς
2545 1539 2878 1597 ἐκτελεῖσθαι
2915 1539 3156 1613 ἀνῃρέθη
3175 1581 3190 1601 ,
3239 1539 3382 1592 κατὰ
3412 1538 3466 1591 δὲ
3505 1538 3560 1591 τὸ
3589 1557 3703 1591 πνεν-

2192 1632 2418 1705 ματικὸν
2462 1631 2760 1702 ἀνελήφθη·
2798 1632 2905 1684 τῶν
2949 1632 3045 1702 μὲν
3085 1632 3370 1701 ὀνομάτων
3422 1630 3524 1682 τῶν
3572 1629 3703 1682 αύτὲιν

2190 1725 2474 1795 μενόντων,
2495 1723 2904 1795 ἐνηλλαγμένων
2926 1723 2981 1776 δὲ
3003 1724 3111 1776 τῶν
3136 1724 3493 1796 πραγμάτων.
3517 1725 3609 1775 Καὶ
3628 1723 3702 1793 γὰρ

513 1796 667 1814 νν---ν
705 1796 919 1818 --ε
1307 1796 1313 1797 γ
1483 1796 1510 1809 ν
1587 1796 1600 1806 .
1813 1796 1825 1804 .
1963 1796 1996 1803 .,

511 1842 695 1897 omnia
745 1856 866 1894 cum
915 1837 1054 1896 nihil
1092 1837 1240 1891 aliud
1282 1843 1478 1905 prmter
1519 1834 1720 1902 tiguras
1748 1839 1915 1898 atque
1949 1830 2081 1883 ima-

2188 1815 2499 1887 προσφορὰς
2548 1815 2876 1886 προσφέρειν
2918 1813 3245 1886 προσέταξεν
3298 1816 3433 1886 ημῖν
3473 1817 3500 1866 ό
3544 1813 3702 1883 Emis,

508 1937 668 2008 gines
693 1935 892 1998 forent,
924 1931 1196 2004 patefacta
1223 1929 1454 1983 veritate
1485 1927 1746 1982 translata
1776 1936 1904 1982 sunt
1934 1947 1945 1981 :
1977 1924 2083 1979 into

511 2039 668 2090 vero,
693 2025 838 2094 quod
875 2024 942 2076 ad
971 2033 1255 2079 externam
1294 2019 1530 2088 speciem
1567 2019 1786 2081 attinet,
1813 2030 2084 2086 usumque

509 2129 870 2186 corporeum,
907 2113 1122 2168 sublata
1151 2151 1168 2175 ,
1215 2107 1446 2180 spiritali
1483 2106 1720 2177 quadam
1757 2105 1970 2159 ratione
1999 2117 2081 2157 re-

517 2215 668 2260 tenta
694 2214 842 2260 sunt.
871 2202 1061 2259 Iisdem
1083 2203 1284 2272 quippe
1315 2200 1660 2254 manentibus
1691 2196 1871 2252 adhuc
1909 2195 2083 2250 nomi-

515 2297 702 2359 nibus,
721 2311 899 2350 rerum
917 2304 1001 2350 est
1029 2294 1172 2348 facta
1196 2292 1446 2348 mutatio.
1483 2288 1617 2345 Nam
1646 2289 1841 2344 oll'crre
1863 2287 2082 2357 quidem

511 2404 672 2444 sacra
719 2388 979 2443 Dominus
1029 2387 1307 2441 instituit:
1346 2395 1399 2440 at
1441 2399 1551 2438 non
1607 2393 1882 2436 mutarum
1916 2393 2086 2450 pecu-

514 2481 666 2543 dum,
697 2486 793 2532 aut
827 2479 878 2532 id
914 2492 1088 2546 genus
1120 2477 1403 2531 sullituum
1433 2492 1447 2529 :
1479 2475 1574 2530 sed
1607 2471 1872 2542 spiritalis
1905 2470 2087 2541 potius

515 2569 718 2636 laudis,
774 2584 836 2624 ac
885 2568 1312 2638 praedicationis,
1363 2577 1418 2621 et
1448 2565 1833 2629 eucharistize;
1885 2563 2083 2617 tumin

516 2663 795 2718 hominum
829 2677 1000 2732 genus
1040 2660 1389 2716 liberalitatis
1418 2673 1481 2713 ac
1510 2656 1904 2712 beneiiceutim.
1939 2654 2084 2710 Idem

516 2753 840 2808 circumcidi
868 2763 1136 2825 praeterea
1172 2768 1277 2807 non
1311 2750 1578 2822 corporis,
1620 2750 1712 2803 sed
1739 2747 1918 2804 cordis
1962 2746 2082 2801 ani-

518 2847 700 2915 mique
739 2846 1068 2916 pratputium
1103 2847 1281 2912 jubet.
1346 2843 1586 2912 Itemque
1631 2842 1835 2897 servari
1876 2839 2085 2897 Sabbu-

515 2946 658 3006 tum,
685 2946 744 2992 ut
772 2954 800 2992 a
831 2941 1014 3007 pravis
1045 2939 1312 2992 duntaxat
1340 2935 1646 2991 actionibus
1685 2933 1965 2988 feriemus.
1992 2931 2086 2988 Je-

512 3029 709 3098 jnnare
741 3046 906 3101 porro
937 3046 1062 3086 cum
1095 3031 1348 3098 imperat,
1392 3044 1496 3084 non
1521 3028 1668 3080 illam
1696 3027 1941 3094 corporis
1970 3025 2087 3080 ine-

2183 1906 2432 1976 ἀλλὀύχὶ
2467 1906 2565 1970 τάς
2590 1907 2656 1959 δι’
2683 1905 2894 1973 ἀλόγων
2929 1905 3159 1976 git-emi;
3197 1906 3407 1958 τούτων
3441 1904 3540 1956 τῶν
3557 1904 3704 1973 θυμια-

2187 2001 2389 2072 μάτων,
2421 1999 2555 2053 me
2586 1997 2672 2050 διὰ
2707 1998 3088 2068 πνευματικῶν
3119 1998 3308 2058 αἶνων,
3334 1999 3428 2050 καὶ
3447 1997 3610 2064 δοξῶν,
3638 1995 3704 2047 καὶ

2185 2092 2550 2165 εὐχαριστίας,
2579 2092 2672 2146 καὶ
2690 2091 2777 2144 διὰ
2793 2091 2892 2161 τῆς
2908 2108 2930 2142 ε
2942 2092 2987 2154 ίς
3011 2091 3100 2142 τὸν
3123 2090 3353 2160 πλησίον
3371 2088 3623 2150 κοινωνίας
3638 2087 3703 2139 καὶ

2185 2186 2447 2249 εὐποιίας,
2466 2184 2558 2237 καὶ
2585 2187 2848 2256 περιτομῇ
2873 2199 2940 2235 πε
2948 2184 3172 2255 ριτετμῆ
3181 2183 3306 2234 σθαι
3330 2185 3476 2253 ἡμᾶς
3495 2179 3701 2251 βούλεται,

2187 2279 2300 2332 ἀλλ’
2334 2278 2454 2348 οὐχὶ
2507 2277 2606 2347 τῆς
2661 2274 3023 2349 ἀκροϐυστίας
3073 2275 3170 2344 τῆς
3222 2275 3567 2344 σωματικῆς,

2187 2369 2416 2442 καρδίας
2446 2368 2544 2438 τῆς
2579 2366 2974 2436 πνευματικῆς.
3016 2367 3124 2418 Καὶ
3154 2365 3212 2418 τὸ
3251 2365 3514 2418 σάϐϐατον
3545 2363 3699 2432 φυλάσ-

2189 2480 2320 2526 σειν,
2349 2463 2536 2530 ἀργεῖν
2562 2459 2670 2531 γὰρ
2701 2457 2844 2513 θέλει
2875 2459 3021 2528 ἡμᾶς
3041 2459 3151 2510 ἀπὸ
3174 2456 3286 2509 τῶν
3313 2457 3485 2528 ἔργων
3524 2455 3613 2508 τῶν
3637 2469 3701 2504 πο-

2187 2555 2386 2626 νηρῶν.
2431 2555 2539 2608 Καὶ
2589 2552 2871 2623 νηστεύειν
2903 2551 2991 2612 δὲ,
3026 2550 3140 2602 ἀλλ’
3193 2551 3255 2602 ού
3306 2549 3406 2620 τὴν
3449 2546 3700 2617 σωματικὴν

2190 2649 2436 2722 βούλεται
2464 2648 2718 2721 νηστείαν
2751 2647 2898 2716 ἡμᾶς
2940 2643 3220 2713 νηστεύειν
3242 2682 3258 2704 ,
3291 2639 3429 2694 ἀλλά
3461 2640 3550 2710 τὴν

2191 2743 2457 2814 ματικὴν,
2509 2735 2633 2813 ἓ.νῇ
2683 2740 2830 2791 ἐστιν
2886 2737 3062 2806 ἀποχὴ
3108 2735 3328 2787 πάντων
3377 2732 3478 2785 τῶν
3514 2729 3697 2800 φαύλων.

2186 2834 2518 2888 Φυλάσσεται
2561 2832 2741 2902 μέντοι
2792 2844 2854 2897 γε
2910 2827 3002 2880 καὶ
3050 2826 3200 2897 παρὰ
3234 2828 3354 2888 τοῖς
3399 2820 3698 2894 ἡμετέροιςή

2188 2925 2328 2981 κατά
2379 2925 2439 2977 τὸ
2491 2923 2812 2993 φαινόμενον
2866 2919 3123 2991 νηστεία,
3179 2918 3305 2970 ἐπεὶ
3363 2916 3453 2970 καὶ
3505 2915 3623 2983 ψυχῇ
3665 2927 3698 2961 τι

2190 3016 2593 3089 συμϐάλλεσθαι
2634 3013 2857 3068 δύναται
2901 3011 3039 3081 αὕτη
3086 3011 3222 3080 μετᾶ
3269 3010 3433 3076 λόγου
3479 3005 3694 3074 γινομένη⁸

517 3125 701 3184 diam,
759 3124 854 3178 sed
906 3122 1073 3177 animi
1144 3121 1558 3188 temperantiam
1621 3119 1887 3179 decernit.
1948 3127 2006 3171 ut
2055 3133 2082 3170 a

2188 3114 2348 3168 ὁπότε
2385 3110 2518 3183 μηδὲ
2544 3109 2633 3162 διὰ
2660 3108 2756 3180 τὴν
2771 3107 2904 3176 πρός
2932 3123 3083 3168 τινας
3109 3105 3346 3175 μίμησιν
3373 3102 3578 3170 γίνεται,
3601 3100 3696 3166 μήτε

519 3213 742 3283 ﬂagitiis
771 3213 1030 3268 omnibus
1059 3212 1441 3266 abstineamus.
1471 3211 1794 3280 Quanquam
1820 3227 1849 3264 a
1884 3211 2086 3266 nostris

519 3305 762 3360 exterius
782 3304 909 3358 illud
937 3319 1153 3373 quoque
1179 3304 1446 3373 jejunium
1480 3305 1786 3364 adhibetur,
1817 3313 2085 3373 quatenus

519 3398 586 3449 ad
620 3397 928 3449 animorum
963 3395 1251 3449 utilitatem
1281 3395 1492 3448 confert
1519 3393 1738 3463 aliquid,
1769 3395 1812 3448 si
1840 3411 1965 3449 cum
2000 3409 2087 3447 ra-

521 3489 670 3541 tione
700 3487 1014 3555 suscipias:
1055 3500 1162 3540 non
1214 3486 1457 3540 imitandi
1506 3487 1826 3556 cujusquam
1871 3486 2081 3552 studio,

521 3593 628 3632 non
662 3577 1082 3640 consuetudine,
1111 3591 1218 3630 non
1255 3589 1526 3631 certarum
1557 3577 1766 3632 dierum
1801 3578 2082 3649 religione,

520 3670 603 3724 vel
661 3669 884 3725 deﬁnito
915 3669 1102 3737 aliquo
1136 3678 1379 3738 tempore
1421 3687 1438 3724 :
1474 3671 1773 3738 praesertim
1815 3686 1937 3725 cum
1970 3672 2083 3725 veri

515 3761 1056 3832 jejuniitnemoriaut
1091 3759 1332 3825 relricet,
1358 3769 1417 3814 ut
1441 3761 1529 3831 qui
1557 3762 1792 3814 nomium
1836 3762 1965 3817 illud
1995 3777 2085 3816 as-

521 3855 698 3909 secuti
724 3853 948 3920 iuerint,
972 3854 1041 3907 ab
1070 3853 1356 3908 exteriore
1383 3852 1830 3916 commonelarti,
1862 3855 2086 3908 alterius

520 3947 900 4001 recordentur.
935 3945 1209 4001 Similiter
1239 3956 1290 3999 et
1325 3945 1573 4012 Pascha,
1618 3961 1918 4017 azymaque
1952 3948 2086 4018 tign-

521 4053 612 4091 ras
641 4038 921 4093 exstitisse
950 4039 1212 4107 quasdam
1249 4037 1456 4093 Paulus
1498 4039 1613 4106 ipse
1645 4039 1887 4094 declarat
1924 4064 1934 4095 :
1975 4040 2084 4097 Pa-

2188 3205 2276 3258 διὰ
2295 3204 2354 3257 τὸ
2379 3182 2518 3265 ἔθος,
2545 3201 2679 3271 μήτε
2702 3197 2791 3251 διὰ
2813 3197 2908 3268 τὴν
2926 3196 3160 3268 ἡμέραν,
3183 3194 3260 3255 ὡς
3280 3191 3573 3264 ὡρισμένης
3589 3182 3698 3236 τοῦτο

2188 3299 2418 3370 ἡμέρας·
2467 3295 2584 3364 ἅμα
2626 3292 2680 3344 δὲ
2727 3292 2820 3344 καὶ
2874 3292 2953 3351 είς
2993 3289 3303 3357 ἀνάμνησιν
3363 3284 3457 3353 τῆς
3499 3275 3699 3351 ἀληθινῆς

2187 3389 2459 3461 νηστείας,
2481 3389 2567 3440 ἴνα
2600 3386 2648 3438 oi
2684 3383 2905 3455 μηδέπω
2935 3379 3149 3448 ἐκείνην
3167 3377 3455 3448 δυνάμενοι
3483 3367 3697 3441 νηστεύειν

2190 3482 2298 3536 ἀπὸ
2345 3481 2441 3550 τῆς
2495 3477 2636 3532 κατὰ
2688 3477 2747 3529 τὸ
2799 3474 3122 3542 φαινόμενον
3161 3469 3418 3541 νηστείας
3459 3459 3697 3536 ἔχωσι

2191 3575 2495 3644 ἀνάμνησιν
2521 3571 2708 3639 αὐτῆς.
2740 3569 2850 3620 Καὶ
2881 3565 2942 3618 τὸ
2977 3565 3168 3634 Πάσχα
3196 3563 3252 3615 δὲ
3283 3562 3516 3632 ὁμοίως,
3553 3556 3625 3608 καὶ
3652 3551 3698 3603 τὶ

2191 3640 2404 3737 ἄζυμα,⁷
2426 3666 2507 3718 ὃτι
2547 3662 2750 3724 εἰκόνες
2779 3655 2938 3730 ἦσαν,
2972 3656 3119 3727 δηλοῖ
3171 3654 3264 3706 καὶ
3313 3651 3513 3714 Παῦλος
3545 3649 3569 3700 ὁ
3600 3640 3698 3698 ἀπὸ·

2193 3759 2396 3821 στολος.
2423 3757 2491 3810 Τὸ
2513 3755 2580 3809 δὲ
2603 3753 2816 3822 Πάσχα
2833 3749 3018 3819 ἡμῶν,
3037 3747 3273 3815 λέγεται,
3293 3746 3467 3809 ἐτύθη
3482 3737 3692 3807 Χριστέσ

2182 3853 2444 3915 xa‘t,"Ii-a
2469 3846 2594 3919 ἦτε,
2622 3847 2805 3916 φησὶν,
2826 3841 3026 3910 ἄζυμοι
3043 3881 3057 3901 ,
3081 3839 3167 3908 μὴ
3194 3836 3538 3906 μετέχοντες
3564 3828 3696 3919 at!“

2184 3947 2388 4018 (ζύμην
2429 3960 2485 3996 τε
2543 3939 2636 3992 νῦν
2679 3939 2786 4007 τὴν
2827 3935 3024 3988 κακίαν
3054 3932 3246 4000 λέγει),
3290 3930 3428 3984 ἀλλ’
3470 3922 3557 3995 ἦτε
3593 3918 3693 3972 νέει-

2181 4041 2438 4110 φύραμα-

518 4131 669 4192 scha,
706 4129 896 4198 inquit,
930 4138 1165 4181 nostrum
1200 4128 1502 4181 immolatus
1542 4139 1615 4182 est
1649 4127 1928 4195 Christus;
1966 4143 2019 4188 et
2053 4151 2066 4187 :
2101 4133 2168 4187 Ut
2196 4134 2339 4195 sitis,
2388 4132 2486 4195 ait,
2541 4123 2714 4196 azymi
2742 4137 2844 4174 nou
2868 4122 3110 4172 habentes
3142 4117 3452 4186 fermentum
3494 4111 3691 4179 (lenm-a-

519 4234 633 4278 tum
661 4236 791 4275 vero
827 4219 1086 4274 malitiam
1110 4218 1391 4290 appellat),
1419 4218 1509 4273 sed
1547 4219 1664 4273 sitis
1694 4236 1823 4272 noua
1845 4224 2144 4290 conspersio
2157 4217 2226 4276 ".

545 4308 548 4312 ’
595 4313 685 4364 Sic
718 4310 886 4381 igitur
919 4309 1004 4362 lex
1039 4309 1177 4378 ipsa,
1205 4325 1367 4377 quant
1399 4323 1430 4361 a
1471 4310 1580 4364 Deo
1615 4325 1866 4364 manasse
1909 4309 2083 4364 laten-

2263 4301 2430 4368 υῦτος
2448 4307 2492 4338 ⁵³
2523 4303 2652 4372 γοῦν
2683 4301 2777 4354 καὶ
2821 4300 2982 4362 αὐτὸς
3021 4297 3052 4349 ό
3095 4299 3187 4351 τοῦ
3239 4295 3376 4349 Θεοῦ
3426 4291 3544 4346 εἶναι
3577 4290 3692 4358 νόμος

521 4413 610 4458 tur
653 4419 866 4469 omnes,
926 4403 1192 4456 trifariam
1238 4400 1546 4455 dividitur:
1603 4402 1655 4454 iu
1700 4415 1822 4454 eam
1877 4411 2084 4470 partem

519 4513 684 4564 quam
726 4496 979 4550 Salvator
1023 4495 1290 4564 implevit.
1336 4492 1463 4547 [hec
1513 4493 1660 4548 enim
1691 4495 1874 4548 omnia
1908 4511 1922 4546 :
1964 4491 2085 4545 Non

517 4593 763 4655 occides,
807 4607 908 4642 non
949 4588 1324 4648 mwchaberis,
1378 4603 1481 4640 non
1522 4587 1820 4658 pejerabis;
1864 4588 1916 4639 in
1955 4587 2087 4639 iisce

515 4684 874 4739 continentur
921 4699 934 4734 :
993 4680 1118 4734 Non
1163 4679 1440 4740 irasceris,
1467 4695 1566 4732 non
1590 4677 1887 4744 concupices
1913 4675 1976 4729 °°.
2027 4675 2084 4747 In

515 4792 639 4830 eam
679 4790 797 4843 qua:
824 4773 1044 4842 penitus
1074 4771 1286 4825 sublata
1323 4779 1428 4824 est.
1461 4767 1556 4822 His
1587 4769 1730 4821 enim
1762 4767 2085 4837 praeceptis:

516 4867 747 4922 Oculum
769 4883 863 4936 pro
881 4865 1050 4928 oculo,
1069 4863 1273 4916 dentem
1297 4878 1391 4930 pro
1413 4861 1563 4913 dente
1580 4861 1660 4926 δίς
1696 4876 1813 4928 qua:
1847 4875 1969 4914 cum
2004 4859 2087 4912 in-

517 4960 728 5028 justitia
759 4957 1020 5025 permista
1055 4963 1220 5017 sunt,
1253 4953 1477 5020 ejusque
1519 4965 1702 5005 secum
1739 4951 1942 5020 aliquid
1977 4963 2086 5005 tra-

525 5055 682 5115 hunt,
741 5049 1038 5104 contrariis
1087 5048 1296 5112 legibus
1344 5059 1374 5098 tt
1424 5053 1704 5098 servatore
1743 5045 2082 5114 derogatur:

521 5145 792 5196 contraria
840 5157 1003 5211 porro
1040 5155 1160 5193 sese
1203 5138 1432 5192 invicem
1464 5137 1755 5206 perimunt.
1799 5135 1909 5205 Ego
1946 5138 2087 5188 enim

516 5239 637 5290 dico
663 5239 802 5290 vobis
834 5237 1045 5290 cumino
1082 5251 1185 5288 non
1213 5235 1450 5287 resistere
1491 5230 1653 5285 malo.
1689 5231 1795 5284 Sed
1819 5234 1864 5282 si
1903 5233 2017 5300 quis
2040 5241 2088 5284 te

519 5328 830 5393 percusserit
866 5327 923 5380 in
967 5325 1279 5389 maxillam,
1321 5323 1493 5388 prwbe
1543 5321 1624 5375 illi
1681 5331 1730 5375 et
1778 5321 1998 5375 alteram
2019 5322 2086 5376 ³³.

518 5417 670 5484 Quod
695 5419 914 5487 quidem
937 5416 1407 5469 adexcellentium
1440 5430 1619 5466 rerum
1660 5413 2084 5466 adumbrandam

519 5508 754 5575 speciem
799 5507 1158 5559 constitutum
1199 5515 1254 5558 et
1299 5521 1326 5555 a
1379 5504 1660 5572 corporeis
1705 5505 1770 5554 ad
1819 5503 2085 5569 spiritalia

525 5598 845 5653 translatum
881 5613 945 5651 ac
984 5607 1250 5650 mutatum
1285 5614 1381 5666 per
1423 5599 1736 5665 allegoriam
1775 5595 2084 5664 exponitur.

627 5715 674 5744 "
701 5712 762 5769 I".
794 5713 1152 5783 διαφερόντων
1267 5713 1310 5741 ³⁷
1352 5712 1522 5766 Levii,
1552 5725 1647 5769 xx,
1675 5711 1728 5783 9r,

523 5799 636 5850 xix,
672 5784 771 5854 12;
822 5779 1010 5838 Matth.
1061 5801 1110 5847 v,
1140 5783 1231 5850 “2'2,
1265 5783 1352 5838 98.
1456 5783 1495 5813 ⁸⁸
1543 5783 1665 5837 Cor.
1701 5779 2054 5842 ἐπιθυμῆσαι.

1808 5708 1899 5759 I"‘I
1937 5706 2060 5759 Cor.
2098 5721 2148 5767 ι’,
2193 5707 2244 5758 7.

2188 4399 2624 4475 ὁμολογούμενος
2654 4398 2733 4458 εἰς
2762 4393 2888 4464 τρία
2903 4392 3188 4462 διαιρεῖται
3206 4427 3220 4451 ,
3240 4388 3323 4450 εἷς
3349 4405 3405 4440 τε
3438 4385 3492 4438 τὺ
3517 4378 3691 4451 πληρού-

2192 4473 2354 4567 μενον
2387 4492 2494 4547 ἀπδ
2523 4489 2618 4544 τοῦ
2645 4487 2912 4557 Σωτῆρος.
2939 4484 3011 4536 Τὸ
3035 4481 3164 4554 γὰρ,
3203 4483 3286 4534 Οὐ
3320 4482 3618 4550 φονεύσεις,
3639 4473 3689 4524 οὐ

2187 4587 2531 4660 μοιχεύσεις
2554 4622 2568 4644 ,
2610 4583 2721 4636 οὐκ
2748 4575 3162 4645 ἐπιορκήσεις,
3201 4575 3259 4632 ὲν
3303 4572 3382 4645 τῷ
3419 4571 3541 4641 μηδ’
3578 4567 3688 4634 tim-to

2187 4677 2443 4745 σθῆναι,
2477 4671 2627 4744 μηδὲ
2663 4666 3054 4736 ἐπιθυμήσεις
3070 4665 3108 4696 ⁸³
3161 4663 3541 4736 περιείληπται.
3579 4661 3685 4710 Atat-

2195 4771 2369 4840 ρεῖται
2400 4764 2455 4818 δὲ
2496 4761 2591 4818 καὶ
2623 4763 2703 4823 είς
2743 4759 2804 4812 τὸ
2832 4755 3226 4827 ἀναιρούμενον
3264 4755 3493 4815 τελείως·
3528 4748 3576 4802 τὸ
3609 4746 3682 4814 γὰρ

2203 4837 2545 4927 Ὀφθαλμὸν
2559 4853 2695 4906 ἀντὶ
2731 4847 3174 4919 ὀρθαλμοῦααὶ
3198 4847 3410 4901 ὀδόντα
3430 4843 3546 4898 ἀντὶ
3568 4837 3684 4892 ὁδόν-

2191 4969 2314 5016 τος,
2349 4945 2835 5018 συμπεπλεγμένον
2863 4945 2927 5014 τῇ
2961 4939 3165 5012 ἀδικίᾳ,
3196 4941 3290 4994 καὶ
3318 4940 3443 4993 αὐτὸ
3470 4937 3600 5006 ἔργον
3620 4927 3685 4994 τῆς

2193 5039 2406 5102 ἀδικίας
2448 5037 2604 5107 ἕχον,
2656 5032 2895 5107 ἀνῃρέθη
2949 5033 3053 5086 ὑπὸ
3095 5031 3186 5085 τοῦ
3228 5032 3469 5102 Σωτῆρος
3503 5025 3576 5078 διὰ
3611 5019 3685 5072 τῶν

2196 5131 2466 5186 ἐναντίωνσ
2517 5125 2584 5180 τὰ
2627 5127 2683 5179 δὲ
2726 5125 2943 5179 ἐναντία
2979 5123 3221 5194 ἀλλήλων
3254 5124 3388 5176 εἰσὶν
3417 5107 3684 5188 ἀηιρετικά·

2208 5223 2352 5294 Ἐγὼ
2371 5223 2481 5292 γὰρ
2499 5219 2653 5290 λέγω
2677 5219 2838 5288 ὑμῖν,
2870 5217 2956 5287 μὴ
2985 5217 3341 5285 ἀντιστῆναι
3369 5215 3510 5278 ὅλως
3531 5205 3593 5271 τῷ
3609 5219 3685 5294 .10:

2194 5289 2388 5385 κηρῷ,
2426 5289 2583 5369 ἀλλὰ
2629 5312 2740 5368 ἐὰν
2767 5312 2860 5378 τίς
2885 5326 2960 5364 σε
2982 5312 3244 5381 punica,
3285 5308 3534 5376 στρέψον
3569 5289 3686 5357 αὐτῶ

2195 5409 2291 5463 καὶ
2319 5407 2433 5475 τὴν
2461 5407 2662 5472 ἄλλην
2691 5406 2964 5473 σιαγόνα.
3021 5404 3415 5473 Ἀλληγορείται
3442 5398 3493 5453 δὲ
3527 5392 3601 5447 καὶ

2195 5501 2252 5552 τὸ
2291 5497 2599 5570 μετατεθὲν,
2634 5497 2729 5551 καὶ
2759 5496 3051 5564 ἐναλλαγὲν
3077 5496 3185 5548 ἀπὸ
3216 5495 3306 5547 τοῦ
3332 5481 3601 5561 σωματικοῦ
3618 5473 3684 5528 ἐπὶ

2195 5593 2253 5644 τὸ
2288 5588 2653 5661 πνευματικὸν
2702 5587 2761 5639 τὸ
2813 5586 3139 5656 συμϐολικὸν
3171 5584 3352 5646 τοῦτο,
3403 5580 3508 5636 κατ’
3544 5569 3678 5625 είκόνσ

2895 5700 2940 5730 ⁶⁶
2984 5699 3153 5752 Exod.
3183 5714 3273 5759 xx,
3303 5697 3381 5758 I5,
3419 5690 3510 5754 id;
3547 5683 3677 5739 ient.

2343 5702 2385 5733 ι.
2425 5701 2443 5734 Ι
2467 5718 2531 5734 (ΙΙΙ
2605 5700 2776 5734 Λςνι-Ι.ὶρ

2425 5701 2551 5772 Leg.
2605 5701 2795 5763 οὕτως.
2895 5701 2940 5730 ⁶⁶
2984 5701 3153 5752 Exod.
3183 5714 3273 5759 xx,

2432 5789 2582 5830 xxw.
2637 5773 2726 5828 21}.
2806 5771 2849 5802 ⁸³
2881 5770 3080 5824 Matth.
3122 5785 3171 5833 v,
3201 5763 3286 5823 δυ.

2139 5780 2179 5808 θ’
2227 5776 2398 5830 Levit.
2432 5789 2582 5842 xxiv,
2637 5773 2726 5828 ‘20.
