3878 6348
149 423 307 480 1989

1366 416 1795 478 FRAGMENTA
1830 416 2200 478 GNOSTICA.

3285 427 3420 484 1290

138 544 274 599 τῶν
308 539 678 611 διαφερόντων
708 538 1227 610 νενομοθετημένον.
1278 541 1345 591 Αἱ
1389 539 1498 607 γὰρ
1542 538 1738 600 εἰκόνες

1852 536 2065 591 Etenim
2110 508 2325 603 efﬁgies
2371 548 2436 589 ac
2471 533 2624 605 signa
2677 534 2800 591 aliis
2866 536 3028 593 rebus
3082 538 3426 595 declarandis

150 634 269 688 καὶ
298 634 369 686 τὰ
400 632 645 702 σύμϐολα
667 630 1053 702 παραστατικά
1085 631 1213 684 ὄντα
1246 631 1445 701 ἑτέρων
1485 630 1742 699 πραγμά-

138 742 292 787 των,
314 723 494 786 καλῶς
516 724 773 791 ἐγίνοντο,
804 723 964 793 μέχρι
986 723 1058 792 μὴ
1078 722 1256 793 παρῆν
1282 724 1315 792 ἡ
1333 720 1579 791 ἀλήθεια.
1600 722 1744 791 Dap-

136 812 326 885 ούσης
372 812 427 865 δὲ
466 813 568 882 τῆς
594 812 875 881 ἀληθείας,
911 812 980 865 τὰ
1010 814 1107 883 τῆς
1141 812 1401 883 ἀληθείας
1436 813 1518 865 δεῖ
1546 815 1738 875 ποιεῖν,

137 905 213 957 οὐ
261 905 329 957 τὰ
370 904 470 973 τῆς
509 905 738 967 εἰκόνος.
768 904 952 957 Ταῦτα
978 905 1033 957 δὲ
1067 906 1160 957 κει)⁵
1186 905 1236 955 σί
1282 904 1520 974 μαθηταὶ
1549 904 1738 967 αὐτοῦ,

137 1001 253 1052 καὶ
286 1003 315 1052 6
336 999 633 1062 ἀπόστολος
656 998 821 1063 ἔδειξε
869 999 1105 1062 Παῦλος,
1153 998 1213 1051 τὸ
1241 999 1338 1068 μὲν
1360 996 1466 1050 τῶν
1496 997 1740 1061 εἰκόνων,

134 1090 228 1153 ὡς
271 1090 378 1160 ἤδη
420 1089 683 1160 εἴπομεν,
731 1088 822 1142 διὰ
853 1090 942 1142 τοῦ
993 1091 1185 1160 Πάσχα
1237 1089 1462 1143 καὶτῶν
1498 1088 1747 1161 ’Δζύμων

134 1179 343 1245 δείξας
377 1181 446 1232 δι’
472 1182 638 1250 ἡμᾶς’
666 1181 726 1232 τὸ
750 1180 805 1233 δὲ
842 1181 934 1233 τοῦ
967 1182 1455 1250 συμπεπλεγμένου
1490 1180 1653 1250 νόμου
1678 1183 1745 1250 τῇ

136 1271 379 1341 ἀδικίᾳ,
413 1271 582 1325 είπὼν
616 1272 723 1324 τὸν
758 1273 947 1339 νόμον
970 1271 1089 1325 τῶν
1109 1270 1460 1325 ἐντολῶν-ἐν
1490 1270 1748 1339 δόγμασι

136 1362 592 1431 κατηργῆσθαι·
643 1362 703 1414 τὸ
758 1362 813 1415 δὲ
870 1362 965 1416 τοῦ
1012 1362 1366 1433 ἀσυμπλόκου
1410 1361 1487 1431 τῷ
1523 1360 1745 1431 χείρονι,

152 1453 214 1505 Ὀ
241 1454 369 1521 μὲν
401 1455 606 1521 νόμος,
649 1451 839 1516 εἰπὼν,
869 1452 1066 1521 ἅγιος,
1112 1453 1213 1506 καὶ
1246 1454 1284 1519 ἡ
1320 1452 1542 1519 ἐντολὴ
1584 1454 1745 1521 ἁγία,

144 1542 263 1596 καὶ
296 1543 515 1605 δικαία,
547 1544 643 1596 καὶ
673 1545 883 1613 ἀγαθή.

234 1631 329 1694 Ὠς
383 1633 480 1701 μὲν
507 1629 598 1685 οὖν
642 1633 916 1703 συντόμως
964 1631 1112 1685 ἔστιν
1150 1634 1324 1685 εἰπεῖν
1352 1633 1637 1704 αὐτάρκως
1664 1629 1743 1686 οἴ-

141 1722 255 1790 μαι
281 1738 365 1773 σοι
395 1722 679 1791 δεδεῖχθαι,
730 1722 826 1774 καὶ
851 1722 947 1792 τὴν
993 1722 1051 1788 ἐξ
1103 1723 1404 1793 ἀνθρώπων
1452 1724 1744 1794 παρεισδύ-

137 1827 333 1864 σασαν
378 1812 734 1882 νομοθεσίαν,
779 1813 873 1865 καὶ
923 1812 1085 1866 αὑτὸν
1122 1813 1214 1865 τὸν
1255 1813 1350 1866 τοῦ
1399 1813 1535 1866 Θεοῦ
1581 1814 1745 1884 νόμον

132 1903 321 1974 τρι.χῆ
368 1903 760 1974 διαιρούμενον,
810 1903 1191 1973 Περιλείπεται
1246 1904 1303 1956 δὲ
1359 1905 1565 1974 ἡμῖντί
1614 1904 1743 1959 ποτέ

134 1998 306 2048 ἐστιν
349 1990 503 2058 οὗτος
540 1998 569 2048 6
609 1995 739 2057 Θεὸς
781 1997 809 2048 ὁ
842 1994 934 2046 τὸν
980 1995 1140 2066 νόμον
1180 1994 1423 2065 θέμενος.
1468 1996 1625 2049 Ἀλλὰ
1652 1999 1746 2050 καὶ

132 2086 315 2139 τοῦτο
344 2084 583 2156 ἡγοῦμαί
628 2104 708 2139 σοι
743 2087 1009 2157 δεδεῖχθαι
1050 2088 1145 2141 ἐπὶ
1171 2088 1279 2141 τῶν
1310 2089 1742 2159 προειρημένων,

135 2180 188 2230 εἰ
244 2178 530 2248 ἐπιμελῶς
565 2178 832 2247 ἀκήκοας.
880 2179 941 2231 Εἰ
993 2177 1101 2249 γὰρ
1142 2180 1277 2249 μήτε
1322 2179 1410 2232 ὁπ’
1449 2179 1615 2232 αὑτοῦ
1651 2179 1744 2233 τοῦ

132 2265 362 2318 τελείου
387 2265 521 2317 Θεοῦ
543 2266 781 2318 τέθειται
803 2260 979 2330 οὗτος,
1006 2267 1081 2330 ὡς
1102 2268 1440 2337 ἐδιδάξαμεν,
1470 2270 1607 2339 μήτε
1639 2270 1746 2339 μὴν

136 2356 257 2408 ὑπὸ
298 2355 397 2407 τοῦ
426 2356 693 2420 διαϐόλου,
726 2358 754 2410 δ
792 2359 926 2427 μηδὲ
954 2359 1173 2428 θεμιτόν
1212 2361 1357 2412 ἐστιν
1388 2362 1592 2412 εἰπεῖν·
1628 2360 1746 2412 ἓτε-

139 2448 243 2516 pd;
272 2447 359 2510 τίς
394 2449 515 2500 ἐστι
534 2448 685 2520 παρά
712 2449 933 2514 τούτους
964 2443 1118 2514 οὗτος
1143 2454 1171 2503 ὁ
1196 2450 1418 2520 θέμενος
1443 2450 1532 2504 τὸν
1556 2452 1741 2521 νόμον.

136 2534 327 2601 Οὗτος
371 2539 429 2591 δὲ
480 2540 811 2610 δημιουργὸς
850 2540 944 2593 καὶ
991 2542 1217 2613 ποιητὴς
1246 2542 1400 2594 τοῦδε
1425 2540 1518 2594 τοῦ
1546 2542 1744 2607 παντός

135 2632 268 2683 ἔστι
307 2629 540 2699 κόσμου,
580 2632 671 2682 καὶ
710 2630 819 2682 τῶν
846 2632 903 2682 ὲν
932 2630 1099 2701 αὐτῷ,
1130 2630 1314 2701 ἕτερος
1349 2629 1428 2683 ὣν
1472 2630 1617 2702 παρά
1645 2631 1745 2696 τὰς

134 2722 360 2775 τούτων
392 2722 598 2785 οὐσίας,
626 2721 787 2792 μέσος
808 2721 1012 2775 τούτων
1045 2722 1344 2786 καθεστὼς,
1368 2724 1620 2788 ἐνδίκωςο
1650 2724 1744 2776 καὶ

132 2811 199 2864 τὸ
223 2810 336 2880 τῆς
369 2810 663 2879 μεσότητος
690 2811 860 2880 δνομα
890 2811 1218 2882 ἀποφέροιτο
1250 2811 1333 2864 ἀν.
1382 2812 1492 2864 Καὶ
1524 2814 1571 2865 εἰ
1608 2814 1635 2865 ό
1658 2811 1745 2865 τέ-

132 2897 293 2965 λειος
321 2897 458 2960 Θεὸς
482 2898 683 2965 ἀγαθός
707 2901 823 2950 ἐστι
845 2898 983 2953 κα.τά
1010 2898 1108 2969 τὴν
1132 2899 1325 2952 ἑαυτοῦ
1348 2899 1525 2968 φύσιν,
1554 2898 1744 2972 ὥσπερ

136 2989 243 3043 καὶ
310 2989 459 3040 ἐστιν
524 2986 652 3056 (ἕνα
673 2984 780 3053 γὰρ
803 2986 997 3057 μόνον
1022 2983 1172 3041 εἶναι
1196 2989 1419 3056 ἀγαθὸν
1449 2989 1612 3053 Θεέν,
1639 2992 1743 3043 τὸν

1852 625 2092 679 adhibita
2115 626 2377 695 tantisper
2398 627 2861 693 opportunitatem
2892 626 3223 695 habuerunt,
3245 630 3422 697 quoad

1850 717 2091 771 nondum
2116 717 2321 771 veritas
2347 715 2642 771 aﬂ‘ulserat.
2664 717 2779 784 Qua
2797 720 3146 785 succedente,
3171 735 3278 774 non
3304 736 3425 789 qua:

1850 808 2092 876 imagini,
2112 808 2204 862 sed
2221 824 2340 878 quae
2367 811 2582 863 veritati
2599 820 2906 880 congruunt
2925 810 3106 866 facere
3144 811 3423 870 convenit.

1846 898 2005 968 361
2038 897 2201 969 quue
2220 901 2394 969 ipsum
2438 916 2561 955 cum
2587 902 2775 970 reliqui
2802 917 2989 956 omnes
3012 903 3285 972 discipuli,
3310 913 3422 958 tum

1860 989 2360 1059 apostolusPuulus
2390 992 2649 1047 ostendit.
2698 991 2805 1058 Qui
2834 992 3126 1063 ﬁguratum
3162 994 3291 1048 illud
3336 1009 3425 1064 ge-

1848 1094 1950 1134 nus
1974 1088 2196 1147 propter
2223 1095 2343 1143 nos,
2373 1089 2432 1133 ut
2458 1080 2717 1147 diximus,
2738 1082 2793 1135 in
2816 1081 3083 1136 Paschate
3111 1084 3425 1154 azymisque

1848 1173 2209 1226 demonstrat.
2245 1172 2321 1226 De
2358 1172 2534 1228 alter!)
2569 1189 2698 1227 vero
2732 1175 2878 1243 quod
2910 1174 3245 1242 implicatum
3282 1175 3425 1242 inju-

1848 1263 1998 1318 Stitia
2028 1274 2133 1323 est.
2163 1264 2425 1333 loquitur,
2465 1265 2771 1333 cumlegem
2820 1267 3199 1320 mandatorum
3248 1267 3326 1321 ait
3366 1268 3423 1320 in

1851 1355 2185 1422 dogmatibus
2227 1355 2622 1424 abrogatum“.
2678 1355 2752 1409 De
2788 1358 2953 1411 tertio
3000 1357 3235 1426 denique
3276 1357 3423 1428 quod

1846 1442 2139 1497 deterioris
2171 1452 2254 1497 est
2298 1458 2498 1513 expers
2531 1462 2545 1499 :
2583 1445 2727 1507 Lex,
2767 1447 2943 1514 inquit
2964 1486 2979 1511 ,
3014 1456 3198 1501 sancta
3224 1456 3301 1502 est
3325 1486 3343 1513 ,
3371 1458 3423 1501 et

1846 1530 2153 1583 mandatum
2184 1542 2449 1592 sanctum,
2486 1542 2536 1585 et
2563 1533 2772 1601 justum
2811 1543 2860 1587 et
2888 1535 3076 1588 bonum
3094 1535 3159 1589 ⁸⁸.

1917 1621 2280 1685 Quamobrem
2315 1622 2451 1675 satis
2495 1638 2766 1693 superque
2803 1626 2935 1690 tibi,
2991 1635 3253 1694 quantum
3290 1627 3420 1682 bre-

1850 1710 1992 1764 viter
2023 1712 2413 1779 comprehendi
2444 1724 2641 1782 potest,
2679 1716 2990 1772 declaratos
3027 1732 3121 1772 eas
3153 1718 3299 1787 leges
3333 1734 3423 1773 ar-

1778 1775 1819 1829 B
1849 1800 2048 1867 bitror’,
2084 1816 2206 1871 quae
2250 1816 2316 1856 ex
2358 1804 2686 1858 auctoritate
2720 1805 3000 1859 hominum
3036 1808 3420 1875 irrepserunt;

1848 1885 2131 1961 ipsamque
2174 1890 2268 1947 Dei
2324 1892 2495 1963 legem
2546 1894 2813 1949 trifariam
2867 1911 2991 1950 esse
3022 1896 3276 1952 divisam.
3319 1898 3424 1953 Su—

1848 1990 2028 2050 perest
2062 1990 2120 2035 ut
2154 1982 2279 2051 quis
2314 1982 2403 2037 ille
2447 1986 2519 2039 sit
2560 1985 2700 2039 Deus
2732 1985 2867 2055 legis
2900 1996 3093 2040 auctor
3131 1988 3421 2044 dicendum

1848 2072 2117 2129 videatur.
2148 2073 2313 2144 Atqui
2351 2073 2491 2128 istud
2529 2076 2694 2128 etiam
2731 2092 2795 2130 ex
2846 2076 2946 2141 iis,
2993 2092 3115 2146 qua:
3156 2078 3426 2135 hactenus

1847 2162 2120 2233 diSputata
2173 2174 2321 2227 sunt,
2377 2165 2421 2219 si
2457 2173 2661 2219 attente
2710 2166 2975 2231 audieris,
3023 2179 3151 2236 puto
3200 2168 3296 2222 tibi
3334 2169 3429 2222 de-

1847 2264 2235 2309 monstratmu.
2275 2254 2409 2309 Nam
2443 2258 2485 2310 si
2520 2271 2698 2325 neque
2729 2273 2757 2311 a
2796 2258 3042 2328 perfecw
3077 2260 3169 2314 illo
3204 2259 3312 2315 Deo
3338 2277 3431 2330 po-

1847 2347 1949 2400 sita
1983 2346 2069 2400 lex
2104 2355 2210 2413 est,
2246 2348 2323 2400 uti
2365 2347 2653 2401 docuimus
2682 2363 2697 2413 ;
2733 2363 2911 2417 neque
2941 2365 3069 2402 vero
3102 2366 3132 2403 a
3183 2351 3425 2416 diabolo,

1845 2440 1987 2506 quod
2019 2438 2167 2491 dictu
2201 2438 2365 2491 etiam
2403 2439 2555 2494 nefas
2604 2449 2689 2493 est
2720 2459 2732 2495 :
2773 2440 2914 2496 alius
2950 2442 3023 2496 sit
3067 2453 3306 2511 oportet,
3333 2446 3424 2515 qui

1845 2544 1966 2582 eam
2014 2528 2189 2598 legem
2238 2527 2555 2583 stabilierit.
2609 2528 2709 2584 Hic
2768 2540 2849 2584 est
2906 2532 3073 2600 igitur
3124 2534 3291 2588 totius
3330 2534 3427 2607 ille

1847 2624 2059 2689 mundi,
2103 2639 2405 2692 eorumque
2441 2638 2562 2693 qua:
2613 2624 2666 2678 in
2715 2640 2781 2679 eo
2822 2626 3192 2693 continentur,
3229 2627 3427 2682 artifex

1844 2722 1900 2768 et
1930 2714 2207 2777 conditor,
2256 2712 2323 2767 ab
2356 2713 2573 2767 illorum
2605 2723 2799 2768 natura
2835 2716 3108 2781 diversus,
3154 2727 3210 2772 et
3246 2718 3299 2770 in
3331 2730 3425 2771 eo-

1846 2818 1966 2857 rum
1992 2804 2173 2857 medio
2206 2818 2306 2857 suo
2327 2803 2450 2870 jure
2477 2803 2866 2871 collocandus;
2900 2822 3007 2875 qua
3033 2821 3098 2859 ex
3136 2809 3427 2863 medietate

1845 2893 1958 2962 peti
2008 2894 2125 2963 ejus
2165 2894 2459 2963 appellatio
2492 2902 2689 2965 potest.
2735 2895 2890 2962 Quod
2937 2900 2982 2951 si
3029 2898 3308 2965 perfectus
3336 2898 3428 2954 ille

1847 2984 1987 3039 Deus
2018 2995 2217 3039 natura
2251 3001 2350 3043 sua
2405 2986 2581 3041 bonus
2614 2994 2721 3051 est,
2764 2997 2822 3042 ut
2862 2998 2944 3042 est
2997 3005 3189 3044 revera
3242 2989 3426 3060 (unum

134 3077 371 3133 ἑαυτοῦ
398 3074 684 3143 Πατέρα,ό
709 3078 899 3149 Σωτὴρ
929 3079 1084 3149 ἡμῶν
1121 3080 1455 3151 ἀπεφήνατο,
1488 3080 1545 3132 δν
1578 3079 1738 3144 αὐτὸς

1845 3080 1981 3133 enim
2007 3080 2199 3133 bonum
2230 3095 2341 3134 esse
2364 3079 2554 3144 Deum,
2594 3098 2656 3134 ac
2700 3080 2987 3135 Parentem
3027 3098 3182 3135 suum
3215 3082 3282 3148 “,
3309 3082 3427 3136 Sal-

138 3165 525 3235 ἐφινέρωσεν)
550 3183 563 3194 ·
617 3165 731 3218 ἐστι
788 3166 845 3219 δὲ
896 3168 990 3221 καὶ
1023 3170 1051 3221 6
1087 3168 1188 3238 τῆς
1228 3168 1324 3222 τοῦ
1366 3170 1742 3244 ἀντικειμένου

139 3257 372 3326 φύσεως
416 3255 582 3319 κακός
629 3273 689 3307 τε
735 3258 827 3311 καὶ
860 3258 1116 3328 πονηρὸς,
1155 3261 1212 3311 ὲν
1256 3260 1439 3333 ἀδικίᾳ
1468 3279 1744 3337 χαρακτη-

142 3346 471 3417 ριςὸμενοςο
516 3346 721 3400 τούτων
748 3347 805 3400 δὲ
832 3343 924 3400 οὗν
960 3350 1123 3418 μέσον
1152 3350 1453 3415 καθεστὼς,
1483 3356 1575 3407 καὶ
1607 3356 1743 3428 μήτε

140 3438 359 3506 ἀγαθὸς
399 3436 493 3499 ὢν,
548 3440 685 3509 μήτε
732 3440 829 3508 μὲν
876 3441 1065 3505 κακὸς,
1118 3443 1252 3512 μήτε
1282 3442 1485 3508 ἄδικος,
1513 3444 1656 3509 ἰδίως
1683 3463 1742 3499 τε

138 3524 372 3599 λεχθείη
419 3526 486 3581 ἂν
530 3528 757 3593 δίκαιος,
804 3530 903 3601 τῆς
948 3533 1069 3584 κατ’
1100 3533 1261 3586 αὑτὸν
1300 3533 1639 3608 δικαιοσύνης
1668 3537 1744 3591 ὢν

141 3620 483 3691 βραόευτής.
516 3620 625 3673 Καὶ
649 3621 799 3673 ἔσται
826 3623 924 3692 μὲν
959 3624 1382 3692 καταδεέστερος
1412 3626 1505 3679 τοῦ
1534 3628 1742 3682 τελείου

137 3708 309 3772 Θεοῦ,
356 3709 582 3779 καὶτῆς
613 3711 825 3779 ἐκείνου
858 3711 1202 3784 δικαιοσύνης
1242 3714 1475 3769 ἐλάττων
1522 3712 1675 3781 οὗτος
1715 3720 1744 3773 6

138 3801 303 3864 Θεὸς,
351 3800 447 3852 an
489 3800 551 3871 δὴ
587 3802 680 3852 καὶ
723 3801 981 3873 γεννητὸς
1023 3800 1118 3866 ὢν,
1165 3804 1257 3855 καὶ
1301 3806 1400 3857 οὐκ
1426 3806 1737 3878 ἀγέννητος.

138 3891 242 3957 Εἷς
282 3893 397 3963 γάρ
438 3894 584 3944 ἐστιν
628 3892 921 3964 ἀγέννητος
961 3895 989 3946 6
1028 3894 1237 3965 Πατὴρ,
1282 3895 1341 3959 ἐξ
1378 3892 1437 3950 οῦ
1472 3897 1539 3949 τὰ
1566 3898 1742 3954 πάντα

142 3984 320 4045 ἰδίως,
348 3983 461 4034 τῶν
508 3982 723 4035 πάντων
748 3983 1071 4054 ἠρτημένων
1107 3985 1199 4037 ἀπ’
1230 3986 1413 4038 αὐτοῦ.
1439 3988 1656 4051 Maing
1684 3990 1740 4042 δὲ

139 4078 239 4129 καὶ
261 4073 601 4144 κυριώτερος
629 4072 723 4125 τοῦ
751 4074 1125 4143 ἀντικειμένου
1165 4078 1470 4146 γενήσεται,
1501 4077 1593 4129 καὶ
1626 4079 1741 4130 ἑτέ-

144 4179 244 4233 ρας
280 4161 473 4223 οὐσίας
500 4178 558 4213 τε
601 4163 693 4213 καὶ
716 4161 1215 4229 φύσεως”πεφυκὼς
1244 4164 1395 4235 παρὰ
1422 4165 1519 4234 τὴν
1550 4167 1740 4218 ἐκατέ-

142 4271 256 4324 ρων
288 4252 500 4305 τούτων
525 4253 729 4304 οὐσίαν.
764 4252 868 4305 Τοῦ
908 4254 1007 4322 μὲν
1040 4253 1147 4324 γὰρ
1190 4255 1563 4324 ἀντικειμένου
1590 4257 1739 4311 ἐστὶν

139 4346 174 4415 ἡ
222 4344 391 4396 οὐσία
435 4342 611 4412 φθορά
649 4359 708 4394 τε
752 4344 845 4395 καὶ
876 4343 1086 4406 σκότος,
1118 4344 1300 4407 om;
1328 4343 1437 4414 γὰρ
1465 4340 1616 4408 οὗτος
1648 4347 1740 4399 καὶ

1852 3180 2006 3222 vator
2036 3168 2308 3234 asseruit,
2344 3184 2504 3239 quem
2542 3180 2596 3225 et
2632 3171 2941 3225 hominibus
2987 3166 3263 3245 patefecit)
3294 3192 3307 3239 ;
3341 3187 3426 3231 eat

1847 3270 2029 3314 autem
2080 3270 2136 3315 et
2173 3261 2449 3314 contraria
2506 3271 2702 3315 natura
2748 3262 3032 3331 praeditus,
3068 3264 3244 3318 malus
3272 3265 3425 3320 vitle-

1849 3352 1973 3408 licet
2009 3366 2075 3407 ac
2115 3368 2335 3423 pravus,
2390 3354 2482 3423 qui
2533 3353 2795 3423 injustitia
2832 3353 2978 3408 velut
3021 3358 3240 3425 propria
3296 3364 3425 3411 nota
3520 3396 3535 3401 ε

1846 3445 2365 3510 circumscribitur;
2401 3444 2493 3515 qui
2532 3447 2676 3498 inter
2719 3444 2909 3499 ambos
2946 3444 3068 3499 illos
3101 3445 3425 3514 iuterjectus

1845 3542 1949 3599 est,
1981 3544 2035 3587 ut
2074 3548 2251 3603 neque
2280 3534 2476 3597 bonus,
2516 3548 2693 3602 neque
2721 3535 2893 3588 malus
2937 3536 3005 3590 sit
3040 3547 3132 3590 aut
3167 3536 3421 3605 injustas,

1846 3622 2107 3692 peculiari
2164 3622 2400 3691 quadam
2440 3622 2652 3675 ratione
2691 3623 2871 3692 justus
2902 3624 3162 3693 appellari
3217 3639 3419 3695 potest,

1845 3724 2110 3783 quatenus
2156 3712 2388 3781 iustitiae
2448 3729 2611 3782 quam
2669 3714 2872 3777 habet,
2946 3715 3422 3772 administratione

1845 3803 2105 3873 fungitur.
2139 3806 2317 3874 Atque
2347 3816 2404 3858 et
2437 3803 2677 3872 perfecto
2711 3802 2823 3857 Deo
2855 3804 3059 3869 minor,
3091 3814 3145 3859 et
3192 3804 3421 3871 justitite

1845 3894 1989 3946 illius
2022 3896 2197 3963 impar
2229 3895 2301 3949 sit
2332 3895 2472 3947 idem
2505 3893 2596 3946 ille
2646 3894 2789 3948 Deus
2815 3903 3051 3963 oportet,
3086 3905 3276 3964 utpote
3312 3914 3419 3951 non

1843 3986 2135 4053 ingenitus,
2179 3986 2273 4038 sed
2307 3985 2660 4053 generatione
2707 3983 3027 4053 productus.
3080 3984 3232 4039 Unus
3273 3987 3421 4040 enim

1840 4082 1923 4129 est
1953 4075 2226 4143 ingenitus
2257 4072 2444 4139 Pater,
2490 4091 2519 4126 a
2554 4089 2662 4141 quo
2705 4074 2923 4144 proprie
2962 4083 3089 4128 sunt
3129 4077 3414 4141 universa,

1843 4180 1963 4220 cum
1997 4167 2065 4219 ab
2096 4178 2159 4218 eo
2191 4165 2460 4233 pendeant
2491 4165 2697 4219 omnia.
2741 4165 2857 4219 Erit
2888 4173 3064 4218 tamen
3100 4165 3419 4219 adversario

1840 4258 1934 4313 illo
1965 4257 2139 4313 altero
2172 4257 2346 4326 major
2376 4272 2439 4310 ac
2475 4258 2842 4327 praestantior,
2891 4257 3105 4311 tametsi
3142 4258 3414 4312 diversam

1842 4348 1913 4402 sit
1942 4349 2010 4403 ab
2044 4358 2276 4416 utroque
2324 4357 2577 4402 naturam
2626 4347 3103 4417 substantiamque
3165 4348 3413 4401 sortitus.

141 4428 496 4505 ποὶιεσχεδής
526 4436 568 4465 ⁵⁷
598 4452 611 4464 ο
651 4435 746 4487 τοῦ
775 4435 831 4486 δὲ
862 4436 1076 4507 Πατρὺς
1100 4436 1205 4489 τῶν
1235 4437 1368 4489 ὅλων
1389 4435 1483 4489 τοῦ
1512 4438 1738 4509 ἀγεννή-

1845 4439 1978 4492 Nam
2033 4437 2333 4492 adversarii
2383 4446 2574 4492 natura
2611 4437 2890 4506 corruptio
2917 4446 2999 4490 est
3034 4451 3098 4490 ac
3139 4435 3412 4490 tenebrae:

138 4543 235 4578 του
280 4529 315 4597 ἡ
365 4526 523 4578 οὐσία
567 4526 713 4578 ἐστὶν
754 4525 1031 4596 ἀφθαρσία
1079 4544 1138 4578 τε
1181 4528 1273 4579 καὶ
1315 4527 1427 4595 φῶς
1469 4528 1632 4592 αὐτὸ,
1674 4528 1733 4581 ὃν

139 4617 353 4672 ἁπλοῦν
396 4635 456 4670 τε
481 4620 576 4670 καὶ
607 4616 896 4687 μονοειδές.
936 4618 999 4670 Ἦ
1042 4618 1097 4671 δὲ
1126 4618 1330 4671 τούτων
1364 4619 1519 4671 ουσία
1552 4619 1733 4690 διττὴν

144 4712 247 4781 μέν
274 4727 401 4763 τινα
420 4710 648 4779 δύναμιν
676 4710 1009 4779 προήγαγεν,
1038 4709 1197 4771 αὐτὸς
1220 4709 1276 4761 δὲ
1301 4708 1395 4761 τοῦ
1429 4708 1733 4780 κρείττονός

140 4807 295 4858 ἐστιν
322 4803 507 4857 είκὼν.
533 4803 682 4873 Μηδέ
710 4819 769 4855 σε
811 4801 973 4855 τανῦν
1001 4800 1156 4854 τοῦτο
1191 4801 1485 4871 θορυϐείτω
1503 4842 1516 4864 ,
1546 4801 1732 4854 θέλου-

144 4911 244 4947 σαν
281 4895 498 4964 μαθεῖν,
532 4892 649 4956 πῶς
676 4893 784 4945 ἀπὸ
821 4894 948 4963 μιᾶς
973 4892 1147 4963 ἀρχῆς
1174 4892 1283 4944 τῶν
1312 4892 1448 4945 ὅλων
1480 4891 1649 4963 οὔσης,
1670 4911 1731 4945 τε

141 4985 240 5037 καὶ
264 4984 709 5055 ὁμολογουμένης
737 4986 892 5052 ἡμῖν,
943 4984 1038 5034 καὶ
1082 4984 1542 5053 πεπιστευμένης,
1569 4983 1662 5035 τοῦ
1688 4983 1734 5015 ⁸⁸

141 5077 466 5145 ἀγεννήτου,
502 5076 594 5127 καὶ
640 5074 937 5144 ἀφθάρτου,
986 5075 1080 5126 καὶ
1118 5075 1350 5144 ἀγαθῆς,
1402 5076 1733 5146 συνέστησαν

141 5168 239 5220 καὶ
266 5161 428 5219 αὗται
454 5167 509 5217 αἱ
548 5164 756 5233 φύσεις,
788 5166 823 5235 ἦ
854 5183 912 5217 τε
940 5166 1038 5236 τῆς
1078 5166 1280 5236 φθορᾶς
1306 5167 1399 5218 καὶ
1440 5167 1537 5237 τῆς
1576 5168 1735 5236 μεσό-

140 5274 331 5329 τητος,
378 5257 723 5325 ἀνομοούσιαι
767 5253 927 5309 αὗται
974 5256 1349 5309 καθεστῶσαι·
1386 5258 1478 5310 τοῦ
1524 5258 1730 5326 ἀγαθοῦ

142 5353 312 5419 φύσιν
340 5349 555 5419 ἔχοντος
588 5348 655 5400 τὰ
694 5351 854 5419 ὅμοια
882 5349 1077 5403 ἑαυτοῦ
1110 5351 1204 5402 καὶ
1232 5350 1493 5420 ὁμοούσια
1539 5356 1734 5424 γεννᾷν

140 5459 201 5495 τε
243 5442 343 5494 καὶ
372 5441 684 5511 προφέρειν.
717 5441 954 5513 Μαθήσῃ
983 5441 1124 5512 γὰρ,
1155 5441 1289 5493 Θεοῦ
1320 5442 1572 5507 διδόντος,
1606 5446 1734 5515 ἑξῆς

142 5534 236 5585 καὶ
260 5532 362 5603 τὴν
397 5531 589 5584 τούτου
614 5533 788 5603 ἀρχὴν
810 5549 870 5584 τε
898 5533 989 5585 καλ¹
1018 5532 1288 5603 γέννησιν,
1319 5532 1610 5605 ἀξιουμένη
1635 5536 1735 5605 τῆς

142 5621 511 5692 ἁτωστολικῆς
557 5623 923 5693 παραδόσεως,
972 5624 1038 5694 ἢν
1073 5626 1136 5677 ὲκ
1167 5624 1417 5695 διαδοχῆς
1446 5627 1540 5678 καὶ
1566 5628 1733 5696 ἡμεῖς

1841 4546 1966 4585 cum
2002 4528 2229 4584 materia
2273 4528 2472 4598 quippe
2524 4536 2817 4582 concretus
2846 4537 2927 4581 est
2977 4542 3041 4580 ac
3106 4526 3411 4595 multiplex.

1839 4620 1909 4676 At
1942 4619 2191 4674 Parentis
2236 4619 2478 4675 omnium
2531 4618 2757 4688 ingeniti
2814 4626 3008 4671 natura
3043 4616 3417 4686 corruptionis

1840 4720 1922 4767 est
1947 4726 2165 4783 expers,
2193 4711 2394 4781 luxque
2429 4712 2565 4780 ipsa,
2596 4710 2829 4778 simplex
2862 4720 2916 4763 et
2947 4708 3278 4763 uniusmodi.
3307 4707 3415 4762 llo-

1843 4820 1962 4859 rum
2009 4814 2203 4858 natura
2255 4803 2523 4874 duplicem
2573 4818 2703 4859 sane
2736 4803 2990 4856 virtutem
3035 4800 3262 4870 peperit.
3307 4798 3413 4854 Sed

1837 4897 2100 4953 Conditor
2145 4906 2322 4951 tamen
2372 4898 2485 4966 ipse
2529 4896 2708 4965 imago
2740 4894 3140 4964 praestantioris
3171 4902 3273 4949 est.
3305 4890 3413 4948 Ne-

1833 5005 1940 5060 que
1991 5003 2123 5042 vero
2170 5002 2232 5040 ea
2289 4997 2341 5041 te
2389 5001 2475 5040 res
2522 4988 2829 5056 perturbet,
2883 4986 3027 5039 scire
3072 4984 3408 5053 cupientem,

1834 5080 2104 5149 quomodo
2133 5094 2254 5133 cum
2289 5094 2456 5132 unum
2490 5078 2583 5144 sit,
2632 5087 2686 5132 et
2714 5092 2837 5131 esse
2882 5076 3153 5129 fateamur
3192 5089 3255 5128 ac
3290 5089 3410 5129 cre‘

1834 5172 2045 5237 damus,
2095 5184 2275 5223 rerum
2327 5170 2570 5222 omnium
2617 5167 2978 5235 Principium,
3038 5166 3408 5236 generationis

1832 5276 1989 5331 teque
2029 5276 2093 5315 ac
2146 5259 2514 5329 corruptionis
2563 5274 2761 5329 expers
2790 5298 2804 5322 ,
2869 5258 3121 5325 idemque
3164 5258 3402 5322 bonum;

1832 5353 2004 5406 amba:
2030 5352 2111 5405 hae
2142 5359 2350 5403 naturae
2399 5360 2655 5404 constare
2698 5348 3002 5418 potuerint,
3034 5347 3406 5417 corruptionis

1835 5443 2113 5507 nimirum,
2144 5451 2199 5497 et
2229 5441 2419 5496 media:
2449 5441 2732 5509 cujusdam
2760 5439 3112 5505 conditionis,
3141 5453 3264 5509 qua:
3285 5454 3315 5492 a
3347 5454 3406 5493 se

1832 5534 2065 5588 invicem
2103 5542 2302 5587 natura
2337 5534 2689 5601 discrepent;
2728 5547 2855 5586 cum
2908 5530 2960 5584 id
3001 5531 3143 5587 bono
3178 5531 3403 5585 insitum

1834 5628 1926 5688 sit,
1956 5636 2015 5679 ut
2039 5626 2144 5681 sibi
2182 5639 2347 5696 quam
2379 5624 2676 5692 simillima,
2717 5623 3073 5695 ejusdemque
3099 5638 3283 5680 secum
3316 5638 3407 5679 na-

226 5801 271 5831 "
292 5803 433 5876 Eph.
472 5821 532 5867 ιι,
571 5805 652 5858 15.
726 5806 771 5840 ⁸³
804 5806 961 5860 Rom.
994 5822 1095 5872 vtt,
1132 5808 1223 5865 l2.
1299 5806 1569 5881 “Matth.
1617 5820 1732 5875 XIX,

1845 5844 1853 5861 .
1932 5804 1975 5839 "
2013 5803 2140 5862 Cor.
2168 5800 2523 5875 πολυσχιδής.
2602 5803 2648 5835 ⁸³
2699 5802 2823 5861 Cor.
2858 5800 2980 5876 τῆς.

429 5901 703 5962 ιἈτιιοι..
752 5901 870 5963 Gtt.
918 5901 1057 5965 ΠΙ.

3012 5898 3130 5977 ιι
