3878 6348
453 387 605 443 1991

1414 382 1757 439 APPENDIX
1800 384 1890 438 AD
1929 366 2243 450 QUINQUE
2280 382 2540 439 lRENzEl
2581 384 2855 443 uanos.

3588 394 3695 451 ηοξ

451 518 590 562 turae
621 506 806 576 gignat
838 521 900 561 ac
922 503 1204 575 'proferat.
1236 503 1316 557 Tu
1352 504 1519 570 enim,
1565 503 1868 574 opitulanle
1900 505 2030 568 Deo,

2139 504 2574 575 παρειλήφαμεν,
2613 507 2752 576 μετὰ
2789 506 3005 561 καὶτοῦ
3042 510 3322 565 κανονίσαι
3364 513 3564 575 πάντας
3592 514 3696 576 τοὺς

453 597 614 667 hujus
637 596 962 667 principium
990 610 1054 649 ac
1080 593 1493 663 generationem
1530 594 1719 649 animo
1745 594 2033 663 percipies,

455 690 544 745 ubi
580 689 833 744 traditam
858 686 1151 758 quamdam
1184 686 1251 739 ab
1293 684 1555 752 apostolis
1604 685 1910 739 doctrinam
1940 700 2040 738 au-

454 784 643 846 dieris,
675 795 836 849 quam
871 793 970 834 nos
1002 776 1357 831 successione
1383 776 1617 843 quadam
1650 775 1716 831 ad
1743 790 1842 830 nos
1864 788 2041 844 usque

455 881 806 944 propagatani
838 870 1189 938 accepimus:
1224 882 1349 924 eum
1400 883 1466 923 eo
1509 866 1755 936 quidem,
1786 875 1846 921 ut
1871 866 2035 936 quid-

452 966 583 1036 quid
617 964 903 1019 a‘ﬂ‘erretur
929 964 979 1017 in
1010 963 1270 1026 medium,
1322 961 1376 1015 id
1405 960 1472 1014 ad
1500 959 1804 1014 Salvatoris
1835 960 2039 1014 doctri-

452 1073 575 1112 nam
609 1054 755 1109 velut
792 1052 1033 1122 regulam
1065 1050 1340 1122 exigatur.
1378 1051 1505 1105 llaec
1538 1049 1655 1111 tibi,
1690 1048 1852 1103 Flora
1876 1063 2041 1102 soror

449 1149 800 1214 charissima,
851 1145 1043 1216 paucis
1094 1145 1513 1213 cxplicare‘non
1556 1142 1752 1213 piguit,
1790 1155 2034 1195 summa-

2138 593 2327 660 λόγους
2371 596 2437 664 τῇ
2487 592 2581 647 τοῦ
2634 594 2887 665 Σωτῆρος
2933 596 3271 670 διδασκαλίᾳ.
3323 598 3511 652 Ταῦτά
3550 594 3697 663 σοῃῶ

2139 687 2343 759 ἀδελφή
2377 706 2477 757 μου
2504 687 2719 759 Φλώρα,
2748 690 2813 742 δι’
2834 689 3032 758 ὀλίγων
3052 691 3320 761 εἰρημένα
3344 692 3447 745 οὐκ
3468 689 3696 759 ήτὸνησα,

2140 783 2234 835 καὶ
2262 785 2321 836 τὸ
2349 786 2448 855 τῆς
2493 787 2785 858 συντομίας
2814 789 3136 860 προέγραψα
3158 806 3171 818 ’
3204 790 3320 861 ἅμα
3358 791 3457 860 μὲν
3497 789 3556 842 τὸ
3588 806 3697 859 προ-

2139 876 2391 946 κείμενον
2426 878 2793 951 ἀποχρώντως
2817 880 3070 951 ὲξέφηνα.
3107 883 3172 932 "A
3200 882 3292 933 καὶ
3314 883 3394 944 είς
3416 880 3485 933 τὰ
3512 880 3627 949 ἑξῆς
3644 883 3699 933 τὰ

2142 966 2376 1036 μέγιστά
2417 985 2497 1021 σοι
2542 968 2939 1040 συμϐαλεῖται,
2978 970 3073 1023 ἐάν
3104 987 3166 1038 γε
3194 1011 3208 1034 ,
3248 970 3323 1033 ὡς
3361 969 3503 1040 καλὴ
3539 972 3603 1039 γῆ
3627 972 3727 1022 καὶ.

2137 1056 2316 1128 ἀγαθὴ
2342 1098 2356 1121 ,
2401 1059 2641 1129 γονίμων
2669 1060 3002 1130 σπερμάτων
3040 1060 3302 1131 τυχοῦσα,
3329 1060 3420 1112 τὸν
3460 1059 3698 1113 διἀὖτῶν

2137 1147 2348 1217 καρπὸν
2386 1148 2693 1220 ἁναδείξῃς.

451 1244 660 1310 titnque
694 1240 1000 1311 praescripsi
1034 1239 1148 1294 :ita
1222 1249 1401 1294 tamen
1437 1246 1495 1293 ut
1534 1238 1681 1307 quod
1720 1245 1839 1292 erat
1902 1237 2241 1305 propositum
2264 1280 2281 1307 ,
2312 1252 2592 1311 ,quantum
2646 1246 2811 1301 satis-
2845 1254 3016 1307 esset,
3068 1245 3488 1301 declarareriut.
3554 1243 3697 1309 Quam

449 1350 567 1391 rem
596 1337 865 1403 deinceps
912 1349 1111 1403 magno
1166 1334 1261 1388 tibi
1309 1334 1427 1388 usui
1498 1336 1615 1388 fore
1666 1330 1921 1387 confido:
1997 1331 2041 1386 si
2080 1335 2280 1405 modo,
2312 1338 2538 1407 perinde
2592 1353 2658 1395 ac
2690 1340 2868 1395 bonus
2896 1355 3028 1410 ager
3055 1352 3110 1396 et
3139 1340 3445 1409 fecundusf,
3503 1344 3698 1405 excepta

448 1428 656 1485 semina
692 1425 965 1481 fructuum
996 1425 1246 1481 ubertate
1277 1440 1623 1494 compenses.

1403 1661 1564 1733 362
1598 1664 2154 1729 HERACLEONIS
2190 1668 2708 1757 FRAGMENTA.

445 1802 822 1879 Fragmenta
866 1791 1272 1855 Heracleom's
1297 1793 1997 1935 Commentczt'gorunsttin
2026 1797 2092 1856 S.
2117 1796 2317 1935 tLucae
2344 1796 2776 1938 Eggggelium,
2818 1814 2898 1858 ex
2946 1796 3279 1861 Clementis
3305 1794 3702 1859 Alexandrini

1659 1890 1675 1932 ι
1728 1919 1742 1934 .
1774 1891 1835 1934 1v
1932 1890 2107 1936 roma
2143 1918 2183 1938 ..
2215 1893 2362 1938 naa.
2524 1922 2539 1937 .

1659 1890 1742 1934 to.
1774 1891 1835 1934 ιν
1861 1890 2183 1948 atromat.,
2207 1893 2362 1953 pag.
2400 1890 2539 1938 502.

515 2006 670 2059 Hunc
711 2002 891 2057 locum
942 2001 986 2031 ⁸⁸
1032 2012 1318 2066 exponens
1366 1996 1709 2062 lleracleon,
1760 1996 1915 2065 cujus
1968 1999 2022 2053 in

2201 1999 2403 2053 Τοῦτον
2431 2000 2795 2072 ἐξηγούμενος
2837 2002 2929 2055 τὸν
2974 2001 3139 2054 τόπον
3178 2000 3521 2071 Ἡρακλέων,
3562 2001 3589 2052 ὁ
3622 1997 3701 2067 τῆς

444 2096 631 2153 schola
662 2091 936 2149 Valentini
968 2090 1070 2143 fuit
1103 2089 1338 2142 maxima
1373 2089 1736 2154 existimatio,
1778 2089 1864 2144 his
1898 2102 2028 2142 ver-

448 2190 529 2243 bis
558 2188 711 2250 dicit,
770 2181 1169 2238 confessionem
1212 2180 1430 2251 quidem
1486 2196 1651 2235 unam
1683 2195 1805 2235 esse
1848 2181 1953 2236 ﬁde
1977 2191 2031 2237 et

444 2282 569 2334 Viue
618 2277 986 2339 institutione,
1042 2274 1273 2329 alteram
1308 2288 1438 2327 vero
1470 2288 1624 2328 voce.
1680 2274 1860 2343 Atque
1910 2289 2031 2342 quae

444 2373 505 2425 fit
538 2370 755 2440 quidem
788 2381 922 2421 voce
942 2364 1240 2428 confessio,
1263 2364 1323 2419 fit
1345 2365 1510 2418 etiam
1537 2365 1677 2434 apud
1702 2373 2028 2433 potestates,

442 2474 608 2528 quam
634 2460 827 2523 solam,
862 2456 1061 2524 inquit,
1100 2453 1255 2508 multi
1291 2469 1395 2507 non
1442 2463 1591 2507 recte
1626 2452 2028 2508 confessionem

443 2568 567 2606 esse
621 2549 981 2612 existimant;
1040 2554 1269 2615 possunt
1321 2554 1503 2599 autem
1547 2546 1652 2600 hac
1687 2545 2033 2600 confessione

443 2644 518 2698 uti
552 2643 717 2698 etiam
752 2638 1078 2710 hypocritac.
1117 2636 1225 2691 Sed
1254 2651 1433 2705 neque
1460 2636 1548 2691 hic
1584 2651 1764 2691 sermo
1800 2650 2030 2707 genera-

442 2738 569 2791 liter
596 2736 773 2790 dictus
800 2730 1261 2801 deprehendetur.
1290 2728 1407 2802 Non
1464 2730 1608 2784 enim
1657 2744 1848 2783 omnes
1869 2769 1885 2793 ,
1934 2727 2029 2798 qui

442 2828 578 2882 salvi
623 2827 780 2889 fiunt,
810 2840 873 2878 ea
903 2822 1273 2882 confessione.
1301 2835 1421 2889 qum
1453 2836 1587 2875 voce
1636 2820 1716 2882 fit,
1764 2821 1845 2873 usi
1878 2830 2027 2886 sunt,

441 2931 497 2974 ct
526 2930 814 2973 excessere
842 2930 857 2967 :
893 2928 961 2968 ex
994 2913 1198 2983 quibus
1231 2921 1316 2966 est
1362 2911 1676 2976 Matthaeus,
1719 2910 2028 2981 Philippus,

443 3011 706 3073 Thomas,
745 3005 925 3069 Levis,
958 3012 1013 3058 et
1044 3003 1136 3057 alii
1168 3003 1344 3056 multi.
1371 3002 1603 3056 Accedit
1630 3001 1775 3069 quod
1800 3016 1885 3068 ea,
1911 3018 2031 3070 qua:

441 3116 576 3156 voce
603 3078 662 3153 lit
686 3097 986 3161 confessio,
1018 3110 1127 3148 non
1158 3094 1491 3149 universalis
1520 3102 1625 3157 est,
1659 3095 1753 3148 sed
1788 3094 2032 3161 particu-

440 3191 618 3255 laris;
652 3188 927 3259 generalis
950 3194 1159 3249 autem,
1184 3186 1251 3239 de
1287 3200 1392 3253 qua
1417 3201 1561 3240 nunc
1602 3184 1842 3254 loquitur
1877 3184 2031 3255 (Ser-

440 3279 660 3347 vatur),
695 3292 757 3330 ea
790 3284 874 3330 est
896 3289 1019 3343 qua:
1050 3273 1110 3327 ﬁt
1141 3274 1303 3329 factis
1326 3282 1380 3329 et
1410 3276 1689 3344 operibus,
1722 3275 1771 3330 ei
1797 3290 1919 3344 quae
1946 3284 2030 3330 est

2132 2090 2486 2143 Οὐαλεντίνου
2512 2092 2711 2161 σχολῆς
2753 2089 3142 2162 δοκιμώτατος,
3170 2092 3313 2144 κατὰ
3344 2090 3496 2154 λέξιν
3544 2090 3700 2157 φησὶν,

2130 2179 2421 2250 ὁμολογίαν
2450 2179 2590 2234 εἶναι
2626 2183 2738 2253 τὴν,
2775 2182 2874 2252 μὲν
2903 2184 2961 2234 ὲν
2995 2184 3071 2253 ’τῇ
3103 2183 3285 2234 πίστει
3317 2182 3414 2234 καὶ
3461 2180 3699 2247 πολιτείᾳ.

2130 2272 2229 2342 τὴν
2260 2272 2316 2324 δὲ
2344 2273 2403 2324 ὲν
2444 2276 2617 2343 φωνῇ.
2663 2274 2728 2325 'H
2775 2275 2873 2343 μὲν
2912 2269 3005 2327 οῦν
3048 2275 3105 2326 ὲν
3148 2276 3299 2342 φωνῇ
3343 2272 3605 2343 ὁμολογία
3628 2269 3702 2323 καὶ

2131 2363 2351 2417 ἐπὶτῶν
2388 2364 2646 2428 ἐξουσιῶν
2686 2365 2933 2433 γίνεται·
2968 2366 3034 2436 ἢν
3067 2366 3267 2435 μόνην,
3302 2365 3498 2434 φησιν,
3542 2361 3702 2433 ὁμολο-

2131 2455 2255 2523 γίαν
2289 2455 2545 2525 ἡγοῦνται
2574 2451 2715 2509 εἶναι
2749 2458 2798 2508 oi
2836 2456 3022 2509 πολλοὶ
3040 2475 3068 2519 ,·
3098 2457 3197 2526 οὐχ
3229 2455 3399 2523 ὑγιῶς
3426 2473 3442 2487 ο
3482 2454 3702 2506 δύνανται

2130 2548 2187 2600 δὲ
2221 2546 2424 2616 ταύτην
2448 2547 2547 2616 τὴν
2576 2546 2865 2616 ὁμολογίαν
2896 2549 2991 2599 καὶ
3018 2550 3066 2599 oi
3099 2546 3390 2616 ὑποκριταὶ
3422 2546 3699 2617 ὁμολογεῖν.

2144 2636 2282 2689 Ἀλλ’
2306 2638 2414 2690 οὐδ’
2446 2638 2801 2709 εὑρεθήσεται
2828 2630 2984 2701 οὗτος
3011 2640 3039 2691 ὁ
3060 2637 3216 2705 λόγος
3242 2636 3555 2699 καθολικῶς
3581 2638 3704 2705 εἰρη-

2135 2728 2311 2798 μένος.
2342 2729 2415 2782 Οὑ
2450 2728 2560 2798 γὰρ
2584 2729 2783 2793 πάντες
2825 2732 2874 2783 οἱ
2905 2729 3201 2801 σωζόμενοι
3228 2730 3593 2801 ὡμολόγησαν
3625 2727 3705 2797 τὴν

2130 2819 2219 2873 διὰ
2247 2820 2347 2890 τῆς
2388 2822 2572 2891 φωνῆς
2612 2821 2923 2891 ὁμολογίαν,
2956 2824 3048 2875 καὶ
3091 2822 3309 2893 ἐξῆλθον
3334 2839 3347 2852 ⁸
3381 2823 3456 2886 ἐξ
3482 2816 3555 2874 ὧν
3578 2822 3705 2874 Ματ-

2133 2910 2310 2973 θαῖος,
2333 2911 2616 2975 Φίλιππος,
2639 2912 3097 2983 Θωμᾶς,Λευτς⁷⁰,
3121 2916 3214 2966 καὶ
3239 2913 3381 2968 ἄλλοι
3403 2911 3704 2966 muenia!

2131 3001 2277 3056 ἔστιν
2315 3006 2348 3073 ὴ
2394 3004 2483 3056 διὰ
2512 3004 2611 3074 τῆς
2653 3005 2838 3075 φωνῆς
2875 3006 3135 3075 ὁμολογία
3172 3007 3232 3059 οὐ
3264 3006 3568 3077 καθολικὴ,
3592 3004 3702 3058 ἀλλᾶ

2135 3096 2333 3166 μερική
2355 3113 2367 3124 ·
2402 3094 2664 3166 καθολικὴ
2694 3095 2771 3161 δὲ,
2805 3096 2871 3166 ἣν
2896 3097 2991 3149 νῦν
3019 3096 3187 3165 λέγει,
3213 3098 3311 3168 τὴν
3335 3100 3392 3149 ὲν
3426 3100 3606 3171 ἔργοις
3628 3099 3703 3149 καὶ

2132 3183 2363 3253 πράξεσι
2391 3184 2749 3256 καταλλήλοις
2776 3188 2876 3257 τῆς
2908 3188 2988 3251 εἰς
3017 3188 3179 3241 αὐτὸν
3205 3188 3471 3253 πίστεως.
3500 3192 3701 3244 “Eiram

2132 3273 2187 3327 δὲ
2218 3275 2390 3349 ταύτῃ
2419 3280 2484 3348 τῇ
2516 3277 2775 3349 ὁμολογία
2798 3278 2891 3331 καὶ
2918 3281 2950 3349 ἡ
2980 3280 3203 3351 μερικὴ,
3241 3283 3274 3351 ἡ
3304 3281 3394 3333 ἐπὶ
3429 3284 3543 3335 τῶν
3578 3283 3703 3347 ἐξου-

445 3372 497 3424 ἰη
534 3343 710 3438 ipsunt
747 3367 871 3421 fidei
917 3343 1565 3436 congruentibus.llianc
1598 3374 1783 3419 autem
1813 3343 2030 3421 confes-

2137 3365 2287 3430 σιῶν,
2433 3343 2563 3440 δέῃ,
2587 3343 2921 3436 καὶ-ὁνλόγος
2939 3343 3077 3442 αἶρέ]
3105 3343 3197 3426 “.r
3219 3343 3577 3444 ’ὁμολογήσει
3613 3343 3703 3442 γὰρ

441 3462 653 3516 sionem
703 3458 958 3527 sequitur
1001 3458 1168 3511 etiam
1217 3457 1591 3526 particularis,
1624 3470 1745 3524 qum
1794 3456 1855 3510 fit
1884 3457 2030 3526 apud

444 3559 762 3622 potestates,
793 3550 837 3604 si
866 3564 1002 3617 Opus
1028 3549 1216 3614 fuerit,
1244 3558 1299 3603 et
1332 3548 1472 3601 ratio
1500 3548 1555 3601 id
1584 3549 1857 3618 exegerit.
1890 3548 2027 3603 Nam

441 3648 491 3699 is
527 3658 662 3697 voce
703 3655 921 3711 quoque
967 3651 1115 3695 recte
1163 3640 1559 3704 confitebitur,
1607 3641 1696 3693 tibi
1741 3639 2029 3697 affectione

440 3734 595 3804 prius
632 3741 782 3787 reCte
812 3730 979 3784 fuerit
1017 3728 1327 3783 confessus.
1363 3727 1596 3783 Pulchre
1627 3737 1810 3782 autem
1843 3730 1910 3785 de
1937 3730 2026 3793 iis,

437 3824 531 3893 qui
560 3822 893 3877 confitentur
928 3820 1172 3895 quidem,
1206 3823 1260 3872 in
1286 3835 1387 3886 me,
1426 3819 1564 3873 dixit
1592 3835 1607 3884 ;
1645 3820 1710 3873 de
1743 3819 1808 3874 iis
1844 3831 2026 3874 autem

440 3915 533 3981 qui
561 3922 788 3982 negant,
825 3928 903 3964 me
933 3907 1291 3980 (simpliciter)
1318 3908 1596 3978 apposuit.
1646 3907 1783 3962 Nam
1822 3909 1879 3974 ii,
1924 3910 2027 3964 etsi

440 4006 621 4075 ipsum
646 4018 777 4058 voce
806 4003 1041 4058 confessi
1073 4001 1303 4063 fuerint,
1340 4002 1518 4070 ipsum
1553 4016 1775 4071 negant,
1807 4003 2028 4058 actione

441 4099 670 4151 minime
694 4096 1043 4151 confitentes.
1065 4093 1102 4147 li
1125 4103 1307 4147 autem
1339 4093 1440 4147 soli
1471 4095 1524 4147 in
1546 4094 1663 4164 ipso
1691 4096 2028 4151 confitentur

438 4190 532 4261 qui
549 4189 603 4243 in
634 4203 695 4243 ea
731 4202 851 4256 qua:
873 4196 955 4241 est
977 4189 1030 4239 in
1058 4186 1231 4253 ipsum
1258 4185 1609 4240 confessione
1631 4188 1920 4242 et‘actione
1944 4188 2028 4241 vi-

439 4290 574 4335 vunt
597 4298 610 4333 :
634 4277 689 4333 in
705 4278 903 4348 quibus
920 4277 1032 4347 ipse
1047 4276 1364 4342 confitetur,
1386 4286 1571 4345 utpote
1586 4277 1680 4345 qui
1698 4277 2027 4346 complecta-

439 4384 530 4426 tur
562 4373 704 4437 illos,
729 4382 785 4426 et
806 4371 904 4439 ipsi
932 4385 1056 4424 eum
1085 4366 1544 4438 complectantur.
1581 4368 1851 4435 Quocirca
1889 4387 2027 4423 nun-

438 4482 598 4536 quam
620 4475 786 4533 potest
807 4465 1035 4530 seipsum
1064 4477 1251 4530 negare
1269 4462 1339 4512 τ’.
1360 4461 1491 4514 Eum
1509 4470 1691 4515 autem
1715 4470 1916 4530 negant
1933 4461 2023 4529 qui

441 4570 548 4608 non
568 4564 695 4609 sunt
718 4554 772 4605 in
795 4554 931 4621 ipso.
953 4552 1066 4605 Non
1082 4552 1223 4605 enim
1242 4552 1404 4616 dixit,
1423 4553 1514 4619 qui
1548 4553 1830 4619 negaverit
1845 4552 1897 4606 in
1920 4570 2023 4618 me,

439 4648 533 4701 scd
553 4663 652 4701 me.
680 4644 869 4699 Nullus
888 4644 1032 4697 enim
1060 4656 1297 4709 unquam
1313 4642 1405 4709 qui
1430 4642 1501 4695 sit
1521 4643 1573 4695 in
1600 4642 1713 4705 illo,
1733 4642 1907 4710 ipsum
1933 4657 2029 4696 ne-

2132 3454 2286 3522 οῦτος
2330 3461 2422 3513 καὶ
2462 3463 2527 3531 τῇ
2562 3464 2711 3532 φωνῇ
2745 3461 2941 3533 ὀρθῶς,
2975 3464 3429 3536 προομολογήσας
3465 3469 3701 3538 πρότερον

2131 3550 2197 3618 τῇ
2224 3547 2479 3601 διαθέσει.
2509 3550 2620 3602 Καὶ
2658 3550 2859 3614 καλῶς,
2894 3553 2987 3604 ἐπὶ
3028 3552 3263 3622 μὲν’τῶν
3292 3555 3700 3625 ὁμολογούντων,

2134 3638 2204 3691 ἐν
2235 3639 2387 3707 ἐμοὶ,
2420 3636 2594 3706 εἶπεν,
2626 3643 2720 3695 ἐπὶ
2749 3642 2806 3695 δὲ
2819 3642 2931 3695 τῶν
2957 3644 3311 3715 ἀρνουμένων
3338 3646 3398 3698 τὸ
3424 3648 3535 3717 ἐμὲ
3560 3664 3703 3718 προσ-

2133 3730 2348 3801 έθηκεν.
2401 3727 2560 3785 Οὗτοι
2611 3733 2739 3804 γὰρ,
2768 3733 2869 3787 κᾶν
2902 3737 2962 3804 τῇ
3006 3738 3156 3805 φωνῇ
3183 3736 3594 3807 ὁμολογήσωσιν
3624 3738 3703 3788 αὐ·

2132 3820 2243 3885 τὸν,
2292 3821 2583 3892 ἀρνοῦνται
2622 3824 2783 3876 αὑτὸν
2807 3862 2821 3887 ,
2852 3826 2918 3894 τῇ
2956 3824 3153 3894 πράξει
3186 3826 3261 3896 μὴ
3308 3825 3696 3895 ὁμολογοῦντες.

2131 3915 2297 3967 Μόνοι
2336 3914 2390 3967 δὲ
2420 3915 2477 3966 ὲν
2523 3914 2671 3984 αὑτῴ
2717 3914 3071 3985 ὁμολογοῦσιν
3128 3919 3177 3969 οἰ
3219 3920 3277 3970 ὲν
3304 3921 3369 3988 τῇ
3401 3920 3530 3973 κατ’
3562 3920 3699 3973 αὑτὸν

2130 4003 2392 4074 ὁμολογία
2428 4005 2520 4056 καὶ
2559 4004 2755 4075 πράξει
2791 4002 3050 4074 βιοῦντες·
3087 4007 3144 4058 ὲν
3168 4002 3249 4070 οἷς
3279 4010 3372 4061 καὶ
3403 4012 3569 4074 αὐτὸς
3588 4014 3697 4079 611.c-

2130 4093 2296 4161 λογεῖ,
2333 4093 2721 4165 ἐνειλημμένος
2749 4094 2966 4156 αὐτοὺς,
3012 4097 3104 4148 καὶ
3146 4098 3403 4168 ἐχόμενος
3453 4102 3557 4153 ὑπὸ
3592 4098 3698 4151 τού-

2129 4199 2258 4235 των.
2281 4183 2481 4253 Διόπερ
2502 4184 2881 4251 ἀρνήσασθαι
2905 4188 3121 4242 ἑαυτὸν
3139 4188 3432 4242 οὐδέποτε
3450 4190 3693 4242 δύναται.

2143 4271 2454 4342 Ἀρνοῦνται
2478 4273 2534 4325 δὲ
2558 4273 2719 4326 αὐτὸν
2748 4278 2795 4328 οἱ
2838 4277 2911 4347 μὴ
2937 4278 3089 4340 ὄντες
3120 4279 3178 4329 ὲν
3208 4276 3378 4346 αὐτῷ.
3403 4279 3481 4331 Οὐ
3511 4295 3613 4348 γαρ
3635 4271 3700 4327 εἷ·-

2130 4381 2231 4416 πεν
2251 4404 2265 4427 ,
2302 4362 2360 4426 ὃς
2420 4365 2721 4435 ἁρνήσηται
2755 4367 2826 4419 ἐν
2856 4367 3028 4435 ἐμοὶ,
3069 4367 3181 4420 ἀλλ’
3214 4368 3319 4437 ἐμέ
3340 4386 3354 4399 °
3399 4370 3572 4432 οὐδεὶς
3606 4369 3696 4438 γάρ

2130 4470 2260 4505 ποτε
2284 4455 2359 4507 ὢν
2398 4456 2457 4507 ὲν
2486 4454 2655 4525 αὐτῷ,
2689 4458 2931 4527 ἀρνεῖται
2956 4460 3149 4512 αὐτόν.
3174 4460 3247 4512 Τὸ
3272 4460 3355 4523 δὲ,
3378 4461 3697 4529 ἔμπροσθεν

2128 4544 2247 4599 τῶν
2270 4545 2615 4612 ἀνθρώπων,
2638 4549 2731 4600 καὶ
2753 4549 2863 4602 τῶν
2888 4548 3229 4620 σωζομένων,
3253 4554 3471 4605 καὶτῶν
3491 4552 3694 4606 ἐθνικῶν

2128 4635 2183 4688 δὲ
2244 4636 2473 4706 ὁμοίως·
2526 4640 2656 4708 παρ’
2699 4635 2780 4702 οἷς
2831 4640 2928 4709 μὲν
2977 4641 3069 4693 καὶ
3126 4644 3193 4710 τῇ
3247 4642 3531 4714 πολιτείᾳ,
3583 4640 3701 4711 παρ’.

438 4697 1443 4806 gai.Illudautem,corauzltominiims,
1465 4731 1532 4784 de
1548 4697 1889 4784 confessione
1907 4746 2025 4799 quae
2056 4697 2100 4751 ἶ)
2132 4723 2212 4790 οἷς
2336 4697 2435 4780 και
2455 4731 2520 4800 τῇ
2554 4697 2723 4801 φωνῇ.
2760 4697 2967 4801 *Διὸπερ
2998 4697 3338 4802 ἀρνήσασθαι
3377 4697 3538 4787 αὐτὸν
3568 4697 3711 4785 οὐδὲ.

440 4828 499 4881 fit
520 4842 703 4881 coram
739 4826 805 4880 iis
823 4824 916 4894 qui
942 4823 1075 4877 salvi
1102 4823 1255 4884 fiunt,
1276 4835 1429 4890 teque
1445 4835 1509 4874 ac
1524 4836 1709 4875 coram
1735 4821 2025 4891 gentilibus

2134 4836 2262 4870 ποτε
2310 4819 2595 4872 δύνανται·
2645 4822 2935 4893 ἀρνοῦνται
2978 4824 3034 4876 δὲ
3069 4825 3229 4879 αὐτὸν
3272 4828 3320 4878 oi
3364 4827 3439 4897 μὴ
3481 4826 3624 4887 ὄντες
3644 4826 3691 4875 ὲν

442 4916 805 4986 intelligitur;
864 4913 1005 4982 apud
1056 4912 1195 4967 alios
1227 4911 1445 4980 quidem
1476 4911 1604 4965 vita:
1655 4910 2022 4976 institutione,
2133 4909 2307 4980 αὐτῷ.

437 5013 579 5083 apud
604 5012 742 5067 alios
757 5025 886 5065 vero
902 5009 1067 5065 etiam
1087 5007 1618 5074 voce.Quamobrem
1642 5021 1920 5075 nunquam
1941 5014 2168 5075 possunt
2186 5005 2288 5075 ipsi
2314 5022 2541 5076 negare;
2562 5022 2685 5063 eum
2707 5016 2888 5065 autem
2904 5018 3102 5081 negant
3125 5012 3216 5079 qui
3234 5025 3343 5065 non
3361 5021 3483 5065 sunt
3502 5025 3553 5065 ιιι
3568 5021 3688 5079 ipso.

435 5316 541 5376 Ex
566 5311 823 5391 Eclogis
848 5312 1241 5391 propheticis
1265 5309 1592 5372 Clementis
1628 5308 1839 5391 Αιεαη
1871 5318 2016 5371 ante
2038 5309 2430 5391 inediam}.
2467 5307 2607 5381 202,
2642 5306 2927 5371 Auctarii
2959 5307 3288 5368 novissimi
3314 5303 3692 5367 Bibliothecc

1720 5389 1985 5449 Patrum
2017 5386 2398 5466 Combeﬁst’i.

508 5497 739 5564 Quidam
780 5511 931 5561 vero,
980 5504 1039 5551 ut
1086 5496 1162 5549 ait
1197 5494 1520 5561 Heracleon,
1564 5494 1691 5564 igne
1722 5494 2012 5564 signarunt

2198 5492 2363 5545 Ἔνιοι
2407 5491 2484 5555 δὲ,
2516 5489 2590 5552 ὥς
2618 5507 2782 5561 φησιν
2821 5489 3155 5560 Ἡρακλέων,
3191 5490 3324 5559 πυρὶ
3366 5485 3433 5540 τὰ
3454 5477 3573 5539 ὦτα
3596 5480 3693 5533 τῶν

432 5598 595 5639 aures
615 5597 827 5647 eorum,
856 5583 949 5651 qui
989 5584 1337 5651 baptismatis
1374 5583 1611 5655 sigillum
1637 5594 2009 5655 acceperunt,

2133 5581 2574 5654 σφραγιζομένων
2598 5583 3070 5653 κατεσημήναντο,
3099 5580 3273 5645 οὕτως
3296 5577 3620 5637 ἀκούσαντες
3639 5569 3693 5622 τὸ

433 5673 510 5730 ita
543 5674 905 5745 intelligentes
932 5674 1331 5745 Apostolicum.

2137 5675 2542 5729 Ἀποστολικόν.

518 5827 564 5862 ⁸³
591 5828 722 5886 Luc.
761 5846 854 5891 χιι.
885 5831 939 5887 8.
1025 5831 1070 5863 ⁷³³
1099 5829 1357 5887 actaacta»
1391 5845 1711 5901 coanomcn.
1782 5833 1825 5864 '“
1875 5832 2004 5903 Leg.

2133 5834 2181 5904 ῇ.
2264 5833 2306 5864 ’⁸
2350 5831 2391 5887 ll
2421 5828 2557 5887 Tim.
2592 5846 2649 5896 ll,
2688 5832 2767 5886 l5.
