3878 6348
242 393 389 457 1293

1452 390 1877 458 FRAGMENTA
1916 372 2287 460 GNOSTICA.

3369 396 3504 463 iam

235 514 630 602 Fragmenta
668 515 1543 602 Commentariiﬂeracleonis
1569 523 1634 581 in
1661 523 1727 583 S.
1761 523 2029 602 Joannis
2053 521 2483 601 Evangelium,
2512 543 2589 584 ex
2613 523 2903 602 Origenis
2944 526 3127 584 tomis
3162 526 3227 585 in
3271 526 3508 586 dictum

323 592 758 683 Epangelium.
791 595 843 653 Α
878 596 955 657 cl.
980 596 1216 655 Grabio
1249 600 1571 683 recognitis
1603 610 1657 660 et
1689 600 2004 683 emendata
2036 619 2116 683 ea:
2143 592 2287 683 mss.
2325 592 2505 663 codd.
2543 592 2927 663 biblio'theca:
2951 601 3331 677 Bodleiunw,
3357 605 3502 683 Spia-

322 674 509 751 cileg.
544 673 786 745 haret.,
824 691 960 734 saec.
995 692 1061 746 ιι,
1092 691 1244 751 pag.
1278 677 1356 736 85
1387 673 1441 736 et
1465 696 1627 756 seqq.
1652 713 1726 722 —
1750 678 1857 737 Ea:
1885 688 2033 741 tom.
2060 680 2140 751 ll,
2169 697 2230 757 p.
2258 682 2358 741 60.

313 775 514 838 Βιαίως
539 771 691 845 οἶμαι
716 776 809 828 καὶ
831 777 998 847 χωρὶς
1032 778 1330 850 μαρτυρίου
1354 780 1446 831 τὸν
1473 781 1827 833 Οὐαλεντίνου

2000 782 2255 837 Arbitror
2303 782 2719 849 Heracleoncm,
2762 784 2854 853 qui
2885 783 3091 839 dicitur
3129 798 3248 840 esse
3280 780 3508 839 familia-

234 866 536 937 λεγόμενον
563 863 703 925 εἶναι
733 865 1007 938 γνώριμον
1051 869 1398 940 Ἡρακλέωνα
1418 912 1432 936 ,
1479 872 1833 943 διηγούμενον

236 957 324 1023 τὸ,
357 956 557 1011 Πάντα
576 955 650 1007 δι’
673 958 859 1011 αὐτοῦ
890 958 1148 1026 ἐγένετο,
1178 959 1516 1030 ἐξειληφέναι
1549 964 1727 1017 πάντα
1742 965 1833 1018 τὸν

236 1050 450 1120 κόσμον
493 1050 585 1102 καὶ
611 1049 677 1102 τὰ
710 1052 766 1103 ὲν
801 1049 968 1119 αὐτῷ,
995 1050 1310 1107 ὲκκλείοντα
1341 1053 1455 1107 τῶν
1483 1056 1745 1121 πάντων,
1772 1058 1833 1110 τὸ

234 1140 369 1192 ὅσον
395 1140 486 1193 ἐπὶ
518 1142 583 1210 τῇ
609 1142 860 1194 ὑποθέσει
890 1144 1073 1207 αὑτοῦ,
1115 1142 1183 1196 τὰ
1215 1144 1307 1196 τοῦ
1342 1145 1568 1214 κόσμου,
1598 1148 1692 1200 καὶ
1722 1148 1831 1200 τῶν

236 1234 302 1284 ὲν
325 1232 476 1301 αὑτῷ
496 1232 839 1306 διαφέροντα.
863 1236 1001 1305 Φησὶ
1037 1235 1145 1307 γὰρ
1172 1238 1242 1289 οὐ
1267 1238 1371 1289 τὸν
1396 1237 1581 1292 αἰῶνα
1604 1240 1641 1306 ἢ
1670 1240 1741 1292 τὰ
1762 1241 1832 1293 ἐν

236 1322 321 1387 τῷ
346 1321 513 1376 αἰῶνι
537 1324 837 1393 γεγονέναι
853 1327 950 1381 διὰ
971 1328 1076 1381 τοῦ
1098 1312 1313 1401 Λόγου,
1333 1329 1488 1383 ἅτινα
1518 1326 1692 1383 οἴεται
1724 1333 1831 1404 πρὸ

238 1414 339 1466 τοῦ
392 1415 565 1483 Λόγου
606 1418 907 1484 γεγονέναι.
976 1419 1376 1491 Ἀναιδέστερον
1427 1422 1483 1474 δὲ
1544 1424 1831 1494 ἱστάμενος

238 1506 386 1576 πρὸς
410 1506 504 1558 τό·
536 1507 647 1560 Καὶ
682 1509 861 1576 χωρὶς
893 1510 1081 1564 αὑτοῦ
1133 1509 1370 1580 ἐγένετο
1418 1511 1563 1565 οὐδὲ
1610 1512 1680 1565 ἓν
1730 1513 1828 1582 (μὴ

238 1597 639 1668 εὐλαϐούμενος
661 1600 740 1663 τὸ,
773 1600 870 1667 Μὴ
928 1600 1198 1669 προσθῇς
1230 1602 1356 1668 τοῖς
1385 1604 1589 1672 λόγοις
1619 1603 1826 1666 αὐτοῦ,

237 1686 443 1755 ἵναμὴ
476 1688 690 1758 ἐλέγξῃ
717 1704 810 1754 σε,
840 1691 939 1744 καὶ
983 1691 1218 1759 ψευδὴς
1258 1691 1447 1761 γένῃ),
1500 1693 1824 1763 προστίθησι

146 1844 149 1847 Α
237 1776 342 1845 τῷ,
379 1777 520 1831 οὐδὲ
538 1777 627 1842 ἓν,
650 1778 768 1831 τῶν
792 1780 861 1832 ἐν
881 1779 961 1845 τῷ
1006 1780 1212 1849 κόσμῳ
1234 1782 1334 1834 καὶ
1377 1774 1686 1852 τῇκτίσει.
1719 1780 1831 1838 Καὶ

243 1869 382 1922 ἐπεὶ
425 1870 679 1941 προφανῆ
726 1872 841 1923 ἐστι
896 1872 964 1923 τὰ
995 1872 1085 1925 ὑπ’
1130 1869 1294 1925 αὐτοῦ
1320 1872 1587 1944 λεγόμενα
1629 1874 1830 1946 σφόδρα

247 1960 607 2032 βεὸιασμένα,
636 1963 731 2015 καὶ
781 1964 930 2041 παρᾲ
956 1964 1055 2035 τὴν
1099 1964 1377 2034 ἐνέργειαν
1404 1968 1448 1997 ⁷⁸
1502 1964 1833 2034 ἐπαγγελλό-

240 2068 409 2121 μενα,
448 2055 495 2105 εί
533 2053 603 2105 τὰ
636 2052 963 2123 νομιζόμενα
1005 2050 1152 2123 αὐτῷ
1192 2054 1309 2107 θεῖα
1356 2056 1658 2108 ἐκκλείεται
1711 2057 1831 2110 τῶν

1935 874 2011 929 ris
2049 873 2343 940 Valentini,
2389 885 2734 931 enarrantem
2767 878 2868 931 hoc
2900 878 3102 931 dictum
3131 896 3144 931 :
3187 877 3381 931 Omnia
3415 891 3509 945 per

1932 966 2102 1034 ipsum
2135 966 2280 1033 facta
2318 977 2440 1020 sunt
2470 969 2540 1033 ⁷³,
2570 978 2777 1032 coacte,
2826 978 2881 1021 et
2909 969 3057 1023 nullo
3090 977 3225 1023 teste
3253 969 3510 1024 adhibito

1931 1054 2215 1123 excepisse
2244 1056 2528 1119 mundum,
2561 1065 2615 1109 et
2647 1071 2769 1124 qua:
2801 1056 2853 1108 in
2888 1055 3005 1124 ipso
3038 1066 3198 1121 sunt;
3234 1069 3299 1109 ac
3339 1048 3533 1111 voca.”

1932 1145 2082 1209 bulo,
2116 1147 2316 1223 gmnia,
2348 1146 2670 1212 exclusisse,
2701 1155 2965 1214 quantum
3003 1146 3173 1214 ipsius
3198 1146 3306 1200 fert
3335 1148 3507 1217 hypo-

1933 1238 2125 1301 thesis,
2175 1237 2275 1291 ista
2322 1252 2445 1306 qua:
2492 1238 2544 1290 in
2597 1237 2831 1299 mundo,
2879 1237 3045 1304 inque
3088 1252 3153 1290 eo
3193 1237 3513 1291 exsislenti-

1931 1330 2033 1382 bus
2082 1339 2209 1382 sunt
2270 1329 2690 1403 prmstanlioraa
2744 1328 2848 1381 Per
2903 1327 3125 1382 Verbum
3177 1330 3359 1395 enim,
3421 1328 3508 1381 ina

1933 1421 2073 1487 quit,
2102 1436 2207 1473 non
2238 1421 2514 1483 swculum,
2555 1436 2646 1472 nec
2679 1436 2797 1488 qua:
2840 1419 2895 1472 in
2932 1421 3125 1473 sa'culo
3170 1429 3327 1483 sunt,
3365 1419 3511 1487 facta

1932 1507 2091 1578 363
2127 1508 2314 1575 fuere;
2346 1507 2660 1563 existimans
2716 1508 2802 1561 illa
2844 1518 2969 1562 ante
3000 1508 3232 1562 Verbum
3268 1509 3511 1562 exstitise

1932 1614 2010 1654 se.
2050 1599 2421 1667 lmpudentius
2448 1600 2609 1652 etiam
2673 1601 2881 1653 instans
2915 1599 2984 1653 ad
3045 1599 3175 1653 illud
3209 1614 3223 1651 :
3258 1596 3384 1652 Sine
3447 1614 3510 1652 eo

1933 1687 2130 1757 factum
2153 1697 2229 1741 est
2262 1689 2394 1741 nihil
2427 1688 2625 1757 (neque
2676 1691 2882 1743 veritus
2914 1688 3043 1742 illud
3078 1707 3091 1743 :
3133 1687 3214 1741 Ne
3240 1688 3511 1741 addideris

1933 1776 2259 1833 sermonibus
2284 1780 2420 1849 ejus,
2455 1796 2518 1831 ne
2548 1792 2596 1834 te
2629 1782 2935 1849 redarguat,
2970 1790 3019 1834 et
3066 1780 3292 1834 mendax
3320 1781 3391 1832 sis
3414 1778 3509 1845 ῗδ),

1933 1872 2006 1925 illi
2044 1870 2176 1924 nihil
2202 1871 2374 1934 addit,
2407 1887 2611 1935 eorum,
2643 1888 2761 1941 qua:
2788 1870 2838 1924 in
2869 1872 3064 1924 mundo
3094 1878 3233 1934 sunt,
3260 1882 3306 1923 et
3333 1872 3385 1924 in
3409 1862 3511 1924 hac

1935 1965 2217 2018 creatione.
2272 1960 2340 2016 Et
2385 1964 2644 2032 quoniam
2698 1972 3098 2033 apertum'est,
3150 1964 3295 2016 dicta
3334 1962 3510 2032 ipsius

1936 2058 2092 2112 valde
2120 2065 2313 2111 coacta
2363 2070 2507 2119 esse.
2560 2066 2868 2124 prmterque
2899 2054 3228 2109 evidentiam
3262 2064 3510 2123 pronum

237 2147 508 2213 πάντων,
535 2148 602 2201 τὰ
622 2148 699 2212 δὲ,
734 2146 808 2212 ὡς
832 2152 1036 2212 ἐκεῖνος
1074 2148 1265 2211 οἴεται,
1298 2148 1577 2212 παντελῶς
1617 2151 1831 2221 φθειρό-

1940 2150 2095 2215 tiata,
2127 2149 2170 2203 si
2201 2163 2321 2217 qua:
2381 2148 2496 2216 ipse
2529 2147 2712 2202 divina
2747 2147 3022 2216 apinatur,
3072 2141 3439 2201 excludantur
3478 2155 3509 2199 a

244 2255 411 2310 μονα,
438 2240 640 2309 κυρίως
673 2240 869 2293 πάντα
894 2240 1156 2302 καλεῖται,
1178 2236 1277 2291 οὐκ
1303 2238 1738 2309 ἐπιδιατριπτέον
1764 2241 1830 2311 τῇ

238 2332 523 2400 ἀιατροπῇ
565 2328 674 2380 τῶν
732 2326 954 2382 αὐτόθεν
1008 2329 1106 2398 τὴν
1152 2327 1379 2380 ἀτοπίαν
1425 2326 1827 2397 ἐμφαινόντων·

236 2415 357 2476 οἷον
388 2422 443 2476 δὲ
484 2424 574 2476 καὶ
606 2418 689 2485 τὸ,
727 2421 825 2491 τ’ἧς
860 2416 1081 2491 Γραφῆς
1122 2412 1408 2487 λεγούσης,
1443 2416 1551 2471 Καὶ
1584 2420 1629 2450 ’⁷⁸
1656 2419 1833 2486 χωρὶς

238 2518 438 2572 αὑτοῦ
485 2516 723 2587 ἐγένετο
776 2509 919 2566 οὐδὲ
965 2510 1054 2576 ἐν,
1108 2508 1462 2580 προστιθέντα
1511 2503 1673 2561 αὑτὸν
1702 2508 1830 2561 ἄνευ

242 2607 602 2679 παραμυθίας
655 2605 752 2673 τῆς
795 2602 903 2655 ἀπὸ
934 2601 1038 2671 ῖτῆς
1081 2600 1305 2671 Γραφῆς
1348 2600 1445 2663 τὸ,
1488 2600 1606 2653 τῶν
1643 2601 1713 2653 ἐν
1751 2599 1832 2663 τῷ

241 2702 454 2769 νέσμῳ
480 2698 576 2751 καὶ
606 2696 681 2763 τῇ
708 2695 921 2755 κτίσει,
950 2692 1082 2763 μηδὲ
1132 2690 1267 2761 μετὰ
1295 2690 1648 2761 πιθανότητος
1697 2692 1833 2743 ἀπο-

241 2790 555 2863 φαίνεσθαι,
584 2784 931 2840 πιστεύεσθαι
960 2782 1211 2847 ἀξιοῦντα
1241 2782 1439 2853 ὁμοίως
1464 2783 1771 2852 προφήταις
1796 2780 1828 2851 ἢ

241 2881 567 2943 ἀποστόλοις
595 2917 609 2942 ,
660 2879 771 2940 τοῖς
822 2876 936 2946 μετ’
989 2873 1235 2938 ἐξουσίας
1299 2874 1393 2926 καὶ
1444 2871 1831 2934 ἀνυπευθύνως

241 2973 633 3029 καταλείπουσι
656 2971 767 3031 τοῖς
802 2966 922 3020 καθ’
955 2966 1149 3028 αὐτοὺς
1177 2965 1270 3018 καὶ
1308 2964 1425 3034 μεθ’
1480 2964 1678 3026 αὐτοὺς
1729 2980 1831 3016 σω-

240 3068 413 3135 τήρια
449 3062 770 3131 γράμματα.
816 3057 937 3108 Ἔτι
964 3055 1020 3107 δὲ
1065 3055 1205 3117 ἰδίως
1256 3054 1348 3107 καὶ⁸
1376 3053 1490 3110 τοῦ.
1524 3052 1727 3107 Πάντα
1757 3053 1829 3105 δι’

243 3150 437 3207 αὑτοῦ
464 3147 717 3218 ἐγένετο.
755 3145 1034 3215 ὲξήκουσε,
1069 3145 1291 3213 φάσκων
1322 3143 1429 3196 τὸν
1468 3143 1583 3210 τὴν
1636 3144 1832 3196 αἰτίαν

242 3242 645 3311 παρασχόντα
689 3240 802 3306 τῆς
848 3238 1138 3308 γενέσεως
1193 3235 1299 3289 τοῦ
1331 3236 1561 3303 κόσμου
1588 3233 1670 3299 τῷ
1722 3234 1828 3299 δη-

237 3330 509 3405 μιουργῷ
530 3332 636 3383 τὸν
657 3330 850 3397 Λόγον
874 3328 1036 3389 ὄντα,
1059 3328 1131 3379 οὐ
1159 3325 1264 3378 τὸν
1284 3326 1384 3393 ἀφ’
1410 3320 1502 3384 οὗ,
1538 3324 1576 3391 ἢ
1604 3324 1703 3392 ὑφ’
1730 3319 1827 3386 οὗ,

1939 2256 2071 2295 voce
2120 2240 2376 2303 omnium,
2403 2254 2522 2307 qua:
2546 2252 2679 2294 vero
2722 2248 2849 2293 sunt
2873 2238 3132 2306 opinione
3162 2250 3257 2293 sua
3289 2236 3513 2292 omnino

1937 2328 2338 2399 corruptibilia,
2374 2332 2595 2401 proprie
2628 2328 2883 2385 dicantur
2906 2332 3122 2392 omnia;
3160 2334 3267 2384 non
3314 2330 3514 2383 inuno-

1936 2423 2171 2476 randum
2214 2422 2372 2476 nobis
2417 2430 2527 2476 est.
2556 2414 2644 2475 bis
2675 2418 3054 2484 conlutandis,
3090 2435 3210 2489 qua:
3242 2426 3308 2472 ei:
3340 2434 3399 2474 se
3424 2420 3515 2474 alii

1936 2516 2095 2569 surda
2122 2519 2402 2582 apparent.
2444 2512 2615 2577 Quale
2675 2521 2761 2567 est
2802 2511 2933 2566 illud
2965 2512 3154 2578 etiam,
3189 2502 3332 2579 quod
3362 2499 3513 2565 Scri-

1937 2616 2096 2675 ptura
2138 2606 2391 2659 dicente:
2424 2603 2491 2656 Et
2526 2605 2640 2660 sine
2680 2604 2791 2672 ipso
2828 2603 3027 2671 factum
3072 2610 3146 2656 est
3204 2602 3369 2668 nihil;
3398 2602 3513 2670 ipse

1935 2695 2229 2750 additsine
2266 2695 2599 2749 auctoritate
2649 2691 2972 2761 Scripturae,
3004 2708 3184 2746 eorum
3216 2708 3335 2761 qua:
3388 2700 3512 2744 sunt

1933 2788 1991 2841 in
2015 2788 2210 2841 mundo
2233 2796 2279 2841 et
2304 2787 2609 2851 creatione;
2635 2785 2780 2855 quod
2817 2794 2996 2853 neque
3028 2798 3150 2837 cum
3212 2783 3511 2848 probabili‘

1936 2887 2046 2933 tate
2092 2881 2441 2947 pronuntiat,
2494 2878 2589 2934 sed
2638 2879 2857 2943 dignum
2916 2891 2973 2932 se
3024 2884 3179 2939 putat
3211 2915 3225 2938 ,
3271 2875 3359 2928 cui
3402 2888 3509 2928 non

1934 2985 2094 3026 secus
2128 2980 2293 3039 atque
2346 2969 2635 3041 prophetis
2664 2969 2745 3022 vel
2791 2967 3053 3036 apostolis
3106 2966 3380 3031 credatur,
3414 2966 3508 3037 qui

1933 3079 2057 3119 cum
2084 3063 2420 3118 auctoritate
2490 3074 2547 3117 et
2586 3062 2861 3130 inculpate
2890 3059 3086 3115 coaevis
3117 3061 3231 3113 suis
3274 3073 3340 3113 ac
3379 3074 3507 3129 pose

1934 3155 2068 3208 teris
2096 3144 2359 3208 salutaria
2388 3152 2593 3222 scripta
2626 3151 2979 3221 reliquerunt.
3014 3148 3132 3202 Jam
3163 3157 3294 3202 vero
3322 3158 3378 3201 ct
3409 3151 3511 3203 lion

1934 3242 2138 3295 dictum
2173 3260 2187 3295 :
2226 3240 2415 3295 Omnia
2447 3257 2540 3310 per
2568 3242 2739 3309 ipsum
2766 3239 2907 3306 facta
2934 3247 3094 3302 sunt;
3133 3252 3293 3294 secus
3345 3249 3510 3307 quam

1932 3332 2021 3386 alii
2065 3333 2334 3401 exposuit,
2361 3333 2548 3387 dicens
2580 3350 2594 3385 :
2634 3332 2859 3387 Verbum
2885 3331 3017 3384 illud
3043 3347 3176 3395 esse,
3204 3331 3346 3399 quod
3382 3346 3511 3382 cau-

242 3424 412 3481 ἀλλά
430 3423 537 3476 τὸν
557 3421 630 3474 δι’
660 3416 755 3484 οὗ,
787 3420 914 3489 περὶ
942 3418 1050 3470 τῶν
1078 3418 1136 3469 ὲν
1167 3419 1233 3485 τῇ
1260 3413 1544 3485 συνηθείᾳ*
1562 3415 1760 3485 φράσιν
1784 3415 1829 3445 ⁷⁷

1936 3441 2047 3479 sam
2090 3425 2441 3494 generationis
2474 3426 2657 3478 mundi
2696 3423 2980 3493 praebuerit
3017 3423 3231 3492 opiﬁci,
3282 3438 3375 3476 nec
3421 3428 3507 3475 tu-

242 3512 604 3582 ἐκδεχόμενος
631 3509 692 3563 τὸ
712 3508 1113 3579 γεγραμμένον.
1139 3506 1201 3557 Εἰ
1221 3504 1349 3576 γὰρ,
1372 3505 1447 3568 ὼς
1484 3506 1613 3567 νοεῖ,
1636 3507 1669 3575 ὴ
1700 3505 1831 3575 ἀλήι

242 3605 373 3657 θεία
411 3601 520 3654 τῶν
566 3600 905 3671 πραγμάτων
952 3593 1040 3666 ἦν,
1072 3594 1177 3648 ἔδει
1203 3595 1301 3647 διὰ
1336 3594 1439 3647 τοῦ
1466 3593 1831 3662 δημιουργοῦ

241 3693 558 3767 γεγράφθαι
585 3690 779 3744 πάντα
796 3686 1098 3759 γεγονέναι
1126 3685 1246 3739 ὑπὸ
1276 3684 1382 3738 τοῦ
1403 3685 1617 3752 Λόγου,
1641 3685 1760 3753 οὐχὶ
1776 3684 1833 3736 δὲ

243 3784 521 3841 ἀνάπαλιν
544 3780 642 3835 διὰ
670 3779 779 3833 τοῦ
812 3781 1005 3847 Λόγου
1036 3776 1155 3831 ὑπὸ
1187 3774 1294 3828 τοῦ
1316 3773 1694 3843 δημιουργοῦ.
1723 3770 1833 3825 Καὶ

243 3879 415 3947 ἡμεῖς
442 3873 642 3943 μὲντῇ,
668 3870 739 3923 δι’
768 3867 862 3931 οὗ,
891 3869 1221 3939 χρησάμενοι
1246 3864 1552 3927 ἀκολούθως
1576 3867 1642 3937 τῇ
1672 3881 1833 3934 συνη-

245 3968 397 4036 θείᾳ,
427 3966 526 4017 οὐκ
569 3962 880 4033 ἀμάρτυρον
908 3959 1005 4029 τὴν
1062 3957 1286 4027 ἐκδοχὴν
1325 3956 1648 4025 ἀφήκαμεν·
1690 3956 1832 4007 ἐκεῖ·

243 4077 340 4121 »ος
362 4058 421 4109 δὲ
448 4056 583 4127 πρὸς
612 4055 671 4106 τὸ
699 4053 771 4124 μὴ
808 4047 1301 4123 παραμεμυθῆσθαι
1333 4046 1377 4076 ⁷⁸
1404 4046 1511 4099 ἀπὸ
1539 4044 1646 4097 τῶν
1677 4044 1832 4097 θείων

243 4149 597 4221 γραμμάτων
631 4145 721 4199 τὸν
758 4143 879 4197 καθ’
908 4140 1094 4195 ἑαυτὸν
1120 4138 1263 4200 νοῦν,
1295 4134 1541 4205 φαίνεται
1584 4135 1677 4189 καὶ
1704 4136 1837 4187 ὑπο-

244 4236 497 4297 πτεύσας
525 4235 586 4286 τὸ
608 4233 823 4301 ἀληθὲς,
861 4233 954 4284 κα)⁸
980 4228 1212 4290 ἀναιδῶς
1235 4226 1383 4297 αὐτῷ
1402 4225 1726 4295 ἀντιϐλέψας
1761 4225 1829 4285 "ﬁ

246 4330 387 4399 φησὶ
412 4326 542 4396 γὰρ,
580 4328 661 4379 ὅτι
703 4327 813 4391 οὐχ
844 4323 924 4388 ὠς
944 4324 1044 4378 ὑπ’
1070 4323 1265 4376 ἄλλου
1288 4318 1678 4389 ἐνεργοῦντος
1725 4318 1834 4369 αὺ-

242 4422 354 4486 τὸς
375 4417 567 4471 ἐποίει
602 4419 634 4468 ό
662 4416 850 4484 Λόγος
882 4412 991 4483 (ἵνα
1016 4410 1179 4481 νοηθῇ
1204 4410 1286 4473 τὸ,
1329 4409 1402 4462 δι’
1433 4405 1667 4478 αὐτοῦ),
1693 4406 1830 4461 ἀλλ’

244 4509 440 4566 αὑτοῦ
467 4504 858 4574 ἐνεργοῦντος
889 4503 1091 4570 ἔτερος
1111 4502 1321 4555 ἐποίει.

1940 3532 2055 3570 men
2098 3513 2264 3569 Verbo
2288 3524 2574 3583 competere
2597 3514 2939 3584 particulam,
2970 3531 3002 3567 a
3034 3529 3158 3583 qua,
3187 3511 3269 3567 vel
3298 3529 3364 3566 ea:
3386 3528 3509 3580 quo,

1939 3607 2030 3661 sed
2057 3622 2148 3675 per
2171 3622 2347 3675 quem,
2377 3621 2443 3661 ex
2492 3606 2762 3661 communi
2815 3604 3071 3674 loquendi
3123 3602 3513 3659 consuetudine

1941 3697 2282 3767 Scripturam
2330 3711 2629 3765 exponens.
2669 3695 2774 3749 Sed
2807 3695 2853 3749 si
2909 3709 3090 3748 rerum
3125 3694 3328 3749 veritas
3369 3702 3509 3757 erat,

1938 3797 2000 3841 ut
2048 3788 2161 3856 ipse
2188 3797 2363 3857 putat,
2399 3788 2660 3857 scriptum
2687 3786 2857 3840 fuisse
2884 3784 3146 3854 oportuit,
3184 3786 3364 3838 omnia
3416 3801 3511 3852 per

1939 3880 2178 3948 opiﬁcem
2221 3872 2364 3947 facta
2408 3878 2570 3947 fuisse
2610 3895 2643 3931 a
2686 3876 2871 3939 Verbo,
2911 3891 3019 3931 non
3064 3875 3185 3930 vice
3214 3889 3393 3939 versa,
3420 3890 3515 3943 per

1953 3968 2174 4023 Verbum
2217 3970 2281 4022 ab
2324 3969 2535 4037 opiﬁce.‘
2561 3968 2626 4022 Et
2652 3982 2750 4021 nos
2782 3966 2998 4035 quidem
3032 3972 3154 4021 cum
3191 3965 3272 4019 usi
3324 3972 3515 4020 sumus

1938 4058 2243 4123 vocabulis,
2286 4075 2379 4127 per
2414 4075 2589 4129 quem,
2642 4066 2805 4127 prout
2844 4058 2896 4111 in
2934 4057 3211 4112 communi
3260 4055 3513 4110 feruntur

1941 4168 2067 4219 usu,
2119 4167 2225 4206 non
2278 4152 2399 4206 sine
2449 4160 2588 4206 teste
2641 4150 3038 4217 expositionem
3080 4148 3409 4202 dimisimus.
3440 4147 3513 4201 At

1940 4242 2185 4297 veroille
2216 4250 2577 4312 praeterquam
2608 4240 2751 4308 quod
2782 4253 2936 4291 suam
2959 4237 3267 4305 opinionem
3304 4249 3335 4289 e
3376 4235 3513 4291 divi-

1939 4334 2026 4389 nis
2053 4332 2352 4402 Scripturis
2384 4347 2489 4384 non
2511 4329 2822 4392 conﬁrmat,
2845 4329 3062 4383 videtur
3081 4337 3135 4381 et
3163 4327 3513 4395 praesensisse

1938 4425 2247 4483 veritatem,
2278 4433 2337 4476 et
2391 4421 2736 4488 impudenter
2769 4418 2844 4472 illi
2904 4418 3244 4481 adversatus,
3276 4417 3465 4472 dicens
3492 4433 3507 4469 :

1939 4515 2063 4570 Non
2084 4516 2223 4568 enim
2251 4512 2475 4583 faciebat
2504 4512 2677 4577 ipsum
2709 4508 2935 4565 Verbum
2964 4517 3214 4573 tanquam
3241 4506 3348 4561 alio
3389 4520 3506 4575 ops-

248 4633 404 4678 rante
435 4620 521 4693 (ut
570 4621 649 4675 sic
698 4617 1091 4707 intelligeretur
1116 4615 1326 4682 vocula,
1352 4630 1445 4684 per
1479 4614 1680 4685 quem),
1738 4610 1828 4666 sed
1864 4611 1973 4680 ipso
2002 4616 2248 4677 aperante
2276 4606 2412 4661 alius
2435 4604 2681 4674 faciebat.

1520 4730 1625 4789 Ex
1656 4738 1804 4789 tom.
1835 4727 1945 4789 Ill.
1972 4743 2115 4789 naa.
2149 4728 2245 4788 68.

1520 4743 1625 4789 Ex
1656 4743 1804 4789 tom.

319 4841 473 4899 Πάνυ
496 4841 554 4896 δὲ
585 4834 791 4911 βιαίως,
822 4839 962 4893 κατὰ
979 4831 1070 4891 τὸν
1097 4835 1259 4890 τόπον
1287 4833 1577 4904 γενόμενος
1610 4826 1639 4884 ὁ
1668 4831 1831 4901 Ἦρα-

1936 4770 1945 4797 ,
2016 4745 2052 4786 a
2101 4774 2115 4788 .
2149 4743 2245 4788 ou.

1970 4743 2280 4884 pCageterum
2313 4824 2466 4882 valde
2496 4832 2684 4882 ceacte
2702 4818 2768 4881 ad
2786 4826 2930 4881 hunc
2952 4825 3260 4879 contextum
3293 4809 3513 4877 veniens

247 4936 449 4995 κλέων,
476 4935 537 4985 τὸ
564 4936 625 4984 Ὃ
657 4932 921 5002 γέγονεν,
950 4932 1020 4983 ἐν
1046 4927 1207 4992 αὐτῷ
1238 4926 1349 4994 ζωὴ
1395 4922 1498 4995 ἦν,
1551 4923 1832 4993 ἐξείληφεν

250 5029 375 5082 ἀντὶ
400 5025 517 5089 τοῦ,
543 5026 615 5078 ἐν
634 5022 813 5089 αὐτῷ,
837 5025 926 5087 είς
953 5021 1095 5085 τοὺς
1111 5018 1459 5085 ἀνθρώπους
1490 5013 1630 5081 τοὺς
1655 5018 1837 5067 πνευ-

245 5116 542 5187 μπικούς
560 5132 572 5145 ·
604 5114 765 5167 οἱονεὶ
791 5111 984 5166 ταύτὸν
1010 5110 1237 5180 νομίσας
1262 5104 1401 5160 εἶναι
1433 5107 1523 5158 τὸν
1545 5104 1713 5173 Λόγον
1743 5103 1837 5155 καὶ

251 5210 383 5271 τοὺς
421 5204 848 5275 πνευματικοὺς,
881 5206 927 5255 εἰ
977 5205 1069 5254 καὶ
1102 5200 1174 5271 μὴ
1211 5195 1397 5266 σαφῶς
1430 5195 1582 5248 ταῦτ’
1618 5194 1832 5264 εἴρηκε.

252 5292 367 5351 Καὶ
412 5295 654 5365 ὡσπερεὶ
709 5290 1022 5359 αἱτιολογῶν
1089 5304 1282 5357 φησιν·
1332 5285 1526 5351 Αὐτὸς
1564 5284 1675 5355 γὰρ
1720 5283 1835 5350 thr

256 5387 500 5457 πρώτην
514 5387 846 5455 μόρφωσιν,
873 5383 986 5449 τὴν
1014 5379 1163 5434 κατὰ
1192 5381 1308 5447 τὴν
1342 5377 1600 5448 γένεσιν,
1632 5374 1837 5440 αὐτοῖς

256 5476 547 5546 παρέσχε,
574 5473 647 5527 τὰ
670 5474 770 5528 ὑπ’
796 5472 987 5527 ἄλλον
1022 5469 1283 5539 παρέντα
1306 5471 1393 5533 εις
1421 5466 1662 5536 μορφὴν
1685 5506 1698 5529 ,
1737 5464 1834 5517 καὶ

257 5564 346 5635 είς·
365 5566 692 5635 φωτισμὸν,
717 5564 814 5619 καὶ
842 5560 1239 5632 παραγραφὴν
1270 5559 1426 5613 ἰδίαν
1464 5558 1702 5628 ἀγαγὼν
1736 5554 1834 5608 καὶ

258 5657 601 5723 ἀναδείξας.

330 5799 377 5829 ’³
407 5796 566 5853 Joan.
598 5813 639 5861 ι,
673 5795 727 5849 3.
831 5794 878 5827 ⁷⁸
905 5793 1065 5850 Prov.
1103 5799 1232 5854 axx,
1258 5790 1308 5846 6.

1418 5791 1462 5825 τε
1493 5789 1583 5843 Sic
1612 5788 1733 5842 cod.
1771 5771 1981 5841 Bodlei.
2006 5775 2168 5837 sese.

1944 4918 2242 4974 Heracleon
2277 4936 2292 4973 :
2327 4918 2481 4984 Quod
2537 4916 2734 4985 factum
2760 4927 2857 4983 est,
2892 4915 2948 4968 in
2972 4917 3082 4984 ipso
3139 4915 3245 4968 vita
3273 4912 3509 4977 erat"";

1942 5009 1999 5061 in
2020 5011 2133 5078 ipso
2167 5010 2556 5078 interpretatus
2579 5015 2683 5072 est,
2702 5006 2757 5059 in
2784 5005 3079 5059 hominibus
3117 5004 3515 5073 spiritualibnsr

1942 5102 2098 5172 quasi
2135 5100 2377 5155 Verbum
2412 5106 2466 5152 et
2498 5097 2807 5165 spirituales
2838 5098 2980 5150 idem
3041 5111 3161 5151 esse
3211 5095 3523 5150 arbitratus

1945 5190 2129 5256 fuerit,
2172 5187 2273 5245 etsi
2323 5205 2428 5244 non
2452 5197 2639 5257 aperte
2677 5188 2727 5241 ld
2753 5188 2973 5244 dixerit.
3003 5188 3071 5240 At
3094 5187 3259 5241 veluti
3290 5197 3510 5240 causam

1944 5283 2198 5345 reddens,
2233 5280 2452 5349 inquit:
2490 5279 2592 5333 Ille
2637 5279 2773 5332 enim
2837 5278 3064 5346 primam
3117 5278 3510 5347 formationem,

1940 5374 2113 5444 quoad
2143 5381 2313 5427 ortum
2338 5374 2544 5439 attinet,
2573 5375 2702 5438 ipsis
2728 5372 2982 5439 prwbuit;
3034 5369 3099 5424 ab
3132 5371 3239 5425 alio
3290 5381 3513 5439 praeter-

1941 5467 2105 5518 missa
2134 5464 2191 5517 in
2217 5460 2441 5532 formam
2462 5504 2477 5527 ,
2514 5473 2561 5518 et
2614 5463 3077 5528 illuminatianem,
3107 5474 3155 5518 et
3196 5461 3513 5518 delineatio-

1943 5571 2057 5610 nem
2079 5557 2343 5625 propriam
2380 5558 2571 5610 ducens
2593 5564 2641 5609 et
2672 5555 2977 5615 ostendens.

2269 5782 2315 5811 ⁷⁸
2371 5777 2513 5835 Duas
2562 5780 2695 5836 istas
2727 5793 2890 5833 voces
2940 5776 3151 5833 addidit
3214 5773 3386 5831 Grab.
3443 5778 3513 5829 el

262 5868 357 5922 cit.
389 5846 748 5924 εἰῖιῑῖοόἱιιὲί.
824 5866 870 5898 ⁷⁷
903 5846 1002 5919 Sic
1025 5846 1163 5919 cod.
1201 5846 1407 5918 Bodlei.
1482 5859 1527 5892 ⁷⁸
1561 5859 1652 5915 Sic
1683 5855 1810 5914 cod.
1841 5853 2051 5911 Bodlei.
2130 5853 2175 5885 ⁷⁸
2200 5850 2290 5908 Sic
2329 5852 2401 5907 id.
2431 5851 2552 5908 cod.
2635 5852 2702 5883 7"
2731 5848 2889 5913 Joau.
2924 5863 2964 5913 ι,
2998 5846 3058 5906 ὁ.
