3878 6348
372 408 507 463 1295

1286 400 1628 457 APPENDIX
1669 400 1760 454 AD
1799 398 2113 468 QUINQUE
2150 398 2409 454 lREN/El
2448 398 2714 455 LlBROS.

3509 400 3647 455 ίεοσ

1569 538 1674 598 Ex
1696 549 1860 602 tomo
1890 540 1997 616 Vl,
2020 557 2170 618 pag.
2206 539 2281 600 9h
2310 556 2430 617 seq.

442 717 555 773 Non
593 724 745 771 recte
776 728 903 769 vero
954 710 1255 768 Heraclcon
1300 710 1614 780 suspicatur
1644 709 1808 763 verba
1841 706 1952 770 illa,
1983 752 2026 805 Α

374 811 539 865 Deum
587 824 736 863 nemo
796 807 921 861 uidit
984 820 1217 873 unquam
1242 803 1308 867 ⁸⁸,
1368 810 1422 857 et
1474 816 1593 870 quae
1620 808 1950 869 sequuntur,

371 902 515 956 dicta
551 899 719 953 fuisse
744 912 849 952 non
875 910 903 948 a
925 894 1216 963 discipulo,
1243 892 1336 947 sed
1370 906 1399 945 a
1436 890 1702 960 Baptista.

2130 702 2240 771 Οὐχ
2270 701 2437 771 ὑγιῶς
2481 699 2538 753 δὲ
2582 701 2613 753 ὁ
2658 700 2967 771 Ἡρακλέων
3010 701 3408 773 ὑπολαμϐάνει,
3435 700 3646 768 Οὐδεὶς

2058 794 2167 848 τὸν
2214 793 2362 848 Θεὸν
2409 792 2629 861 ἑώρακε
2688 791 2945 857 πώποτε,
2977 796 3069 847 καὶ
3121 796 3191 849 τὰ
3242 793 3394 863 ἑξῆς,
3421 794 3648 863 φάσκων

2059 884 2309 955 εἰρῆσθαι
2358 885 2459 938 οὐκ
2512 882 2622 938 ἀπὸ
2663 882 2757 936 τοῦ
2800 883 3081 955 ¹μαθητοῦ,
3121 885 3236 939 ἀλλ’
3272 885 3384 940 ἀπὸ
3412 882 3511 937 τοῦ
3541 883 3645 936 Βα-

2061 995 2311 1034 πτιστου.

1582 1101 1689 1161 Ea:
1726 1109 1875 1160 tom.
1906 1100 2045 1173 VII,
2080 1116 2229 1178 pag.
2262 1099 2399 1162 112.

445 1230 855 1290 Maledicentius
916 1234 1098 1281 autem
1148 1222 1449 1279 Heracleon
1503 1223 1571 1277 de
1627 1206 1838 1276 Joanne
1896 1230 1953 1276 et

372 1326 655 1400 prophetis
683 1323 978 1383 disserens,
1014 1316 1221 1387 inqttit,
1264 1313 1491 1369 Verbum
1534 1329 1646 1393 esse
1695 1312 1952 1368 Servato-

2130 1219 2553 1290 Δυσφημὸτερον
2580 1218 2636 1272 δὲ
2672 1217 2701 1271 ὀ
2738 1216 3052 1288 Ἡρακλέων
3085 1216 3213 1288 περὶ
3253 1216 3503 1271 Ἰωάννου
3558 1218 3649 1270 καὶ

2057 1310 2167 1363 τῶν
2229 1311 2524 1382 προφητῶν
2584 1310 2985 1381 διαλαμϐάνων,
3042 1308 3207 1381 φησὶν
3253 1310 3334 1364 ὅτι
3393 1313 3428 1363 o'
3458 1311 3649 1379 Λόγος

376 1434 519 1481 rem;
552 1416 812 1471 Joannem
834 1426 927 1479 per
964 1422 1133 1462 vocem
1163 1407 1426 1475 intelligi;
1485 1419 1672 1459 sonum
1699 1419 1818 1457 vero
1842 1418 1953 1457 esse

2079 1400 2173 1455 ιὲν
2200 1402 2460 1470 ὀΣωτήρ
2488 1402 2655 1467 ἐστι,
2689 1402 2857 1471 φωνὴ
2886 1402 2957 1455 δὲ
2993 1403 3031 1469 ἡ
3063 1403 3133 1455 ἐν
3158 1400 3234 1469 τῇ
3264 1401 3529 1470 ἐρήμῳὴ
3561 1400 3649 1454 διὰ

374 1512 672 1563 universum
718 1504 1087 1572 prophetarum
1133 1498 1389 1553 ordinem.

2082 1493 2356 1549 Ἰωάννου
2387 1492 2804 1564 διανοουμένη,
2827 1489 2978 1564 ἦχος
3001 1492 3070 1547 δὲ
3109 1492 3277 1549 πᾶσα
3302 1492 3649 1562 προφητικὴ

2068 1582 2253 1649 τάξις.

1658 1704 1824 1779 364
1880 1696 1963 1758 Et
1980 1715 2131 1780 pag.
2169 1701 2305 1763 113.

446 1836 642 1892 Nescio
674 1834 841 1888 etiam
898 1828 1169 1899 quomodo
1216 1825 1427 1893 absque
1484 1822 1592 1877 ulla
1632 1824 1954 1893 probatione

2128 1827 2240 1879 Οὐκ
2281 1824 2399 1880 οῖδα
2438 1826 2482 1880 δ’
2529 1825 2677 1889 ὅπως
2708 1825 2875 1896 χωρὶς
2919 1824 3100 1896 πάσης
3128 1823 3483 1893 κατασκευῆς
3514 1822 3651 1877 ἁπο-

377 1928 647 1992 enuntiet,
674 1940 847 1979 vocem
876 1919 1104 1975 sermoni
1132 1918 1427 1985 propiorem
1446 1956 1463 1982 ,
1494 1931 1785 1970 sermonem
1814 1914 1951 1980 ﬁeri,

378 2028 436 2073 nt
468 2028 523 2074 et
552 2015 707 2087 quasi
736 2012 930 2067 mulier
950 2011 1002 2063 in
1033 2012 1210 2062 virum
1242 2015 1656 2061 transmutetnr.
1684 2005 1953 2060 Praeterea

378 2104 534 2178 quasi
588 2110 913 2172 potestatem
968 2097 1177 2153 habens
1216 2095 1515 2158 .condendi
1566 2093 1841 2162 dogmata,
1901 2106 1956 2149 et

380 2200 539 2255 iiJem
598 2196 699 2251 sibi
764 2190 1084 2263 acquirendi
1133 2197 1187 2244 et
1236 2186 1606 2258 proﬁciendi:
1664 2183 1953 2248 Futurum,

380 2287 579 2358 inquit,
614 2296 670 2339 ut
698 2283 903 2338 sonitus
932 2288 1167 2332 mutetur
1210 2278 1265 2329 in
1293 2292 1500 2339 vocem;
1532 2274 1650 2329 loco
1697 2275 1953 2344 discipuli

380 2387 626 2434 statuens
656 2389 845 2431 vocem
894 2376 1268 2427 transeuntem
1302 2367 1356 2421 in
1390 2367 1640 2432 verbum,
1674 2366 1798 2421 loco
1828 2382 1957 2422 vero

379 2470 523 2525 servi
565 2466 802 2522 sonitum
831 2470 1205 2518 transeuntem
1235 2457 1288 2511 in
1330 2470 1541 2512 vocem.

2061 1918 2328 1986 φαίνεται,
2353 1917 2467 1984 τὴν
2492 1915 2701 1985 φωνὴν
2737 1914 3101 1984 οἰκειοτέραν
3129 1910 3326 1970 οὖσαν
3354 1913 3436 1979 τῷ
3460 1917 3645 1983 λόγῳ,

2060 2010 2248 2078 λόγον
2300 2009 2588 2078 γίνεσθαι,
2635 2008 2711 2071 ὡς
2761 2008 2855 2059 καὶ
2897 2006 2995 2077 τὴν
3049 2009 3279 2074 γυναῖκα
3336 2008 3417 2069 είς
3477 2008 3649 2078 ἄνδρα

2067 2098 2466 2170 μετατίθεσθαι.
2507 2100 2617 2151 Καὶ
2659 2098 2734 2162 ὡς
2781 2098 3028 2165 ἐξουσίαν
3072 2098 3208 2167 ἔχων
3252 2097 3344 2151 τοῦ
3380 2097 3649 2167 δογματί-

2062 2190 2196 2255 ζειν,
2246 2190 2339 2243 καὶ
2384 2188 2754 2253 πιστεύεσθαι,
2810 2190 2905 2242 καὶ
2946 2189 3296 2260 προκόπτειν·
3354 2188 3440 2255 Τῷ
3496 2188 3647 2258 ἤχῳ.

2062 2280 2246 2351 φησὶν,
2270 2278 2505 2335 ἔσεσθαι
2529 2278 2644 2347 τὴν
2670 2282 2757 2345 εὶς
2788 2278 2999 2348 φωνὴν
3058 2279 3415 2346 μεταϐολὴν,
3476 2280 3649 2350 μαθη-

2060 2370 2155 2423 τοῦ
2189 2371 2288 2441 μὲν
2315 2370 2501 2442 χώραν
2534 2371 2708 2433 διδοὺς
2753 2373 2821 2440 τῇ
2880 2368 3290 2442 μεταϐαλλούσῃ
3350 2373 3432 2433 είς
3496 2370 3648 2439 λόγον

1956 2482 1959 2487 λ
2064 2466 2239 2534 φωνῇ,
2263 2463 2297 2533 ἢ
2323 2463 2510 2517 δούλου
2540 2462 2597 2515 δέ
2625 2465 2692 2533 τῇ
2726 2462 2833 2515 ἀπὸ
2861 2462 2994 2532 Ιἦχοι)
3021 2464 3101 2526 είς
3126 2464 3329 2533 φωνήν.

1732 2572 1819 2632 Et
1838 2584 1986 2650 post
2009 2593 2236 2654 pauca.

449 2681 721 2739 Praeterea
740 2679 1063 2750 prophetam
1088 2688 1144 2733 et
1169 2676 1341 2731 Eliam
1365 2689 1489 2731 cum
1519 2673 1767 2729 Servator
1790 2675 1960 2743 ipsum

378 2777 529 2841 dicit,
560 2774 755 2844 inquit,
788 2788 893 2826 non
926 2773 1098 2840 ipsum
1122 2768 1381 2832 declarat,
1411 2768 1502 2821 sed
1531 2782 1646 2837 qua:
1677 2776 1796 2821 sunt
1819 2767 1961 2821 circa

378 2870 593 2937 ipsum:
623 2882 748 2921 cum
780 2878 911 2919 vero
942 2862 1202 2929 majorem
1244 2858 1564 2930 prophetis,
1620 2866 1675 2912 et
1728 2857 1813 2913 bis
1866 2858 1958 2927 qui

381 2970 509 3017 sunt
550 2961 695 3014 inter
723 2966 881 3011 natos
927 2953 1241 3019 mulierum,
1278 2960 1408 3005 tunc.
1467 2950 1647 3019 ipsum
1694 2945 1960 3003 Joannem

381 3053 656 3124 designat.
694 3048 951 3111 Proinde,
984 3046 1161 3115 inquit
1194 3042 1523 3106 Heracleon,
1567 3041 1808 3096 Joannes
1848 3042 1959 3109 ipse

380 3146 762 3213 interrogatus,
789 3141 854 3195 de
886 3140 1058 3211 seipso
1100 3135 1399 3205 respondet,
1438 3149 1540 3188 non
1580 3132 1644 3187 de
1682 3131 1764 3188 his
1792 3171 1806 3196 ,
1844 3149 1960 3203 qua:

382 3237 523 3291 circa
552 3237 720 3304 ipsum
744 3240 889 3289 sunt.

2136 2680 2245 2732 Καὶ
2294 2679 2580 2751 προφήτην
2623 2676 2719 2747 μὲν
2769 2677 2861 2729 καὶ
2917 2676 3103 2729 Ἠλίαν
3165 2678 3197 2728 ό
3251 2673 3456 2742 Σωτὴρ
3499 2674 3647 2728 ἐπὰν

2066 2770 2254 2826 αὑτὸν
2297 2770 2471 2839 λέγῃ,
2513 2770 2625 2823 οὐκ
2670 2768 2877 2832 αὐτὸν,
2919 2768 3082 2821 ἀλλὰ
3130 2768 3203 2819 τὰ
3252 2766 3381 2832 περὶ
3436 2768 3646 2829 αὑτοῦ.

2068 2861 2221 2933 φησὶ,
2256 2860 2556 2914 διδάσκειο
2592 2861 2719 2913 ὅταν
2745 2860 2802 2913 δὲ
2837 2858 3059 2930 μείζονα
3112 2856 3402 2928 προφητῶν
3456 2858 3553 2911 καὶ
3595 2860 3648 2909 ἐν

2067 2953 2345 3021 γεννητοῖς
2366 2949 2667 3019 γυναικῶν,
2687 2950 2809 3003 τότε
2844 2948 3007 3003 αὐτὸν
3062 2948 3152 3001 τὸν
3194 2947 3442 3019 Ἰωάννην
3477 2964 3647 3019 χαρα-

2066 3040 2335 3112 κτηρίζει.
2369 3040 2565 3107 Αὐτὸς
2609 3039 2699 3106 δὲ,
2744 3040 2897 3112 φησὶ,
2928 3040 3061 3108 περὶ
3091 3039 3308 3093 ἑαυτοῦ
3360 3039 3647 3107 ἐρωτώμε-

2065 3150 2175 3198 νος
2215 3131 2598 3199 ἀποκρίνεται
2649 3133 2683 3185 ό
2746 3129 3023 3199 Ἰωάννης
3049 3168 3063 3195 ,
3112 3131 3183 3183 οὐ
3238 3128 3310 3182 τὰ
3351 3131 3487 3197 περὶ
3547 3131 3647 3186 αὐ·

1990 3213 2036 3273 C
2066 3224 2195 3277 τόν.

1766 3320 1852 3380 Et
1872 3335 2021 3397 pag.
2056 3318 2192 3376 117.

445 3426 746 3482 Heracleon
777 3436 909 3477 vero
938 3422 1248 3490 approbans
1293 3432 1606 3475 sermonem
1650 3418 1958 3475 Pharisaeo-

382 3530 527 3579 rum,
555 3514 707 3571 velut
736 3520 886 3568 recte
914 3511 1140 3575 dictum,
1166 3511 1308 3579 quod
1341 3512 1611 3577 Christus,
1632 3520 1682 3564 et
1710 3511 1875 3576 Elias,
1908 3520 1963 3565 et

383 3610 564 3665 omnis
597 3607 863 3679 prOpbeta
894 3602 1091 3660 debeat
1123 3603 1425 3671 baptizare,
1458 3602 1545 3657 his
1601 3602 1735 3672 ipsis
1784 3601 1963 3657 verbis

382 3702 458 3759 ait
489 3719 506 3759 :
533 3698 736 3769 Quibus
762 3697 892 3753 solis
923 3694 1170 3750 incumbit
1195 3694 1483 3762 baptizare.

2134 3413 2585 3485 Παραδεξάμενος
2630 3414 2687 3468 δὲ
2744 3414 2774 3466 ὁ
2841 3414 3156 3485 Ἡρακλέων
3204 3413 3298 3467 τὸν
3338 3411 3446 3466 τῶν
3492 3413 3641 3482 Φαρι-

2069 3504 2237 3557 σαίων
2297 3504 2475 3573 λόγον,
2504 3504 2578 3567 ὡς
2622 3505 2791 3573 ὑγιῶς
2818 3505 3126 3576 είρημένον,
3170 3502 3417 3576 περὶτοῦ
3441 3503 3642 3572 ὀφείλε-

2071 3593 2193 3646 σθαι
2258 3593 2319 3645 τὸ
2361 3591 2639 3662 βαπτίζειν
2682 3593 2922 3665 Χριστῷ,
2976 3593 3070 3646 καὶ
3132 3592 3309 3663 Ἠλίᾳ,
3344 3592 3437 3645 καὶ
3490 3592 3642 3645 παντὶ

2070 3686 2344 3756 προφήτῃ,
2391 3685 2583 3748 αὑταῖς
2611 3684 2787 3750 λέξεσί
2810 3702 2975 3757 φησιν
2996 3701 3010 3718 ·
3034 3680 3134 3751 Οἷς
3156 3686 3369 3755 μόνοις
3417 3684 3640 3753 ὀφείλε-

2069 3791 2163 3829 ται
2186 3775 2252 3829 τὸ
2286 3776 2616 3841 βαπτίζειν.

1535 3861 1736 3923 Int'tio
1764 3863 1918 3923 tomi
1939 3864 2109 3939 Vili,
2142 3882 2293 3944 pag.
2338 3867 2476 3926 122.

455 3967 722 4039 Equidem
774 3966 1075 4023 Heracleon
1105 3966 1401 4032 existimat,
1439 3964 1706 4024 Joannem
1740 3982 1966 4039 respon-

381 4061 522 4116 dere
553 4059 662 4124 his,
693 4059 788 4128 qui
824 4074 854 4113 a
894 4059 1186 4114 Pharisazis
1216 4057 1371 4112 missi
1404 4056 1640 4124 fuerant,
1671 4059 1815 4128 quod
1848 4060 1963 4128 ipse

384 4150 622 4216 volebat,
655 4164 763 4204 non
787 4150 853 4203 ad
902 4147 953 4203 id
983 4149 1126 4218 quod
1160 4148 1237 4202 illi
1285 4148 1763 4218 interrogaveram
1791 4164 1807 4211 ;
1853 4164 1959 4203 non

386 4240 678 4294 advertens
700 4252 762 4294 se
810 4239 1068 4293 incusare
1096 4238 1420 4307 prophetam
1451 4237 1704 4302 inscitiae,
1733 4238 1778 4291 si
1814 4238 1959 4291 aliud

384 4331 773 4399 interrogatus,
798 4327 949 4384 aliud
969 4327 1272 4397 respondit.

2154 3972 2214 4024 '0
2273 3971 2371 4042 μὲν
2450 3970 2765 4043 Ἡρακλέων
2814 3972 2983 4024 οἴεται
3008 4010 3023 4034 ,
3077 3972 3157 4024 ὅτι
3209 3970 3557 4042 ἀποκρίνεται
3609 3972 3637 4022 ὁ

2082 4060 2335 4131 Ἰωάννης
2356 4063 2467 4124 τοῖς
2492 4062 2556 4113 ὲκ
2580 4061 2687 4114 τῶν
2722 4060 3024 4132 Φαρισαίων
3053 4059 3401 4130 πεμφθεῖσιν,
3432 4060 3491 4112 οὐ
3514 4059 3638 4131 πρὸς

2066 4150 2095 4202 ὃ
2120 4152 2314 4203 ἐκεῖνοι
2344 4148 2663 4221 ἐπηρώτων,
2697 4149 2811 4203 ἀλλ’
2851 4150 2879 4202 ὃ
2910 4149 3072 4213 αὐτὸς
3125 4149 3375 4202 ἐϐούλετο
3402 4168 3414 4179 ·
3463 4150 3637 4202 ἑαυτὸν

2067 4237 2367 4305 λανθάνων,
2402 4239 2484 4291 ὅτι
2553 4241 2849 4310 κατηγορεῖ
2896 4238 2990 4291 τοῦ
3054 4241 3334 4310 προφήτου
3392 4239 3634 4312 ἀμαθίας,

2068 4330 2182 4396 εἴγε
2217 4330 2344 4383 ἄλλο
2368 4327 2722 4402 ἐρωτώμενος
2749 4331 2877 4401 περὶ
2900 4330 3058 4383 ἄλλου
3092 4331 3472 4401 ἀποκρίνεται.

1627 4419 1711 4479 Et
1744 4436 1897 4497 pag.
1930 4422 2045 4483 129
2073 4431 2124 4483 et
2165 4441 2327 4502 seqq.

456 4521 783 4586 ﬂeracleon,
813 4519 881 4574 In
908 4519 1079 4573 medio
1107 4520 1262 4573 vestri
1284 4528 1387 4573 stat
1409 4518 1509 4584 “",
1530 4516 1928 4587 interpretatur
1952 4534 1967 4572 :
1998 4528 2049 4587 υ

382 4618 508 4673 Jam
538 4616 705 4680 adest,
731 4624 777 4667 et
805 4621 881 4666 est
921 4614 976 4665 in
1008 4612 1226 4673 mundo,
1253 4618 1409 4679 atque
1452 4609 1593 4662 inter
1619 4610 1881 4673 homines,
1918 4620 1965 4663 et

384 4708 629 4763 omnibus
680 4706 826 4761 vobis
860 4704 973 4772 iam
1012 4702 1231 4758 visibilis
1270 4711 1367 4755 est.
1416 4700 1532 4756 Non
1591 4703 1830 4757 absurde
1886 4713 1967 4755 ta-

391 4816 513 4855 men
546 4797 688 4869 apud
720 4812 847 4851 eum
886 4795 1109 4861 dicitur,
1140 4797 1285 4863 quod
1320 4795 1491 4849 verba
1546 4794 1663 4861 illa,
1718 4794 1809 4865 qui
1851 4802 1967 4858 post

383 4906 467 4944 me
502 4891 638 4942 venit
664 4888 737 4955 ⁸⁸,
761 4886 1039 4941 declarent
1063 4882 1328 4940 Joannem
1349 4899 1741 4955 prmcursorem
1766 4883 1966 4938 Christi

397 4979 666 5035 exsistere
721 4992 738 5032 :
783 4990 914 5033 vere
963 4976 1108 5031 enim
1150 4990 1258 5030 non
1304 4990 1464 5030 secus
1515 4986 1680 5043 atque
1731 4972 1968 5028 famulus

387 5070 673 5138 praecurrit
726 5069 1037 5122 Dominum.
1095 5066 1280 5137 Longe
1338 5081 1470 5121 vero
1536 5062 1840 5134 simplicius
1899 5077 1963 5117 ea

386 5161 553 5214 verba
602 5159 996 5228 interpretatus
1026 5166 1111 5211 est
1151 5173 1164 5208 :
1222 5154 1345 5209 Non
1400 5171 1517 5209 sum
1546 5169 1640 5222 ego
1677 5153 1867 5222 dignus
1908 5162 1962 5204 ut

387 5249 583 5303 solvam
608 5249 722 5318 ejus
745 5247 1025 5316 corrigiam
1050 5246 1391 5299 calceamenti
1426 5246 1525 5311 ⁸¹’;
1556 5244 1781 5313 perinde
1812 5242 1967 5312 quasi

388 5340 621 5394 fateatur
656 5338 900 5408 Baptista
944 5338 1029 5392 bis
1067 5338 1268 5402 verbis,
1315 5352 1370 5391 se
1419 5352 1583 5406 neque
1606 5336 1849 5404 dignum,
1873 5335 1965 5404 qui

385 5430 572 5487 ultima
621 5431 786 5499 oﬁicia
813 5432 868 5483 in
911 5427 1180 5482 Christum
1228 5427 1491 5496 conferat.
1541 5428 1794 5481 Attamen
1842 5435 1967 5496 post

389 5529 533 5585 hanc
589 5526 988 5595 expositionem
1044 5525 1177 5578 satis
1236 5523 1598 5593 probabiliter
1630 5521 1958 5591 subjunxit:

388 5618 516 5674 Non
562 5633 815 5688 sumoego
856 5616 1096 5681 idoneus,
1129 5625 1183 5670 ut
1239 5616 1340 5670 mei
1397 5616 1571 5685 gratia
1621 5613 1962 5667 descendata

2160 4522 2218 4575 Ὀ
2263 4520 2575 4592 Ἡρακλέων
2613 4521 2691 4587 τὸ,
2721 4521 2923 4587 Μέσος
2974 4523 3139 4591 ὑμῶν
3190 4524 3433 4591 ἕστηκε,
3467 4523 3631 4594 φησὶν,

2072 4614 2193 4666 ἀντὶ
2222 4612 2338 4676 τοῦ,
2380 4613 2521 4679 Ἤδη
2550 4612 2823 4680 πάρεστι,
2855 4612 2952 4665 καὶ
2999 4613 3169 4667 ἐστιν
3218 4616 3290 4667 ὲν
3322 4614 3402 4680 τῷ
3428 4618 3630 4683 κόσμῳ,

2074 4705 2265 4759 καὶέν
2294 4705 2641 4773 ἀνθρώποις,
2671 4705 2767 4757 καὶ
2805 4704 3078 4772 ἐμφανής
3107 4705 3280 4758 ἐστιν
3308 4706 3422 4775 ἤδη
3463 4705 3635 4761 πᾶσιν

2074 4796 2237 4867 ὑμῖν.
2269 4798 2383 4850 Οὐκ
2414 4794 2693 4857 ἀπιθάνως
2718 4794 2774 4848 δὲ
2805 4796 2935 4866 παρ’
2975 4796 3124 4866 αὐτῷ
3164 4796 3405 4865 λέγεται,
3435 4798 3509 4851 ὅτι
3554 4796 3628 4855 τὸ,

2076 4888 2269 4941 ὀπίσω
2305 4904 2423 4957 μου
2474 4886 2830 4955 ἐρχόμενος,
2886 4886 2947 4939 τὸ
3004 4886 3312 4958 πρόδρομον
3372 4886 3502 4941 εἶναι
3546 4885 3630 4938 τὸν

2088 4978 2339 5047 Ἰωάννην
2380 4976 2474 5029 τοῦ
2503 4976 2738 5047 Χριστοῦ
2792 4976 2974 5047 δηλοῖ·
3008 4977 3223 5049 ἀληθῶς
3250 4980 3361 5050 γὰρ
3412 4976 3629 5047 ὡσπερεὶ

2073 5069 2287 5138 οἰκέτης
2310 5068 2424 5120 ἐστὶ
2450 5068 2763 5138 προτρέχων
2799 5067 2892 5125 τοῦ
2916 5069 3142 5140 Κυρίου.
3168 5069 3311 5122 Πολὺ
3341 5070 3395 5121 δὲ
3448 5066 3627 5122 ἁπλού-

2074 5177 2262 5231 στερον
2293 5160 2371 5223 τὸ,
2414 5161 2532 5212 Οὺκ
2563 5160 2679 5229 εἰμὶ
2710 5158 2879 5225 ἄξιος
2926 5161 3028 5215 ἵνα
3068 5162 3240 5213 λύσω
3301 5161 3482 5214 αὑτοῦ
3532 5157 3629 5210 τὸν

2074 5251 2287 5321 ἱμάντα
2309 5249 2415 5304 τοῦ
2444 5249 2846 5319 ὑποδήματος,
2876 5249 3178 5320 ἐξείληφεν,
3222 5251 3305 5303 δτι
3350 5248 3485 5304 οὐδὲ
3526 5246 3627 5313 τῆς

2072 5340 2426 5409 ἀτιμοτάτης
2474 5342 2808 5407 ὑπηρεσίας
2857 5339 2968 5407 τῆς
3020 5340 3169 5408 πρὸς
3224 5341 3333 5394 τὸν
3392 5336 3623 5408 Χριστὸν

2070 5430 2241 5497 ἄξιος
2277 5427 2450 5497 εἶναι,
2474 5430 2563 5483 διὰ
2590 5431 2793 5484 τούτων
2814 5431 2843 5482 ὁ
2872 5430 3179 5502 Βαπτιστὴς
3204 5430 3467 5502 ὀμολογετ.
3493 5427 3623 5497 Πλὴν

2074 5520 2210 5591 μετὰ
2234 5520 2437 5593 ταύτην
2464 5520 2561 5592 τὴν
2593 5520 2817 5592 ἐκδοχὴν
2845 5521 2945 5575 οὐκ
2991 5520 3269 5586 ἀπιθάνως
3310 5516 3621 5584 ὑποϐέϐληκε

2068 5610 2130 5663 τό
2148 5627 2160 5641 ’
2197 5612 2318 5665 Οὐκ
2338 5611 2453 5681 ἐγώ
2479 5613 2595 5681 ειμι
2625 5610 2855 5681 ἱκανὸς,
2885 5612 2985 5666 ἵνα
3014 5611 3088 5666 δι’
3114 5611 3221 5681 ἐμὲ
3247 5610 3490 5677 κατέλθῃ
3512 5606 3618 5661 ἀπὸ

412 5794 415 5795 ⁷
460 5794 504 5826 ⁸⁸
534 5793 689 5848 Joan.
716 5810 751 5858 ι,
784 5792 866 5848 18.
944 5792 1010 5823 ⁸⁸·
1036 5786 1191 5845 Joan.
1227 5790 1375 5857 t,26.
1454 5789 1497 5819 ⁸³
1529 5788 1690 5855 lbid.,
1722 5786 1812 5843 15.
1886 5783 1955 5820 ἰ·

2079 5784 2140 5851 1.,
2164 5782 2240 5841 27.
