3878 6348
292 358 430 414 129τ

1519 336 1941 410 FRAGMENTA
1978 351 2341 408 GNOSTICA.

3412 350 3548 405 H98

279 470 595 539 μεγέθους,
644 468 740 523 καὶ
800 469 998 537 σάρκα
1046 468 1222 536 λάϐῃ,
1257 469 1331 535 ὼς
1382 468 1680 538 υπόδημα,
1739 470 1859 535 περὶ

1977 464 2358 533 magnitudine,
2386 471 2434 516 et
2457 478 2671 516 carnem
2704 463 2955 532 accipiat,
2990 479 3082 516 ceu
3110 462 3545 528 calceamentum,

281 575 362 631 ης
387 560 503 631 ἐγὼ
534 564 712 631 λόγον
735 560 1063 616 ἀποδοῦναι
1094 562 1166 613 οὑ
1186 559 1461 628 δύναμαι,
1501 558 1641 613 οὐδὲ
1670 556 1873 628 διηγή-

280 656 534 714 σασθαι,
564 652 602 719 ἣ
626 652 911 706 ἐπιλῦσαι
939 650 1053 718 τὴν
1094 652 1224 719 περὶ
1265 649 1455 717 αὐτῆς
1505 649 1867 717 οἰκονομίαν.

297 742 617 813 Ἀδριτερον
654 742 713 795 δὲ
768 741 863 794 καὶ
918 739 1417 810 μεγαλοφυέστερον
1442 740 1471 790 6
1496 739 1657 801 αὐτὸς
1702 738 1869 807 Ἠρα-

281 831 485 891 xum.
518 834 751 900 κόσμον
791 832 859 883 τὸ
898 830 1177 899 ὑπόδημα
1212 831 1595 901 ἐκδεξάμενος,
1639 828 1868 900 μετέστη

281 924 380 975 ἐπὶ
435 923 498 975 τὸ
554 922 909 992 ἀσεϐέστερον
962 921 1377 993 ἀποφήνασθαι,
1428 920 1614 976 ταῦτα
1674 919 1871 974 πάντα

280 1012 417 1065 δεῖν
439 1012 765 1066 ἀκούεσθαι
816 1010 915 1065 καὶ
968 1011 1099 1077 περὶ
1136 1010 1241 1064 τοῦ
1289 1008 1612 1078 προσώπου
1655 1008 1869 1059 τούτου

276 1101 384 1157 διὰ
418 1102 523 1156 τοῦ
575 1100 846 1156 Ἰωάννου
892 1099 1241 1168 νοουμένου·
1266 1102 1430 1154 οἴεται
1469 1100 1576 1171 γὰρ
1630 1099 1720 1151 τὸν
1767 1100 1871 1168 Δη-

282 1194 546 1266 μιουργὺν
582 1194 678 1247 τοῦ
742 1195 947 1264 κόσμου
990 1194 1246 1247 ἐλάττονα
1301 1193 1431 1245 ὄντα
1470 1192 1563 1245 τοῦ
1607 1190 1864 1261 Χριστοῦ,

277 1286 443 1339 τοῦτο
470 1286 751 1355 ὁμολογεῖν
772 1285 860 1338 διὰ
895 1284 1099 1339 τούτων
1141 1284 1251 1337 τῶν
1295 1284 1511 1351 λέξεων,
1558 1283 1693 1354 ὅπερ
1748 1284 1869 1336 ἐστὶ

278 1376 504 1429 πάντων
531 1376 911 1429 ἀσεϐέστατον.
951 1377 1010 1427 '0
1027 1376 1134 1445 γὰρ
1161 1375 1382 1445 πέμψας
1408 1374 1568 1428 αὑτὸν
1603 1374 1812 1445 Πατὴρ,
1840 1376 1868 1427 6

275 1467 392 1520 τῶν
423 1467 641 1530 ζώντων
676 1468 829 1531 Θεὸς,
861 1469 936 1531 ὡς
962 1469 1122 1531 αὐτὸς
1178 1468 1384 1538 Ἰησοῦς
1434 1474 1721 1541 μαρτυρεῖ,
1772 1468 1865 1522 τοῦ

290 1557 567 1628 Ἀϐραὰμ,
612 1560 705 1611 καὶ
741 1558 833 1612 τοῦ
896 1559 1103 1622 Ἰσαὰκ,
1153 1560 1244 1613 καὶ
1287 1559 1382 1613 τοῦ
1439 1559 1628 1613 Ἰακὼϐ
1654 1601 1667 1624 ,
1714 1562 1743 1612 6
1778 1560 1865 1614 διὰ

274 1646 442 1701 τοῦτο
468 1649 673 1720 Κύριος
696 1649 790 1703 τοῦ
819 1650 1049 1721 οὐρανοῦ
1083 1652 1178 1705 καὶ
1217 1651 1315 1719 τῆς
1357 1652 1481 1721 γῆς,
1510 1652 1591 1704 ὅτι
1634 1651 1868 1720 πεποίηο

1976 556 2040 607 de
2065 570 2167 623 qua
2201 554 2457 607 rationem
2494 557 2709 607 reddere
2739 569 2831 623 ego
2854 570 2959 607 non
3000 553 3166 618 valeo,
3196 569 3356 623 neque
3392 570 3545 609 enm--

1975 662 2114 709 rare,
2157 644 2235 700 vel
2285 645 2483 699 solvere
2539 647 2603 698 de
2645 646 2758 711 ipsa
2826 647 3287 713 dispensationem.
3338 646 3549 701 Rursus

1976 736 2153 791 minus
2182 738 2500 805 prudenter,
2544 744 2706 805 atque
2738 726 3042 789 animosius
3082 734 3388 790 ilcracleon
3423 736 3544 804 ipse

1971 840 2093 881 cum
2126 842 2220 897 per
2245 826 2481 881 calceum
2536 827 2925 895 interpretatus
2963 835 3109 880 esset
3161 828 3415 879 mundum
3438 866 3452 891 ,
3481 827 3547 880 ad

1973 933 2085 973 rem
2110 919 2281 987 magis
2307 919 2527 987 impiam
2556 918 2773 982 transit,
2807 932 3005 987 nempe
3036 916 3102 971 ad
3130 917 3546 980 enuntiandum,

1971 1010 2081 1063 ἠως
2123 1010 2301 1063 omnia
2350 1010 2577 1079 intelligi
2621 1011 2781 1063 etiam
2828 1018 3067 1076 oportere
3096 1013 3162 1062 de
3200 1024 3425 1078 persona
3458 1024 3549 1077 per

1969 1100 2238 1155 Joannem
2272 1101 2538 1154 intellecta
2594 1100 2813 1170 (nempe
2877 1100 3205 1169 Demiurgo).
3253 1099 3550 1154 Existimat

1968 1192 2113 1243 enim
2148 1191 2330 1243 mundi
2362 1190 2612 1257 opiﬁcem
2648 1189 2966 1245 inferiorem
3000 1187 3223 1243 Christo
3269 1189 3547 1247 assisten-

1971 1289 2099 1343 tem,
2136 1279 2238 1334 hoc
2267 1293 2363 1347 per
2391 1280 2508 1333 haec
2536 1281 2702 1333 verba
2754 1278 2911 1333 fateri
2939 1296 2953 1344 ;
3014 1279 3157 1348 quod
3182 1288 3266 1333 est
3301 1278 3546 1332 omnium

1970 1371 2369 1439 impiissimum.
2396 1369 2529 1425 Nam
2563 1376 2725 1426 Pater
2755 1372 2845 1440 qui
2881 1372 3031 1425 misit
3075 1371 3247 1435 illum,
3277 1372 3419 1425 Deus
3474 1372 3551 1422 vi.

1969 1462 2228 1528 ventium,
2264 1469 2322 1515 ut
2343 1462 2506 1514 etiam
2532 1462 2647 1530 ipse
2670 1461 2829 1517 Jesus
2850 1461 3012 1533 365
3039 1470 3269 1517 testatur
3300 1501 3315 1526 ,
3354 1475 3549 1529 nempe

1967 1553 2288 1617 Abrahami,
2305 1554 2477 1608 lsaaci
2508 1563 2562 1609 et
2591 1552 2806 1616 Jacobi,
2827 1564 2883 1607 et
2916 1554 3125 1608 idcirco
3144 1553 3403 1606 Dominus
3421 1553 3546 1607 ωςιί

1965 1653 2023 1699 et
2054 1646 2398 1715 terrae,quod
2422 1659 2483 1699 ea
2520 1646 2751 1709 fecerit;
2784 1646 2875 1702 hic
2904 1646 3069 1700 etiam
3096 1644 3242 1701 solus
3274 1645 3471 1709 bonus,
3493 1652 3550 1697 et

276 1754 377 1789 κεν
396 1739 555 1803 αὐτὰ,
580 1736 732 1803 οὗτος
757 1742 850 1794 καὶ
881 1742 1039 1811 μόνος
1090 1740 1313 1809 ἀγαθὸς,
1349 1743 1442 1794 καὶ
1502 1741 1701 1812 μείζων
1768 1739 1859 1793 τοῦ

1970 1740 2141 1809 major
2160 1746 2247 1793 est
2276 1738 2461 1793 misso.
2503 1736 2655 1803 Quod
2683 1738 2729 1794 si
2757 1738 2938 1792 minus
2962 1738 3276 1806 prudenter,
3306 1745 3361 1790 ut
3387 1744 3545 1793 antea

274 1829 638 1899 πεμφθέντος.
672 1833 734 1884 El
761 1832 818 1885 δε
844 1808 956 1895 καὶ,
1000 1833 1075 1896 ὡς
1108 1808 1539 1903 προειρήκαμεν,
1574 1831 1859 1902 ἁδρότερον

1970 1808 2223 1893 diximus,
2259 1830 2329 1883 ab
2373 1828 2713 1884 Heracleone
2743 1830 3114 1899 excogitatum
3165 1838 3249 1882 est
3280 1866 3296 1892 ,
3326 1841 3547 1881 otttnem

273 1918 527 1989 νενόηται
555 1922 648 1975 καὶ
692 1923 799 1985 πᾶς
827 1923 855 1973 6
890 1922 1091 1991 κόσμος
1119 1920 1370 1991 ὑπόδημα
1401 1917 1538 1975 εἶναι
1568 1920 1659 1973 τοῦ
1686 1919 1860 1991 Ἰησοῦ

270 2006 355 2076 τῷ
397 2008 762 2080 Ἡρακλέωνι,
815 2012 929 2065 ἀλλ’
959 2012 1058 2064 οὐκ
1097 2006 1249 2082 οἶμαι
1306 2012 1414 2065 δεῖν
1473 2010 1860 2079 συγκατατίθε-

272 2095 427 2151 σθαι.

1967 1922 2133 1976 etiam
2159 1919 2419 1974 mundum
2455 1930 2580 1974 esse
2611 1918 3042 1974 calceamentum
3072 1917 3226 1985 Jesu,
3252 1933 3358 1972 non
3399 1916 3549 1970 arbi-

1967 2021 2083 2067 tror
2100 2025 2358 2081 oportere
2388 2019 2447 2067 ut
2473 2011 2550 2066 illi
2582 2012 2978 2066 assentiamur.
3434 1994 3435 1997 6

1385 2215 1513 2277 Sub
1540 2216 1723 2294 ﬁnem
1753 2215 1907 2276 tomi
1936 2216 2048 2288 IX,
2078 2229 2229 2291 pag.
2266 2212 2402 2275 1ἵι8.

359 2312 451 2364 Ἕν
500 2312 577 2382 τῷ
638 2313 790 2385 τόπῳ
849 2317 877 2369 6
916 2315 1229 2387 Ἡρακλέων
1300 2316 1589 2385 γενόμενος
1616 2356 1631 2380 ,
1692 2315 1860 2385 χωρὶς

271 2400 462 2472 πάσης
519 2403 863 2472 κατασκευῆς
920 2404 1014 2456 καὶ
1088 2404 1443 2475 παραθέσεως
1509 2403 1857 2475 μαρτυρίων,

270 2492 663 2561 ἀποφαίνεται,
710 2493 791 2545 ὅτι
848 2494 907 2546 τὸ
960 2494 1092 2563 μὲν,
1140 2493 1345 2562 Ἀμνός
1403 2492 1509 2547 τοῦ
1564 2491 1732 2555 Θεοῦ,
1783 2491 1859 2554 ὡς

273 2584 564 2654 προφήτης
617 2584 780 2653 φησὶν
820 2586 848 2637 6
884 2584 1137 2653 Ἰωάννης
1161 2600 1173 2613 ·
1206 2584 1266 2636 τὺ
1297 2583 1374 2645 δὲ,
1426 2582 1488 2635 '0
1524 2582 1707 2649 αἵρων
1744 2580 1860 2648 τὴν

268 2674 571 2743 ἁμαρτίαν
600 2674 705 2728 τοῦ
735 2675 987 2743 κόσμου,
1021 2674 1097 2736 ὡς
1138 2675 1521 2745 περισσότερον
1556 2675 1855 2744 προφήτου.

270 2764 389 2816 Καὶ
427 2764 597 2835 οἴεται
630 2766 691 2817 τὸ
727 2766 825 2836 μὲν
868 2767 1131 2837 πρότερον
1165 2766 1291 2835 περὶ
1332 2764 1426 2817 τοῦ
1459 2765 1711 2835 σώματος
1763 2764 1861 2816 αὐ-

266 2856 371 2911 τοῦ
412 2856 685 2925 λέγεσθαι,
734 2858 795 2911 τὸ
850 2859 905 2911 δὲ
938 2858 1191 2929 δεύτερον
1248 2859 1375 2928 περὶ
1417 2858 1510 2910 τοῦ
1546 2859 1603 2910 ὲν
1649 2857 1727 2927 τῷ
1758 2856 1861 2909 σώ-

2038 2314 2118 2367 Ad
2167 2313 2312 2368 hunc
2366 2312 2545 2367 locum
2588 2310 2632 2343 “
2690 2309 2984 2365 Hcracleon
3034 2310 3281 2375 veniens,
3340 2312 3546 2380 absque

1969 2404 2160 2473 aliqua
2200 2403 2522 2472 probatione
2559 2410 2614 2456 et
2642 2402 3052 2469 comparatione
3088 2403 3543 2468 testimoniorum,

1966 2492 2494 2548 enuntiatJoannem
2522 2502 2776 2561 tanquam
2803 2492 3122 2561 prophetam
3143 2493 3345 2557 dicere,
3365 2491 3545 2563 Agnus

1967 2586 2106 2649 Dei;
2137 2594 2191 2639 et
2216 2585 2362 2639 velut
2381 2585 2505 2655 plus
2535 2600 2698 2652 quam
2742 2585 3064 2654 prophetam
3100 2584 3303 2648 dicere,
3328 2586 3418 2651 qui
3442 2602 3544 2637 au-

1968 2679 2068 2747 fert
2115 2688 2390 2746 peccatum
2430 2678 2637 2730 mundi.
2677 2677 2918 2744 Quorum
2979 2677 3218 2747 primum
3262 2678 3544 2731 existimat

1965 2770 2033 2824 de
2065 2784 2293 2839 corpore
2321 2768 2440 2836 ejus
2470 2770 2601 2833 dici,
2634 2771 2936 2823 secundum
2974 2784 3107 2823 vero
3153 2769 3222 2824 de
3262 2783 3352 2833 eo,
3400 2768 3542 2837 quod

1965 2869 2051 2913 est
2084 2858 2137 2914 in
2166 2873 2422 2928 corpore,
2459 2858 2585 2926 quia
2606 2873 2775 2927 agnus
2808 2856 3158 2926 imperfectus
3182 2858 3252 2912 sit
3284 2858 3337 2911 in
3360 2858 3540 2912 ovium

272 2964 436 3016 ματι,
473 2947 550 3018 τῷ
599 2950 693 3002 τὸν
759 2948 927 3017 ἀμνὸν
982 2950 1148 3020 ἀτελῆ
1179 2945 1317 3003 εἶναι
1364 2952 1421 3003 ἐν
1464 2950 1542 3020 τῷ
1569 2949 1678 3002 τῶν
1725 2966 1857 3019 προ-

1970 2964 2160 3018 genere
2193 2988 2206 3013 ,
2235 2958 2402 3020 atque
2438 2947 2546 3002 tale
2572 2947 2737 3001 etiam
2786 2948 2857 3001 sit
2896 2962 3096 3017 corpus
3131 2952 3542 3018 comparatione

268 3036 457 3090 ϐάτων
486 3037 666 3105 γένει’
703 3037 844 3091 οὕτω
886 3038 942 3091 δὲ
992 3042 1083 3092 καὶ
1120 3042 1181 3093 τὸ
1219 3042 1375 3112 σῶμα
1426 3040 1723 3110 παραθέσει
1758 3039 1851 3091 τοῦ

267 3127 614 3191 ινοικοῦντος
668 3129 834 3199 αὐτῷ.
891 3130 959 3182 Τὸ
1017 3130 1085 3183 δὲ
1138 3132 1371 3186 τέλειον
1424 3136 1477 3186 εἰ
1536 3132 1850 3195 ἐϐούλετο,

266 3216 428 3285 φησὶ,
456 3215 536 3281 τῷ
560 3217 783 3286 σώματι
800 3220 1199 3288 μαρτυρῆσαι,
1223 3220 1392 3291 κριὸν
1421 3220 1610 3275 εἰπεῖν
1624 3222 1692 3253 ⁸²⁶
1708 3222 1852 3275 αὐτὸ

263 3304 338 3356 τὸ
393 3304 628 3374 μέλλον
653 3308 918 3360 θύεσθαι.

1963 3038 2323 3094 inhabitantis
2369 3039 2421 3091 in
2466 3038 2607 3106 ipso.
2671 3035 3064 3105 Perfectionem
3126 3055 3281 3104 vero,
3338 3042 3537 3110 inquit,

1959 3130 2007 3181 si
2034 3128 2232 3181 volebat
2262 3127 2470 3196 corpori
2511 3125 2823 3192 attribuere,
2875 3128 3094 3182 arietem
3141 3131 3315 3197 ipsum
3348 3132 3536 3186 immo-

1959 3221 2179 3273 landum
2207 3220 2447 3274 dixisset.

1511 3397 1616 3457 Ex
1644 3408 1807 3459 tomo
1832 3400 1913 3472 X,
1931 3415 2078 3477 pag.
2112 3400 2247 3461 158.

354 3496 414 3550 ὐ
468 3498 715 3568 μέντοιγε
754 3499 1067 3573 Ἡρακλέων
1109 3502 1188 3564 τὸ,
1230 3501 1391 3555 Μετὰ
1429 3501 1605 3554 τοῦτο
1634 3499 1848 3568 κατέϐη

260 3591 355 3654 εὶς
393 3590 813 3658 Καφαρναοὺμ,
844 3592 1005 3654 αὐτὸς
1050 3591 1422 3662 διηγούμενος,
1472 3592 1636 3661 ἄλλης
1690 3591 1852 3643 πάλιν

262 3681 583 3750 οἰκονομίας
628 3681 803 3751 ἀρχήν
835 3700 965 3753 φησι
994 3681 1305 3753 δηλοῦσθαι,
1356 3684 1456 3735 οὐκ
1510 3682 1696 3755 ἀργῶς
1733 3680 1849 3743 τοῦ,

263 3771 511 3839 κατέϐη,
543 3774 855 3844 εἰρημένου.
896 3774 1001 3826 Καί
1045 3791 1177 3845 φησι
1216 3774 1314 3845 τὴν
1342 3775 1721 3845 Καφαρναοὺμ
1750 3788 1850 3843 ση-

264 3861 486 3931 μαίνειν
540 3862 711 3915 ταῦτα
764 3863 833 3915 τὰ
887 3862 1087 3933 ἔσχατα
1137 3862 1231 3915 τοῦ
1284 3865 1512 3933 κόσμου,
1559 3862 1731 3915 ταῦτα
1782 3860 1851 3913 τὰ

261 3952 452 4017 ὑλικὰ,
498 3955 578 4016 εἰς
610 3953 645 4007 ἃ.
696 3954 929 4024 κατῆλθε
954 3972 967 3985 ο
1000 3956 1094 4007 καὶ
1126 3956 1214 4009 διὰ
1255 3957 1314 4009 τὸ
1352 3956 1640 4015 ἀνοίκειον,
1696 3951 1847 4021 φησὶ,

2030 3500 2175 3554 Sane
2230 3499 2529 3554 Heracleon
2592 3499 2707 3568 ipse
2758 3500 2860 3555 hoc
2918 3513 3203 3569 exponens
3263 3514 3276 3551 :
3338 3497 3535 3555 Postea

1956 3591 2219 3647 descendit
2250 3593 2305 3645 in
2355 3591 2728 3661 Capharnaum
2760 3590 2828 3654 ⁸³,
2902 3590 3126 3646 alterius
3184 3605 3375 3646 rursus
3420 3592 3534 3647 dis-

1957 3684 2295 3752 pensationis
2326 3684 2650 3752 principium
2682 3683 2812 3737 dicit
2841 3683 3112 3737 declarari
3147 3698 3300 3747 voce,
3323 3684 3535 3737 descen-

1957 3775 2058 3835 dit,
2090 3788 2196 3827 non
2231 3774 2407 3827 otiose
2455 3774 2627 3829 dicta.
2677 3773 2880 3842 Aitqne
2919 3776 3057 3830 urbe
3099 3776 3428 3842 Capharnao
3460 3774 3535 3828 si-

1958 3864 2209 3932 gniﬁcari
2243 3864 2357 3917 haec
2387 3875 2634 3919 extrema
2682 3866 2890 3931 mundi,
2934 3866 3048 3919 ilch
3100 3864 3426 3929 materialia,
3464 3868 3530 3920 ad

1960 3970 2081 4024 quae
2104 3954 2407 4009 descendit.
2436 3956 2500 4009 Et
2531 3956 2659 4023 quia
2694 3969 2799 4009 non
2835 3965 3014 4024 aptus,
3064 3956 3264 4026 inquit,
3291 3965 3411 4010 erat
3448 3956 3532 4011 lo-

1958 4060 2081 4109 cus,
2113 4044 2253 4099 nihil
2278 4045 2331 4098 in
2356 4060 2419 4101 ea
2452 4046 2672 4102 civitate
2696 4046 2781 4101 vel
2808 4046 3029 4109 iecisse.
3061 4048 3144 4102 vel
3170 4048 3385 4104 locutus
3409 4063 3531 4104 esse

1956 4135 2179 4191 dicitur.

1410 4229 1537 4290 Sub
1568 4229 1749 4307 ﬁnem
1780 4227 1931 4289 tomi
1961 4228 2042 4298 Χ,
2070 4242 2219 4303 pag.
2255 4228 2394 4288 167.

262 4040 410 4097 εἶναι
442 4044 533 4096 τὸν
562 4046 746 4110 τόπον,
778 4045 899 4099 οὐδὲ
933 4045 1245 4117 πεποιηκώς
1278 4062 1330 4099 τι
1356 4044 1571 4113 λέγεται
1602 4044 1661 4097 ὲν
1690 4040 1847 4112 αὐτῇ,

260 4133 300 4204 ἦ
338 4133 668 4204 λελαληκώς.

345 4333 409 4387 Ὀ
451 4334 784 4404 Ἡρακλέων,
834 4337 1017 4403 Αὕτη,
1064 4338 1249 4409 φησὶν,
1294 4339 1333 4407 ή
1373 4338 1604 4409 μεγάλη
1644 4339 1839 4407 ἑορτὴ,

2026 4336 2326 4390 Heracleon
2371 4351 2383 4386 :
2443 4329 2570 4385 liceo
2620 4346 2837 4399 magna,
2894 4331 3094 4400 inquit,
3142 4340 3216 4385 est
3276 4331 3530 4399 festivitas

261 4424 373 4478 τοῦ
417 4422 530 4492 γὰρ
557 4424 790 4491 πάθους
835 4427 941 4480 τοῦ
970 4427 1245 4497 Σωτῆρος
1277 4431 1465 4495 τύπος
1493 4427 1592 4500 ἦν,
1638 4431 1735 4485 ὅτε
1772 4433 1845 4484 οὐ

1970 4426 2043 4497 ςειε
2066 4425 2333 4479 Paschate
2364 4420 2649 4492 loquitur),
2681 4419 3017 4488 ﬁgura'enim
3048 4422 3310 4488 passionis
3344 4420 3532 4478 Serva-

258 4516 455 4586 μόνον
481 4516 757 4582 ἀνῃρεῖτο
798 4518 865 4570 τὸ
904 4519 1220 4585 πρόϐατον,
1259 4520 1421 4574 ἀλλὰ
1450 4523 1545 4574 καὶ
1581 4521 1848 4576 ἀνάπαυ-

1977 4522 2083 4573 oris
2115 4528 2251 4583 erat,
2274 4518 2489 4587 quando
2514 4532 2616 4569 non
2645 4515 2815 4568 solum
2842 4516 3257 4584 interﬁciebatur
3286 4517 3418 4581 opis,
3446 4532 3530 4570 ve-

257 4618 370 4657 σιν
413 4604 698 4673 παρεῖχεν
720 4606 1090 4675 ἐσθιόμενον.
1142 4610 1252 4663 Καὶ
1295 4612 1606 4680 θυόμενον,
1632 4611 1696 4664 τὸ
1738 4610 1849 4665 πά-

1970 4629 2072 4666 νυηι
2101 4613 2259 4666 etiam
2286 4627 2493 4666 comesa
2525 4608 2789 4675 pra’bebat
2814 4609 3067 4680 requiem.
3131 4608 3199 4662 Et
3253 4609 3529 4663 immolata

260 4698 371 4760 θος
401 4694 469 4725 ⁸³⁸
494 4696 602 4750 τοῦ
642 4696 915 4765 Σωτῆρος
948 4698 1014 4751 τὸ
1042 4700 1111 4751 ἐν
1137 4701 1343 4770 κόσμῳ
1361 4701 1708 4771 ἐσήμαινεν·
1741 4703 1846 4757 ἐσ-

1970 4703 2164 4773 μιὶᾱειη
2195 4704 2500 4771 passionem
2527 4699 2824 4755 Servatoris
2856 4700 2910 4752 in
2932 4700 3127 4753 mundo
3154 4700 3485 4770 signiﬁcabat
3507 4716 3528 4764 ,-

260 4783 547 4852 θιόμενον
562 4784 666 4851 δὲ,
695 4785 810 4855 τὴν
839 4786 1188 4842 ἀνάπαυσιν
1216 4790 1331 4858 τὴν
1359 4790 1429 4844 ἐν
1447 4791 1628 4861 γάμῳ.

1970 4811 2165 4849 :omesa
2200 4809 2323 4848 vero
2354 4793 2583 4863 requiem
2612 4791 2929 4861 futuram‘in
2955 4792 3171 4859 nuptiis.

1216 4882 1422 4963 Prope
1450 4887 1631 4965 ﬁnem
1665 4896 1813 4949 tom.
1857 4889 1968 4962 XI,
1992 4905 2148 4967 pag.
2181 4890 2291 4950 181
2323 4897 2377 4949 et
2407 4903 2570 4965 seqq.

336 4976 572 5046 Ἵδωμεν
608 4976 679 5031 τὰ
716 4978 1112 5052 Ἡρακλέωνος,
1170 4984 1229 5047 ὃς
1272 5002 1405 5055 φησι
1442 4986 1560 5054 τὴν
1586 4987 1631 5019 ⁸⁸
1673 4988 1844 5056 Ἰερο-

2024 4990 2323 5044 Videamus
2380 5002 2499 5057 qua:
2536 4984 2836 5041 Heracleon
2878 4986 3043 5051 dicat,
3099 4987 3372 5056 inquiens,
3417 4988 3527 5043 Do-

254 5065 504 5135 σόλυμα
531 5068 754 5122 ἄνοδον
775 5072 1094 5140 σημαίνειν
1117 5073 1162 5106 ⁸⁵
1194 5074 1309 5142 τὴν
1336 5076 1454 5130 ἀπὸ
1482 5076 1601 5131 τῶν
1618 5079 1845 5133 ὐλικῶν

1970 5083 2083 5137 nini
2114 5098 2388 5136 ascensum
2415 5084 2485 5134 ad
2516 5080 2902 5150 Jerosolymam
2929 5080 2975 5113 ⁸⁸
3010 5080 3314 5150 signiﬁcare
3342 5098 3527 5136 ascen.

252 5156 348 5220 vir;
390 5156 499 5210 τὸν
538 5159 802 5228 ψυχικὸν
848 5162 1053 5225 τόπον,
1100 5164 1474 5235 τυγχάνοντα
1499 5170 1702 5223 εἰκόνα
1733 5171 1843 5237 τῆς

1970 5191 2066 5228 mm
2104 5191 2135 5228 a
2167 5172 2530 5228 materialibus
2563 5174 2634 5224 ad
2666 5172 2951 5226 animalem
3005 5172 3200 5236 locum,
3242 5174 3527 5241 imaginem

285 5247 689 5318 Ῑερουσαλὴμ,
731 5252 1029 5307 ἀνάϐασιν
1059 5255 1165 5308 τοῦ
1211 5259 1451 5325 Κυρίου.
1509 5264 1579 5317 Τὸ
1608 5263 1684 5329 δὲ,
1737 5258 1839 5318 εὖ·-

1970 5268 2289 5321 exsistentem
2313 5266 2679 5334 Jerosolymaa.
2707 5262 2838 5316 Illud
2864 5262 3054 5329 etiam,
3084 5263 3279 5317 invenit
3309 5264 3364 5317 in
3396 5274 3526 5317 tent-

248 5353 363 5400 r-er
400 5339 472 5390 ἐν
518 5337 596 5403 τῷ
629 5340 779 5409 ἱερῷ,
823 5344 917 5395 καὶ
942 5345 1062 5415 οὐχὶ
1087 5345 1194 5398 τῶν
1223 5346 1334 5400 ἄνω
1365 5348 1536 5401 οἴεται
1567 5352 1837 5421 εἰρῆσθαι,

1970 5358 2057 5425 ito,
2084 5374 2190 5414 non
2223 5359 2426 5413 dictum
2456 5358 2626 5411 fuisse
2647 5355 2968 5409 existimans
2992 5355 3057 5409 de
3084 5354 3219 5409 locis
3250 5356 3522 5425 supernis,

253 5429 404 5501 ὑπὲρ
435 5429 531 5483 τοῦ
580 5433 654 5502 μὴ
683 5433 782 5504 τὴν
821 5436 1011 5507 κλῆσιν
1064 5439 1231 5509 μόνην
1278 5442 1536 5513 νοηθῆναι
1582 5444 1681 5515 τὴν
1728 5464 1838 5515 χω-

1970 5464 2015 5503 te
2065 5449 2494 5519 intelligeremus
2530 5448 2869 5501 vocationem
2901 5445 3073 5500 solam
3117 5446 3239 5502 sine
3284 5445 3524 5514 Spiritus

257 5522 342 5591 ρὶς
373 5523 690 5595 Πνκύματος
729 5526 1037 5599 βοηθεῖσθαι
1062 5530 1165 5583 ὑπὸ
1204 5534 1297 5587 τοῦ
1333 5536 1555 5607 Κυρίου.
1597 5539 1836 5607 Ἠγεῖται

1970 5556 2049 5611 »με
2077 5541 2323 5609 adjuvari
2372 5557 2401 5595 a
2448 5540 2697 5595 Domino.
2755 5540 3043 5594 Existimat
3083 5539 3230 5593 enim
3261 5540 3521 5608 templum

318 5696 548 5790 ft‘Joap‘.
580 5701 728 5790 1.,29.
805 5705 1021 5790 "agor.
1054 5707 1205 5777 κριὸν
1232 5708 1297 5765 ἂν
1324 5707 1495 5767 εἶπεν.
1574 5712 1794 5772 "Joan.
1824 5732 1858 5770 Il

1970 5716 2001 5771 Β.
2070 5718 2136 5749 ⁸³⁸
2170 5717 2261 5773 Sic
2295 5720 2415 5776 cod.
2446 5716 2597 5774 Bodl.
2675 5718 2718 5749 "
2743 5717 2874 5787 μοι.
2898 5719 2977 5782 εἰς
3008 5718 3129 5790 τήν.
3209 5720 3253 5751 ⁸⁸
3287 5716 3380 5776 Sic
3400 5718 3521 5775 cod.

253 5762 412 5823 Bodl.
488 5770 535 5801 '°
564 5768 742 5843 _Joau.
774 5788 836 5839 tt,
874 5774 939 5829 l3
967 5762 1120 5848 δειλαί.
