3878 6348
383 352 520 413 i999

1320 360 1665 430 APPENDIX
1700 368 1790 424 AD
1823 368 2130 441 QUINQUE
2172 360 2425 441 nummi
2453 379 2714 439 LIBROS.

3510 382 3646 442 tam

377 481 500 523 esse
530 466 728 524 Sancta
761 477 1095 541 sanctorum,
1132 473 1183 528 in
1227 490 1344 545 qna:-
1378 481 1528 537 so'lus
1566 500 1811 543 summus
1834 502 1922 556 por

2031 530 2037 547 ι
2070 493 2178 565 γὰρ
2208 494 2276 548 τὰ
2304 496 2403 566 μὲν
2434 498 2595 569 ’Ἀγια
2626 500 2736 554 τῶν
2763 502 2932 571 ἁγίων
2966 497 3103 564 εἶναι
3146 504 3208 557 τὸ
3257 505 3427 576 ἱερλν,
3483 505 3567 565 είς
3611 502 3645 559 ἃ

378 560 511 617 tifex
542 562 968 631 ingrediebatur,
1011 584 1120 637 quo
1149 569 1312 622 etiam
1337 575 1610 641 proficisci
1640 580 1922 648 spirituale

2062 560 2227 654 μόνος
2269 560 2557 661 ἀρχιερεύς
2600 595 2776 660 είσίει,
2809 560 2961 649 ’ἔνθα
3011 560 3193 667 οἴομαι
3243 560 3425 650 αὐτὸν,
3463 596 3645 664 λέγειν

376 653 621 709 arbitror
653 654 805 709 illum
837 658 1056 725 dicere;
1087 662 1413 717 vestibulum
1444 681 1600 733 vero,
1645 671 1735 724 ubi
1787 673 1951 726 etiam

373 742 580 799 Levita:
616 755 793 813 erant,
841 749 1145 802 arbitratur
1168 752 1478 819 symbolum
1506 770 1626 811 esse
1666 762 1953 831 psychico-

371 851 520 901 rum,
553 839 644 906 qni
680 839 1029 894 inveniuntur
1053 841 1106 895 in
1152 843 1331 897 salute
1370 855 1526 901 extra
1564 848 1837 907 Plerotna.
1871 856 1950 909 Ad

369 929 508 993 haec,
538 929 788 984 inventos
821 929 875 983 in
911 932 1116 1000 templo
1146 935 1443 992 vendentes
1489 940 1679 1007 boves,
1716 959 1847 1000 oves
1892 956 1947 1001 et

369 1022 669 1085 columbas,
703 1031 758 1076 et
781 1023 1036 1079 sedentes
1065 1028 1393 1093 mensarios,
1438 1032 1543 1087 dici
1570 1038 1821 1104 exposuit
1851 1055 1948 1107 pro

368 1114 477 1182 bis,
514 1114 604 1183 qui
641 1116 773 1169 nihil
810 1118 1000 1185 gratiae
1038 1119 1306 1187 tribuunt,
1335 1125 1427 1178 sed
1457 1138 1819 1183 mercaturam
1844 1148 1944 1201 pn-

366 1212 487 1258 tant
539 1206 613 1259 et'
652 1205 890 1273 lucrum,
942 1208 1253 1278 ingressum
1286 1222 1675 1272 extraneorum
1716 1220 1767 1273 in
1808 1230 1947 1275 tem-

306 1368 309 1369 ν
360 1294 545 1365 plum;
599 1296 876 1361 victimas,
918 1300 1122 1369 proprii
1164 1302 1303 1357 lucri
1354 1315 1410 1359 et
1447 1310 1697 1364 avaritia:
1750 1328 1940 1380 causa,

360 1386 428 1441 ad
459 1387 661 1444 cultum
692 1388 786 1447 Dei
819 1396 1256 1461 suppeditantes.
1293 1398 1448 1464 Quod
1496 1410 1675 1455 autem
1701 1401 1864 1460 Jesus
1911 1422 1941 1462 e

358 1474 621 1532 funiculis
655 1479 848 1536 fecerit
881 1482 1181 1554 ﬂagellum,
1234 1502 1342 1542 non
1378 1490 1447 1544 ab
1491 1492 1599 1547 alio
1627 1494 1753 1547 illud
1790 1499 1939 1553 acci-

359 1568 541 1637 piens,
587 1585 688 1624 suo
739 1587 893 1629 more
920 1576 1182 1642 explicat,
1236 1578 1448 1648 dicens,
1500 1582 1769 1653 ﬂagellum
1806 1589 1940 1643 ima-

355 1660 534 1730 ginem
552 1662 715 1734 366
729 1679 847 1721 esse
863 1668 1118 1735 potentia:
1130 1680 1182 1724 et
1208 1672 1543 1740 Operationis
1558 1675 1793 1746 Spiritus
1805 1692 1937 1735 san-

355 1752 451 1818 cti,
484 1751 612 1811 ﬂatu
640 1756 965 1826 expellentis
999 1760 1190 1817 malos.
1224 1761 1574 1835 Allirmatque
1596 1807 1611 1833 ,
1636 1769 1927 1839 ﬂagellum,

2054 680 2182 743 τοὺς
2209 687 2611 753 πνευματικοὺς
2638 692 2833 759 χωρεῖν
2852 707 2864 719 ο
2896 689 2965 743 τὰ
3004 692 3062 745 δὲ
3100 695 3358 762 προνάου,
3387 694 3525 745 ὅπου
3552 692 3642 744 καὶ

2053 774 2103 825 οἱ
2132 775 2376 838 Λευῖται,
2416 777 2683 847 σύμϐολον
2713 777 2853 835 εἶναι
2903 785 3011 837 τῶν
3054 787 3159 852 ἔξω
3188 787 3282 841 τοῦ
3325 787 3638 857 Πληρώμα-

2055 878 2146 925 τος
2191 862 2461 935 ψυχικῶν,
2496 871 2899 943 εὑρισκομένων
2929 876 2988 927 ἐν
3018 878 3278 947 σωτηρίᾳ,
3340 879 3488 949 Πρὸς
3516 876 3639 930 τού-

2049 969 2184 1018 τοις,
2241 958 2365 1020 τοὺς
2418 960 2838 1032 εὑρισκομένους
2884 967 2942 1018 ἐν
2987 966 3064 1036 τῷ
3124 968 3285 1039 ἱερῷ,
3316 969 3636 1032 πωλοῦντας

1999 1086 2009 1098 ,
2052 1040 2200 1110 βόας,
2248 1047 2339 1098 καὶ
2365 1049 2631 1120 πρόϐατα,
2667 1054 2760 1105 καὶ
2806 1057 3154 1128 περιστερὰς,
3200 1060 3457 1122 καὶτοὺς
3505 1060 3637 1113 καθ-

2048 1132 2281 1201 ημένους
2328 1142 2699 1208 κερματιστὰς
2722 1183 2736 1207 ,
2780 1144 3055 1211 ἐξεδέξατο
3095 1149 3347 1217 λέγεσθαι
3377 1152 3501 1204 ἀντὶ
3526 1153 3635 1205 τῶν

2049 1222 2216 1292 μηδὲν
2249 1227 2429 1296 χάριτι
2456 1229 2725 1297 διδόντων,
2759 1234 2873 1288 ἀλλ’
2900 1238 3169 1310 ἐμπορίαν
3198 1241 3291 1293 καὶ
3315 1241 3509 1311 κέρδος
3540 1243 3636 1311 τὴν

2044 1312 2153 1366 τῶν
2186 1313 2351 1378 ξένων
2376 1320 2457 1382 είς
2495 1321 2554 1373 τὸ
2582 1323 2724 1393 ἱερὸν
2754 1323 2958 1380 εἴσοδον
2985 1327 3331 1399 νομιζόντων,
3363 1330 3459 1383 τοῦ
3496 1332 3634 1385 ιδέου

2044 1402 2271 1473 κέρδους
2327 1410 2419 1463 καὶ
2459 1410 2821 1485 φιλαργυρίας
2872 1418 3077 1484 ἕνεκεν,
3116 1420 3215 1485 τὰς
3268 1424 3346 1484 εἰς
3396 1422 3497 1492 τὴν
3546 1423 3635 1474 λεα-

2041 1498 2229 1566 τρείαν
2252 1499 2346 1552 τοῦ
2375 1501 2510 1555 Θεοῦ
2552 1504 2742 1570 θυσίας
2774 1512 3171 1582 χορηγούντων.
3206 1515 3316 1567 Καὶ
3353 1516 3416 1566 τὸ
3448 1531 3633 1583 φραγο

2040 1588 2216 1656 γέλιον
2265 1592 2321 1644 δέ
2353 1590 2679 1666 πεποιῆσθαί
2734 1601 2798 1653 ἐκ
2848 1603 3097 1672 σχοινίων
3136 1605 3239 1657 ὑπὸ
3280 1605 3371 1658 τοῦ
3419 1606 3629 1676 Ἰησοῦ,

2038 1682 2159 1752 οὐχὶ
2210 1688 2340 1756 παρ’
2368 1687 2527 1741 ἄλλου
2580 1689 2855 1759 λαϐόντος,
2904 1696 3219 1767 ἰδιοτρόπως
3262 1700 3627 1768 ἀπαγγέλλει,

2038 1770 2209 1840 λέγων
2234 1776 2294 1827 τὸ
2324 1776 2649 1848 φραγγέλιον
2678 1783 2863 1837 εἰκόνα
2895 1787 3184 1856 τυγχάνειν
3230 1790 3274 1820 ⁸⁷
3315 1791 3413 1861 τῆς
3450 1791 3626 1844 owe-

352 1843 541 1909 linum,
573 1847 866 1917 sindoaem,
894 1860 941 1904 et
972 1861 1160 1906 uetera
1193 1853 1346 1918 talia,
1386 1856 1668 1925 imaginem
1696 1876 1806 1914 esse
1827 1878 1922 1929 po-

2038 1878 2204 1931 μεως,
2235 1841 2639 1939 καὶ-ἐνεργείας
2664 1872 2754 1925 τοῦ
2794 1875 2948 1943 ἁγίου
2973 1841 3304 1948 ἦνεύματος,
3333 1841 3625 1950 ἐκξυσῶν-

352 1938 533 1994 ιειιιὶω
577 1947 624 1996 et
674 1942 993 2007 operationis
1032 1942 1270 2011 Spiritus
1325 1949 1518 2001 sancti.
1574 1947 1766 2005 Postea
1799 1953 1925 2010 illud

348 2026 575 2097 insuper
605 2029 707 2083 sibi
741 2032 937 2085 tribuit
977 2034 1121 2103 quod
1163 2036 1430 2105 scriptum
1475 2054 1582 2094 non
1628 2051 1731 2109 est,
1764 2043 1923 2098 nitui-

346 2130 467 2168 rum
507 2119 651 2185 quod
666 2118 937 2187 ﬂagellum
965 2123 1031 2176 ad
1069 2123 1273 2192 lignum
1305 2125 1525 2196 ligatum
1556 2127 1749 2194 fuerit;
1781 2133 1922 2200 quod

346 2206 553 2275 lignum
600 2210 988 2281 interpretatus
1034 2225 1115 2270 est
1158 2216 1385 2287 ﬁguram
1428 2234 1550 2275 esse
1588 2224 1789 2288 crucis,
1831 2227 1928 2279 hoc

343 2298 533 2377 ligno,
594 2302 827 2368 dicens,
883 2318 1217 2376 consumptos
1274 2321 1321 2364 et
1378 2312 1573 2368 deletos
1625 2314 1923 2385 aleatores,

344 2398 686 2457 mercatores,
718 2410 1023 2464 omnemque
1053 2398 1340 2454 malitiam.
1375 2399 1485 2457 Nec
1511 2405 1626 2458 scio
1652 2410 1924 2474 quomodo

343 2493 556 2548 nugans
588 2481 1031 2553 dicatﬂagellum
1070 2504 1137 2549 ex
1189 2492 1342 2549 hisce
1372 2492 1584 2549 duabus
1624 2500 1785 2551 rebus
1830 2516 1922 2567 pa-

341 2578 516 2633 ratum
570 2571 759 2643 fuisse,
795 2576 1080 2646 inquirens
1105 2584 1249 2651 quod
1298 2599 1326 2638 a
1358 2584 1485 2643 Jesu
1533 2586 1737 2643 factum
1770 2590 1870 2645 fuit
1900 2611 1914 2646 :

338 2660 527 2729 Neque
567 2664 711 2718 enim
741 2680 806 2720 ex
844 2668 1004 2736 pelle,
1036 2670 1233 2740 inquit,
1266 2686 1478 2729 mortua
1513 2677 1640 2731 illud
1670 2679 1818 2747 fecit,
1858 2693 1916 2736 ut

337 2752 640 2815 Ecclesiam
703 2756 940 2812 eﬂiceret
994 2775 1103 2814 non
1168 2763 1399 2830 amplius
1460 2767 1775 2834 speluncam
1842 2773 1914 2828 la-

340 2853 553 2893 tronum
582 2852 635 2897 et
666 2857 1055 2913 mercatorum,
1084 2851 1177 2904 sed
1214 2851 1434 2907 domum
1468 2855 1647 2912 Patris
1678 2860 1783 2914 sui.

2032 1968 2123 2015 τος
2158 1956 2289 2017 τοὺς
2311 1958 2577 2028 χείρονας.
2633 1964 2742 2016 Καί
2779 1982 2934 2035 φησι,
2983 1969 3048 2020 τὸ
3091 1970 3471 2039 φραγγέλιον,
3515 1972 3620 2026 καὶ

2030 2039 2099 2091 τὸ
2151 2043 2347 2109 λίνον,
2399 2049 2497 2100 καὶ
2544 2050 2660 2118 τὴν
2708 2054 2981 2119 σινδόνα,
3032 2058 3133 2110 καὶ
3182 2060 3299 2113 ὅσα
3342 2062 3601 2115 τοιαῦτα

2028 2134 2269 2201 εἰκόνας
2312 2138 2425 2207 τῆς
2459 2140 2769 2211 δυνάμεως
2815 2147 2914 2199 καὶ
2958 2147 3071 2216 τῆς
3112 2150 3410 2219 ἐνεργείας
3456 2150 3620 2208 εἶναι

2027 2225 2137 2278 τοῦ
2175 2227 2348 2297 ἁγίου
2393 2234 2759 2302 Πνεύματος.
2792 2238 3024 2291 Ἔπειτα
3063 2240 3239 2310 ἐαυτῷ
3275 2244 3617 2315 προσείληφε

2027 2316 2086 2377 τὸ
2132 2317 2205 2388 μὴ
2252 2323 2656 2391 γεγραμμένον,
2699 2326 2773 2389 ὠς
2818 2328 2925 2398 ἄρα
2950 2331 3029 2392 είς
3084 2329 3238 2395 ξύλον
3285 2333 3498 2386 ἐδέδετο
3553 2336 3617 2389 τὸ

2025 2408 2373 2477 φραγγέλιον,
2420 2412 2552 2485 ὅπερ
2594 2412 2750 2477 ξύλον
2778 2417 2822 2447 ⁸³
2847 2417 3016 2474 τύπον
3058 2420 3301 2474 ἐκλαϐὼν
3325 2419 3465 2475 εἶναι
3510 2424 3615 2477 τοῦ

2038 2503 2293 2572 σταυροῦ,
2314 2512 2443 2573 φησι
2470 2508 2653 2573 τούτῳ
2667 2508 2746 2571 τῷ
2761 2508 2923 2574 ξύλῳ
2946 2512 3306 2577 ἀνηλῶσθαι,
3333 2513 3431 2565 καὶ
3454 2512 3611 2580 ἦρα·

2036 2589 2237 2643 νίσθαι
2267 2591 2407 2656 τοὺς
2442 2595 2748 2660 κυϐευτὰς,
2784 2598 3098 2667 ἐμπόρους,
3122 2601 3219 2653 καὶ
3255 2598 3460 2653 πᾶσαν
3488 2602 3609 2666 τὴν

2035 2679 2272 2732 κακίαν.
2317 2682 2425 2733 Καὶ
2464 2684 2563 2735 οὐκ
2604 2680 2697 2737 οἶδ’
2738 2687 2884 2749 ὅπως
2919 2688 3171 2759 φλυαρῶν
3214 2707 3372 2759 φησιν
3410 2694 3479 2742 ἐκ
3509 2690 3607 2741 δύο

2031 2770 2233 2828 τούτων
2289 2774 2625 2842 πραγμάτων
2673 2778 2998 2845 φραγγέλιον
3058 2780 3600 2843 κατασκευάζεσθαι.

2032 2860 2206 2931 ζητῶν
2225 2863 2284 2914 τὸ
2306 2864 2409 2916 ὑπὸ
2426 2865 2519 2918 τοῦ
2554 2868 2723 2933 Ἰησοῦ
2747 2870 3053 2935 γενόμενον.
3079 2872 3152 2924 Οὐ
3175 2873 3282 2939 γὰο
3308 2875 3369 2925 ἐκ
3391 2873 3602 2926 δέοααμ-

334 2949 445 2996 τος,
494 2936 647 3007 φησὶ,
691 2938 885 3009 νεκροῦ
940 2942 1194 3013 ἐποίησεν
1225 2945 1384 3011 αὐτὸ,
1436 2946 1522 3003 ἵνα
1562 2950 1660 3022 τὴν
1708 2953 2037 3029 Ἐκκλησίαν
2093 2959 2479 3033 κατασκευάσῃ
2515 2956 2697 3010 οὐκέτι
2729 2956 2942 3030 λῃστῶν
3000 2960 3093 3012 καὶ
3153 2936 3404 3031 ἐμπόρων
3464 2966 3605 3037 σπή-

333 3022 501 3091 λαιον,
536 3027 650 3079 ἀλλ’
686 3026 833 3083 οἶκον
858 3031 951 3085 τοῦ
985 3034 1198 3106 Πατρὶς
1230 3037 1416 3103 αὑτοῦ.

1364 3130 1451 3199 Et
1477 3133 1543 3197 in
1579 3135 1717 3214 ipso
1745 3137 2039 3217 ﬁnetomi
2064 3138 2179 3212 XI,
2207 3153 2354 3214 pag.
2393 3137 2528 3198 183.

403 3218 821 3278 lnobservanter
850 3224 1151 3282 lleraclcon
1188 3228 1315 3285 illud
1352 3248 1364 3283 :
1397 3230 1557 3296 Zelus
1593 3235 1779 3291 domus
1804 3246 1909 3291 tua:
1937 3242 1978 3299 C

330 3313 556 3364 comedit
593 3329 673 3366 me
695 3313 739 3344 δ’
760 3354 776 3381 ,
806 3314 914 3368 dici
956 3325 1116 3385 putat
1167 3333 1231 3372 ex
1263 3332 1497 3386 persona
1531 3336 1719 3375 earmn
1758 3332 1910 3391 pote-

333 3409 562 3467 statum,
605 3418 727 3471 qua:
765 3403 955 3472 ejecta:
1004 3406 1226 3463 fuerunt
1256 3419 1311 3464 et
1345 3423 1686 3482 consumptae
1717 3430 1746 3468 a
1779 3416 1910 3469 Ser-

333 3505 543 3562 νειοῖο,
606 3511 713 3549 non
760 3497 945 3552 valens
989 3498 1186 3553 seriem
1239 3503 1542 3572 prephetiae
1598 3505 1652 3559 in
1702 3507 1912 3575 psalmo

330 3600 575 3649 scrvare.
608 3586 743 3642 Nam
789 3589 836 3642 si
874 3591 989 3645 lucc
1020 3590 1398 3662 intelligantur
1421 3608 1487 3649 ex
1524 3593 1821 3663 ejectarum
1858 3608 1915 3651 et

330 3690 776 3748 consumptarum
809 3692 1144 3756 potestatum
1164 3700 1396 3754 persona
1422 3688 1551 3753 dici,
1569 3676 1911 3759 consequens

329 3773 611 3841 est,juxta
650 3773 768 3843 ejus
791 3776 1132 3842 opinionem,
1167 3779 1231 3833 de
1266 3778 1398 3850 ipsis
1421 3779 1585 3834 etiam
1617 3780 1723 3833 dici
1758 3781 1846 3833 illa
1892 3799 1905 3834 :

327 3860 593 3918 Dederunt
645 3866 698 3917 in
742 3883 914 3922 escam
980 3885 1149 3925 meum
1186 3870 1255 3939 [ei
1304 3871 1381 3935 9‘;
1439 3886 1559 3939 qum
1602 3872 1653 3924 in
1713 3874 1903 3926 eodem

326 3953 533 4022 scripta
581 3966 708 4010 sunt
763 3958 996 4026 psalmo.
1039 3960 1167 4020 Sed.
1202 3969 1259 4015 ut
1294 3961 1574 4029 probabile
1611 3973 1718 4026 est,
1756 3964 1903 4017 illum

238 4116 242 4123 ε
326 4047 570 4105 turbavit
618 4064 750 4113 vox,
797 4052 1044 4117 comedit,
1109 4051 1334 4121 perinde
1387 4054 1541 4121 quasi
1596 4070 1623 4107 a
1682 4054 1905 4108 Christo

327 4136 434 4189 dici
487 4152 594 4192 non
652 4148 856 4207 posset,
888 4156 992 4194 non
1027 4141 1303 4195 videntem
1345 4157 1552 4196 morem
1589 4144 1903 4213 Scriptura-

326 4242 470 4291 rmn,
520 4227 797 4283 hominum
853 4229 1078 4286 affectus
1126 4231 1239 4287 Deo
1286 4242 1341 4289 et
1390 4234 1611 4303 Christo
1646 4236 1895 4296 tribuen-

328 4326 483 4383 tium.

2095 3230 2561 3307 Ἀπαρατηρήτως
2587 3236 2615 3287 ό
2648 3234 2961 3307 Ἡρακλέων
2999 3235 3289 3301 οἷεται⁸τὸ,
3327 3238 3387 3290 '0
3418 3239 3602 3308 ζῆλος

2018 3325 2126 3379 τοῦ
2175 3326 2344 3379 οἴκου
2391 3340 2507 3379 σου
2563 3325 2967 3396 καταφάγεταί
3012 3345 3131 3396 με’
3181 3330 3245 3381 ἐκ
3306 3330 3601 3403 προσώπου

2018 3416 2124 3469 τῶν
2151 3415 2523 3493 ἐκϐληθέντων
2554 3417 2646 3468 καὶ
2675 3416 3066 3470 ἀναλωθέντων
3102 3419 3205 3471 ὑπὸ
3229 3418 3322 3471 τοῦ
3350 3420 3600 3492 Σωτῆρος

2018 3505 2299 3575 δυνάμεων
2347 3505 2622 3574 λέγεσθαι,
2678 3507 2752 3577 μὴ
2793 3507 3089 3577 δυνάμενος
3132 3511 3224 3562 τὸν
3268 3512 3455 3582 εἱρμὸν
3503 3513 3596 3581 τῆς

2014 3600 2076 3650 ἐν
2097 3597 2172 3667 τῷ
2194 3596 2393 3667 ψαλμῷ
2418 3597 2749 3667 προφητείας
2773 3599 3029 3669 τηρῆσαι.
3047 3600 3184 3653 Νοου
3194 3603 3376 3671 μένων
3401 3602 3509 3675 γὰρ
3526 3605 3591 3666 θ’,

2018 3689 2083 3740 ἐκ
2120 3687 2408 3759 προσώπου
2438 3689 2543 3740 τῶν
2582 3688 2954 3759 ἐκϐληθέντων
2985 3693 3077 3744 καὶ
3107 3692 3492 3745 ἀναλωθέντων
3524 3695 3587 3724 ⁹⁰⁴

2013 3777 2293 3847 δυνάμεων
2338 3778 2613 3846 λέγεσθαι,
2662 3780 2952 3835 ἀκόλουθον
2998 3782 3055 3835 δέ
3103 3784 3221 3841 ἐστι
3267 3786 3389 3836 κατ’
3434 3785 3594 3837 αὐτὸν

2014 3868 2107 3921 καὶ
2154 3869 2233 3933 τὸ,
2281 3868 2547 3922 Ἔδωκαν
2597 3872 2685 3936 εὶς
2721 3874 2791 3928 τὸ
2828 3870 3041 3941 ,ϐρῶμά
3084 3891 3203 3941 μου
3254 3873 3466 3942 χολήν,
3502 3876 3590 3927 καὶ

2014 3962 2100 4012 ἐπ’
2143 3961 2366 4013 ἐκείνων
2410 3961 2686 4029 λέγεσθαι,
2718 3966 2774 4015 ἐν
2807 3962 2885 4032 τῷ
2922 3964 3072 4034 αὑτῷ
3098 3965 3583 4037 ἀναγεγραμμένον

2010 4052 2229 4123 ψαλμῷ.
2275 4053 2436 4116 Ἀλλ’,
2469 4054 2543 4117 ὡς
2579 4055 2748 4117 εἰκὸς,
2793 4056 3055 4125 ἐτάραξεν
3103 4057 3267 4109 αὑτὸν
3298 4058 3380 4119 τὸ,
3416 4074 3585 4109 κατα-

2010 4141 2260 4210 φάγεταί
2296 4161 2391 4211 με,
2428 4144 2502 4206 ὡς
2557 4143 2631 4215 μὴ
2659 4144 2952 4215 δυνάμενον
2990 4146 3095 4199 ὑπὸ
3144 4146 3382 4217 Χριστοῦ
3412 4150 3583 4215 ἀπαγ-

2010 4231 2315 4299 γέλλεσθαι,
2355 4234 2415 4284 οὐ
2450 4233 2732 4302 χωροῦντα
2764 4235 2824 4286 τὸ
2849 4233 2968 4301 ἔθος
3000 4235 3108 4287 τῶν
3142 4234 3583 4305 ἁνθρωποπαθῶν

2011 4326 2139 4397 περὶ
2167 4326 2302 4378 Θεοῦ
2328 4328 2421 4380 καὶ
2468 4326 2705 4397 Χριστοῦ
2747 4327 2961 4397 λόγων,,

1545 4440 1653 4499 Ex
1684 4449 1846 4500 tomo
1889 4439 2028 4510 XII,
2058 4456 2207 4517 pag.
2242 4440 2377 4499 187.

393 4528 725 4598 lleracleon,
766 4535 818 4588 in
846 4536 1038 4601 tribus,
1091 4535 1252 4601 dicit,
1289 4550 1388 4603 pro
1420 4552 1485 4591 eo
1522 4540 1662 4608 quod
1695 4548 1797 4603 est,
1849 4538 1902 4591 in
1937 4549 1976 4602 ι]

320 4621 479 4675 tertia
507 4623 575 4687 θ’,
609 4638 714 4678 non
746 4637 1130 4695 perscrutatus
1162 4629 1439 4697 (quamvis
1479 4632 1685 4685 notarit
1728 4647 1899 4686 vocu-

322 4712 430 4771 latu
466 4714 657 4785 tribus)
691 4720 966 4784 quomodo
1007 4722 1060 4775 in
1113 4722 1289 4778 tribus
1349 4723 1540 4777 diebus
1601 4734 1901 4793 peragatur

322 4809 677 4863 resurrectio.
702 4809 883 4879 Atque
905 4814 1071 4867 etiam
1111 4824 1375 4883 praeterea
1402 4816 1608 4868 tertiam
1641 4816 1775 4868 diem
1802 4829 1899 4883 ap-

326 4896 487 4957 pellat
522 4898 880 4965 spiritualem,
906 4902 959 4956 in
988 4917 1093 4972 qua
1119 4904 1386 4958 declarari
1420 4914 1610 4974 putant
1643 4904 1901 4959 Ecclesia:

321 4991 805 5049 resurrectionem.
840 4991 937 5048 His
966 5008 1311 5063 consequens
1341 5006 1444 5059 est,
1477 5006 1533 5049 ut
1563 4997 1735 5063 prima
1783 4997 1898 5047 dies

325 5079 625 5144 terrestris,
649 5081 890 5135 secunda
915 5082 1169 5136 animalis
1193 5084 1430 5145 dicatur.
1464 5098 1565 5138 non
1614 5083 1754 5147 facta
1796 5080 1897 5135 Ec-

322 5166 505 5235 clesia:
542 5174 950 5233 resurrectione
979 5175 1030 5228 in
1068 5174 1223 5247 ipsis.

2096 4538 2150 4591 Ὀ
2187 4539 2501 4609 Ἡρακλέων
2548 4540 2628 4605 τὸ,
2657 4540 2728 4592 ἐν
2759 4538 2937 4608 τρισὶ,
2974 4542 3156 4610 φησιν,
3210 4542 3333 4596 ἀντὶ
3360 4544 3469 4605 τοῦ,
3512 4543 3575 4595 ἐν

2009 4629 2195 4696 τρίτῃ,
2242 4628 2315 4700 μὴ
2343 4630 2642 4702 ἐρευνήσας
2693 4631 2955 4703 (καίτοιγε
2993 4633 3296 4702 ἐπιστήσας
3335 4634 3413 4704 τῷ
3442 4635 3485 4666 ⁸³
3512 4636 3576 4687 ἐν

2007 4720 2209 4788 τρισί),
2244 4721 2359 4783 πῶς
2407 4721 2463 4773 ἐν
2506 4723 2682 4793 τρισὶν
2712 4724 2744 4793 ἡ
2778 4721 3073 4784 ἀνάστασις
3107 4723 3407 4794 ἐνεργεῖται
3445 4727 3573 4797 ἡμέ-

2010 4829 2147 4881 ραις.
2184 4813 2303 4864 Ἔτι
2345 4811 2399 4863 δὲ
2446 4812 2539 4864 καὶ
2558 4813 2667 4879 τὴν
2695 4813 3573 4884 τρίτηνφησὶτὴνπνευματικὴν

2009 4900 2253 4969 ἡμέραν,
2285 4903 2340 4955 ἐν
2432 4900 2630 4953 οἴονται
2665 4900 2949 4971 δηλοῦσθαι
2988 4904 3086 4974 τὴν
3126 4903 3227 4973 τῆς
3264 4904 3572 4971 Ἐκκληςξας

2008 4992 2322 5046 ἀνάστασιν.
2353 4992 2569 5045 Τούτων
2593 4993 2648 5045 δὲ
2673 4993 2962 5047 ἀκόλουθόν
2991 4996 3127 5056 ἐστι,
3160 4994 3383 5063 πρώτην
3409 4994 3570 5059 λέγειν

2009 5080 2150 5139 εἶναι
2182 5084 2279 5155 τὴν
2314 5083 2500 5154 χοῖκὴν
2531 5087 2764 5156 ἡμέραν,
2812 5087 2905 5139 καὶ
2934 5087 3029 5155 τὴν
3061 5086 3320 5157 δευτέραν
3360 5085 3453 5154 τὴν
3479 5083 3568 5151 ψυ-

2014 5178 2195 5253 χικὴν,
2227 5178 2287 5229 οὐ
2321 5179 2694 5250 γεγενημένης
2739 5178 3065 5251 Ἐκκλησίας
3101 5180 3199 5250 τῆς
3237 5178 3568 5234 ἀναστάσεως

2006 5271 2062 5321 ἐν
2102 5268 2309 5328 αὑταῖς.

1535 5377 1617 5438 Et
1647 5376 1840 5453 paulo
1861 5388 2033 5454 post,
2070 5397 2216 5458 pag.
2252 5383 2387 5442 189.

388 5492 691 5549 Heracleon
718 5508 787 5548 ne
820 5496 1059 5567 inspecta
1080 5498 1297 5567 quidem
1328 5499 1553 5554 historia
1587 5501 1742 5564 dicit,
1768 5500 1867 5555 Sa-

389 5628 437 5662 "
486 5629 599 5686 Sic.
628 5631 750 5685 cod.
782 5629 933 5685 Bodl.
981 5631 1143 5686 2281.
1220 5633 1266 5664 ⁸⁸

321 5714 385 5764 ιι,
418 5700 506 5759 17.
602 5700 649 5733 ⁹⁰
690 5701 782 5757 Sic
812 5703 931 5756 cod.
977 5700 1130 5756 Bodl.

320 5771 367 5809 υ
397 5768 555 5839 «loqu.
589 5785 649 5839 tt,
684 5772 764 5837 19.
843 5771 888 5803 ⁸⁸
916 5772 1007 5829 Sic
1032 5772 1174 5844 ‘cod.
1210 5771 1361 5837 Bodl.

1309 5630 1559 5701 Quinque
1593 5646 1755 5687 voces
1783 5632 1982 5701 addita!
2030 5650 2095 5687 ex
2126 5634 2291 5687 codd.
2322 5633 2475 5690 Bodl.
2525 5631 2685 5687 228i.

1244 5703 1312 5734 ⁹⁰⁶
1347 5699 1487 5775 [αρε.
1511 5699 1878 5773 ἐκϐληθεισῶν
1906 5707 2001 5759 καὶ
2030 5704 2417 5761 ἀναλωθεισῶν.
2465 5703 2622 5760 Eutr.
2646 5702 2883 5760 PATROL.

2062 5503 2122 5554 ’0
2165 5503 2504 5575 Ἡρακλέων,
2536 5502 2671 5573 μηδέ
2717 5506 3015 5575 ἐπιστήσας
3060 5507 3126 5574 τῇ
3171 5503 3404 5576 ἱστορίᾳ,
3442 5501 3562 5572 φησὶ

2781 5634 2827 5666 ⁸³
2858 5635 3004 5689 Psal.
3034 5651 3225 5698 vam.
3278 5636 3370 5700 l0;
3413 5633 3556 5689 Joan.

2989 5708 3030 5738 ⁹¹
3056 5706 3197 5769 Psal.
3238 5720 3421 5770 utrm,
3476 5702 3555 5755 ἓξ.
