3878 6348
232 284 373 340 1501

1474 267 1897 329 FRAGMENTA
1937 264 2295 324 GNOSTICA.

3364 254 3500 308 1302

221 408 329 459 τὸν
381 403 709 476 Σολομῶντα
754 401 1163 472 τεσσαράκοντα
1210 399 1305 453 καὶ
1353 397 1414 462 ἒξ
1471 400 1614 451 ἔτεσι
1664 415 1821 452 κατε»

1944 406 2194 448 omonem
2225 387 2678 460 quadragintaiet
2714 394 2809 437 sex
2843 380 3002 433 annis
3027 373 3331 430 mdilicasse
3360 378 3495 423 tem-

223 495 568 549 σκευακέναι
585 494 675 546 τὸν
695 492 841 554 ναὸν,
876 492 1058 543 εἰκόνα
1083 490 1413 558 τυγχάνοντα
1434 486 1528 540 τού
1552 477 1822 555 Σωτῆρος.

226 586 349 639 Καὶ
378 585 473 637 τὸν
502 591 555 649 ς’
583 583 818 656 ἀριθμὸν
848 584 927 646 εἰς
965 582 1062 651 τὴν
1091 580 1245 649 ὓλην,
1287 580 1535 632 τουτέστι
1585 577 1645 630 τὸ
1694 576 1827 628 πλα-

227 694 374 749 σμα,
400 677 683 747 ἀναφέρει·
713 677 805 728 τὸν
842 675 899 727 δὲ
926 673 1036 726 τῶν
1086 672 1495 743 τεσσαράκοντα
1532 669 1585 739 (ὃ
1622 665 1830 735 τετράς

220 768 389 831 ε’στι,
434 768 618 839 φησιν,
663 769 702 836 ἡ
750 764 1223 835 ἀπρόσπλοκος),
1269 766 1347 827 εἰς
1398 762 1457 815 τὸ
1501 762 1823 832 ἐμφύσημα,

225 862 334 914 καὶ
356 862 421 915 τὸ
448 864 509 915 ἐν
551 860 629 931 τῷ
665 861 1021 931 ὲμφυσήματι
1056 856 1296 929 σπέρμα.

1924 484 2092 554 plum,
2147 483 2437 551 imaginem
2473 476 2782 534 Servatoris
2819 473 3083 529 referens.
3112 466 3177 520 Et
3217 477 3500 545 numerum

1925 575 2197 631 Senarium
2222 574 2289 627 ad
2322 569 2629 634 materiam,
2665 569 2769 622 hoc
2798 575 2903 630 est,
2938 565 3005 618 ad
3057 567 3267 630 plasma
3300 556 3499 617 refert;

1927 663 2422 734 quadragenarium
2474 667 2657 713 autem
2716 654 3137 727 (quaternarius,
3170 648 3369 719 inquit,
3401 662 3502 699 nu—

1928 730 2102 807 merus
2124 730 2220 815 est,
2252 751 2341 821 qui
2383 764 2484 801 non
2540 742 2871 817 implicatur)
2911 741 2977 796 ad
3011 739 3220 799 ﬂatum,
3268 743 3323 788 et
3375 730 3503 785 illud

1928 860 2111 900 semen
2140 843 2283 912 quod
2320 849 2406 897 est
2435 841 2490 895 in
2524 840 2675 893 ﬂatu.

1311 950 1608 1008 Ex'tomo
1640 941 1813 1013 XIII,
1842 956 1992 1018 pag.
2024 939 2143 1000 205
2175 946 2229 998 et
2266 954 2427 1015 seqq.

310 1058 545 1129 Ἰδωμεν
584 1056 641 1110 δὲ
692 1056 785 1109 καὶ
812 1055 882 1109 τὰ
913 1058 1285 1128 Ἡρακλέωνος
1325 1059 1404 1119 εἰς
1448 1056 1574 1117 τοὺς
1600 1053 1818 1113 τόπους,

226 1151 389 1212 ὅστις
438 1149 603 1221 φησὶν
634 1148 843 1213 ἄτονον,
880 1149 972 1200 καὶ
1001 1149 1351 1219 πρόσκαιρον,
1393 1147 1487 1199 καὶ
1512 1143 1822 1198 ἐπιλείπου-

230 1256 344 1292 σαν
377 1239 592 1309 ὲκείνην
615 1238 898 1306 γεγονέναι
930 1237 1026 1308 τὴν
1049 1235 1213 1307 ζωὴν,
1250 1237 1341 1289 καὶ
1369 1236 1467 1306 τὴν
1504 1235 1624 1286 κατ’
1654 1231 1823 1302 αὐτὴν

230 1330 435 1393 δόξαν·
479 1330 741 1399 κοσμικὴ
788 1329 919 1399 γὰρ,
972 1330 1156 1401 φησὶν,
1200 1325 1279 1397 ἦν
1305 1345 1317 1358 ⁸
1378 1328 1472 1381 καὶ
1518 1327 1690 1379 οἴεται
1730 1323 1823 1377 τοῦ

233 1420 518 1491 κοσμικὴν
541 1420 707 1491 αὐτὴν
737 1417 874 1474 εἶναι
907 1421 1176 1486 ἀπόδειξιν
1204 1419 1412 1489 φέρειν,
1441 1419 1505 1470 ἐκ
1533 1415 1626 1469 τοῦ
1660 1415 1826 1486 θρέμ-

237 1528 396 1579 ματα
442 1511 535 1564 τοῦ
582 1512 774 1564 Ἰακὼὸ
821 1511 880 1575 ἐξ
918 1512 1088 1582 αὐτῆς
1131 1510 1464 1563 πεπωκέναι.
1511 1509 1621 1559 Καὶ
1647 1507 1694 1558 εὶ
1725 1506 1826 1575 μὲν

234 1599 469 1662 ἄτονον,
526 1599 620 1651 καὶ
663 1600 1018 1672 πρόσκαιρον,
1063 1599 1157 1652 κα)⁸
1218 1597 1603 1650 ἐπιλείπουσαν
1657 1594 1825 1663 ἐλάμ-

236 1689 377 1743 ϐανε
428 1689 525 1760 τὴν
595 1691 661 1742 ἐκ
717 1689 916 1761 μέρους
960 1688 1193 1757 γνῶσιν,
1257 1689 1377 1759 ἦτοι
1433 1690 1498 1758 τῇ
1567 1685 1676 1740 ἀπὸ
1717 1683 1824 1736 τῶν

239 1780 485 1859 Γραφῶν
559 1780 844 1850 συγκρίσει
917 1779 1027 1833 τῶν
1106 1780 1360 1852 ἀρρήτων
1433 1778 1724 1850 ῥημάτων,
1789 1775 1825 1829 ἃ

238 1872 349 1922 οὐκ
406 1869 528 1935 ὲξὸν
589 1869 862 1941 ἀνθρώπῳ
920 1869 1182 1941 λαλῆσαι,
1239 1871 1417 1923 πᾶσαν
1466 1869 1564 1939 τὴν
1613 1867 1709 1920 νῦν
1756 1866 1824 1918 δι’

244 1960 525 2029 ἐσόπτρου
625 1960 721 2012 καὶ
788 1961 1109 2029 αἰνίγματος
1188 1958 1480 2030 γινομένην

242 2050 723 2122 καταργουμένην,
763 2052 891 2104 ὅταν
923 2051 1052 2123 ἔλθῃ
1078 2050 1140 2102 τὸ
1170 2050 1394 2114 τέλειον,
1436 2051 1535 2101 οὐκ
1585 2047 1650 2101 ἂν
1696 2047 1829 2100 αὐτὸ

243 2141 649 2209 ἐνεκαλέσαμεν
668 2157 681 2169 ·
712 2142 761 2192 εἰ
793 2140 847 2192 δὲ
880 2140 1018 2211 ὑπὲρ
1046 2139 1139 2192 τοῦ
1173 2139 1476 2193 διαϐάλλειν
1505 2138 1573 2191 τά
1605 2135 1829 2199 παλαιὰ,

244 2231 411 2283 τούτο
441 2233 605 2294 ποιεῖ,
630 2229 921 2299 ἐγκλητέος
955 2230 1021 2282 ἂν
1053 2231 1162 2299 εἴη.
1202 2231 1271 2282 Ὃ
1299 2229 1366 2282 δὲ
1400 2229 1648 2282 δίδωσιν
1676 2228 1831 2296 ὕδωρ

246 2325 286 2376 ὁ
322 2322 550 2390 Σωτὴρ,
582 2322 744 2394 φησὶν
774 2323 923 2375 εἶναι
957 2321 1024 2374 ἐκ
1059 2322 1165 2375 τοῦ
1199 2322 1544 2389 Πνεύματος
1577 2320 1676 2373 καὶ
1722 2318 1833 2387 τῆς

247 2412 563 2481 δυνάμεως
606 2413 813 2476 αὐτοῦ,
850 2414 911 2466 οὺ
956 2413 1299 2482 ψευδόμενος.
1339 2413 1446 2466 Καὶ
1488 2414 1567 2474 εἰς
1615 2412 1696 2475 τὸ,
1751 2413 1832 2464 Οὐ

246 2501 336 2572 μὴ
370 2502 619 2571 διψήσει
654 2502 723 2556 δὲ
755 2506 842 2569 εἰς
873 2504 980 2556 τὸν
1012 2502 1223 2566 αἰῶνα,
1264 2503 1602 2557 ἀποδέδωκεν
1645 2502 1835 2567 αὑταῖς

248 2590 466 2657 λέξεσιν
525 2592 724 2657 οὕτως’
784 2594 1031 2658 Αὶώνιος
1092 2594 1201 2663 γὰρ
1246 2595 1284 2662 ἡ
1332 2591 1441 2661 ζωὴ
1487 2593 1693 2656 αὐτοῦ,
1737 2593 1833 2646 καὶ

244 2685 552 2755 μηδέποτε
592 2686 974 2755 φθειρομένη,
1012 2687 1092 2751 ὠς
1123 2685 1292 2754 καινὴ
1320 2685 1518 2753 πρώτη
1552 2686 1590 2752 ’ὴ
1623 2685 1691 2737 ἐκ
1729 2684 1835 2739 τοῦ

250 2774 533 2844 φρέατος,
567 2777 726 2830 ἀλλὰ
760 2775 1064 2844 μένουσα·
1092 2776 1486 2844 ἀναφαίρετος
1520 2774 1632 2844 γὰρ
1668 2776 1706 2843 ἡ
1740 2775 1839 2844 χάρ

246 2884 351 2935 ρις
374 2867 472 2919 καὶ
501 2868 538 2935 ἠ
565 2866 752 2934 δωρεὰ
785 2868 889 2921 τοῦ
923 2866 1195 2935 Σωτῆρος
1227 2866 1415 2937 ἡμῶν,
1441 2867 1539 2920 καὶ
1567 2867 1652 2935 μὴ
1694 2868 1839 2921 ἁνα-

254 2956 616 3025 .ιισκομένη,
652 2958 806 3026 μηδὲ
850 2958 1201 3027 φθειρομένη
1242 2959 1310 3011 ἐν
1354 2958 1434 3024 τῷ
1474 2960 1839 3028 μετασχόντι

254 3046 470 3115 αὐτῆς.
517 3049 879 3120 Φθειρομένην
928 3050 981 3103 δὲ
1028 3050 1125 3120 τὴν
1181 3049 1405 3121 πρώτην
1463 3050 1634 3114 διδοὺς
1701 3046 1836 3107 εἶναι

256 3138 428 3211 ζωὴν,
454 3141 503 3191 εἰ
539 3140 637 3210 μὲν
677 3141 775 3211 τὴν
806 3140 948 3193 κατὰ
977 3141 1038 3192 τὸ
1078 3140 1309 3212 γράμμα
1351 3141 1522 3210 ἔλεγε,
1560 3140 1735 3211 ζητῶν
1772 3145 1837 3212 τῇ

255 3231 602 3301 περιαιρέσει
638 3230 733 3284 τοῦ
784 3231 1138 3302 καλύμματος
1182 3231 1492 3303 γινομένην,
1525 3233 1557 3303 ἦ
1600 3234 1741 3284 κατὰ
1780 3232 1840 3285 τὸ

1569 1956 1770 2025 γνῶσιν
1809 1996 1823 2019 ,
1860 1977 1901 2031 Β

2006 1044 2113 1099 Sed
2139 1044 2254 1113 jam
2281 1042 2561 1095 videamus
2602 1033 2955 1092 Heracleonis
2987 1033 3040 1087 in
3060 1031 3210 1084 hunc
3240 1027 3419 1083 locum
3448 1026 3503 1057 ³⁸

1930 1134 2102 1198 dicta,
2145 1133 2235 1200 qui
2286 1130 2362 1183 ait
2403 1129 2628 1196 (fontem
2678 1123 2855 1187 illum)
2897 1117 3223 1175 imbecillem
3264 1121 3321 1166 et
3371 1121 3508 1163 tem-

1931 1223 2228 1293 porariam,
2284 1229 2338 1273 et
2396 1217 2742 1272 deficientem
2799 1212 2969 1267 fuisse
3014 1209 3206 1271 vitam,
3253 1203 3508 1268 illiusque

1933 1316 2199 1386 gloriam;
2237 1313 2509 1365 mundana
2540 1308 2701 1371 enim,
2734 1305 2929 1373 inquit,
2961 1309 3075 1355 erat
3105 1314 3124 1353 :
3156 1306 3209 1352 et
3230 1294 3511 1349 existimat

1933 1385 1994 1461 εε
2017 1401 2537 1458 demonstrationem
2590 1397 2785 1452 aﬂ‘erre
2813 1410 2909 1465 per
2952 1392 3157 1447 fontem
3213 1385 3509 1455 signiﬁcari

1934 1498 2099 1551 vitam
2138 1495 2495 1555 mundanam,
2529 1507 2592 1545 eo
2642 1490 2787 1558 quod
2829 1499 3027 1555 pecora
3080 1479 3250 1535 Iacob
3300 1493 3368 1533 ex
3420 1476 3511 1530 illo

1934 1586 2196 1641 biberint.
2243 1584 2310 1637 Et
2355 1584 2400 1637 si
2438 1581 2657 1650 quidem
2721 1575 3072 1636 imbecillem,
3128 1582 3182 1627 et
3240 1579 3512 1639 tempora«

1934 1679 2103 1742 riam,
2140 1684 2194 1729 et
2220 1673 2563 1729 deiicientem
2615 1670 2918 1738 accepisset
2955 1664 3323 1736 cognitionem
3368 1674 3509 1720 eam,

1932 1782 2051 1836 qum
2076 1774 2157 1820 est
2190 1779 2254 1818 ex
2286 1770 2463 1833 parte,
2499 1774 2694 1827 nempe
2736 1755 3111 1826 cognitionem
3146 1766 3178 1805 e
3213 1747 3512 1817 Scripturis

1930 1856 2385 1928 provenientem,
2445 1849 2859 1919 comparatione
2913 1845 3207 1900 verborum
3265 1837 3512 1895 inell'abi—

1932 1950 2085 2012 lium,
2111 1945 2272 2017 367
2297 1953 2350 1997 et
2380 1957 2498 2012 qua!
2527 1941 2595 1995 ad
2629 1940 2901 1994 hominem
2932 1935 3113 2005 eloqui
3163 1948 3268 1987 non
3297 1940 3380 1986 est
3409 1929 3511 1995 fas,

1931 2054 2147 2097 omnem
2194 2035 2401 2091 scilicet
2444 2039 2767 2102 praesentem
2814 2028 3205 2098 cognitionem,
3249 2036 3370 2091 quae
3406 2035 3504 2089 per

1932 2130 2211 2200 speculum
2245 2134 2351 2190 est,
2398 2134 2453 2179 et
2494 2139 2589 2193 per
2638 2122 2893 2189 aenigma,
2929 2128 2981 2173 et
3011 2132 3135 2189 quas
3181 2115 3509 2173 destruetur,

1935 2238 2057 2278 cum
2091 2218 2299 2274 venerit
2350 2215 2512 2278 illud,
2553 2214 2699 2281 quod
2733 2210 3037 2280 perfectqu
3068 2214 3183 2271 est,
3228 2204 3516 2271 haudqua-

1933 2327 2094 2381 quam
2127 2310 2257 2364 illud
2298 2304 2838 2376 reprehendissemus
2871 2318 2885 2365 ;
2925 2300 3010 2354 sin
3047 2313 3177 2352 vero
3207 2296 3349 2349 istud
3380 2290 3513 2360 agit,

1932 2408 1994 2455 ut
2038 2398 2401 2468 reprehendat
2445 2403 2665 2458 vetera,
2707 2388 3201 2461 reprehendendus
3243 2394 3326 2439 est
3374 2384 3516 2453 ipse.

1934 2492 2108 2547 Porro
2152 2488 2293 2559 quod
2346 2486 2461 2550 ait,
2507 2499 2732 2553 aquam,
2778 2496 2938 2552 quam
2991 2480 3078 2532 dat
3141 2477 3411 2537 Servator,
3453 2489 3519 2525 ex

1937 2582 2138 2652 Spiritu
2179 2593 2311 2642 esse,
2356 2586 2402 2630 et
2451 2590 2514 2629 ex
2558 2575 2723 2640 ipsius
2770 2571 3042 2641 potentia,
3089 2582 3216 2622 vera
3251 2567 3403 2619 dicit.
3454 2564 3520 2617 Et

1939 2674 2117 2728 istud:
2152 2669 2277 2724 Non
2311 2669 2447 2722 sitiet
2482 2668 2535 2719 in
2566 2673 2824 2719 internum
2847 2662 2922 2726 ὐς
2959 2662 3108 2714 hisce
3130 2658 3317 2712 verbis
3348 2657 3520 2710 inter-

1938 2771 2185 2833 pretatus
2226 2768 2341 2824 est,
2380 2758 2565 2812 dicens
2601 2774 2614 2809 :
2664 2752 2784 2806 Vita
2824 2762 3028 2806 (eterna
3063 2759 3139 2803 est
3182 2748 3286 2807 vita
3326 2748 3521 2813 ipsius,

1938 2863 1986 2909 et
2035 2868 2152 2923 qua:
2200 2865 2463 2918 nunquam
2500 2845 2878 2914 corrumpitur,
2913 2844 3046 2895 sicut
3092 2840 3303 2910 quidem
3349 2839 3520 2907 prima

1940 2944 2037 2997 illa
2074 2959 2235 3012 aqua,
2261 2956 2379 3008 qua:
2418 2949 2492 2993 est
2524 2954 2587 2992 ex
2616 2947 2791 3005 puteo,
2821 2935 2912 2988 sed
2945 2944 3117 2987 manet
3146 2947 3162 2984 :
3190 2945 3352 3000 neque
3380 2930 3520 2982 enim

1941 3034 2143 3101 auferri
2182 3039 2349 3100 potest
2397 3031 2594 3083 donum
2642 3038 2687 3081 et
2742 3026 2915 3095 gratia
2968 3022 3268 3077 Serratoris
3319 3021 3518 3082 nostri,

1939 3140 2055 3193 quw
2088 3139 2249 3191 neque
2287 3120 2637 3184 consumitur,
2670 3133 2835 3187 neque
2865 3116 3222 3181 corrumpitur
3253 3113 3308 3166 in
3342 3128 3403 3166 eo
3428 3113 3521 3180 qui

1940 3217 2199 3284 particeps
2236 3215 2400 3283 ipsius
2447 3213 2627 3280 fuerit.
2668 3210 2842 3264 Porro
2890 3218 3073 3262 autem
3123 3221 3243 3260 cum
3289 3205 3521 3274 primam

257 3298 510 3390 Πνεῦμα,
540 3320 631 3374 καὶ
661 3298 950 3393 εὑρίσκων,
973 3298 1149 3389 ’ύγιῶς
1173 3298 1237 3375 ἄν
1264 3298 1479 3389 ἔλεγεν·
1506 3298 1557 3375 εἰν
1579 3321 1633 3374 δὲ
1663 3321 1836 3394 πάντη

1943 3310 2108 3362 vitam
2151 3305 2558 3376 corruptibilem
2606 3301 2928 3372 supposuit,
2980 3300 3025 3353 si
3079 3299 3299 3366 quidem
3347 3298 3411 3352 de
3453 3311 3518 3350 ea

256 3410 471 3481 φθορὰν
518 3414 817 3482 κατηγορεί
863 3412 970 3466 τῶν
1021 3412 1287 3475 παλαιῶν,
1333 3414 1511 3484 δῆλον,
1561 3414 1642 3467 ὃτι
1687 3412 1845 3466 τούτο

258 3505 441 3567 ποιεῖ,
476 3502 552 3565 ὼς
590 3504 663 3573 μὴ
694 3502 833 3573 ὁρῶν
863 3502 933 3555 τὰ
963 3503 1141 3571 ἀγαθά
1168 3503 1275 3556 τῶν
1317 3504 1614 3574 μελλόντων
1640 3504 1780 3574 ἔχειν
1800 3505 1845 3535 ⁸⁸

258 3593 449 3644 ἐκεῖνα
482 3590 581 3660 τὴν
614 3591 788 3645 σκιάν.
814 3591 927 3645 Οὐκ
970 3591 1247 3653 ἀπιθάνως
1279 3592 1335 3644 δὲ
1366 3593 1447 3657 τὸ,
1478 3592 1841 3661 ἁλλομένου,

257 3683 579 3754 διηγήσατο,
630 3682 724 3735 καὶ
772 3682 897 3745 τοὺς
957 3684 1466 3755 μεταλαμϐάνοντας
1512 3684 1606 3737 τοῦ
1640 3684 1845 3737 ἄνωθεν

258 3772 762 3845 ἐπιχορηγουμένου
803 3773 1218 3841 πλουσίως,.κα“ι
1250 3774 1444 3837 αὐτοὺς
1475 3775 1733 3829 ἐκϐλύσαι
1766 3777 1845 3839 εἰς
1886 3806 1889 3809 -

257 3861 362 3930 τὴν
393 3862 595 3933 ἑτέρων
614 3862 826 3915 αἰώνιον
848 3863 992 3933 ζωὴν
1019 3862 1087 3915 τά
1108 3864 1474 3935 ὲπικεχορηγη
1484 3865 1617 3933 μένα
1640 3867 1841 3928 αὐτοῖς.

278 3951 441 4005 Ἀλλά
469 3955 561 4006 καὶ
601 3957 812 4006 ὲπαινεῖ
844 3954 943 4026 τὴν
976 3956 1321 4027 Σαμαρεῖτιν,
1352 3955 1427 4018 ὡς
1467 3944 1861 4027 ἀνενδειξαμέέ

259 4059 363 4112 νην
389 4043 490 4113 τὴν
520 4042 832 4114 ἀδιάκριτον
867 4045 961 4096 καὶ
993 4045 1325 4116 κατάλληλον
1356 4049 1422 4116 τῇ
1458 4045 1619 4113 φύσει
1649 4048 1844 4117 ἑαυτῆς

261 4135 467 4199 πίστιν,
512 4134 585 4206 μὴ
609 4134 975 4205 διακριθεῖσαν
1003 4138 1086 4205 ἐφ’
1111 4132 1192 4200 οἷς
1224 4137 1405 4205 ἔλεγεν
1450 4137 1607 4208 αὐτῇ.
1640 4140 1703 4193 Εἰ
1748 4142 1846 4210 μὲν

265 4221 357 4278 οὖν
386 4227 485 4296 τὴν
520 4227 836 4297 προαίρεσιν
886 4227 1202 4298 ἀπεδέχετο,
1257 4230 1422 4300 μηδὲν
1472 4231 1596 4301 περὶ
1635 4231 1847 4299 φύσεως

266 4320 658 4390 αἰνιττόμενος,
686 4321 761 4384 ὼς
786 4322 1167 4394 διαφερούσης,
1190 4325 1283 4377 καὶ
1316 4325 1475 4394 ἡμεῖς
1511 4325 1572 4378 ἂν
1612 4342 1847 4394 συγκατ-

263 4410 527 4480 εθέμεθα·
583 4413 630 4463 εξ
676 4411 733 4464 δὲ
759 4414 825 4483 τῇ
868 4416 1067 4483 φυσικῇ
1112 4420 1422 4486 κατασκευῇ
1457 4417 1715 4489 ἀναφέρει
1746 4420 1846 4490 τὴν

260 4502 363 4571 τῆς
395 4501 842 4570 συγκαταθέσεως
877 4505 1074 4568 αἰτίαν,
1105 4505 1181 4569 ὼς
1215 4506 1276 4559 ού
1312 4508 1440 4560 πᾶσι
1468 4509 1670 4579 ταύτης
1707 4527 1847 4582 παρ-

1947 3401 2157 3455 locutus
2186 3408 2303 3464 est,
2337 3413 2455 3468 qua:
2490 3405 2573 3450 est
2607 3394 2911 3449 secundum
2956 3391 3227 3454 litteram,
3264 3404 3518 3457 quaerens

1946 3508 2096 3556 eam,
2135 3505 2255 3560 quae
2301 3504 2367 3545 ex
2403 3487 2675 3543 ablatione
2722 3484 3011 3538 velamiuis
3054 3483 3253 3548 oritur,
3293 3496 3525 3551 qumque

1946 3594 2027 3638 est
2067 3584 2364 3639 secundum
2407 3580 2696 3651 Spiritum,
2746 3585 2799 3631 ct
2832 3574 3113 3629 inveniens
3170 3588 3324 3639 eam,
3376 3583 3525 3626 recte

1946 3677 2103 3731 dixit.
2142 3675 2236 3729 Sin
2272 3689 2400 3729 vero
2442 3668 2810 3739 corruptionis
2839 3666 3065 3722 omnino
3097 3673 3326 3721 accusat
3368 3672 3523 3718 vete-

1950 3784 2055 3833 res,
2088 3767 2435 3837 perspicuum
2464 3770 2568 3825 est,
2602 3775 2725 3815 eum
2763 3760 2868 3812 hoc
2909 3758 3107 3820 facere,
3143 3767 3398 3822 tauquam
3430 3754 3522 3821 qui

1948 3875 2055 3914 non
2087 3858 2267 3912 videat
2315 3857 2453 3909 bona
2505 3852 2591 3905 illa
2629 3851 2883 3905 umbram
2940 3849 3143 3902 habere
3203 3844 3520 3899 futurorum

1948 3950 2184 4003 illorum.
2214 3944 2481 3999 Caeterum
2517 3956 2620 3995 non
2658 3940 2852 3993 inscite
2890 3939 3282 4007 interpretatus
3312 3943 3402 4010 est
3430 3949 3525 3988 vo-

1948 4055 2103 4102 cem,
2145 4036 2385 4092 satientis
2438 4048 2618 4102 aqua},
2669 4030 2854 4084 dicens
2916 4044 3010 4084 eos
3063 4029 3153 4098 qui
3193 4042 3223 4083 ε
3272 4028 3525 4098 supernis

1950 4132 2098 4185 illam
2150 4128 2493 4181 abundanter
2534 4122 2927 4191 participarent
2961 4121 3392 4190 suppeditatum,
3440 4120 3522 4172 vi-

1949 4222 2134 4279 cissim
2164 4219 2328 4274 etiam
2351 4231 2413 4271 ea
2447 4215 2513 4269 ad
2546 4214 2775 4268 aliorum
2810 4213 3036 4285 salutem
3072 4220 3332 4265 :eternam
3361 4207 3525 4263 ellua-

1948 4316 2076 4369 dere
2107 4327 2228 4382 qua:
2256 4308 2358 4364 sibi
2391 4304 2736 4377 suppeditata
2780 4305 3003 4359 iuerint.
3039 4301 3148 4357 Sed
3188 4312 3243 4357 et
3283 4302 3523 4357 Samari-

1951 4408 2114 4462 tidem
2163 4402 2367 4466 laudat,
2404 4410 2462 4454 ut
2509 4413 2631 4468 qua:
2664 4398 2824 4451 (idem
2876 4397 3257 4451 inconcussam
3300 4409 3365 4449 ac
3412 4408 3528 4448 sua:

1949 4500 2118 4567 ipsius
2154 4509 2364 4550 natura:
2411 4490 2828 4546 convenientem
2874 4487 3177 4541 ostenderit
3213 4503 3225 4538 :
3265 4501 3371 4540 non
3412 4500 3528 4539 mo-

261 4592 431 4662 ούσης
454 4634 469 4656 ,
509 4594 873 4663 ἀνατρεπτέον
927 4594 1091 4647 αὑτοῦ
1120 4597 1210 4649 τὸν
1249 4597 1421 4665 λόγον.
1460 4600 1574 4653 υύκ
1607 4578 1720 4653 οἶδα
1763 4578 1836 4664 δὲ,

1952 4599 2058 4644 tam
2090 4590 2160 4644 ob
2190 4602 2277 4651 ea,
2328 4600 2449 4654 quae
2479 4583 2555 4637 illi
2603 4581 2821 4637 dicebat
2856 4580 3186 4650 (Servator).
3231 4578 3327 4632 Cui
3361 4578 3525 4632 etiam

266 4685 385 4747 πῶς
402 4688 431 4738 ὀ
457 4686 789 4773 ρακλέων,
813 4688 874 4739 τὸ
907 4688 979 4759 μὴ
1013 4690 1394 4760 γεγραμμένον
1423 4691 1688 4756 ἐκλαϐὼν,
1713 4697 1845 4765 φησὶ

264 4777 405 4848 πρὸς
431 4776 511 4839 τὸ,
557 4779 667 4842 Δός
690 4796 791 4846 μοι
833 4779 1007 4833 τοῦτο
1036 4781 1103 4834 τὸ
1139 4782 1325 4851 ὕδωρ,
1375 4784 1450 4847 ὡς
1490 4785 1597 4856 ἄρα
1640 4785 1846 4858 βραχέα

263 4867 616 4937 διανυχθεῖσα
660 4868 764 4921 ὑπὸ
811 4870 904 4923 τοῦ
942 4871 1124 4939 λόγου,
1154 4874 1382 4944 ἐμίσησε
1415 4875 1599 4929 λοιπὸν
1631 4879 1724 4931 καὶ
1754 4879 1845 4931 τὸν

263 4960 429 5013 τόπον
462 4960 669 5013 ἐκείνου
702 4961 795 5015 τοῦ
829 4963 1120 5034 λεγομένου
1160 4965 1349 5018 Ἰακὼϐ
1377 4968 1610 5038 φρέατος
1630 4968 1697 5022 ³⁸.
1725 4970 1846 5023 Ἔτι

264 5051 328 5121 δὴ
364 5051 624 5123 καὶπρὸς
654 5052 734 5117 τὸ,
783 5056 895 5120 Δός
925 5074 1027 5124 μοι
1068 5057 1243 5111 τοῦτο
1287 5059 1354 5111 τὸ
1393 5059 1571 5128 ὕδωρ,
1615 5062 1714 5114 ἵνα
1758 5062 1844 5130 μὴ

265 5140 422 5212 διψῶ
475 5185 489 5208 ,
574 5146 731 5214 μηδὲ
813 5148 1130 5219 διέρχωμαι
1225 5151 1440 5205 ἐνθάδε
1531 5154 1776 5207 ἀντλεῖν
1821 5195 1835 5218 ,

265 5235 433 5305 φησιν
467 5235 550 5288 ὅτι
606 5236 778 5291 ταῦτα
810 5238 954 5306 λέγει
1002 5242 1035 5311 ἡ
1071 5242 1205 5313 γυνὴ
1249 5242 1585 5313 ἐμφαίνουσα
1620 5244 1682 5296 τὸ
1725 5245 1845 5297 ἐπί-

269 5324 491 5394 μοχθον,
521 5328 615 5379 καὶ
653 5328 1028 5400 δυσπόριστον,
1072 5334 1166 5388 καὶ
1218 5334 1450 5404 ἄτροφον
1496 5335 1704 5387 ἐκείνου
1752 5336 1845 5388 τού

266 5413 480 5479 ὕδατος.
533 5417 705 5470 Πόθεν
736 5420 845 5491 γὰρ
877 5410 1147 5481 δεικνύναι
1193 5423 1305 5494 ἔχει
1340 5425 1592 5496 ἄτροφον.
1608 5423 1744 5481 εἶναι
1785 5426 1847 5479 τὺ

266 5505 359 5558 τού
407 5506 600 5560 Ἰακὼϐ
657 5509 831 5583 ὕδωρ;
879 5514 998 5565 Ἔτι
1033 5513 1091 5567 δὲ
1137 5517 1166 5567 ὁ
1206 5516 1518 5588 Ἡρακλέων
1567 5519 1702 5590 πρὸς
1755 5518 1843 5582 τὰ,

340 5642 389 5675 ’δ
417 5640 578 5697 Joau.
611 5658 685 5712 tv,
711 5640 763 5697 6.
842 5645 886 5675 "
918 5641 1074 5706 lbid.,
1110 5640 1192 5695 14.
1272 5642 1316 5675 ⁸⁸
1365 5640 1455 5697 Sic
1488 5644 1607 5697 cod.
1657 5640 1811 5697 Bodl.
1840 5631 2001 5696 228l-

1955 4698 2051 4737 nos
2100 4678 2414 4739 annuimus,
2441 4676 2485 4729 si
2517 4674 2839 4729 electionem
2882 4670 3099 4732 laudat,
3147 4668 3283 4722 nihil
3315 4668 3381 4723 de
3428 4684 3528 4721 na—

1956 4784 2072 4830 tura
2108 4772 2271 4828 veluti
2308 4767 2518 4823 meliori
2556 4767 2817 4828 innuens;
2848 4764 2932 4817 sin
2964 4777 3093 4815 vero
3126 4761 3190 4815 ad
3223 4758 3524 4814 naturalem

1954 4863 2395 4920 constitutionem
2424 4858 2614 4919 refert,
2642 4855 2789 4929 quod
2834 4852 3103 4908 Salvatori
3137 4851 3529 4920 obtemperarit

1955 4955 2279 5016 Samaritis,
2316 4953 2467 5022 quasi
2519 4966 2583 5006 ea
2632 4965 2741 5004 non
2789 4948 3048 5002 omnibus
3096 4945 3257 5005 insit,
3302 4943 3528 4998 subver—

1954 5046 2117 5102 tenda
2148 5057 2233 5100 est
2264 5045 2407 5099 illius
2435 5042 2630 5098 oratio.
2675 5040 2863 5095 Nescio
2912 5054 3061 5101 vero,
3104 5038 3378 5107 quomodo
3418 5036 3529 5091 He-

1956 5142 2200 5205 racleon,
2226 5139 2370 5209 quod
2414 5138 2676 5204 scriptum
2712 5136 2875 5188 etiam
2924 5148 3027 5188 non
3071 5142 3175 5195 est,
3219 5146 3525 5197 assumens,

1955 5232 2157 5288 dixerit
2193 5232 2247 5285 in
2281 5231 2422 5285 hoc:
2461 5228 2542 5282 Da
2570 5228 2699 5279 mihi
2743 5228 2879 5278 hunc
2915 5240 3107 5293 aquam
3131 5222 3209 5287 ’7;
3240 5223 3382 5290 quod
3416 5232 3535 5277 stac

1958 5328 2050 5380 tim
2084 5341 2113 5379 a
2140 5325 2304 5379 verbo
2335 5321 2612 5376 stimulata
2661 5318 2853 5371 mulier
2884 5316 3005 5369 odio
3058 5315 3313 5369 habuerit
3357 5315 3523 5369 etiam

1955 5420 2133 5473 locum
2176 5415 2322 5469 illius
2369 5411 2551 5481 putei,
2591 5409 2685 5478 qui
2718 5408 2998 5464 dicebatur
3028 5405 3222 5461 Iacob.
3257 5404 3527 5461 Prteterea

1955 5513 2008 5567 in
2048 5506 2219 5564 illud:
2256 5503 2337 5557 Da
2366 5500 2492 5555 mihi
2528 5502 2665 5554 hanc
2695 5514 2907 5568 aquam,
2954 5506 3008 5549 ut
3046 5513 3148 5550 non
3186 5497 3392 5562 sitiam,
3436 5512 3525 5549 nc-

2088 5629 2130 5659 ⁹⁷
2163 5624 2319 5681 Joan.
2354 5638 2439 5690 ιν,
2470 5621 2556 5681 15.
2634 5621 2679 5653 ’⁸
2737 5619 2817 5678 ita
2862 5626 3012 5673 recte
3045 5618 3167 5674 cod.
3198 5613 3353 5672 Bodl.
3369 5612 3530 5672 22%|.
