3878 6348
371 278 515 335 1505

1296 275 1640 331 APPENDIX
1676 273 1767 330 AD
1807 270 2117 341 QUINQUE
2149 267 2408 327 ΙΒΕΝᾹΞΙ
2447 267 2712 324 LIBROS.

3510 260 3647 316 1301

366 416 464 468 que
492 398 694 453 veniam
726 397 828 452 huc
855 398 925 452 ad
963 397 1349 460 hauriendum;
1386 398 1463 451 ait
1497 396 1777 452 mulierem
1824 396 1940 450 haec

2046 393 2205 463 Λέγει
2233 388 2387 458 αὑτῇ
2420 389 2575 462 φησί’
2593 389 2805 456 ’Δῆλον
2842 384 2931 439 ὄτι
2956 384 3195 439 τοιοῦτό
3222 401 3280 438 τι
3306 380 3513 453 λέγων
3532 400 3549 413 ο
3586 385 3651 438 ει

366 490 550 544 direre
583 490 962 545 ostend’eutem
996 504 1137 558 aegre
1174 489 1406 553 hauriri,
1453 498 1509 543 et
1544 504 1667 543 cum
1717 487 1944 543 dillicul-

367 590 474 635 tam
501 583 805 651 comparari
851 597 1045 651 aquam
1081 581 1253 648 illam,
1286 595 1390 637 nec
1432 580 1725 637 nutritioni
1761 590 1940 652 aptam

363 686 506 728 esse.
541 670 695 727 Unde
736 682 914 743 potest
960 673 1250 727 ostendere
1284 688 1484 742 aquam
1535 671 1727 736 Jacob,
1763 671 1941 725 nutri-

365 764 497 817 tioni
532 762 676 817 haud
711 763 1052 818 conducere?
1083 763 1275 817 Adhuc
1319 766 1373 816 in
1425 764 1540 817 hmc
1573 763 1681 817 duo
1733 763 1939 816 verba:

368 854 507 908 Dicit
553 854 662 921 illi,
708 854 835 907 dicit
891 854 1193 909 lleracleon
1238 854 1487 908 :Scilicet
1531 853 1638 907 tale
1685 855 1812 924 quid
1859 853 1943 906 di-

363 958 485 995 cens
512 958 532 995 :
566 940 625 996 Si
660 943 735 995 vis
761 944 996 1011 accipere
1023 944 1157 997 hanc
1190 960 1405 1013 aquam,
1432 944 1586 1009 vade,
1608 959 1731 997 voca
1772 944 1942 999 virum

362 1041 510 1083 tuum
535 1047 555 1083 :
581 1043 634 1085 et
678 1032 957 1086 existimat
991 1016 1189 1092 v'irum.
1222 1049 1380 1101 quem
1431 1033 1780 1091 Samaritidis
1821 1051 1942 1090 esse

363 1120 626 1175 Servator
654 1121 806 1183 dicit,
848 1121 1094 1176 Pleroma
1146 1122 1494 1178 Samaritidis
1534 1138 1673 1189 esse,
1712 1134 1769 1179 ut
1812 1142 1941 1197 pro-

363 1211 502 1265 lecta
530 1227 654 1265 cum
688 1212 780 1267 illo
825 1213 891 1267 ad
943 1213 1329 1279 Servatorem,
1370 1225 1654 1285 reportare
1698 1218 1767 1273 ab
1818 1218 1942 1287 ipso

362 1302 688 1371 potentiam,
735 1313 790 1358 et
825 1304 1103 1369 unionem,
1139 1316 1193 1359 et
1235 1307 1673 1363 commistionem
1711 1310 1778 1363 ad
1822 1310 1944 1364 Ple-

361 1409 512 1447 roma
546 1409 705 1449 suum
742 1405 947 1465 posset.
980 1398 1073 1450 Ast
1124 1396 1364 1450 Christus
1406 1414 1510 1451 non
1550 1400 1720 1463 dixit,
1764 1401 1944 1470 inquit

363 1484 702 1548 lleracleon,
740 1487 950 1541 mulieri
995 1489 1059 1541 de
1095 1490 1308 1543 homine
1353 1490 1647 1558 mundano,
1690 1505 1746 1545 ut
1786 1509 1941 1546 voca-

360 1585 464 1639 ret,
496 1577 622 1645 quia
673 1592 777 1631 non
826 1577 1131 1647 ignorabat,
1162 1597 1276 1634 eam
1308 1582 1601 1652 legitimum
1636 1583 1806 1636 virum
1837 1601 1940 1637 non

360 1668 569 1723 habere.
607 1668 876 1725 Caeterum
909 1672 1194 1726 manifeste
1226 1673 1325 1727 hoc
1373 1675 1424 1728 in
1456 1675 1575 1729 loco
1609 1677 1787 1730 verbis
1835 1677 1939 1730 vim

362 1758 527 1812 infert
555 1759 762 1825 dicens,
789 1763 930 1829 quod
960 1763 1173 1817 mulieri
1205 1764 1467 1819 Servatur
1495 1766 1698 1821 dixerit
1723 1782 1737 1820 :
1778 1765 1939 1833 Vade,
1973 1738 2015 1792 Β

358 1865 487 1904 voca
525 1850 696 1904 virum
733 1860 904 1916 tuum,
936 1864 984 1906 et
1018 1854 1133 1908 veni
1166 1856 1267 1909 huc
1292 1857 1368 1921 ”;
1407 1856 1724 1925 signiﬁcans
1774 1840 1944 1913 mari-

361 1949 495 2004 tum,
530 1956 689 2008 «ptem
730 1957 795 1995 ex
827 1941 1139 1998 Pleromate
1178 1946 1420 2002 habebat
1448 1965 1463 2001 :
1498 1962 1624 2001 nam
1657 1948 1702 2003 si
1733 1948 1834 2003 hoc
1866 1950 1943 2004 sic

359 2046 420 2088 se
472 2034 744 2099 habebat,
801 2044 1120 2103 oportuerat
1172 2038 1349 2092 virum
1415 2040 1667 2104 dicendo,
1719 2043 1940 2096 modum

360 2124 545 2188 ctiam,
587 2139 697 2193 quo
728 2127 1006 2181 vocandus
1044 2137 1197 2192 erat,
1231 2130 1435 2199 dicere,
1471 2140 1529 2184 ut
1560 2146 1684 2186 cum
1729 2133 1844 2200 ipso
1875 2134 1941 2188 ad

360 2213 712 2267 Servatorem
753 2225 1027 2284 pergeret.
1068 2217 1174 2272 Sed
1222 2222 1493 2288 quoniam,
1529 2231 1585 2275 ut
1624 2221 1938 2277 lleracleon

359 2308 524 2371 dicit,
547 2306 709 2375 juxta
747 2308 1152 2377 intelligentiam
1185 2312 1514 2379 spiritualem
1546 2314 1823 2382 ignorabat
1860 2316 1943 2369 vi-

360 2416 478 2454 rum
523 2416 696 2465 suum,
732 2402 1020 2455 secundum
1051 2417 1169 2454 vero
1207 2398 1499 2469 simplicem
1534 2405 1939 2475 intelligentiam

357 2492 688 2543 erubescebat
706 2491 894 2553 dicere,
925 2491 1063 2561 quod
1082 2489 1334 2546 mteclmm
1363 2490 1593 2557 haberet,
1619 2508 1720 2545 non
1744 2496 1941 2561 virum;

358 2580 632 2645 quomodo
658 2593 763 2633 non
793 2578 995 2633 frustra
1032 2581 1339 2649 imperavit,
1375 2582 1593 2637 dicens:
1626 2582 1789 2647 Vade,
1816 2601 1943 2638 voca

358 2669 528 2741 368
545 2671 710 2723 virum
746 2680 917 2733 tuum,
946 2680 993 2723 et
1026 2671 1140 2724 veni
1165 2670 1347 2724 huc‘?
1370 2670 1575 2726 Deinde
1596 2674 1661 2726 ad
1692 2674 1779 2728 id:
1809 2672 1943 2729 Vere

358 2760 574 2825 dixisti,
612 2760 735 2827 quia
766 2760 931 2813 virum
960 2776 1062 2812 non
1101 2758 1281 2821 habes,
1315 2760 1493 2829 inquit
1526 2779 1540 2814 :
1579 2761 1845 2826 Quoniam
1887 2763 1942 2818 in

359 2851 558 2905 mundo
587 2852 761 2905 virum
801 2867 906 2905 non
943 2851 1165 2904 habebat
1197 2850 1503 2913 Samaritis,
1535 2853 1644 2907 viro
1673 2870 1769 2907 suo
1803 2856 1945 2907 exsi-

356 2951 523 2996 stente
562 2943 703 2995 inter
744 2940 965 2995 onnes.
1007 2942 1185 3010 Atque
1236 2958 1334 2995 nos
1378 2942 1601 3011 quidem
1652 2942 1883 3014 legimus
1923 2963 1938 3000 :

2045 483 2239 549 θέλεις
2271 480 2481 536 λαϐεῖν
2524 478 2702 533 τοῦτο
2746 477 2817 531 τὸ
2870 475 3048 544 ὕδωρ,
3094 476 3310 545 ὕπαγε,
3354 472 3653 543 φῶν-ησσο-

2042 574 2153 629 τὸν
2194 573 2385 642 ἄνδρα
2432 585 2587 625 σου*
2621 570 2716 623 καὶ
2758 568 2929 622 οἴεται
2966 567 3068 635 τῆς
3106 564 3512 637 Σαμαρείτιδος
3560 564 3652 618 th

2044 667 2335 737 λεγόμενον
2366 664 2471 719 ὑπὸ
2506 663 2601 717 τοῦ
2635 661 2890 733 Σωτῆρος
2935 659 3104 730 ἄνδρα
3131 660 3193 712 τὸ
3225 659 3520 729 Πλήρωμα
3578 652 3653 708 εἷο

2044 774 2131 811 ναι
2164 757 2364 827 αὐτῆς,
2399 755 2487 807 ἴνα
2520 754 2616 807 σὺν
2671 751 2863 820 ἐκείνῳ
2906 749 3171 818 γενομένη
3208 747 3348 818 πρὸς
3385 747 3483 798 τὸν
3540 746 3655 798 Σω-

2042 850 2183 919 τῆρα
2228 847 2560 918 κομίσεσθαι
2606 845 2739 915 παρ’
2773 840 2937 895 αὐτοῦ
2981 842 3081 911 τὴν
3113 840 3368 909 δύναμιν,
3403 839 3505 890 καὶ
3554 838 3653 905 τὴν

2043 940 2255 1003 ἕνωσιν,
2290 938 2385 992 καὶ
2441 938 2542 1009 τὴν
2589 935 2891 1007 ἁνάκρασιν
2938 935 3038 1005 τήν
3088 932 3226 1004 πρὸς
3256 931 3321 983 τὸ
3360 931 3653 1000 Πλήρωμα

2043 1032 2213 1102 αὐτῆς
2244 1028 2469 1101 δυνηθῇ.
2516 1030 2599 1082 Οὐ
2637 1026 2747 1097 γὰρ
2780 1025 2913 1093 περὶ
2950 1024 3191 1092 ἀνδρὸς,
3224 1023 3391 1091 φησὶ,
3440 1036 3651 1089 κοσμι-

2043 1122 2155 1176 κοῦ
2194 1120 2406 1190 ἔλεγεν
2458 1117 2634 1186 αὐτῇ,
2662 1119 2762 1171 ἵνα
2810 1114 3073 1183 καλέσῃ,
3101 1116 3352 1181 ἐπείπερ
3390 1115 3511 1166 οὐκ
3548 1112 3651 1180 ἠτι-

2043 1214 2166 1267 νόει
2208 1206 2297 1264 ὅτὶ
2335 1214 2445 1265 οὐκ
2489 1207 2615 1279 εἶχε
2657 1211 2913 1277 νόμιμον
2979 1206 3189 1273 ἄνδρα.
3253 1204 3557 1276 Προδήλως
3591 1203 3647 1255 δὲ

2044 1304 2279 1359 ἐνταῦθα
2316 1301 2563 1373 βιάζεται
2611 1301 2809 1368 λέγων,
2847 1301 2985 1370 αὐτῇ
3024 1299 3115 1350 τὸν
3149 1297 3382 1367 Σωτῆρα
3420 1296 3647 1364 εἰρηκέ-

2043 1414 2153 1451 ναι”
2195 1395 2487 1461 Φώνησόν
2524 1407 2642 1447 σου
2673 1391 2783 1444 τὸν
2821 1390 3031 1458 ἄνδρα,
3079 1389 3178 1442 καὶ
3214 1387 3361 1441 ἐλθὲ
3397 1385 3639 1447 ἐνθάδε,

2042 1486 2321 1559 δηλοῦντα,
2349 1486 2440 1539 τὸν
2473 1484 2581 1537 ἀπὸ
2616 1482 2711 1536 τοῦ
2760 1482 3134 1552 Πληρώματος
3168 1481 3407 1547 σύζυγον
3427 1495 3442 1507 ·
3486 1478 3647 1548 εἰπερ

2043 1581 2152 1651 γὰρ
2185 1578 2329 1633 τοῦθ’
2360 1576 2534 1640 οὕτως
2554 1571 2722 1646 εἶχεν,
2745 1573 2915 1645 ἐχρῆν
2947 1573 3038 1626 τὸν
3071 1573 3239 1643 ἄνδρα
3258 1570 3359 1624 καὶ⁸
3380 1571 3510 1623 τίνα
3525 1570 3645 1641 τρό-

2044 1689 2145 1725 πον
2159 1672 2435 1742 φωνητέον
2456 1669 2605 1723 ἐσται
2626 1667 2787 1720 αὑτὸν
2812 1668 2850 1730 ί,
2865 1667 2953 1719 ἵνα
2968 1666 3065 1719 σὺν
3084 1663 3231 1733 αὐτῷ
3252 1663 3487 1733 γένηται
3510 1656 3648 1731 πρὸς

2043 1763 2133 1814 τὸν
2167 1761 2410 1832 Σωτῆρα.
2458 1756 2596 1811 Ἀλλ’
2626 1757 2789 1823 ἐπεὶ,
2818 1756 2895 1819 ὡς
2937 1754 3251 1826 ’Πρακλέων
3289 1755 3460 1822 φησὶ,
3495 1752 3646 1806 κατὰ

2043 1852 2110 1906 τὸ
2136 1853 2467 1920 νοούμενον
2486 1850 2690 1918 ἠγνόει
2715 1848 2822 1901 τὸν
2852 1847 3009 1901 ἴδιον
3037 1845 3252 1914 ἄνδρα,
3292 1846 3449 1898 κατὰ
3481 1845 3552 1897 δὲ
3580 1845 3644 1897 τὸ

2043 1944 2282 1998 ἁπλοῦν
2326 1944 2629 2012 ᾐσχύνετο
2682 1940 2904 2005 εἰπεῖν,
2957 1940 3046 1992 ὅτι
3098 1939 3342 2008 μοιχόν,
3385 1939 3527 2006 οὐχὶ
3580 1937 3645 1990 δὲ

2042 2035 2253 2104 ἄνδρα,
2284 2032 2430 2103 εἶχε,
2478 2033 2596 2098 πῶς
2636 2034 2758 2103 οὐχὶ
2794 2032 2971 2103 μάτην
3015 2031 3167 2084 ἔσται
3211 2031 3581 2103 προστάσσων
3616 2032 3644 2081 ὀ

2042 2131 2249 2199 λέγων·
2302 2129 2554 2197 "Errare,
2604 2125 2891 2196 φώνησον
2944 2125 3053 2179 τὸν
3114 2123 3307 2190 ἄνδρα
3356 2139 3503 2185 σου,
3544 2121 3640 2173 καὶ

2041 2221 2181 2276 ἐλθὲ
2206 2219 2420 2273 ἐνθάδε
2432 2236 2450 2283 ;
2488 2215 2619 2272 Εἶτα
2665 2218 2802 2289 πρὸς
2833 2217 3026 2270 τοῦτο’
3071 2214 3325 2281 Ἀληθές
3361 2215 3637 2281 εἴρηκας,

2042 2314 2132 2367 ὅτι
2167 2312 2356 2379 ἄνδρα
2387 2314 2498 2365 οὐκ
2542 2313 2730 2379 ἔχειςο
2761 2311 2958 2381 φησίν·
3000 2309 3155 2361 Ἐπεί
3192 2309 3264 2360 ἐν
3305 2306 3391 2370 τῷ
3429 2309 3643 2374 κόσμῳ

2042 2408 2153 2461 οὐκ
2198 2401 2357 2471 εἶχεν
2399 2402 2588 2471 ἄνδρα
2625 2403 2661 2469 ἡ
2703 2399 3079 2469 Σαμαρεῖτις,
3112 2398 3191 2467 ἦν
3229 2398 3341 2467 γὰρ
3382 2396 3581 2463 αὐτῆς
3608 2399 3640 2449 δ

2041 2496 2198 2563 ἀνὴρ
2239 2496 2310 2547 ἐν
2364 2494 2445 2558 τῷ
2492 2492 2691 2547 Αιῶνι.
2736 2493 2926 2562 Ἡμεῖς
2979 2491 3076 2561 μὲν
3136 2486 3229 2543 οὖν
3280 2488 3637 2556 ἀνέγνωμεν

2043 2586 2228 2640 Πέντε
2257 2585 2481 2652 ἄνδρας
2509 2584 2720 2652 ἐσχεςο
2761 2582 2913 2653 παρὰ
2952 2582 3008 2634 δὲ
3039 2580 3118 2651 τῷ
3170 2582 3518 2652 Ἡρακλέωνι
3552 2578 3640 2631 εὖ-

2044 2694 2244 2747 ρομεν’
2283 2676 2385 2741 Ἐξ
2428 2675 2654 2744 ἄνδρας
2717 2676 2928 2742 ἔσχες·
2964 2676 3055 2727 καὶ
3101 2674 3395 2745 ἐρμηνεύει
3431 2689 3497 2741 γε
3544 2673 3639 2742 τὴν

2043 2768 2232 2838 ὑλικὴν
2272 2770 2451 2821 πᾶσαν
2490 2767 2689 2821 κακίαν
2720 2765 3009 2835 δηλοῦσθαι
3041 2765 3129 2818 διὰ
3157 2765 3265 2816 τῶν
3302 2764 3362 2829 ἒξ
3402 2762 3635 2833 ἀνδρῶν,

2043 2852 2077 2932 ᾖ
2112 2857 2511 2911 συνεπέπλεκτο
2541 2857 2635 2909 καί
2663 2855 2982 2925 ἐπλησίαζε,
3021 2854 3171 2927 παρὰ
3204 2854 3368 2922 λόγον
3408 2854 3637 2924 πορνεύ-

2042 2966 2197 3012 ουσα,
2229 2948 2323 3001 καὶ
2353 2947 2765 3018 ἐνυϐριζομένη,
2806 2946 2899 2998 καὶ
2941 2944 3301 3015 ἀθετουμένη,
3335 2947 3431 2997 καὶ
3463 2946 3634 3011 ἐγκα-

360 3031 602 3103 Qm‘nque
647 3033 785 3087 enim
830 3033 968 3087 viros
1012 3033 1322 3086 Imbuisti’:
1365 3034 1506 3103 apud
1552 3034 1939 3093 iieraclconem

2046 3038 2403 3110 ταλειπομένη
2436 3039 2529 3091 ὑπ’
2560 3037 2757 3090 αὐτῶν.
2794 3036 3026 3090 Λεκτέον
3060 3036 3119 3089 δὲ
3164 3036 3303 3106 πρὸς
3339 3035 3526 3097 αὐτὸν,
3556 3036 3635 3088 ὅτι

357 3139 488 3179 νει-ο
513 3124 819 3179 invenimus
847 3144 859 3178 :
891 3124 999 3179 Sex
1042 3126 1180 3179 viros
1213 3127 1484 3179 habuisti:
1517 3127 1935 3197 interpretatur-

2046 3131 2196 3203 εἴπερ
2219 3130 2508 3201 ὲπόρνευεν
2536 3131 2568 3199 ή
2600 3127 2967 3198 πνευματικὴ,
2991 3126 3303 3198 ἡμάρτανεν
3326 3128 3359 3195 ή
3392 3144 3633 3197 πνευμαο

358 3229 466 3285 que
494 3230 592 3284 per
625 3215 772 3268 viros
810 3229 926 3279 sex,
954 3216 1265 3269 universam
1299 3216 1564 3270 malitiam
1597 3220 1935 3276 materialem

2046 3222 2199 3291 τική”
2237 3222 2285 3273 εί
2323 3220 2379 3273 δὲ
2426 3221 2706 3291 ἡμάρτανε
2760 3218 3136 3289 πνευματικὴ,
3166 3218 3384 3288 δένδρον
3429 3219 3631 3286 ἀγαθὸν

358 3306 655 3370 declarari,
688 3321 793 3375 qua
840 3320 960 3361 sese
1018 3307 1395 3375 implicuerat,
1432 3316 1485 3363 et
1526 3309 1591 3363 ad
1638 3326 1802 3380 quam
1842 3328 1924 3367 ac-

2046 3314 2145 3365 οὐκ
2178 3307 2245 3381 ἦν
2274 3313 2307 3381 ή
2342 3311 2702 3381 πνευματική.
2734 3310 2893 3363 Κατὰ
2933 3309 3042 3380 γὰρ
3074 3309 3135 3361 τὸ
3177 3309 3529 3377 Εὑαγγέλιον,
3553 3310 3631 3362 Οὐ

360 3406 633 3459 cesserat.
677 3406 873 3466 prazter
920 3398 1187 3453 rationem
1233 3396 1533 3463 fornicans,
1585 3406 1941 3459 contumeliis

2051 3401 2297 3455 δύναται
2319 3400 2572 3469 δένδρον
2596 3400 2823 3470 ἀγαθὸν
2848 3400 3116 3469 καρποὺς
3138 3400 3445 3466 πονηροὺς
3467 3401 3629 3468 ἐνεγ-

360 3486 577 3551 ali'ecta,
618 3496 677 3542 et
726 3485 965 3554 reiecta,
1002 3494 1055 3541 et
1102 3486 1362 3541 derelicta
1398 3489 1467 3543 ab
1511 3491 1637 3545 illis.
1683 3491 1789 3546 Sed
1837 3494 1941 3564 ipsi

2051 3493 2183 3547 κεῖν
2203 3511 2217 3525 ο
2260 3494 2353 3547 καὶ
2407 3494 2583 3565 δῆλον,
2628 3495 2708 3548 ὅτι
2741 3494 2947 3562 οἴχεται
2989 3493 3171 3556 αὐτοῖς
3201 3492 3269 3545 τὰ
3314 3493 3417 3563 τῆς
3467 3493 3627 3563 μυθο-

369 3577 690 3633 lleracleoni
723 3578 1010 3633 dicendum
1037 3585 1141 3642 est,
1170 3578 1214 3632 si
1255 3577 1526 3635 fornicata
1557 3592 1642 3638 est
1686 3584 1945 3653 spiritua-
2051 3586 2251 3649 ποιίας.

362 3670 451 3735 iis,
494 3685 745 3737 peccasse
799 3668 1173 3735 spirituaiem;
1247 3671 1292 3726 si
1338 3686 1467 3725 vero
1512 3674 1757 3741 peccavit
1812 3675 2133 3743 spiritualis,
2174 3677 2425 3731 arborem
2487 3678 2686 3731 bonam
2739 3690 2846 3730 non
2908 3675 3079 3729 luisse
3146 3674 3304 3729 istam
3365 3676 3626 3743 spiritua-

363 3761 491 3817 lem.
556 3762 719 3818 Juxta
777 3766 923 3820 enim
997 3766 1377 3844 Evangelium,
1451 3767 1575 3823 Non
1634 3777 1802 3839 potest
1847 3768 2032 3823 arbor‘
2060 3770 2196 3824 bona
2262 3771 2431 3825 malos
2484 3771 2689 3837 [ructus
2734 3770 2872 3839 ferre
2905 3773 2963 3837 δ,
3014 3769 3243 3841 proinde
3288 3780 3482 3840 aperte
3530 3770 3626 3825 illis

362 3857 565 3928 perire,
592 3871 711 3928 quae
745 3856 1042 3917 ﬁnxerunt.

1691 3952 1848 4032 Pag.
1877 3956 1998 4016 209
2029 3960 2083 4013 et
2115 3969 2275 4031 seqq.

434 4049 734 4106 Heracleon
787 4052 838 4106 in
880 4053 994 4107 hrec
1038 4054 1203 4108 verba
1249 4054 1475 4122 (Patres
1515 4059 1681 4112 nostri
1728 4058 1786 4111 in
1837 4060 1933 4111 hoc

363 4151 540 4195 monte
592 4141 946 4195 adoraverunt
1000 4141 1055 4211 ⁸)
1098 4143 1210 4207 ait,
1260 4145 1490 4201 honeste
1552 4146 1935 4201 Samaritidem

366 4234 566 4287 fassam
594 4230 781 4296 fuisse,
810 4248 930 4301 qua:
960 4234 1061 4287 sibi
1092 4232 1248 4288 Jesus
1294 4236 1559 4292 dixisset:
1591 4237 1768 4292 Solius
1798 4239 1937 4291 enim

365 4325 652 4393 prophetae,
687 4323 867 4394 inquit
914 4324 1308 4397 (Heracleou),
1347 4338 1422 4381 est
1463 4331 1640 4382 omnia
1687 4346 1897 4384 cernere
1921 4348 1940 4385 :

2121 4052 2182 4108 '0
2222 4054 2533 4125 Ἡρακλέων
2561 4055 2643 4117 είς
2668 4054 2739 4107 τὰ
2762 4054 2899 4108 αὐτὰ
2932 4054 3149 4125 ῥήματα
3172 4052 3343 4121 λέγει,
3367 4052 3622 4122 εὐσχημό-

2044 4160 2151 4205 νως
2176 4142 2429 4214 ὡμολογη
2441 4145 2594 4197 κέναι
2626 4145 2724 4216 τὴν
2754 4146 3076 4215 Σαμαρεῖτιν
3096 4143 3163 4197 τὰ
3186 4144 3278 4196 ὑπ’
3301 4143 3469 4196 αὑτοῦ
3498 4143 3621 4215 προς

2044 4233 2212 4305 αὐτὴν
2274 4235 2567 4306 εἰρημένα·
2619 4236 2933 4305 Προφήτου
2987 4235 3099 4304 γὰρ
3149 4238 3379 4303 μόνου,
3433 4235 3618 4305 φησὶν.

2046 4328 2219 4381 ἐστὶν
2248 4326 2468 4382 ειδέναι
2494 4327 2567 4381 τὰ
2597 4327 2813 4391 πάντα,
2839 4328 3165 4398 ψευδόμενος
3192 4326 3491 4397 ἑκατέρως.
3516 4324 3618 4378 Καὶ

366 4416 660 4485 utrobique
707 4417 998 4471 mentiens.
1036 4417 1169 4471 Nam
1208 4418 1372 4473 etiam
1405 4421 1579 4489 angeli
1631 4420 1937 4488 huiusmodi

2046 4419 2152 4491 γὰρ
2183 4420 2230 4472 οἱ
2274 4419 2492 4487 ἄγγελοι
2538 4419 2605 4472 τὰ
2638 4419 2859 4472 τοιαῦτα
2891 4418 3143 4473 δύνανται
3192 4418 3422 4482 είδὲναι,
3466 4419 3557 4470 καὶ
3594 4417 3617 4469 6

365 4522 590 4562 cernere
638 4518 882 4577 queunt,
924 4519 978 4563 et
1027 4510 1288 4579 propheta
1343 4525 1449 4565 non
1493 4511 1642 4566 videt
1698 4515 1881 4569 omnia
1921 4532 1936 4569 :

367 4600 454 4655 Ea:
498 4610 645 4667 parte
674 4603 815 4655 enim
870 4605 1256 4671 cognoscimus,
1293 4612 1343 4658 et
1372 4620 1439 4659 ea:
1474 4616 1628 4672 parte
1666 4607 1941 4677 prapheta-

366 4707 481 4744 mns
511 4692 565 4756 ⁸,
612 4692 728 4746 sive
761 4694 1174 4760 Prophetemus,
1210 4693 1326 4748 sive
1374 4708 1788 4765 cognoscamus.
1838 4698 1942 4752 De-

368 4782 493 4837 inde
536 4782 923 4838 Samaritidem
966 4784 1172 4849 laudat,
1209 4796 1467 4853 tanquam
1512 4801 1633 4855 qua:
1685 4789 1943 4842 decenter

368 4884 577 4931 natura:
605 4891 717 4930 suae
746 4875 969 4941 fecerit,
1009 4892 1130 4946 qua:
1174 4892 1350 4947 neque
1380 4879 1603 4932 mentita
1637 4879 1731 4943 sit,
1770 4893 1944 4947 neque

365 4966 543 5034 palam
580 4965 722 5021 fassa
758 4966 1149 5034 turpitudinem
1188 4984 1342 5025 suam
1370 4986 1385 5024 τ
1414 4977 1466 5023 et
1507 4982 1826 5037 persuasam
1859 4969 1942 5023 in-

366 5056 487 5131 quit
540 5056 746 5124 ipsam,
791 5056 975 5114 Jesum
1036 5060 1357 5128 prophetam
1408 5074 1550 5121 esse,
1598 5058 1941 5129 interrogare

366 5160 491 5199 eum
518 5184 533 5210 ,
580 5148 966 5204 ostendentem
1002 5148 1167 5203 simul
1206 5149 1372 5207 etiam
1419 5162 1672 5212 causam,
1723 5158 1944 5216 prapter

366 5251 530 5307 quam
585 5237 851 5293 fornicata
925 5240 1457 5304 fuerit;.nimirum
1521 5239 1663 5308 quod
1720 5250 1944 5309 propter

369 5329 733 5400 ignorantiam
770 5333 903 5396 Dei,
940 5343 993 5387 et
1039 5332 1281 5386 divinum
1324 5332 1530 5386 cultum
1577 5331 1938 5401 neglexisset,

370 5431 419 5478 et
460 5420 645 5474 omnia
699 5419 953 5475 deessent
988 5436 1108 5491 quae
1146 5419 1255 5475 sibi
1303 5419 1371 5473 ad
1399 5418 1580 5487 ,vitam
1631 5418 1942 5475 necessaria

469 5574 515 5612 ³⁸
538 5576 698 5631 Joan.
732 5590 808 5640 iv,
834 5575 919 5629 l6.

368 5646 440 5699 ⁸1
487 5648 612 5702 Cor.
650 5662 771 5709 xm,
832 5647 885 5701 9.

371 5712 393 5749 ⁹
428 5713 560 5784 Leg.
594 5715 719 5771 τῶν.

1038 5578 1052 5607 ¹
1091 5575 1243 5628 Adde
1269 5576 1462 5629 εἰπεῖν.

1038 5578 1052 5607 ¹
1091 5575 1243 5628 Adde
1269 5576 1462 5629 εἰπεῖν.
1566 5575 1587 5605 ⁸
1613 5572 1772 5628 Joau.
1801 5587 1874 5634 tv,
1904 5572 1941 5625 i'

966 5646 985 5675 τ
1042 5646 1174 5716 Leg.
1226 5645 1320 5700 ἆτε
1356 5645 1421 5699 δι’
1453 5644 1693 5714 ἄγνοιαν.
1772 5644 1795 5676 ⁸
1849 5643 1941 5714 Su]

2100 5573 2119 5604 ³
2154 5572 2314 5637 lbid.,
2358 5572 2444 5629 l8.
2550 5572 2572 5604 ⁸
2604 5572 2789 5625 Matth.
2835 5584 2934 5633 VII,
2974 5572 3062 5625 18.
3160 5572 3181 5598 ⁵
3215 5572 3376 5619 Joan.
3403 5578 3478 5620 Iv.
3522 5572 3604 5612 tu.

2046 5642 2230 5700 sudum
2276 5653 2433 5716 puto,
2472 5641 2979 5713 ἀποτυγχάνουσαν,
3014 5637 3096 5693 vel
3121 5634 3398 5707 quidpiam
3424 5628 3604 5689 simile.

2047 4511 2331 4580 προφήτης
2366 4512 2428 4563 οὐ
2462 4511 2641 4563 πάντα
2666 4506 2805 4564 οἶδεν
2821 4528 2834 4540 ·
2873 4510 2972 4562 Ἐκ
2983 4508 3203 4577 μέρους
3219 4509 3326 4578 γὰρ
3342 4507 3615 4575 γινώσκο-

2044 4615 2178 4668 μεν,
2197 4602 2295 4654 καὶ
2313 4602 2380 4655 ἐκ
2393 4601 2614 4670 μέρους
2633 4604 3099 4671 προφητεύομεν,
3140 4599 3243 4652 κᾶν
3290 4597 3618 4670 ripae-uteba-

2052 4709 2170 4762 μεν,
2214 4691 2308 4743 καὶ
2348 4689 2703 4759 γινώσκομεν.
2749 4692 2903 4745 Μετὰ
2956 4691 3012 4743 δὲ
3064 4689 3237 4743 ταῦτα
3290 4691 3505 4742 ἐπαινεῖ
3550 4686 3617 4747 ὡς

2051 4783 2366 4855 πρεπόντως
2390 4786 2456 4854 τῇ
2493 4783 2663 4853 αὐτῆς
2697 4782 2855 4852 φύσει
2894 4784 3198 4855 ποιήσασαν
3224 4782 3327 4852 τὴν
3356 4781 3617 4851 Σαμαρεῖ-

2050 4890 2154 4939 τιν,
2187 4876 2282 4927 καὶ
2322 4876 2456 4945 μήτε
2505 4874 2873 4945 ψευσαμένην,
2907 4876 3041 4945 μήτε
3070 4874 3330 4944 ἄντικρυς
3358 4872 3615 4942 ὁμολογή-

2049 4981 2217 5017 σασαν
2254 4965 2353 5035 τὴν
2405 4965 2605 5034 εαυτῆς
2654 4963 3059 5034 ἀσχημοσύνην,
3112 4961 3490 5031 πεπεισμένην
3533 4975 3613 5021 τε,

2048 5057 2235 5128 φησὶν,
2260 5056 2447 5128 αὐτὴν,
2480 5058 2559 5111 ὅτι
2599 5058 2883 5128 προφήτης
2914 5056 3022 5127 εἴη,
3051 5056 3259 5127 ἐρωτᾷν
3292 5053 3479 5113 αὐτὸν,
3512 5052 3612 5121 ἅμα

2047 5145 2144 5216 τὴν
2192 5146 2369 5199 αίτίαν
2420 5146 2807 5215 ἐμφαίνουσαν,
2851 5144 2916 5197 δι’
2967 5145 3032 5215 ἢν
3083 5142 3502 5213 ὲξεπὸρνευσεν,
3541 5139 3613 5190 ὅτι

2047 5238 2326 5292 διάνοιαν⁷
2374 5237 2531 5301 Θεοῦ,
2579 5237 2673 5291 καὶ
2721 5237 2819 5306 τῆς
2864 5235 3004 5288 κατὰ
3051 5233 3143 5287 τὸν
3192 5232 3327 5285 Θεὸν
3375 5226 3614 5300 λατρείας

2048 5328 2419 5399 ἀμελήσασαν,
2467 5330 2561 5381 καὶ
2614 5326 2828 5380 πάντων
2863 5325 2972 5376 τῶν
3005 5323 3147 5378 κατὰ
3192 5323 3283 5375 τὸν
3344 5321 3455 5392 βὶον
3487 5319 3610 5386 αὐτῇ

2047 5419 2359 5488 ἀναγκαίων
2379 5418 2421 5484 ⁸,
2453 5419 2547 5472 καὶ
2573 5418 2747 5481 ἄλλως
2773 5418 2861 5471 ἀεὶ
2891 5415 2990 5487 τὴν
3016 5417 3037 5448 ’
3086 5416 3143 5467 ὲν
3180 5412 3258 5483 τῷ
3292 5412 3395 5483 βίῳ
3426 5405 3610 5477 canti-

3160 5568 3181 5598 ⁵
3215 5564 3376 5619 Joan.
3403 5578 3478 5620 Iv.
3522 5557 3604 5612 90.

2100 5573 2119 5604 ³
2154 5572 2314 5637 lbid.,
2358 5572 2444 5629 18.
2550 5572 2572 5604 ⁸
2604 5571 2789 5625 Matth.
2835 5584 2934 5633 vn,
2974 5570 3062 5625 t8.
