3878 6348
464 354 602 411 1507

1391 349 1745 405 APPENDIX
1784 350 1876 405 AD
1913 349 2225 419 QUINQUE
2263 348 2522 406 lRENJEl
2560 346 2825 406 LIBROS.

461 472 634 540 ipsum
699 469 917 523 adorent
978 469 1045 521 ".
1111 466 1168 523 Si
1212 468 1410 536 quatrit
1457 468 1641 537 Pater,
1691 485 1789 538 per
1841 469 2025 524 Filiun

2145 470 2485 534 κυνοῦντας
2510 467 2697 522 αὐτόν
2719 485 2732 497 ’
2764 467 2812 519 sl
2839 465 2884 497 "
2912 464 3066 535 ζητεί
3084 465 3111 517 6
3132 463 3346 535 Πατὴρ,
3374 462 3470 517 διὰ
3497 462 3592 516 τοῦ
3615 464 3728 516 Υξοῦ

461 560 678 629 quzerit,
715 560 806 628 qui
838 570 971 612 venit
997 560 1066 612 ad
1092 560 1437 628 quaerendum
1469 569 1515 614 et
1556 561 1871 614 servandum
1903 560 2043 630 quod

459 653 687 716 perierat
713 651 758 682 ³⁵
786 666 798 701 :
836 664 971 718 quos
995 649 1295 717 purificans
1339 659 1393 703 et
1427 651 1689 704 erudiens
1724 650 1959 711 ratione,
1991 657 2046 704 et

461 741 610 795 sanis
639 741 1015 810 dogmatibus,
1041 739 1175 794 facit
1206 754 1332 796 esse
1375 755 1537 795 veros
1562 741 1902 795 adoratores.
1937 739 2044 794 Pe-

462 833 616 886 riisse
647 844 844 898 autem,
893 833 1026 886 dicit
1065 831 1394 902 Heracleon,
1425 833 1480 885 in
1508 832 1777 902 profunda
1822 833 2043 886 materia

457 927 655 981 erroris
689 926 745 978 id
771 925 909 995 quod
934 925 1206 994 praprium
1233 935 1343 979 erat
1371 923 1574 989 Patris,
1595 925 1735 993 quod
1761 925 1877 977 ideo
1905 940 2044 994 qua:-

459 1020 618 1082 ritur,
650 1027 706 1071 ut
733 1036 764 1072 a
787 1020 898 1071 suis
922 1018 1198 1072 adoretur.
1223 1018 1410 1087 Itaque
1427 1018 1570 1071 hunc
1590 1017 1808 1086 quidem
1833 1031 2042 1071 sermo-

457 1122 582 1159 nem
611 1107 655 1160 si
691 1105 1049 1160 intellexisset
1082 1108 1148 1159 de
1167 1107 1349 1160 ovium
1378 1107 1704 1176 perditione,
1729 1116 1784 1160 et
1812 1105 1879 1160 de
1908 1106 2039 1172 lilio,

457 1197 548 1264 qui
577 1196 772 1266 patriis
799 1197 962 1251 bonis
991 1197 1278 1261 exciderit,
1315 1199 1396 1250 sic
1426 1197 1840 1252 admisissemus
1869 1196 2040 1266 ipsius

455 1288 893 1342 enarrationem.
918 1287 1024 1342 Sed
1053 1288 1498 1357 quandoquidem
1531 1289 1724 1344 nescio
1761 1287 1893 1357 quid
1917 1295 2040 1340 tan-

455 1377 580 1433 dem
615 1387 805 1447 aperte
833 1381 1067 1432 doceant
1101 1379 1168 1433 de
1197 1380 1510 1448 perditione
1542 1377 1842 1448 spiritualis
1878 1387 2039 1431 natu-

453 1483 550 1532 ra),
594 1469 684 1536 qui
716 1468 894 1536 ipsum
921 1477 1230 1536 sequuntur
1253 1467 1589 1532 fabulantes,
1631 1477 1686 1522 et
1713 1466 1848 1521 nihil
1876 1481 2037 1534 aper-

453 1569 567 1612 tmn
606 1573 707 1615 nos
737 1557 1001 1614 docentes
1031 1559 1100 1612 de
1148 1558 1385 1623 smculis,
1428 1558 1517 1612 vel
1549 1557 1885 1627 temporibus
1916 1570 2037 1626 quae

451 1650 609 1704 fuere
643 1658 770 1704 ante
801 1649 976 1720 ipsam
1007 1650 1369 1720 perditionem
1409 1650 1610 1720 (neque
1639 1649 1782 1704 enim
1813 1649 2035 1719 propria

449 1741 594 1794 dicta
619 1740 901 1794 declarare
938 1740 1224 1812 possunt);
1263 1741 1403 1795 hanc
1434 1742 1503 1795 ob
1531 1756 1753 1796 causam
1806 1748 2034 1808 praeter-

2151 560 2323 632 ζητεῖ,
2347 559 2453 612 τοῦ
2481 559 2851 624 ἐληλυθότος
2874 554 3122 623 ζητῆσαι
3155 556 3252 608 καὶ
3272 554 3476 608 σῶσαι
3495 554 3564 606 τὸ
3601 554 3731 607 ἀπε-

2146 651 2365 716 λωλὸς,
2401 649 2654 713 οὕστινας
2679 647 2979 718 καθαίρων,
3015 647 3108 698 καὶ
3152 643 3429 698 παιδεύων
3459 644 3541 714 τῷ
3577 646 3726 714 λόγῳ,

2147 743 2244 796 καὶ
2275 744 2387 804 τοῖς
2420 740 2597 808 ὑγιέσι
2629 739 2880 809 δόγμασι,
2918 734 3324 800 κατασκευάζει
3352 736 3585 805 ἀληθεξ
3618 739 3727 799 τώς

2147 829 2550 902 προσκυνητάς.
2591 825 2982 882 Ἀπολωλέναι
3015 824 3102 888 δὲ,
3133 827 3298 896 φησιν
3330 827 3360 876 6
3397 825 3725 894 Ἡρακλέων,

2142 920 2213 973 ἐν
2244 918 2317 988 τῇ
2353 919 2573 984 βαθείᾳ
2612 917 2730 984 ὕλῃ
2755 914 2863 982 τῆς
2891 915 3132 981 πλάνης
3156 916 3222 969 τὸ
3249 914 3482 968 οἰκεῖον
3507 913 3591 978 τῷ
3623 918 3728 968 Πα-

2142 1012 2254 1079 τρὶ,
2277 1012 2422 1078 ὅπερ
2453 1009 2723 1078 ζητεῖται,
2764 1009 2866 1061 ἵνα
2890 1011 2922 1061 ό
2953 1006 3156 1075 Πατὴρ
3193 1006 3313 1060 ὑπὸ
3347 1007 3476 1059 τῶν
3510 1008 3730 1060 οἰκείων

2143 1100 2577 1170 προσκυνῆται.
2622 1101 2686 1152 Εἰ
2722 1100 2820 1170 μὲν
2849 1094 2941 1151 οὖν
2982 1097 3133 1168 ἐώρα
3168 1098 3259 1150 τὸν
3292 1099 3431 1168 περὶ
3465 1097 3571 1166 τῆς
3595 1099 3728 1150 ἀπω-

2140 1184 2289 1258 λείας
2316 1194 2424 1247 τῶν
2453 1192 2738 1264 προϐάτων
2767 1191 2944 1260 λόγον,
2980 1190 3196 1242 καὶτοῦ
3230 1192 3619 1252 ἀποπεσόντος
3636 1189 3725 1241 τῶν

2138 1280 2231 1333 τοῦ
2257 1279 2462 1350 πατρὸς
2491 1277 2630 1343 υἱοῦ,
2660 1277 2764 1332 κᾶν
2791 1277 3168 1348 ἀπεδεξάμεθα
3203 1277 3374 1330 αὑτοῦ
3411 1280 3519 1348 τὴν
3558 1278 3727 1347 Eii-.71;-

2141 1389 2244 1428 σιν’
2277 1372 2396 1425 ἐπεὶ
2418 1371 2474 1422 δὲ
2509 1369 2926 1440 μυθοποιοῦντες
2955 1371 3004 1422 οἱ
3021 1369 3129 1422 ἀπὸ
3160 1369 3260 1439 τῆς
3282 1367 3528 1438 γνώμης
3558 1369 3724 1430 αὑτοῦ,

2137 1465 2238 1517 οὑκ
2259 1459 2354 1515 οἷδ’
2390 1463 2417 1514 ὅ
2437 1479 2489 1514 τι
2521 1461 2652 1514 ποτὲ
2682 1461 2894 1532 τρανῶς
2923 1461 3222 1531 παριστᾶσι
3245 1461 3380 1530 περὶ
3403 1461 3512 1529 τῆς
3535 1459 3724 1512 am)»

2137 1554 2292 1616 λυίας
2321 1551 2696 1622 πνευματικῆς
2727 1550 2962 1620 φύσεως,
2998 1551 3149 1603 οὐδὲν
3180 1551 3352 1618 σαφὲς
3387 1550 3723 1613 διδάσκοντες

2139 1647 2285 1716 ἡμᾶς
2325 1645 2452 1714 περὶ
2493 1643 2601 1696 τῶν
2643 1643 2750 1714 πρὸ
2789 1643 2888 1713 τῆς
2925 1643 3201 1706 ἀπωλείας
3244 1643 3423 1712 αὐτῆς
3458 1643 3722 1712 χρόνωνῆ

2137 1737 2347 1790 αἰώνων
2413 1735 2556 1806 (οὐδὲ
2581 1734 2689 1805 γὰρ
2719 1733 2949 1804 τρανοῦν
2978 1734 3231 1787 δύνανται
3279 1734 3503 1786 ἑαυτῶν
3532 1735 3626 1785 τὸν
3660 1733 3725 1784 l6-

450 1830 702 1887 rnfsimus
741 1832 886 1902 ipsos
912 1841 1106 1898 sponte
1131 1873 1146 1900 ,
1198 1833 1487 1901 hucusque
1537 1833 1848 1902 disputasse
1895 1845 2025 1886 con-

2133 1829 2271 1899 γον)’
2304 1826 2393 1880 διὰ
2420 1826 2576 1880 τοῦτο
2607 1826 2804 1889 αὐτοὺς
2833 1824 3599 1897 ὲκόντεςιπαραπεμψόμεθα,
3621 1842 3726 1878 τωο

451 1931 540 1977 ten
550 1923 609 1977 ti.

2135 1917 2290 1971 οὖτον
2318 1917 2791 1988 ὲπαπορήσαντες.

1759 2020 1846 2084 Ει
1870 2034 2020 2096 pag.
2053 2015 2174 2076 217
2205 2022 2261 2073 et
2288 2031 2412 2091 seq.

518 2119 576 2174 In
607 2135 671 2175 ea
703 2122 892 2188 verba,
943 2123 1081 2177 Deus
1128 2131 1206 2177 est
1251 2122 1487 2193 Spiritus
1527 2124 1597 2188 ’°,
1641 2122 1821 2192 inquit
1852 2121 2025 2177 ﬂera-

447 2209 603 2266 cleon
632 2225 648 2265 :
679 2211 1025 2266 immaculata
1067 2215 1231 2280 enim,
1263 2223 1310 2268 et
1341 2231 1500 2283 pura,
1524 2211 1573 2268 et
1614 2213 1898 2268 invisibilis
1945 2221 2024 2267 est

444 2300 624 2355 divina
641 2301 810 2369 ipsius
833 2313 1050 2356 natura.
1069 2302 1174 2358 Sed
1203 2304 1319 2358 haec
1345 2319 1468 2358 cum
1493 2305 1713 2376 dixerit,
1741 2304 1887 2358 haud
1913 2304 2026 2358 scio

445 2403 514 2442 an
545 2389 798 2444 docuerit
837 2406 961 2456 nos,
992 2395 1274 2461 quomodo
1300 2392 1441 2448 Deus
1472 2394 1544 2447 sit
1579 2393 1842 2462 Spiritus.
1890 2393 2027 2447 lllud

445 2478 636 2543 etiam,
655 2479 940 2532 adorantes
960 2490 1158 2548 Oportet
1181 2482 1410 2534 adorare
1432 2481 1624 2549 spiritu
1647 2490 1694 2533 et
1729 2479 2024 2542 veritate”,

446 2577 600 2622 ratus
637 2582 696 2623 se
728 2569 1016 2624 declarare
1037 2612 1051 2636 ,
1099 2571 1298 2640 inquit,
1331 2588 1427 2640 pro
1471 2571 1734 2638 dignitate
1764 2573 1902 2638 ejus,
1931 2570 2024 2639 qui

443 2660 743 2726 adoratur;
797 2663 1176 2731 spiritualiter,
1209 2679 1311 2716 non
1334 2664 1640 2719 carnaliter.
1677 2662 1890 2715 Etenim
1927 2663 2026 2727 ipsi

442 2751 679 2814 ejusdem
723 2761 930 2806 naturw
962 2769 1080 2806 cum
1117 2750 1283 2806 Patre
1315 2757 1648 2816 exsistentes,
1698 2762 1819 2806 sunt
1860 2752 2026 2821 spiri-

444 2855 552 2909 tus,
578 2860 670 2914 qut
696 2847 986 2900 secundum
1012 2848 1313 2909 veritatem,
1337 2855 1384 2899 et
1431 2861 1535 2899 non
1561 2846 1852 2899 secundum
1877 2861 2025 2899 erro-

444 2950 553 2990 rem
597 2939 848 3005 adorant,
890 2938 1354 3007 quemadmodum
1400 2945 1456 2992 et
1508 2937 1801 3004 Apostolus
1839 2936 2023 3002 docet,

442 3025 638 3081 dicens
673 3027 1044 3085 rationabilem
1091 3016 1295 3080 cultum
1338 3027 1384 3058 ³⁰
1428 3027 1588 3081 talem
1641 3027 1736 3080 Dei
1794 3027 2021 3082 cultum.

442 3117 549 3172 Sed
563 3119 914 3173 advertamus
937 3135 1115 3173 annon
1141 3119 1295 3173 valde
1312 3119 1384 3173 sit
1414 3119 1637 3188 impium
1663 3119 2025 3188 dicerenquod

441 3209 741 3264 adorantes
784 3210 956 3264 Deum
994 3212 1048 3264 in
1091 3212 1312 3279 spiritu,
1342 3211 1588 3279 ejusdem
1628 3212 1738 3266 sint
1771 3212 2025 3266 essentire

439 3313 564 3352 cum
590 3298 838 3368 ingenita
872 3298 963 3352 illa
988 3308 1043 3352 et
1068 3301 1433 3369 undequaque
1448 3300 1609 3353 beata
1636 3310 1858 3365 natura,
1887 3315 2024 3368 quos

2198 2117 2291 2178 Εἰς
2329 2114 2581 2184 μέντοιγε
2619 2112 2700 2177 τὸ,
2745 2112 2991 2182 Πνεῦμα
3039 2115 3073 2166 ὁ
3104 2112 3283 2179 Θεὸς,
3336 2114 3368 2165 6
3411 2112 3724 2185 Ἡρακλέων

2128 2208 2314 2280 φησιν·
2337 2206 2638 2276 ἄχραντος
2688 2205 2820 2274 γὰρ,
2857 2206 2953 2259 καὶ
2982 2205 3240 2273 καθαρὰ,
3266 2205 3368 2259 καὶ
3394 2206 3659 2272 ἀόρατος
3690 2204 3724 2270 ἡ

2129 2301 2255 2354 θεία
2282 2300 2325 2330 ³⁷
2347 2299 2534 2367 φύσις
2574 2297 2782 2351 αὑτοῦ.
2815 2298 2927 2350 Οὐκ
2953 2294 3070 2352 οἶδα
3107 2298 3183 2360 δὲ,
3221 2298 3269 2348 εἱ
3298 2297 3551 2363 ἐδίδαξεν
3586 2298 3720 2366 ἡμᾶς

2129 2391 2303 2446 ταῦτα
2340 2388 2584 2443 ἐπειπὼν
2622 2389 2690 2454 ’⁸,
2735 2388 2852 2452 πῶς
2884 2392 2911 2442 6
2941 2389 3074 2452 Θεὸς
3105 2387 3327 2458 πνεῦμά
3357 2391 3504 2442 ἐστι.
3543 2389 3622 2440 T6
3653 2390 3718 2449 δὲ,

2128 2483 2270 2548 τοὺς
2287 2479 2786 2549 προσκυνοῦντας
2806 2480 2875 2531 ὲν
2899 2481 3189 2548 πνεύματι
3223 2479 3321 2532 καὶ
3353 2480 3625 2546 ἀληθείᾳ
3648 2479 3722 2531 δεῖ

2128 2571 2516 2641 προσκυνεῖν,
2547 2569 2863 2640 σαφηνίζειν
2890 2570 3144 2640 νομίζων,
3167 2569 3347 2640 φησιν’
3384 2570 3585 2636 ἀξίως
3616 2571 3709 2623 τοῦ

2127 2661 2669 2732 προσκυνουμένου
2695 2701 2711 2725 ,
2760 2657 3189 2730 πνευματικῶς,
3255 2662 3328 2713 οὐ
3388 2661 3719 2726 σαρκικῶς.

2126 2758 2234 2810 Καὶ
2260 2753 2374 2824 γὰρ
2391 2754 2560 2808 αὐτοὶ
2583 2751 2692 2821 τῆς
2715 2752 2905 2820 αὐτῆς
2937 2752 3176 2819 φύσεως
3205 2751 3376 2816 ὄντες
3395 2751 3479 2816 τῷ
3511 2754 3718 2820 Harp-1,

2127 2841 2364 2916 πνεῦμά
2387 2850 2566 2910 εἰσιν,
2585 2846 2643 2899 οἵ
2670 2862 2828 2910 τινες
2861 2845 2989 2896 κατ’
3008 2842 3314 2908 ἀλήθειαν,
3343 2844 3447 2895 καὶ
3473 2847 3557 2897 οὐ
3582 2844 3720 2897 κατὰ

2127 2937 2376 3004 πλάνην
2411 2935 2854 3004 προσκυνοῦσι,
2890 2934 3011 2988 καθ’
3034 2933 3062 2985 ὃ
3090 2934 3183 2986 καὶ
3205 2937 3232 2986 6
3280 2935 3625 3000 Ἀπὸστθλος
3653 2937 3721 2989 δι·

2125 3031 2333 3093 δάσκει,
2369 3029 2542 3097 λέγων
2575 3027 2829 3097 λογικὴν
2861 3027 3142 3094 λατρείαν
3175 3027 3272 3097 τὴν
3324 3029 3602 3099 τοιαύτην
3633 3030 3717 3098 τὴν

2127 3115 2458 3169 θεοσέϐειαν.
2509 3115 2924 3183 Ἑπιστήσωμεν
2962 3114 3041 3178 δὲ,
3083 3115 3131 3165 εἰ
3186 3115 3259 3184 μὴ
3313 3115 3528 3186 σφόδρα
3581 3119 3715 3170 ἐστὶν

2125 3186 2338 3267 ἀσεϐὲς,
2360 3201 2642 3273 ὁμοούσιον
2653 3205 2719 3272 τῇ
2737 3203 3015 3272 ἁγεννὴτῳ
3047 3201 3208 3269 φύσει
3227 3205 3319 3257 καὶ
3338 3206 3716 3277 stuppam-:95;

2127 3293 2267 3350 εἶναι
2297 3295 2474 3363 λέγειν
2498 3296 2624 3359 τοὺς
2646 3293 3092 3366 προσκυνοῦντας
3107 3297 3165 3347 έν
3190 3295 3563 3367 πνεύματιτῷ
3588 3299 3712 3367 Θεῷ,

439 3392 602 3461 paulo
630 3401 757 3446 ante
807 3391 1023 3446 dixerat
1071 3391 1374 3447 lleracleon
1417 3393 1600 3459 lapsos
1654 3390 1844 3457 fuisse,
1895 3406 2018 3445 cum

2133 3385 2220 3450 οὒς
2256 3386 2360 3456 πρὸ
2388 3385 2616 3457 βραχέος
2647 3381 2800 3439 εἶπεν
2832 3385 2994 3448 αὐτὸς
3015 3388 3043 3438 6
3086 3387 3401 3456 Ἡρακλέων
3426 3389 3715 3443 ἐκπεπτω-

439 3479 826 3534 Samaritidem
856 3480 1063 3534 diceret
1093 3480 1398 3548 spiritualis
1421 3481 1778 3535 ex‘sistentem
1809 3486 2018 3533 natura:

438 3572 764 3627 fornicatam
799 3587 940 3627 esse.
961 3571 1312 3642 370.Quod
1349 3572 1393 3626 si
1422 3586 1553 3626 vero
1585 3570 1886 3640 spiritualis
1916 3585 2017 3623 na-

395 3685 400 3689 '
437 3673 582 3728 tura,
619 3677 738 3731 quae
767 3663 838 3723 sit
865 3662 1107 3731 ejusdem
1134 3663 1385 3718 essentia:
1407 3677 1528 3716 cum
1559 3662 1742 3714 divina
1775 3670 1831 3714 et
1858 3661 2022 3714 unde-

432 3769 654 3827 quaque
671 3755 830 3810 beata
856 3765 1070 3820 natura,
1106 3763 1166 3807 ut
1188 3753 1287 3824 ipsi
1323 3753 1564 3819 tradunt,
1593 3751 1885 3806 admiserit
1907 3750 2019 3806 for-
2060 3781 2073 3789 -

434 3848 806 3913 nieationem;
844 3846 1100 3916 profana,
1157 3854 1212 3900 et
1257 3844 1445 3914 impia,
1494 3852 1548 3898 et
1588 3842 1898 3913 irreligiosa
1946 3837 2015 3898 de

435 3937 546 3993 Deo
575 3947 881 4010 sequuntur
904 3937 1145 4006 ipsorum
1171 3936 1237 3992 de
1265 3935 1376 3991 Deo
1404 3935 1762 3991 sententiam.

2127 3477 2313 3538 κότας,
2350 3475 2446 3545 τὴν
2482 3475 2814 3546 Σαμαρεῖτιν
2849 3474 3022 3541 λέγων
3072 3477 3451 3546 πνευματικῆς
3497 3479 3714 3547 φύσεως

2124 3561 2290 3618 οὖσαν
2317 3564 2764 3635 πεπορνευκέναι,
2815 3564 2952 3618 Ἀλλ’
2979 3565 3075 3635 οὐχ
3100 3566 3302 3637 ὁρῶσιν
3329 3567 3444 3620 ³⁸...
3473 3569 3560 3621 δτι
3591 3588 3715 3622 mw-

2123 3657 2281 3720 τὸς...
2311 3657 2404 3709 καὶ
2432 3656 2539 3709 τῶν
2565 3657 2745 3709 αὐτῶν
2773 3657 3042 3712 δεκτικόν.
3078 3659 3140 3710 El
3164 3657 3220 3710 δὲ
3253 3657 3472 3722 ἐδέξατο
3501 3661 3572 3712 τὸ
3595 3679 3714 3729 πορ-

2124 3747 2311 3801 νεῦσαι
2336 3747 2370 3818 ὴ
2405 3745 2746 3816 πνευματικὴ
2770 3746 2950 3815 φύσις,
2973 3746 3258 3817 ὁμοούσιος
3280 3743 3417 3800 οὖσα
3439 3749 3540 3818 τῆς
3571 3749 3712 3811 Bais;

2124 3839 2220 3891 καὶ
2244 3838 2651 3908 παμμακαρίας
2679 3837 2913 3907 φύσεως,
2947 3837 3022 3901 ὼς
3051 3838 3206 3890 αὐτοὶ
3229 3837 3470 3906 λέγουσι,
3506 3840 3710 3903 ἀνόσια,

2121 3931 2214 3984 καὶ
2242 3929 2394 3993 ἄθεα,
2431 3930 2525 3982 καὶ
2551 3929 2723 4001 ἀσεδῆ
2757 3928 3040 3982 ἀκολουθεῖ
3064 3928 3142 4000 τῷ
3179 3928 3323 3999 λόγῳ
3354 3929 3433 4000 τῷ
3459 3933 3584 3985 κατ’
3617 3932 3706 3984 αύ-

2123 4019 2248 4082 τοὺς
2272 4019 2401 4089 περὶ
2433 4017 2589 4071 Θεοῦ.

1786 4115 1988 4174 Porro
2003 4131 2156 4193 pag.
2179 4115 2317 4175 220.

505 4221 638 4277 Vide
663 4222 791 4292 quid
841 4221 1142 4276 Heracleon
1178 4221 1364 4275 dicat:
1414 4220 1493 4274 ait
1531 4219 1701 4284 enim,
1743 4219 1887 4287 quod
1920 4234 2010 4272 ear.—

429 4314 737 4382 spectaverit
772 4309 1010 4366 Ecclesia
1039 4311 1332 4374 Christum,
1362 4318 1412 4365 et
1441 4325 1695 4380 persuasa
1744 4307 1905 4377 fuerit
1948 4308 2013 4362 de

428 4419 514 4470 eo,
543 4402 684 4473 quod
705 4403 848 4456 solus
881 4402 971 4457 ille
995 4405 1171 4455 omnia
1199 4399 1422 4455 ‘noverit.

2195 4211 2436 4289 Ὀρατὺν
2463 4217 2833 4289 Ἡρακλέωνα,
2860 4217 2912 4269 τί
2934 4233 3085 4287 φησι·
3105 4216 3254 4285 λέγει
3272 4217 3506 4288 γὰρ,δτι
3534 4232 3708 4286 πρω-

2118 4306 2357 4377 εδέχετο
2382 4311 2420 4377 ἠ
2451 4309 2778 4376 Ἐκκλησία
2810 4307 2922 4360 τὸν
2947 4307 3228 4375 Χριστὸν,
3265 4309 3365 4361 καὶ
3387 4309 3705 4362 ἐπέπειστο

2121 4401 2255 4468 περὶ
2273 4400 2480 4466 αὐτοῦ,
2503 4400 2592 4454 ὅτι
2612 4399 2686 4454 τὰ
2719 4398 2916 4453 πάντα
2924 4401 3113 4468 μόνος
3128 4397 3361 4465 ἐκεῖνος
3375 4400 3699 4454 ἐπίσταται.

1865 4493 1949 4553 Et
1972 4510 2116 4556 Daa.
2143 4495 2283 4556 221.

1865 4510 1949 4553 ιιι
1970 4510 2025 4570 ρι

500 4599 802 4656 Heracleon
833 4601 888 4654 in
914 4614 978 4654 ea
999 4598 1194 4653 verba:
1215 4598 1324 4668 Ego
1351 4614 1465 4652 sum
1491 4598 1581 4666 qui
1617 4598 1804 4668 loquor
1825 4597 1919 4650 tibi
1945 4581 2025 4664 ⁸²,⁴

2143 4510 2283 4556 221.

2193 4599 2303 4652 Καὶ
2347 4600 2376 4650 6
2431 4598 2741 4671 Ἡρακλέων
2780 4598 2836 4652 δέ
2876 4615 3009 4670 φησι
3044 4599 3178 4668 πρὸς
3216 4598 3298 4664 τὸ,
3339 4599 3481 4669 Ἐγώ
3520 4603 3632 4669 εἰμι
3671 4602 3700 4652 ό

433 4686 510 4740 ait
536 4686 679 4755 quod
703 4686 1044 4751 Samaritidi,
1075 4689 1199 4757 quia
1228 4703 1484 4756 persuasa
1507 4687 1684 4755 fuerat
1706 4685 2008 4750 Christum,

428 4794 550 4832 cum
585 4779 830 4842 venisset,
853 4779 1032 4831 omnia
1065 4777 1144 4830 illi
1173 4778 1639 4841 annuntiaturum,
1662 4775 1856 4830 dixerit
1898 4775 2012 4848 (Je-

426 4871 540 4940 ειη)
555 4885 573 4923 :
590 4869 736 4925 Scito
754 4870 926 4933 illum,
941 4886 1092 4938 quem
1114 4879 1168 4922 tu
1191 4879 1482 4937 exspectas,
1499 4885 1579 4922 me
1601 4885 1709 4922 esse
1724 4869 1814 4937 qui
1840 4879 2008 4923 tecum

427 4962 618 5032 loquor
644 4977 662 5014 :
693 4971 742 5016 et
779 4977 900 5014 cum
931 4961 1165 5025 seipsum
1222 4975 1341 5014 eum
1383 4977 1492 5015 esse
1519 4961 1608 5029 qui
1638 4969 1886 5014 venturus
1917 4976 2012 5014 ex-

426 5063 780 5124 spectaretur,
811 5055 1087 5123 confessus
1115 5062 1276 5118 esset,
1306 5053 1482 5122 inquit
1510 5053 1836 5118 Heracleon,
1862 5070 2010 5107 vene-

428 5149 554 5192 runt
577 5142 646 5193 ad
675 5157 793 5195 eum
823 5141 1091 5212 discipuli,
1123 5158 1345 5213 quorum
1377 5158 1538 5196 causa
1564 5151 1776 5196 venerat
1806 5143 1862 5195 in
1902 5141 2008 5198 Sa-

429 5243 673 5281 murtam.

2115 4689 2313 4745 λαλῶν
2326 4705 2468 4754 -.σοι,
2514 4693 2617 4756 ὅτι,
2677 4693 2844 4760 εἴπερ
2885 4694 2929 4725 ³³
2954 4692 3278 4747 ἐπέπειστο
3301 4695 3341 4761 ἡ
3365 4694 3697 4762 Σαμαρεῖτις

2118 4780 2251 4848 περὶ
2277 4780 2383 4833 τοῦ
2411 4781 2694 4848 Χριστοῦ,
2722 4783 2802 4848 ὡς
2830 4782 2945 4851 ἄρα
2960 4784 3157 4839 ἐλθὼν
3176 4782 3375 4837 πάντα
3396 4783 3698 4854 array-falsi

2115 4869 2290 4940 αὐτῇ,
2309 4874 2482 4940 φησί’
2523 4874 2816 4940 Γίνωσκε,
2841 4875 2930 4929 ὅτι
2952 4876 3203 4943 ἐκεῖνος,
3245 4876 3317 4930 ὃν
3339 4875 3694 4945 προσδοκᾷς,

2113 4961 2228 5030 ἐγώ
2253 4965 2372 5032 ειμι
2398 4967 2430 5018 ό
2456 4965 2666 5019 λαλῶν
2705 4983 2826 5021 σοι·
2855 4968 2952 5021 καὶ
2978 4969 3124 5021 ὅταν
3138 4969 3529 5038 ὡμολόγησεν
3560 4970 3686 5023 eah-

2113 5053 2224 5106 τὸν
2257 5055 2364 5109 τὸν
2400 5058 2901 5129 προσδοκώμενον
2923 5059 3307 5127 ἐληλυθέναι,
3342 5056 3553 5129 ἦλθον,
3606 5076 3692 5128 φη-

2116 5146 2220 5211 σὶν,
2252 5151 2305 5202 ol
2330 5150 2594 5218 μαθηταὶ
2621 5150 2771 5219 πρὸς
2802 5151 3010 5215 αὐτὸν,
3059 5150 3134 5204 δι’
3163 5153 3273 5218 οὓς
3298 5151 3577 5221 ἐληλύθει
3612 5153 3696 5216 εὶς

2112 5237 2228 5306 τὴν
2255 5240 2608 5310 Σαμάρειαν.

1443 5325 1528 5387 Et
1562 5327 1675 5388 sub
1706 5329 1888 5408 ﬁnem
1916 5332 2103 5411 hujus
2134 5337 2308 5408 tomi,
2340 5354 2487 5416 pag.
2512 5339 2654 5401 223.

498 5420 802 5480 Heracleon
830 5425 1078 5497 hydriam
1109 5429 1158 5462 ”
1185 5429 1469 5486 existimat
1492 5446 1618 5488 esse
1657 5432 2004 5489 affectionem

424 5523 588 5584 atque
619 5516 896 5571 notionem
919 5524 1290 5591 susceptivam
1322 5525 1466 5592 vitm,
1497 5537 1556 5582 ut
1579 5536 1635 5582 et
1667 5527 1784 5588 eius
1811 5538 2005 5598 poten-

503 5607 549 5694 :’
579 5605 739 5694 ξριιρ.
771 5611 960 5694 [ξω-25.
1039 5616 1087 5647 ’⁸
1117 5618 1208 5694 Sic
1237 5619 1530 5694 C()t_l_._BOdl.
1611 5623 1653 5654 ³³
1678 5621 1945 5685 Luc.xtx.
1980 5625 2065 5681 l0.
2147 5627 2192 5657 ’³
2233 5627 2390 5681 Joan.
2423 5643 2499 5694 tv,
2523 5629 2613 5684 24.
2690 5633 2733 5662 ’⁷
2773 5631 2865 5686 Sic
2886 5631 3010 5686 cod.
3044 5631 3197 5686 Bodl.

847 5695 1007 5738 Joan.
1031 5700 1103 5749 ιν,
1135 5695 1227 5772 2t.
1305 5695 1350 5721 ⁸⁸³
1372 5695 1531 5774 llum.
1558 5709 1657 5759 xu,
1694 5695 1742 5749 l.
1823 5696 1862 5727 ³¹
1885 5696 1975 5748 Sic.
1999 5699 2121 5750 cod.
2148 5695 2299 5751 Bodl.
2329 5699 2553 5756 Comma
2583 5701 2831 5757 mutilum
2866 5717 2974 5758 non
3006 5702 3171 5764 vertit
3206 5701 3488 5772 interpres.
3518 5699 3684 5757 Emt.

842 5751 1001 5806 J03".
1027 5771 1100 5806 ιν.
1132 5757 1220 5806 2f).
1296 5759 1339 5791 ³³
1369 5761 1529 5806 1⁴4η¹1ρ
1552 5765 1782 5806 ἐπεῖπε-Λ
1845 5765 1888 5798 ³⁸
1912 5764 2044 5806 Imm
2104 5783 2155 5806 ιν
2228 5769 2295 5806 ΟΩ

874 5767 1001 5810 oan.
1027 5771 1100 5821 tv,
1132 5757 1220 5812 26.
1296 5759 1339 5791 ³³
1367 5761 1529 5819 Forte
1552 5757 1800 5838 ἐπείπερ.
1845 5765 1888 5798 ³⁸
1912 5764 2064 5823 Joan.
2103 5783 2176 5836 tv,
2228 5769 2316 5824 28.

424 5677 546 5759 god.
578 5675 728 5734 Bodl.
847 5681 1007 5759 .loan.
1031 5700 1103 5749 ιν,
1135 5687 1227 5759 2t.
1305 5691 1350 5721 ⁸ο
1372 5691 1531 5746 llum.
1558 5709 1657 5759 xu,
1680 5675 1742 5749 Ῑ.

424 5744 664 5808 Ρίτιιυι.

2197 5439 2254 5493 ὐ
2301 5441 2614 5513 Ἡρακλέων
2646 5443 2743 5514 τὴν
2777 5443 2984 5516 ὑδρίαν,
3012 5443 3109 5516 τὴν
3131 5443 3387 5515 δεκτικὴν
3410 5443 3552 5512 ζωῆς
3569 5443 3702 5496 6m-

2111 5530 2379 5602 λαμϐάνει
2415 5531 2553 5588 εἶναι
2595 5535 2835 5589 διάθεσιν
2871 5536 2965 5589 καὶ
3001 5536 3232 5602 ἔννοιαν,
3267 5537 3360 5590 καὶ
3395 5537 3487 5606 τῆς
3531 5535 3692 5589 δύνειν

3300 5633 3344 5662 ’³
3370 5631 3453 5684 Sic
3487 5630 3686 5682 iterum
