3878 6348
109 328 274 386 1309

1340 337 1771 395 FRAGMENTA
1805 340 2171 399 GNOSTICA.

3272 353 3406 408 1310

107 465 277 541 μεως
338 448 435 520 τῆς
485 451 634 523 παρὰ
678 453 770 506 τοῦ
821 455 1115 527 Σωτῆρος,
1155 459 1403 513 Ἢντινα
1471 467 1686 517 καταλι

1816 464 1902 518 tia:
1916 480 2034 534 qum
2049 480 2079 519 a
2096 464 2388 520 Servatore
2404 473 2506 521 est:
2529 467 2701 533 Quam
2722 469 3043 540 relinquens,
3060 470 3405 541 inquit,apud

104 540 362 603 ποῦσα,
399 542 554 610 φησὶ,
587 544 724 610 παρ’
752 544 933 610 αὐτῷ,
953 545 1267 602 τουτέστιν
1296 551 1532 619 ἔχουσα
1564 553 1723 620 παρὰ

1826 559 2022 625 ipsum,
2064 558 2163 610 hac
2193 565 2294 625 est,
2342 557 2539 612 habens
2582 560 2725 627 apud
2759 558 3086 617 Servatorem
3140 562 3247 615 tale
3290 581 3403 628 vas,

101 629 200 695 τῷ
226 630 462 699 Σωτῆρι
490 634 554 685 τὸ
584 634 860 688 τοιοῦτον
882 638 1124 704 σκεῦος,
1149 639 1221 692 ἐν
1238 633 1286 705 ᾧ
1316 641 1597 708 ἐληλύθει
1623 648 1686 696 λι

1824 647 1880 699 in
1909 664 2010 716 quo
2050 664 2243 718 aquam
2264 649 2432 703 vivam
2468 642 2732 703 Itaustura
2762 662 2994 712 venerat,
3020 668 3229 705 reversa
3253 663 3325 705 est
3349 653 3404 707 in

101 722 254 775 δεῖν
284 724 351 776 τὸ
386 721 497 784 ζῶν
538 723 715 792 ὕδωρ,
758 726 1144 797 ὑπέστρεψεν
1186 733 1274 796 είς
1316 732 1423 785 τὸν
1465 736 1719 802 κόσμον,

98 813 621 882 εὐαγγελιζομένη
653 815 727 885 τῇ
771 810 988 884 κλήσει
1038 821 1143 875 τοῦ
1191 823 1449 890 Χριστοῦ
1498 842 1722 892 παρου-

99 903 291 954 cria)”
324 902 423 956 διὰ
444 904 555 973 γὰρ
587 906 693 959 τοῦ
735 909 1080 979 Πνεύματος
1107 913 1203 965 καὶ
1238 913 1358 967 ὑπὸ
1386 915 1493 968 τοῦ
1534 918 1719 970 Πνεύο

90 1007 311 1059 ματος
333 986 698 1063 ἓτροσάτεται
722 998 760 1064 ὴ
774 999 946 1067 ψυχὴ
996 999 1078 1066 τῷ
1094 1001 1338 1069 Σωτῆρι.
1366 1006 1718 1077 Κατανόησον

97 1081 175 1152 δὴ
222 1086 276 1136 εί
314 1083 537 1137 δύναται
576 1087 939 1159 ἐπαινουμένη
970 1091 1257 1161 τυγχάνειν
1294 1095 1327 1163 ἡ
1358 1094 1515 1164 ὑδρία
1552 1097 1713 1170 αὕτη,

96 1173 295 1245 πάντη
346 1175 644 1247 ἁφιεμένη·
698 1177 1076 1248 Ἀφῆκενάρ,
1124 1184 1293 1253 φησὶ,
1342 1184 1460 1251 τὴν
1502 1186 1718 1255 ὑδρίαν

94 1264 316 1331 αὐτῆς
342 1266 381 1331 ή
426 1265 602 1335 γυνή·
630 1267 690 1319 οὐ
722 1267 832 1339 γὰρ
874 1270 1215 1341 πρόσκειται,
1247 1276 1330 1327 ὅτι
1371 1278 1584 1346 ἀφῆκεν
1618 1279 1716 1331 αὑ-

99 1354 214 1427 τὴν
244 1355 404 1425 παρὰ
428 1356 508 1425 τῷ
541 1357 772 1429 Σωτῆρι.
802 1360 928 1423 Πῶς
960 1361 1015 1413 δὲ
1041 1365 1134 1416 καὶ
1160 1364 1260 1417 οὐκ
1298 1366 1581 1433 ἀπίθανον,
1616 1390 1715 1427 κα-

101 1445 458 1499 ταλιποῦσαν
484 1446 653 1517 αὐτὴν
696 1448 794 1521 τὴν
829 1449 1083 1522 δεκτικὴν
1127 1455 1225 1523 τῆς
1261 1453 1406 1525 ζωῆς
1446 1458 1708 1525 διάθεσιν,

94 1536 201 1587 καὶ
235 1535 341 1605 τὴν
376 1534 584 1590 ἔννοιαν
618 1537 716 1608 τῆς
770 1530 1051 1622 δυνάμεως
1087 1544 1185 1613 τῆς
1223 1545 1375 1615 παρὰ
1407 1547 1497 1600 τοῦ
1532 1550 1712 1622 Σωτῆ..

103 1638 229 1691 ρος,
268 1624 367 1675 καὶ
398 1624 459 1675 τὸ
486 1624 698 1689 σκεῦος,
728 1628 785 1680 ὲν
810 1619 854 1694 ᾧ
889 1628 1136 1699 ἐληλύθει
1168 1629 1466 1701 λαμϐάνειν
1504 1637 1564 1689 τὸ
1603 1619 1710 1702 ζων

97 1713 283 1785 ὕδωρ,
331 1715 730 1786 ἀπεληλυθέναι
765 1721 845 1782 είς
879 1722 971 1773 τὸν
1018 1723 1225 1793 κόσμον
1266 1728 1436 1797 χωρὶς
1478 1730 1705 1795 τούτων,

1824 738 2082 790 mundum
2116 739 2368 792 nuntians
2397 741 2648 793 vocandis
2674 743 3011 807 prwsentiam
3036 741 3233 796 C-hristi
3254 759 3276 796 :
3311 759 3405 811 per

1824 825 2082 894 Spiritum
2128 830 2268 882 enim
2302 841 2353 882 et
2389 848 2419 883 a
2470 828 2675 899 Spiritu
2716 833 2897 885 anima
2945 834 3012 886 ad
3069 828 3423 889 Servatorem'

1821 918 2127 971 adducitur.
2158 918 2329 987 Igitur
2368 923 2679 987 considera,
2703 923 3063 978 laudabilisne
3087 939 3211 979 esse
3229 927 3403 993 possit

1821 1005 1937 1060 haec
1971 1008 2184 1077 hydria,
2211 1025 2331 1077 qua:
2351 1015 2576 1066 omnino
2605 1013 2927 1081 relinquitur
2954 1031 2969 1068 :
3003 1014 3211 1070 Dimisit
3234 1019 3399 1079 enim,

1819 1097 2018 1166 inquit,
2069 1099 2316 1169 hydriam
2354 1120 2503 1157 suam
2532 1107 2759 1171 mulier;
2805 1122 2908 1160 non
2958 1109 3105 1161 enim
3154 1108 3396 1173 additur,

1818 1193 1960 1260 quod
1988 1193 2257 1250 dimiserit
2279 1212 2397 1265 eam
2426 1200 2565 1266 apud
2600 1200 2972 1255 Servatorem.
3001 1200 3106 1255 Sed
3125 1202 3398 1268 quomodo

1818 1298 1921 1337 non
1964 1285 2259 1340 absurdum
2292 1290 2400 1342 erit
2437 1305 2580 1353 eam,
2620 1305 2740 1359 qua:
2770 1290 3104 1345 deseruisset
3154 1291 3398 1346 ali‘ectio—

1816 1390 1935 1429 nem
1962 1379 2328 1446 susceptivam
2366 1380 2514 1445 Viue,
2546 1390 2599 1434 et
2636 1381 2885 1436 notitiam
2914 1384 3175 1449 potentiae
3201 1398 3229 1435 a
3266 1381 3397 1437 Ser—

1814 1475 2002 1520 vatore
2026 1471 2321 1535 manantis,
2350 1480 2403 1524 et
2433 1486 2550 1533 vas,
2579 1473 2631 1525 in
2664 1487 2772 1540 quo
2810 1482 3055 1536 venerat,
3094 1482 3152 1525 ut
3180 1472 3394 1541 accipe-

1814 1565 1899 1609 rct
1932 1572 2129 1625 aquam
2162 1561 2362 1620 vivam.
2412 1562 2618 1618 abiisse
2657 1563 2709 1617 in
2748 1564 3010 1617 mundum
3049 1564 3168 1618 sine
3190 1564 3297 1626 bis.
3330 1571 3394 1617 ut

1812 1650 2214 1717 evangelizaret
2239 1655 2499 1708 vocandis
2525 1656 2818 1709 adventum
2846 1653 3086 1709 Christi?
3248 1654 3390 1721 Quin

1811 1748 1866 1792 et
1894 1740 2025 1794 illud
2055 1757 2069 1793 :
2098 1742 2360 1797 Exierunt
2387 1761 2414 1799 e
2442 1746 2655 1799 civitate
2675 1747 2744 1811 ³⁵,
2794 1748 3046 1816 exposuit
3095 1747 3163 1800 de
3213 1747 3391 1814 prima
3482 1755 3486 1761 '

92 1802 570 1885 εὐαγγελίσασθαι,
589 1808 653 1877 τῇ
687 1807 877 1878 κλήσει
904 1810 1003 1880 τὴν
1027 1812 1264 1883 Χριστοῦ
1294 1818 1597 1886 παρουσίαν
1616 1837 1680 1883 ;,.

1817 1827 2062 1897 ipsorum
2101 1834 2480 1899 conversione,
2506 1851 2626 1905 qua:
2648 1838 2919 1891 mundana
2944 1846 3064 1892 erat
3095 1854 3107 1890 :
3146 1836 3215 1890 Et
3238 1854 3392 1893 vene—

95 1892 319 1959 Καὶτὸ,
336 1880 619 1963 aequom-
645 1897 713 1951 δὲ
738 1901 807 1953 ἐκ
841 1900 952 1968 τῆς
978 1880 1230 1969 πόλεως,
1265 1880 1561 1977 διηγήσατο
1589 1880 1711 1964 ἀντὶ

1818 1929 1940 1971 runt
1975 1936 2069 1988 per
2099 1922 2283 1989 ﬁdem,
2324 1925 2520 1994 inquit,
2550 1928 2619 1979 ad
2643 1925 2998 1981 Servatorem.

91 1981 221 2091 τοῦ,
243 1985 324 2090 ἐκ
347 1985 446 2055 τῆς
477 1988 749 2061 προτέρας
773 1992 953 2046 αὐτῶν
984 1995 1329 2073 ἀναστροφῆς
1352 1998 1519 2071 οῠσης
1536 2007 1827 2078 κοσμικῆς,
1858 2012 1959 2065 καὶ
1975 1980 2281 2084 ’ἠρίοντσ
2306 1980 2414 2072 διὰ.
2452 1980 2565 2088 τῆς
2612 2021 3074 2091 πίστεως,φησ“ι,
3096 2022 3247 2088 πρὸς
3284 1980 3393 2075 τὸῆ

93 2078 371 2147 Σωτῆρα.

180 2275 243 2330 Ὅ
291 2277 606 2349 Ἡρακλέων
632 2287 815 2355 φησιν,
852 2287 933 2342 ὅτι
964 2290 1246 2346 ἐϐούλοντο
1278 2301 1556 2351 κοινωνεῖν
1594 2302 1692 2354 αὐ-

90 2366 175 2434 τῷ
211 2366 276 2432 ὲξ
309 2362 383 2423 ὧν
416 2372 784 2443 ἀγοράσαντες
825 2380 932 2432 ὑπὸ
974 2384 1073 2452 τῆς
1103 2385 1417 2457 Σαμαρείας
1459 2394 1687 2462 κεκομί-

91 2474 317 2555 κεισαν.
355 2462 494 2514 Τάδε
539 2467 736 2534 φησὶν,
779 2470 867 2524 ἵνα
899 2472 1171 2528 τινὰ......
1214 2479 1269 2529 αί
1312 2479 1473 2532 πέντε
1508 2484 1691 2555 μωραὶ

93 2548 479 2617 ποιρθένοι.....
506 2556 613 2607 ἀπὸ
645 2557 739 2609 τοῦ
763 2562 1017 2630 νυμφίου·
1057 2564 1174 2628 πῶς
1202 2564 1468 2637 οἷμαι.....
1494 2548 1528 2624 α
1551 2548 1693 2629 causa

91 2641 317 2737 ξχειν...
350 2645 565 2737 εγονται
748 2647 838 2716 αἷς
859 2657 1270 2722 ἀποκλιθείσαις
1299 2667 1511 2733 μωραῖς
1550 2682 1691 2737 τιαρ-

92 2734 300 2830 θίωις,
336 2735 484 2798 ἄξιον
522 2739 649 2793 ἰδεῖν
679 2747 1016 2816 κατηγορίαν
1044 2751 1366 2821 περιέχοντα
1385 2755 1492 2809 τῶν
1511 2734 1687 2830 μαθῆά

89 2826 208 2879 τῶν
246 2830 362 2890 τοῖς
386 2829 570 2894 αὐτοῖς
598 2837 955 2905 κοιμωμένων
988 2845 1107 2905 ταῖς
1135 2848 1345 2914 μωραῖς
1377 2826 1684 2918 παρθένοις.

96 2918 263 3013 Ἐστι
284 2919 341 3013 se
374 2923 469 2976 καὶ
498 2925 629 2977 αὐτὸ
660 2926 726 2979 ἂν
754 2929 939 2999 ὅμοιον
964 2932 1057 2985 τοῦ
1082 2936 1260 3002 φωτὸς
1292 2939 1430 3008 πρὸς
1454 2942 1683 3013 τροφὴν,

94 3010 195 3061 καὶ
218 3010 317 3062 τοῦ
353 3012 519 3066 ποτοῦ
551 3016 688 3087 πρὸς
720 3019 790 3071 τὰ
827 3020 1091 3093 βρώματα
1275 3045 1473 3093 σαντας
1494 3010 1684 3086 aluta-

1079 2189 1206 2250 Sub
1240 2193 1495 2257 initium
1526 2200 1680 2258 tomi
1712 2201 1851 2274 XV,
1878 2219 2028 2280 pag.
2059 2204 2178 2264 22h
2203 2213 2256 2264 et
2285 2224 2410 2285 seq.

1871 2306 2175 2361 Heracleon
2215 2309 2309 2374 ait,
2342 2306 2894 2377 discipulosvoluisse
2910 2322 3032 2361 cum
3064 2307 3191 2362 Jesu
3226 2321 3377 2362 com-

1798 2399 2077 2453 municare
2124 2415 2243 2469 qua)
2264 2401 2526 2455 emissent
2554 2409 2760 2467 atquea
2781 2397 3025 2452 Samaria
3050 2399 3381 2453 attulissent.

1796 2486 1921 2541 Ηωο
1948 2496 2127 2542 autem
2158 2498 2573 2552 commemorat,
2605 2498 2663 2542 ut
2702 2488 2985 2556 aliqua....
3032 2490 3276 2556 quinque
3296 2486 3382 2540 la-

1801 2587 1905 2634 tus:
1925 2580 2250 2649 virgines....
2271 2596 2299 2633 a
2319 2595 2540 2649 sponso.
2561 2579 2847 2646 Quomodo
2863 2588 3043 2633 autem
3070 2580 3382 2633 arbitror...

1803 2672 1984 2726 sadem
2021 2672 2289 2727 habere...
2323 2672 2519 2742 quibus
2552 2672 2789 2727 occlusis
2839 2672 3002 2726 fatuis
3043 2672 3381 2741 virginibus,

1796 2778 1974 2831 operae
1988 2764 2224 2831 pretium
2247 2774 2329 2817 est
2348 2765 2531 2818 videre
2556 2779 2642 2829 ea,
2665 2777 2784 2831 quae
2814 2762 3199 2829 discipulorum
3226 2778 3385 2817 accu-

1797 2854 2065 2908 sationem
2089 2855 2396 2918 continent,
2421 2854 2612 2908 eodem
2642 2852 2804 2906 modo
2831 2866 2938 2922 quo
2951 2852 3111 2907 fatuae
3143 2853 3385 2923 virgines

1796 2943 2201 2999 dormientium.
2240 2945 2352 2999 Hoc
2385 2957 2567 2999 autem
2614 2945 2864 2998 eamdem
2889 2944 3158 2997 rationem
3186 2945 3385 2998 habeat

1792 3036 1929 3090 lucis
1946 3036 2012 3090 ad
2031 3036 2231 3099 cibum,
2248 3053 2407 3105 quam
2424 3047 2585 3105 potus
2598 3040 2661 3091 ad
2675 3037 2856 3092 cibum
2875 3036 3312 3091 habet...accusa
3324 3051 3383 3090 re

96 3099 299 3196 σασθαι
327 3102 425 3196 τῆν
452 3105 700 3196 εκοοχήν·
731 3112 935 3183 καίπερ
968 3115 1108 3168 κατά
1128 3134 1179 3169 τι
1207 3117 1505 3189 δυνάμενον
1540 3124 1686 3194 σαφῆ

1809 3126 2304 3195 reprehendereque
2347 3127 3213 3196 interpretationem.Quanquam
3266 3142 3365 3195 pro

351 3193 443 3245 τὸν
467 3193 624 3262 λόγον
652 3199 820 3269 ἐχρῆν
860 3204 1041 3267 αὐτὸν,
1075 3207 1165 3261 διὰ
1212 3209 1473 3265 πλειόνων
1504 3188 1681 3283 cupa;

97 3279 390 3347 μυθεῖσθαι
419 3290 896 3355 κατασκευάζοντα
928 3294 1023 3366 τὴν
1056 3298 1190 3353 ίδίαν
1218 3301 1466 3373 ὲκδοχήν.

1801 3214 1948 3268 virili
1984 3225 2143 3283 parte
2182 3215 2233 3267 id
2276 3216 2419 3282 quod
2460 3217 2560 3280 ait,
2598 3217 2817 3286 planum
2865 3215 3049 3270 facere
3081 3213 3288 3278 debuit,
3322 3222 3380 3267 et

1803 3305 2051 3375 pluribus
2074 3306 2289 3369 docere,
2320 3308 2649 3362 conﬁrmans
2669 3307 3174 3377 interpretationem
3195 3318 3376 3358 suam.

1402 3419 1560 3494 371
1607 3421 1691 3480 Et
1717 3438 1863 3500 pag.
1894 3422 2033 3483 227.

171 3496 399 3565 Ἔλεγον
451 3495 544 3555 οὖν
584 3503 633 3555 οί
678 3504 916 3577 μαθηταὶ
967 3509 1103 3580 πρὸς
1143 3511 1423 3583 ἀλλήλους’
1458 3516 1555 3582 Μή
1604 3534 1696 3583 τις

95 3583 357 3655 ἤνεγκεν
382 3589 542 3655 αὐτῷ
566 3594 801 3663 sparsim
820 3596 883 3648 El
910 3598 1005 3649 καὶ
1035 3601 1335 3669 σαρκικῶς
1374 3605 1693 3677 ὑπολαμὸἀσ

94 3695 175 3731 νει
198 3682 387 3735 ταῦτα
414 3684 697 3753 λέγεσθαι
721 3689 749 3739 ὁ
766 3689 1076 3759 Ἡρακλέων
1097 3694 1215 3746 ὑπὸ
1240 3694 1360 3747 τῶν
1382 3698 1686 3767 μαθητῶν,

93 3770 176 3833 ὡς
211 3770 301 3823 ἐτι
338 3778 763 3843 ταπεινότερον
807 3778 1212 3848 διακειμένων,
1239 3784 1470 3853 καὶτὴν
1485 3791 1681 3858 Σαμα-

90 3860 1003 3939 ρεῖτινμιμουμένωνλέγουσαν·
1033 3874 1469 3945 Οὕτεᾶντλημα
1506 3879 1687 3946 ἔχεις,

92 3955 194 4005 καὶ
216 3956 284 4007 τὸ
306 3956 492 4025 φρέαρ
531 3958 839 4024 ἐστὶβαθύ
871 3982 884 3994 °
920 3965 1071 4031 ἄξιον
1098 3970 1248 4038 ἡμᾶς
1285 3971 1438 4034 ἰδεῖν,
1481 3974 1689 4042 μήποτε

100 4042 387 4133 βλέποντές
413 4064 465 4101 τι
491 4047 762 4122 Θειότερον
800 4054 848 4105 oi
880 4056 1148 4126 μαθηταὶ,
1191 4060 1326 4127 φασὶ
1360 4060 1496 4131 πρὸς
1523 4062 1687 4133 ἀλλή-

96 4132 240 4199 λους·
270 4137 367 4204 Μή
391 4135 766 4210 τιςῆνεγκεν
789 4144 950 4212 αὐτῷ
974 4149 1228 4217 φανεῖνί

1876 3519 2142 3573 Dicebant
2176 3521 2340 3590 igitur
2372 3521 2625 3589 discipuli
2658 3522 2798 3575 inter
2844 3535 2903 3575 se
2940 3538 2954 3574 :
2996 3519 3139 3575 Num
3178 3521 3372 3588 aliquis

1798 3612 1975 3664 attulit
2005 3610 2087 3665 illi
2124 3613 2329 3681 aliquid
2365 3615 2435 3668 ad
2464 3615 2725 3668 edendum
2762 3614 2842 3666 "‘i
2877 3614 3098 3668 Etiamsi
3136 3614 3373 3668 caruali-
3473 3676 3481 3683 θ

1795 3711 1873 3755 ter
1899 3701 2200 3756 Heracleon
2230 3706 2341 3758 haec
2380 3722 2412 3758 a
2443 3706 2716 3773 discipulis
2750 3706 2891 3757 dicta
2923 3712 3089 3772 putet,
3116 3713 3369 3772 tauquam

1794 3793 1884 3862 qui
1905 3793 2077 3847 adhuc
2105 3795 2357 3849 humilius
2388 3797 2662 3860 sentirent,
2690 3793 3065 3849 Samaritidem
3099 3797 3368 3848 imitantes

1796 3885 2050 3955 dicentem
2073 3899 2091 3936 :
2118 3883 2298 3953 Neque
2320 3887 2657 3938 haustorium
2694 3886 2851 3938 habes
2872 3923 2887 3949 ,
2918 3895 2965 3938 et
3002 3896 3191 3955 puteus
3228 3884 3369 3937 altus

1797 3982 1917 4035 est;
1951 3974 2169 4042 dignum
2202 3983 2324 4041 est,
2365 3986 2426 4028 ut
2463 3990 2784 4042 cernamus,
2829 3990 2957 4029 num
2990 3974 3128 4030 forte
3164 3975 3370 4044 aliquid

1797 4064 2034 4118 divinius
2073 4064 2323 4117 videntes
2365 4064 2617 4133 discipuli
2664 4065 2851 4121 dicant
2894 4066 3036 4122 inter
3074 4080 3133 4121 se
3172 4084 3186 4121 :
3224 4064 3369 4118 Num

1792 4156 1911 4222 quis
1935 4154 2112 4208 attulit
2136 4156 2234 4221 illi,
2263 4156 2403 4225 quod
2431 4157 2594 4209 edat?
2622 4165 2727 4212 etc.

1568 4241 1720 4320 Pag.
1745 4244 1885 4304 230.

178 4324 234 4376 Ὀ
277 4326 591 4396 ’Πρακλέων
623 4331 711 4385 διὰ
750 4333 864 4387 τοῦ·
912 4336 1092 4405 Ἐμὸν
1117 4337 1328 4406 ,ϐρῶμά
1361 4340 1550 4405 ἐστιν,
1586 4341 1687 4394 ἵνα

1867 4341 2168 4396 Heracleon
2193 4358 2288 4412 per
2314 4344 2428 4397 haec
2458 4343 2621 4397 verba
2652 4360 2666 4397 :
2706 4343 2858 4397 Meus
2881 4344 3025 4397 cibus
3049 4354 3147 4409 est,
3188 4354 3242 4397 ut
3282 4346 3368 4413 fa-

99 4412 325 4479 ετοιήσω
346 4417 409 4469 τὸ
428 4418 657 4487 θέλημα
672 4423 777 4476 τοῦ
794 4426 1143 4493 πέμψαντός
1157 4429 1395 4499 με,φτισὶ
1423 4429 1684 4498 διηγεῖσ-

1809 4432 1925 4484 riam
1960 4433 2276 4486 voluntatem
2306 4433 2449 4501 ejus,
2485 4435 2574 4503 qui
2607 4436 2748 4487 misit
2776 4451 2856 4487 me
2889 4435 2929 4466 ⁸⁷
2958 4474 2973 4498 ,
3017 4435 3150 4489 dicit
3178 4434 3365 4490 Serva-

99 4508 191 4558 θαι
222 4508 328 4559 τὸν
358 4510 603 4578 Σωτῆρα
636 4513 759 4580 τοῖς
793 4518 1086 4585 μαθηταῖς
1108 4559 1121 4581 ,
1171 4519 1263 4573 ὅτι
1296 4521 1471 4574 τοῦτο
1503 4520 1614 4593 ἦν,
1650 4522 1681 4576 ὃ

99 4598 405 4664 συνεζήτει
432 4603 585 4671 μετὰ
610 4604 720 4672 τῆς
760 4610 1075 4676 γυναικὸς,
1118 4609 1331 4679 ,βρῶμα
1365 4612 1550 4678 ιδιον,
1585 4613 1683 4667 λέ-

100 4707 214 4756 γων
237 4691 302 4744 τὸ
330 4691 562 4762 θέλημα
585 4698 689 4749 τοι)
714 4701 962 4766 Πατρός·
990 4700 1164 4753 τοῦτο
1195 4701 1302 4770 γὰρ
1334 4704 1520 4756 αὐτοῦ
1545 4722 1675 4771 τρο-

100 4778 201 4845 φὴ,
238 4781 332 4833 καὶ
360 4781 732 4849 ἀνάπαυσις,
775 4788 871 4841 καὶ
902 4787 1157 4857 δύναμις
1192 4785 1289 4858 ἦν.
1337 4790 1575 4859 Θέλημα
1611 4792 1680 4845 δὲ

102 4867 329 4940 Πατρός
369 4872 579 4940 ἔλεγεν
619 4871 771 4927 εἶναι
811 4876 876 4929 τὸ
914 4876 1134 4946 γνῶναι
1175 4879 1527 4946 ἀνθρώπους
1571 4880 1679 4933 τὸν

102 4957 345 5026 Πατέρα,
380 4962 476 5014 καὶ
507 4964 775 5032 σωθῆναι
794 5008 807 5031 ,
839 4967 983 5035 ὅπερ
1014 4966 1093 5039 ἦν
1128 4970 1304 5039 ἔργον
1331 4970 1437 5024 τοῦ
1474 4971 1675 5040 Σωτῆ-

93 5068 216 5116 ρος,
250 5051 356 5105 τοῦ
390 5052 569 5108 ἕνεκα
598 5058 811 5112 τούτου
855 5060 1315 5130 ἀπεσταλμένον
1356 5065 1443 5130 εις
1483 5064 1678 5134 Σαμά-

93 5158 277 5208 ρειαν,
303 5142 621 5198 τουτέστιν
648 5150 734 5213 εἰς
758 5147 865 5201 τὸν
890 5151 1141 5219 κόσμον.

1790 4533 1954 4576 torem
1981 4524 2255 4577 declarare
2284 4525 2585 4595 discipulis,
2618 4527 2672 4578 id
2702 4527 2972 4593 proprium
3011 4542 3163 4579 suum
3192 4527 3363 4579 cibum

1788 4627 1932 4675 esse,
1968 4614 2110 4680 quod
2149 4616 2449 4683 loqueretur
2496 4630 2611 4668 cum
2658 4614 2909 4680 muliere;
2948 4617 3125 4670 dicens
3180 4613 3362 4669 Patris

1787 4702 2130 4766 voluntatem,
2158 4720 2276 4771 quae
2316 4706 2485 4770 ipsius
2519 4707 2665 4759 cibus
2702 4716 2748 4758 et
2786 4708 3021 4775 requies,
3056 4718 3102 4759 et
3130 4708 3362 4775 potentia

1786 4803 1919 4845 erat.
1958 4791 2290 4848 Voluntatem
2310 4809 2486 4850 autem
2515 4796 2695 4850 Patris
2725 4812 2836 4851 esse
2862 4798 3088 4861 dicebat,
3114 4810 3168 4851 ut
3190 4799 3361 4852 Itami-

1787 4902 1875 4940 nes
1906 4884 2143 4940 'Patrem
2196 4901 2566 4957 cognoscerent
2588 4931 2602 4954 ,
2645 4901 2694 4944 et
2740 4905 3109 4954 servarentur;
3137 4908 3254 4959 qua:
3280 4908 3358 4945 1⁸88

1784 4988 1896 5031 erat
1934 4995 2062 5047 opus
2100 4979 2419 5046 Servatoris,
2447 4984 2536 5051 qui
2567 4983 2727 5051 hujus
2752 4983 2826 5037 rei
2862 5000 3025 5037 causa
3057 4981 3357 5037 Samariam

1785 5071 1974 5123 missus
1996 5070 2195 5139 fuerat,
2226 5072 2326 5125 hoc
2351 5086 2450 5137 est,
2475 5074 2529 5127 in
2558 5075 2829 5128 mundum.

1409 5245 1681 5307 Ulterius
1715 5264 1860 5325 pag.
1898 5248 2039 5310 233.

167 5332 271 5385 Kal.
294 5334 323 5386 ὀ
360 5334 672 5407 ’Πρακλέων
702 5338 905 5409 ὁμοίως
945 5344 1055 5405 τοῖς
1089 5308 1301 5408 τιολλοῖς
1333 5345 1423 5397 ἐπὶ
1462 5346 1560 5417 τῆς
1589 5346 1675 5399 λέ-

102 5419 228 5486 ista;
263 5422 471 5494 ἔμεινε,
528 5430 602 5501 μὴ
653 5430 894 5501 οἰόμενος
938 5434 1108 5504 αὐτὴν
1159 5435 1474 5504 ἀνάγεσθαι.
1536 5439 1672 5507 Φησὶ

1854 5346 2156 5405 Heracleon
2197 5367 2303 5406 non
2340 5366 2502 5406 secus
2538 5359 2701 5421 atque
2738 5349 2915 5414 inulti,
2948 5348 3146 5402 litterae
3182 5344 3354 5400 inim-

1782 5448 1895 5504 rct,
1930 5448 2081 5495 ratus
2124 5455 2243 5494 eam
2281 5443 2633 5513 anagOgicum
2676 5454 2892 5495 sensum
2934 5455 3040 5494 non
3084 5436 3349 5504 recipere.

100 5515 239 5583 γοῦν,
264 5520 348 5573 ὅτι
374 5520 483 5574 τὸν
512 5521 631 5575 τῶν
650 5526 1036 5597 γεννημάτων
1056 5527 1219 5598 λέγει
1245 5529 1556 5597 θερισμὸν,
1592 5531 1671 5596 ὠς

1809 5532 1955 5602 uquit
1986 5548 2148 5603 ergo,
2180 5532 2361 5590 Iesum
2394 5535 2533 5604 loqui
2575 5535 2639 5589 de
2669 5547 2833 5587 messe
2858 5530 3185 5601 .geuiminum
3220 5524 3343 5595 (ter-
3372 5568 3373 5571 η

171 5712 381 5771 "Joan.
422 5730 499 5783 tv,
531 5718 620 5774 50.
734 5722 778 5752 ³⁸
802 5721 962 5803 Ibid.,
999 5723 1089 5779 33.
1172 5725 1214 5761 ⁸⁷
1249 5722 1408 5791 lbid.,
1445 5724 1532 5783 ³54.
