3878 6348
489 352 624 406 tm
1414 348 1762 404 APPENDIX
1802 350 1894 404 AD
1936 349 2244 418 QUINQUE
2279 350 2537 408 meum
2567 353 2836 413 LIBROS.
3634 363 3751 419 tm

489 462 607 530 rw),
640 463 856 530 perinde
880 463 1033 532 quasi
1066 465 1177 518 haec
1206 464 1388 518 messis
1416 468 1643 532 spatium
1675 477 1905 534 quatuor
1929 482 2062 519 men-

2181 467 2390 521 τούτου
2411 468 2530 536 μὲν
2556 468 2644 523 ἔτι
2663 468 2905 538 διωρίαν
2931 468 3180 539 ἔχοντος
3196 472 3583 543 τετράμηνον
3602 478 3748 533 coite

489 560 627 611 sinm
651 558 1058 610 determinatam
1096 556 1320 622 habeat,
1355 572 1519 626 quam
1562 558 1680 629 ipse
1717 559 1931 613 dicebat
1960 559 2062 628 jam

2182 560 2485 628 θερισμοῦ,
2523 554 2584 613 οὗ
2612 562 2772 625 αὐτὸς
2802 563 3008 632 ἔλεγεν,
3039 564 3142 635 ήδη
3180 565 3509 629 ἐνεστῶτος.
3546 570 3654 621 Καὶ
3678 571 3747 624 τι»

492 652 716 703 instare.
752 647 866 702 Nec
912 647 1026 702 scio
1068 661 1176 714 quo
1211 656 1371 716 pacto
1419 648 1588 701 etiam
1629 664 1857 703 messem
1900 650 2062 704 inter-

2182 649 2440 721 θερισμὸν
2469 654 2571 705 οὐκ
2602 648 2698 706 οἷδ’
2722 639 2870 718 ὅπῶς
2902 656 2993 708 ἐπὶ
3022 638 3120 726 τῆξ
3160 656 3345 727 ψυχῆς
3378 658 3639 731 ὲξείληφτ
3664 664 3746 715 τίνι

489 746 735 807 pretatus
776 737 851 791 sit
879 736 948 789 de
981 737 1163 789 anima
1199 735 1567 801 credentium,
1601 736 1811 803 dicens,
1853 740 2062 807 eosjant

2181 744 2540 798 πιστευόντων
2566 784 2580 807 ,
2620 744 2825 813 λέγων,
2860 747 2942 800 ὅτι
2984 748 3101 815 ἤδη
3140 749 3384 818 ἀκμαῖοι
3418 754 3522 805 καὶ
3555 754 3748 822 ἕτοιμοί

488 838 748 894 maturos,
773 838 819 881 et
846 837 1061 895 paratos
1084 829 1152 881 ad
1186 844 1404 881 messem
1434 844 1567 892 esse,
1596 839 1749 898 alque
1770 830 1931 883 etiam
1957 831 2073 883 ido-

491 935 641 981 neos,
669 918 760 986 qui
795 918 1118 970 inducantur
1145 918 1199 969 in
1240 918 1512 983 horreum,
1543 920 1642 971 ltoc
1664 927 1763 979 est,
1794 936 1888 989 per
1914 919 2070 988 ﬁdem

488 1013 544 1063 in
574 1012 831 1079 quietem;
875 1011 921 1063 si
962 1020 1138 1063 tamen
1177 1010 1282 1063 sint
1322 1010 1544 1078 parati:
1576 1027 1667 1064 nec
1709 1011 1847 1065 enim
1892 1027 2069 1065 omnes

486 1105 680 1157 anima:
712 1113 914 1169 parata:
943 1112 1083 1157 sunt.
1128 1101 1265 1156 Nam
1295 1102 1423 1157 alia:
1444 1114 1646 1171 paratte
1667 1112 1841 1167 erant,
1873 1103 2067 1172 inquit,

486 1196 609 1249 alite
650 1204 799 1249 erant
833 1210 887 1247 se
924 1204 1342 1262 prazparatura’,
1398 1204 1448 1248 et
1502 1196 1625 1249 alia:
1675 1196 1883 1264 quidem
1913 1200 2069 1249 semi-

487 1287 681 1340 nandus
711 1296 884 1350 erant,
928 1286 1051 1340 alia:
1072 1286 1189 1353 jam
1221 1285 1644 1339 seminabantur.
1696 1286 1821 1341 Haec
1847 1286 2067 1355 quidem

488 1381 597 1436 ille.

2176 837 2293 889 εὶσι
2323 834 2472 902 πρὸς
2501 837 2806 905 θερισμὸν,
2833 838 2931 891 καὶ
2948 837 3271 904 ἐπιτήδειοι
3300 841 3461 908 πρὸς
3491 843 3559 895 τὸ
3586 861 3747 900 σιτα-

2177 923 2394 994 χθῆναι
2426 927 2513 991 είς
2555 925 2890 995 ἀποθήκην,
2935 929 3205 983 τουτέστι
3241 930 3343 983 διὰ
3379 933 3651 1000 πίστεως
3682 939 3748 1001 εις

2175 1018 2545 1081 ἀνάπαυσιν,
2574 1016 2779 1089 ὅσαιγε
2801 1020 3137 1091 ἕτοιμοι·λού
3164 1022 3273 1091 ⁸γηίὶρ
3306 1023 3535 1078 παῖσαι.
3575 1030 3641 1079 Al
3655 1028 3749 1095 μὲν

2176 1108 2286 1179 γὰρ
2316 1110 2434 1178 ἤδη
2468 1111 2690 1180 ἕτοιμοι
2717 1108 2900 1181 ἦσαν,
2938 1115 3122 1186 φησὶν,
3165 1119 3224 1169 al
3261 1116 3327 1169 δὲ
3364 1118 3668 1185 ἔμελλον,
3703 1124 3750 1174 al

2176 1202 2244 1255 δὲ
2272 1202 2646 1272 μέλλουσιν,
2696 1209 2755 1259 al
2790 1205 2859 1258 δὲ
2898 1208 3347 1276 ἐπισπείρονται
3394 1209 3549 1277 ἤδη.
3592 1211 3747 1265 Ταῦτα

2179 1294 2278 1363 μὲν
2308 1289 2401 1347 οὖν
2434 1297 2641 1358 ἐκεῖνος
2670 1291 2812 1348 εἶπε.

1622 1470 1722 1529 Ex
1746 1479 1911 1530 tomo
1933 1472 2106 1544 XVI,
2134 1489 2284 1549 pag.
2310 1472 2430 1531 236
2472 1489 2595 1549 seq.

558 1571 709 1626 Dicet
732 1570 1057 1637 Heraclcon,
1080 1580 1134 1624 et
1160 1570 1468 1639 idemjuxta
1500 1570 1641 1624 hanc
1669 1572 2061 1639 expositionem

484 1664 740 1719 fortassis
801 1664 1048 1719 sentiens
1098 1662 1510 1727 ecclesiasticus
1574 1663 1891 1730 quispiam,
1952 1664 2065 1716 lucc

482 1754 647 1808 verba
696 1754 741 1786 ³⁸
792 1754 939 1808 dicta
988 1752 1155 1807 fuisse
1188 1751 1240 1805 in
1272 1767 1335 1807 ea
1377 1752 1806 1821 signiﬁcatione,
1844 1767 1949 1822 qua
1984 1752 2066 1805 di-

2254 1573 2396 1643 Ἐρεί
2427 1589 2489 1638 γε
2510 1573 2539 1623 ὁ
2577 1572 2910 1643 Ἡρακλέων,
2934 1575 3076 1643 τάχα
3097 1574 3155 1626 δὲ
3178 1573 3333 1627 τοῦτο
3358 1574 3515 1628 κατὰ
3559 1574 3653 1646 τὴν
3678 1578 3748 1627 ὲκ-

2166 1661 2325 1732 δοχὴν
2338 1663 2542 1734 ταύτην
2564 1664 3103 1734 συμπεριφερόμενός
3113 1681 3196 1727 τις
3215 1664 3309 1716 καὶ
3342 1665 3748 1733 Ἐκκλησιαςτιυ

2168 1753 2283 1819 γδς,
2312 1753 2394 1806 ὅτι
2420 1753 2562 1807 κατὰ
2590 1756 2670 1817 τὸ,
2712 1754 2775 1807 Ὀ
2809 1755 3085 1824 θερισμὸς
3114 1757 3324 1821 πολὺς,
3352 1759 3410 1809 οἱ
3431 1755 3511 1809 δὲ
3535 1758 3749 1828 ἐργάται

482 1855 631 1901 ctum
662 1854 784 1901 est:
820 1846 1013 1901 Messis
1055 1848 1265 1914 quidem
1312 1846 1482 1899 multa
1503 1886 1518 1909 ,
1560 1847 1649 1900 sed
1676 1847 1905 1914 operarii
1936 1864 2062 1913 pau-

2181 1845 2377 1914 ὀλίγοι,
2435 1845 2869 1915 σημαινόμενον,
2922 1846 3123 1916 ὁμοίως
3165 1845 3334 1899 ταῦτα
3386 1850 3649 1919 εἴρηται,
3681 1847 3746 1916 τῷ

482 1938 529 1991 ci
554 1938 631 2003 ";
672 1954 732 1992 eo
756 1938 893 2007 quod
922 1949 1091 1992 essent
1122 1939 1299 2008 parati
1326 1938 1396 1990 ad
1429 1953 1671 2000 messem,
1702 1948 1751 1990 et
1777 1938 1951 1989 idonei
1975 1938 2063 2005 qui

480 2030 861 2082 inducerentur
886 2030 939 2083 in
962 2031 1231 2094 horreum,
1269 2029 1365 2081 ltoc
1388 2038 1484 2089 est,
1519 2029 1573 2081 in
1612 2029 1843 2097 requiem
1880 2045 1971 2097 per
1990 2030 2060 2096 [i-

480 2121 639 2181 dem,
672 2129 946 2188 essentque
968 2121 1147 2172 idonei
1200 2120 1269 2172 ad
1321 2119 1545 2172 salutem
1584 2130 1631 2171 et
1669 2119 1739 2171 ad
1774 2120 2061 2185 susceptio-

482 2225 599 2263 nem
627 2208 771 2263 verbi
810 2226 829 2264 :
881 2210 1181 2263 secundum
1238 2208 1626 2263 Heracleonem
1655 2209 1907 2276 quidem,
1931 2210 2059 2277 quia

483 2300 621 2355 tales
646 2302 816 2355 creati
866 2300 1103 2367 fuerint,
1145 2310 1202 2354 et
1234 2301 1395 2355 talem
1430 2301 1720 2354 habuerint
1764 2308 2056 2367 naturam;

481 2391 780 2445 secundum
824 2392 1266 2447 ecclesiasticum
1304 2406 1470 2455 vero,
1514 2403 1740 2461 propter
1767 2391 2055 2460 quamdam

479 2480 940 2549 prmparationem
976 2481 1450 2549 prmstantissitnte
1484 2484 1654 2550 partis
1682 2481 1914 2546 animus,
1957 2495 2055 2550 pa-

479 2580 611 2625 ratae
645 2572 711 2625 ad
736 2570 1151 2641 perfectionem,
1186 2579 1244 2627 ut
1272 2573 1437 2627 etiam
1461 2581 1719 2626 metatur.

2168 1935 2440 2004 ἑτοίμους
2465 1934 2614 2002 πρὸς
2638 1936 2939 2004 θερισμὸν,
2976 1936 3073 1988 καὶ
3107 1936 3493 2003 ἐπιτηδείους
3533 1938 3682 2004 πρὸς
3696 1936 3749 1987 τὸ

2169 2026 2285 2093 ἥδη
2327 2026 2707 2097 συναχθῆναι
2733 2030 2819 2094 είς
2847 2028 2962 2095 τὴν
2988 2029 3329 2095 ἀποθήκην,
3373 2028 3477 2082 διὰ
3539 2028 3651 2094 τῆς
3674 2030 3753 2079 xl-

2170 2137 2361 2185 στεως
2388 2121 2476 2184 είς
2505 2118 2855 2174 ἀνάπαυσιν
2885 2116 3058 2185 εἶναι,
3090 2119 3188 2173 καὶ
3211 2119 3609 2187 ἐπιτηδείους
3628 2119 3751 2185 ερὲς

2168 2210 2490 2278 σωτηρίαν,
2521 2210 2618 2263 καὶ
2669 2210 3025 2279 παραδοχὴν
3062 2210 3169 2263 τοῦ
3211 2211 3418 2279 λόγου·
3468 2210 3624 2262 κατά
3666 2209 3747 2277 μὲι

2166 2297 2259 2351 τὸν
2297 2297 2672 2369 Ἡρακλέωνα,
2698 2298 2784 2351 διὰ
2814 2299 2913 2368 τὴν
2943 2298 3280 2368 κατασκευὴν
3297 2298 3483 2350 αὐτῶν
3523 2300 3623 2352 καὶ
3666 2300 3746 2367 τὴν

2167 2391 2349 2459 φύσιν·
2405 2390 2548 2445 κατὰ
2573 2391 2629 2443 δὲ
2669 2392 2760 2444 τὸν
2815 2391 3329 2461 Ἐκκλησιαστικδν,
3364 2392 3466 2443 καὶ
3512 2392 3611 2445 διὰ
3646 2408 3747 2443 τινα

2167 2481 2532 2552 εὐτρεπισμδν
2562 2481 2655 2533 τοῦ
2682 2480 3006 2549 ἡγεμονικοῦ
3034 2482 3249 2549 ἑτοίμου
3285 2481 3424 2551 πρὸς
3456 2482 3746 2543 τελείωσιν,

2160 2572 2250 2627 ἵνα
2280 2574 2355 2644 μὴ
2389 2573 2454 2603 ⁸³⁸
2490 2574 2581 2625 καὶ
2618 2570 2858 2642 θερισθῇ.

1892 2665 1978 2725 Et
2000 2682 2147 2743 pag.
2181 2666 2320 2727 238.

552 2760 853 2817 Heracleon
885 2762 991 2817 dici
1024 2763 1304 2818 existimat
1338 2780 1352 2816 :
1404 2762 1511 2826 Qui
1538 2762 1681 2815 metit
1708 2802 1723 2827 ,
1770 2765 2056 2817 mercedem

478 2855 669 2923 accipit
698 2854 781 2919 “;
806 2856 1054 2924 quoniam
1079 2854 1333 2909 Seruator
1354 2855 1583 2923 seipsum
1611 2855 1737 2908 dicit
1756 2870 2056 2919 messorem,

2274 2765 2332 2817 'U
2388 2764 2704 2835 Ἡρακλέων
2733 2764 2812 2824 τὸ,
2865 2764 2929 2816 ’0
2984 2761 3222 2832 θερίζων
3254 2763 3482 2829 μισθὸν
3526 2763 3743 2831 ,ιαμεὰ-

2166 2871 2255 2907 νει
2306 2854 2579 2923 εἰρῆσθαι
2620 2855 2868 2923 νομίζει,
2902 2856 3030 2907 ἐπεὶ
3079 2852 3360 2921 θεριστὴν
3402 2853 3635 2906 ἑαυτὸν
3659 2853 3745 2907 λέ-

478 2948 870 3016 mercedemque
903 2945 1114 2999 Domini
1144 2947 1311 2999 nostri
1338 2962 1449 3001 esse
1476 2946 1943 3004 existimateorum
1965 2948 2057 3014 qui

2181 2960 2252 3008 ret.
2286 2947 2318 2997 ό
2348 2944 2581 3012 Σωτὴρ,
2625 2947 2721 2998 καὶ
2762 2944 2866 2999 τὸν
2905 2944 3126 3013 μισθὸν
3165 2945 3271 2998 τοῦ
3314 2947 3554 3012 Kvplov
3592 2946 3742 3015 ἡμῶν

479 3045 752 3091 metuntur
799 3037 1027 3092 salutem
1059 3047 1111 3089 et
1144 3038 1554 3102 restitutionem,
1580 3054 1701 3091 cum
1736 3038 1846 3105 ipse
1886 3038 1942 3091 in
1980 3037 2056 3091 eis

2181 3032 2537 3102 'moltatt‘iavet
2591 3033 2742 3089 εἷναι
2766 3034 2879 3104 τὴν
2898 3035 3015 3088 τῶν
3039 3034 3421 3103 θεριζομένων
3448 3038 3743 3103 σωττδοίω·

480 3131 799 3197 requiescat.
845 3129 995 3183 Istud
1040 3129 1204 3199 372
1240 3144 1413 3184 vero:
1452 3128 1713 3183 Fructum
1753 3128 1954 3197 colligit
2001 3130 2057 3183 in

2181 3124 2261 3179 καὶ
2308 3125 2823 3193 ἀποκατάστασιν,
2862 3126 2944 3193 τῷ
2987 3128 3401 3181 ἀναπαύεσθαι
3433 3131 3627 3181 αὑτὸν
3654 3131 3735 3181 ἐπ’

476 3226 639 3277 vitam
671 3233 923 3277 azternam
946 3222 989 3253 “
1013 3262 1029 3287 ,
1066 3222 1272 3275 dictum
1299 3221 1466 3276 fuisse
1492 3222 1790 3285 existimat,
1822 3220 1900 3275 uel
1933 3236 2058 3289 quta

2181 3214 2385 3281 ιὺτοῖς.
2420 3216 2493 3269 Τὸ
2521 3216 2596 3280 δὲ,
2617 3218 2723 3271 Καὶ
2759 3218 3009 3288 συνάγει
3036 3217 3269 3286 καρπὸν
3296 3221 3380 3283 εὶς
3427 3217 3588 3287 ζωὴν
3620 3218 3736 3271 ιιὶὼ-

478 3308 535 3359 id
561 3309 702 3377 quod
730 3307 996 3377 colligitur
1022 3308 1226 3376 fructus
1256 3318 1331 3363 est
1357 3312 1479 3363 vita:
1520 3321 1731 3363 wterna:
1754 3350 1771 3375 ,
1815 3309 1893 3363 uel
1929 3308 2054 3377 quia

2181 3322 2314 3369 Hor,
2345 3307 2508 3376 φησὶν
2534 3308 2814 3379 εἰρῆσθαι,
2855 3309 2894 3378 ἢ
2928 3309 3015 3362 ὅτι
3053 3309 3117 3362 τὸ
3155 3310 3583 3378 συναγόμενον
3616 3328 3738 3377 καρ-

481 3400 597 3466 ipsa
632 3398 869 3451 collectio
901 3399 1009 3452 vita
1044 3403 1204 3453 etiam
1236 3410 1431 3453 (eterna
1466 3410 1563 3454 est.
1595 3401 1666 3453 At
1702 3418 1825 3456 reor
1863 3403 1965 3457 hoc
2000 3403 2053 3456 itt

2181 3398 2277 3463 τὸς
2316 3396 2466 3465 ζωῆς
2499 3401 2739 3453 αἰωνίου
2758 3400 2951 3464 ἐστὶν,
2992 3401 3022 3454 ὃ
3059 3403 3103 3433 δ’
3147 3404 3241 3456 καὶ
3284 3402 3433 3456 αὑτό
3475 3404 3587 3469 ζωὴ
3616 3405 3734 3456 αἰώ-

479 3490 600 3545 loco
632 3501 875 3545 coactam
904 3506 1026 3546 esse
1064 3490 1181 3558 ejus
1226 3492 1777 3564 interpretationem),
1825 3494 2059 3549 dicentis

2181 3506 2311 3554 Hoc.
2354 3488 2514 3542 Ἀλλὰ
2534 3490 2760 3543 αὐτόθεν
2782 3492 2990 3563 νομίζω
3018 3491 3188 3562 βίαιον
3217 3486 3355 3546 εἶναι
3376 3496 3481 3564 τὴν
3500 3496 3737 3565 διήγησιν

483 3581 833 3637 Servatorem
858 3583 1106 3652 accipere
1142 3586 1448 3639 mercedem
1472 3627 1485 3650 ,
1536 3596 1700 3654 atque
1742 3588 2049 3641 mercedem

2181 3580 2355 3645 ιὺτοῦ,
2394 3582 2696 3650 φάσκοντος
2724 3584 2811 3636 τὸν
2837 3585 3066 3657 Σωτῆρα
3096 3586 3284 3656 μισθὸν
3305 3587 3628 3657 λαμϐάνειν,
3656 3588 3736 3640 καὶ

480 3687 535 3734 et
561 3680 938 3735 collectionem
965 3676 1177 3732 fructus
1212 3680 1264 3732 in
1298 3693 1463 3732 unum
1492 3674 1909 3742 confundentis;
1936 3692 2056 3733 cum

2181 3672 2492 3741 τυγχέοντος
2516 3674 2605 3725 τὸν
2635 3673 2821 3744 μισθὸν
2847 3676 2943 3728 καὶ
2966 3677 3065 3747 τὴν
3107 3679 3435 3748 συναγωγὴν
3485 3680 3579 3732 τοῦ
3609 3698 3733 3749 np-

480 3767 766 3837 Scriptura
802 3769 1092 3826 manifeste
1116 3770 1233 3824 haec
1263 3776 1520 3838 tanquam
1555 3767 1663 3822 duo
1694 3767 1907 3823 diversa
1936 3783 2055 3839 prn-

2181 3762 2262 3815 τοῦ
2294 3768 2373 3827 εἰς
2406 3764 2481 3828 ἓν,
2506 3765 2758 3836 ἄντικρυς
2779 3767 2879 3837 τῆς
2906 3744 3130 3838 Γραιρῆς
3154 3767 3246 3820 δύο
3269 3744 3573 3841 πράνματα
3601 3744 3730 3841 παρ-

479 3867 666 3927 ponat,
697 3868 754 3913 ut
784 3875 946 3931 supra
977 3861 1359 3917 ostendimus;

2184 3856 2406 3927 στάσης,
2454 3857 2528 3919 ὡς
2562 3858 3068 3931 προδιηγησάμεθα.

1810 3970 2083 4033 Ulterius
2107 3984 2252 4046 pag.
2278 3969 2417 4029 2&2.

552 4070 859 4126 Heracleo"
893 4072 1010 4127 haec
1038 4073 1201 4127 verba
1230 4089 1245 4126 :
1279 4072 1346 4127 Ut
1378 4072 1470 4142 qui
1498 4072 1721 4126 seminat
1752 4072 1911 4125 simul
1936 4087 2062 4140 gau-

2236 4083 2299 4141 Ὀ
2335 4088 2646 4159 Ἡρακλέων
2678 4091 2759 4157 τὸ,
2777 4093 2960 4145 Ἰνα’ό
2981 4092 3248 4160 σπείρων
3261 4092 3412 4161 (3μοῦ
3440 4094 3618 4162 χαίρῃ
3646 4092 3733 4145 καὶ

480 4162 601 4216 deat
633 4173 681 4216 et
704 4163 792 4232 qui
821 4163 961 4216 metit
990 4163 1068 4228 “,
1102 4164 1182 4218 sic
1204 4166 1529 4232 explicavit:
1559 4164 1769 4220 Gaudet
1799 4164 2009 4233 quidem
2037 4202 2054 4227 ,

2181 4180 2194 4230 i
2232 4176 2489 4245 θερίζων,
2519 4177 2660 4232 οὕτω
2684 4180 2997 4250 διηγήσατο·
3022 4181 3217 4250 Χαίρει
3242 4182 3361 4251 μὲν
3381 4182 3493 4253 γὰρ
3509 4224 3523 4245 ,
3548 4185 3731 4254 φησὶν,

481 4255 677 4323 inquit,
705 4256 796 4323 qui
828 4257 1071 4320 seminat,
1095 4266 1145 4309 et
1168 4260 1418 4326 quoniam
1447 4258 1707 4319 seminat,
1736 4266 1782 4311 et
1804 4258 2056 4325 quoniam

2181 4269 2193 4317 Ξ
2226 4267 2523 4333 σπείρων,
2555 4267 2641 4320 ὅτι
2693 4270 2960 4337 σπείρει,
3015 4272 3114 4324 καὶ
3156 4272 3246 4324 ὅτι
3283 4272 3415 4339 εἴδη
3458 4276 3588 4326 τινὰ
3627 4272 3733 4326 τῶν

480 4349 673 4416 species
711 4347 956 4417 quaedam
983 4349 1240 4402 seminum
1273 4350 1437 4417 ips'ius
1469 4355 1877 4418 congregantur,
1911 4364 2052 4413 spent

2181 4358 2511 4427 νπερμάτων
2546 4360 2730 4413 αὐτοῦ
2763 4360 3090 4431 συνάγεται
3110 4403 3126 4423 ,
3175 4364 3397 4417 ἐλπίδα
3439 4367 3596 4434 ἔχων
3628 4364 3735 4433 τὴν

480 4439 714 4489 eamdem
758 4439 917 4491 etiam
959 4437 1025 4490 de
1054 4438 1259 4491 caeteris
1293 4439 1509 4491 habens.
1554 4437 1661 4503 Qui
1704 4454 1825 4491 vero
1876 4438 2056 4499 metit,

2181 4448 2352 4516 ιὺτὴν
2376 4449 2475 4503 καὶ
2509 4450 2641 4518 περὶ
2672 4449 2790 4504 τῶν
2808 4451 3056 4506 λοιπῶν.
3093 4454 3145 4505 '0
3173 4453 3242 4507 δὲ
3267 4454 3506 4522 θερίζων
3530 4458 3731 4524 ὁμοίως

480 4527 735 4580 similiter
775 4526 979 4597 aliquid
1011 4529 1201 4581 metit:
1241 4528 1333 4581 sed
1373 4529 1574 4596 primus
1605 4530 1815 4601 quidem
1851 4530 1940 4597 qui
1973 4545 2052 4582 se-

2181 4559 2214 4594 rt
2241 4541 2339 4595 καὶ
2363 4540 2585 4609 θερίζει·
2612 4543 2751 4596 ἀλλ’
2786 4546 2818 4596 ό
2858 4545 2904 4575 ⁸⁵
2927 4545 3044 4613 μὲν
3076 4545 3308 4614 πρῶτος
3330 4546 3551 4615 ἤρξατο
3574 4547 3729 4601 σπείο

481 4619 670 4683 minet,
700 4618 903 4684 int-tepit
926 4658 941 4681 ,
972 4620 1233 4672 secundus
1266 4634 1384 4672 vero
1408 4629 1482 4673 est
1518 4619 1606 4672 ille
1626 4620 1715 4689 qui
1744 4621 1924 4683 metit;
1952 4635 2054 4673 non

2181 4648 2300 4694 )ων,
2330 4634 2362 4684 ό
2397 4630 2673 4699 δεύτερος
2698 4631 2952 4701 θερίζων.
2981 4636 3063 4688 Οὐ
3088 4635 3195 4704 γὰρ
3224 4636 3295 4688 ἐν
3321 4636 3402 4702 τῷ
3424 4636 3583 4701 αὐτῷ

480 4711 619 4764 enim
677 4712 858 4765 eodem
914 4720 1149 4779 tempore
1198 4722 1438 4780 poterant
1499 4714 1707 4782 utrique
1765 4714 1993 4781 incipere
2034 4730 2055 4767 :

2181 4738 2347 4775 carro
2412 4722 2731 4791 ἀμφότεροι
2785 4722 3099 4791 ἄρξασθαι·
3161 4725 3284 4779 ἔδει
3345 4728 3455 4797 γὰρ
3510 4727 3726 4794 πρῶτον

480 4800 674 4870 quippe
698 4816 828 4871 opus
849 4812 987 4866 erat,
1015 4812 1069 4855 ut
1102 4804 1327 4871 primum
1360 4804 1733 4866 seminaretur,
1762 4813 1869 4855 tum
1895 4812 2056 4855 mete-

2181 4812 2489 4881 γπαρῆναι,
2521 4809 2625 4869 εἷθ’
2658 4814 2913 4881 ὕστερον
2945 4816 3309 4883 θερισθῆναι·
3352 4818 3725 4886 παυσαμένου

481 4901 648 4943 retur.
686 4890 903 4959 Itaque,
933 4904 1167 4947 cessante
1197 4913 1227 4947 a
1254 4895 1456 4947 satione
1481 4905 1690 4960 sutore,
1720 4904 1830 4948 tum
1861 4912 2060 4949 messor

2181 4904 2431 4973 ιέντοιτε
2472 4904 2580 4958 τοῦ
2618 4906 2976 4974 σπείροντος
3023 4908 3329 4976 σπείρειν,
3374 4909 3459 4962 ἐτι
3502 4908 3725 4977 θεριεῖό

480 4993 635 5038 metet
665 4999 684 5039 :
715 4985 772 5037 in
806 4988 1088 5053 praesentia
1135 4987 1344 5055 quidem
1380 4989 1585 5057 utrique
1612 4989 1885 5057 proprium
1926 5006 2057 5057 opus

2181 4995 2417 5063 lepltfwr'
2468 4996 2583 5062 ἐπὶ,
2611 4997 2884 5067 μέντοιγε
2926 4999 3030 5053 τοῦ
3072 5002 3371 5068 παρόντος
3423 5003 3725 5071 ἀμφότεροι

480 5081 758 5140 operantes
801 5074 959 5127 simul
995 5076 1247 5144 gaudent,
1278 5092 1552 5129 commune
1578 5078 1832 5145 gaudium
1854 5118 1868 5143 ,
1896 5081 2057 5134 semi-

2181 5086 2230 5141 τὸ
2262 5086 2417 5141 ιδιον
2447 5086 2627 5157 ἔργον
2661 5089 3048 5158 ἐνεργοῦντες
3088 5092 3236 5161 ὁμοῦ
3275 5094 3577 5161 χαίρουσι,
3610 5109 3724 5144 zot-

481 5175 606 5215 num
648 5162 1018 5231 perfectionem
1066 5166 1191 5223 rati.
1225 5165 1492 5220 Praeterea
1526 5169 1579 5221 in
1631 5183 1699 5222 eo
1742 5169 1886 5225 dicto
1927 5190 1941 5226 :
1986 5172 2054 5226 In

2181 5179 2278 5247 ’ἣν
2305 5182 2499 5249 χαρὰν
2524 5179 2638 5248 τὴν
2661 5180 2777 5233 τῶν
2803 5182 3158 5252 σπερμάτων
3194 5185 3531 5251 τελειότητα
3554 5183 3727 5250 ἡγού-

481 5252 578 5307 ltoc
613 5264 691 5306 est
718 5272 890 5309 sermo
921 5272 1092 5319 verus,
1118 5259 1258 5328 quod
1308 5260 1446 5312 alius
1474 5270 1575 5323 est,
1603 5262 1694 5329 qui
1728 5265 1973 5326 seminat,
2005 5274 2056 5319 et

2181 5289 2344 5326 ιενοι.
2374 5273 2495 5324 Ἔτι
2516 5271 2570 5324 δὲ
2603 5272 2697 5325 καὶ
2734 5274 2813 5335 εἰς
2862 5274 2922 5325 τὸ
2945 5312 2959 5336 ,
3004 5274 3105 5327 Ἐν
3138 5276 3327 5338 τούτῳ
3362 5277 3529 5328 ἐστίν
3554 5277 3588 5327 o'
3626 5274 3727 5327 1(5-

480 5342 624 5396 alitts
646 5344 736 5411 qui
777 5345 925 5399 metit
951 5346 1023 5411 “,
1051 5347 1229 5417 inquit
1256 5366 1271 5402 :
1302 5348 1449 5401 Alter
1470 5350 1679 5418 quidem
1709 5352 1853 5419 ﬁlius
1877 5356 2052 5409 homi-

2181 5382 2260 5429 υς
2309 5364 2625 5432 ἀληθινὸς,
2667 5364 2757 5417 ὅτι
2809 5363 3003 5431 ἄλλος
3037 5365 3210 5419 ἐστὶν
3242 5369 3276 5421 ὁ
3318 5367 3590 5434 σπείρων,
3634 5364 3727 5417 καί

483 5434 565 5486 nis
592 5448 752 5500 supra
783 5434 956 5489 locum
1002 5440 1267 5503 seminat;
1317 5442 1407 5493 sed
1447 5439 1700 5498 Servator
1746 5462 1863 5499 cum
1905 5448 1975 5501 sit
2003 5460 2051 5502 et

2181 5453 2343 5522 ἱλλος
2369 5459 2401 5509 ό
2422 5454 2676 5523 θερίζων,
2704 5456 2869 5526 φησίν
2891 5474 2904 5487 ·
2947 5457 3009 5509 '0
3039 5456 3156 5526 μὲν
3195 5457 3305 5526 γὰρ
3334 5456 3478 5523 ὑπὲρ
3502 5456 3609 5508 τὸν
3639 5455 3727 5507 τό·

482 5526 592 5593 ipse
617 5526 763 5595 ﬁlius
810 5528 1061 5595 hominis,
1083 5532 1249 5599 ntetit,
1277 5544 1325 5588 et
1360 5552 1616 5593 messores
1641 5538 1797 5592 ntittit
1817 5580 1834 5606 ,
1868 5557 2051 5612 nempe

2181 5560 2275 5599 τον
2297 5544 2426 5611 υἱὸς
2455 5545 2501 5576 ⁸⁸
2520 5545 2833 5613 ἀνθρώπου
2859 5548 3109 5615 σπείρει·
3139 5551 3172 5600 ὁ
3194 5547 3262 5600 δὲ
3295 5546 3490 5614 Σωτὴρ
3518 5542 3603 5598 ὢν
3630 5543 3725 5601 και

555 5678 600 5710 ³⁸
633 5677 791 5736 Joau.
826 5697 901 5743 tv,
934 5684 1022 5736 56.
1099 5686 1141 5717 "'
1176 5685 1366 5741 Matth.
1395 5704 1471 5754 l.\,
1500 5690 1588 5743 57.
1690 5692 1753 5723 ³⁸·
1790 5693 2062 5749 Particula

488 5748 531 5782 δι
561 5748 671 5782 ΙΜΑ
770 5750 815 5782 ss
842 5752 858 5782 I
887 5769 949 5782 nn
999 5752 1029 5782 ἃ
1059 5755 1132 5782 2-.
1223 5757 1266 5782 ss
1302 5756 1422 5782 In.--
1483 5777 1534 5782 ---
1586 5762 1652 5782 ηρ
1755 5765 1793 5782 tt
1833 5765 1914 5782 0‘.
1965 5780 2008 5782 _,
2041 5767 2054 5782 ι

2209 5696 2441 5782 delc-tulit
2475 5697 2914 5782 videtur._§nrr.‘
2944 5698 3186 5782 Eamne.
3227 5699 3489 5782 h“__Jnan.
3525 5714 3600 5764 ιν,
3635 5693 3722 5754 36.

560 5748 692 5808 Ibid.
770 5750 1156 5825 ηιρε.ῆδτι.
1223 5748 1673 5829 unanimes.
1752 5748 2061 5821 “Siccod’

2181 5748 2297 5822 ως-
2311 5748 2325 5750 “
2341 5748 2386 5799 ι·
2400 5748 2682 5835 10.53;;
2700 5748 2821 5825 δί’
2838 5748 2851 5755 ’
2869 5748 2915 5802 λ·
2944 5748 3186 5826 satis;
3224 5748 3371 5827 Bodi.
