3878 6348
119 287 169 341 Ι
186 288 304 345 813
1370 292 1731 349 FRAGMEN']

1850 295 2173 355 iNOSTICA.
3294 311 3389 365 151
3407 317 3433 368 ι

104 401 337 465 αὐτὸς
365 400 497 467 υιὸς
525 401 839 469 ἀνθρώπου
869 402 1075 474 θερίζει
1094 445 1109 469 ,
1158 407 1255 461 καὶ
1292 409 1567 478 θεριστὰς
1598 410 1731 481 πέμ-

1851 431 1961 480 eos,
1984 432 2116 486 quos
2146 416 2394 486 discipuli
2424 427 2608 472 rentur
2642 422 2857 491 angelos
2881 464 2895 491 ,
2924 438 3347 494 unumquemque
3365 428 3435 478 ad

108 507 254 546 κει
278 534 293 557 ,
344 491 485 558 τοὺς
516 492 616 546 διὰ
662 494 784 547 τῶν
821 497 1104 563 μαθητῶν
1147 499 1516 571 νοουμένους
1566 502 1731 572 ἀττέ-

1850 522 2000 560 suam
2042 508 2209 576 ipsius
2249 511 2506 563 animant.
2558 509 2674 565 Non
2728 514 3019 570 admodum
3065 524 3249 571 autem
3285 516 3437 571 clare

111 585 333 673 ἲκους,
365 584 626 639 ἕκαστον
646 584 745 639 ἐπὶ
779 586 893 655 τὴν
931 588 1151 643 ἑαυτοῦ
1195 591 1419 660 ψυχήν.
1483 594 1557 647 Οὐ
1601 596 1731 650 πάνι

1851 596 2147 665 exposuit,
2181 598 2274 665 qui
2303 598 2413 651 sint
2447 600 2553 653 duo
2584 600 2677 655 lilii
2721 598 2998 670 hominis,
3026 619 3263 673 quorum
3296 604 3440 659 alter

112 671 205 727 δὲ
240 675 433 743 σανᾷῶς
464 675 677 739 ἐξέθετο
698 679 825 743 τοὺς
854 679 947 734 δύο
972 683 1121 746 υἱοὺς
1148 684 1242 737 τοῦ
1268 684 1577 756 ἀνθρώπου,
1600 687 1731 751 τίνες

1856 688 2112 755 seminat,
2148 690 2289 745 alter
2314 690 2478 746 etiam
2510 692 2686 749 metit.

118 763 315 828 εἰσιν,
342 757 418 817 ὧν
443 766 477 817 6
501 759 582 827 εἷς
615 766 849 837 σπείρει,
869 770 965 822 καὶ
991 771 1019 823 ὁ
1045 764 1126 833 εἷς
1144 770 1369 841 θερίζει.

579 905 583 913 ,
1253 861 1337 923 Et
1370 862 1438 921 in
1461 862 1582 939 ﬁne
1602 863 1757 922 tomi
1785 864 1959 938 XVI,
1984 883 2136 943 pag.
2162 866 2304 929 2M».

230 954 293 1007 '0
338 954 653 1026 Ἡρακλέων
682 959 884 1028 φησιν,
912 959 992 1012 ὃτι
1020 958 1163 1014 οὐδὲ
1191 958 1234 991 ’⁸⁷
1258 957 1332 1011 δι’
1354 957 1570 1021 αὐτῶν,
1605 958 1731 1011 οὐδὲ

1928 963 2236 1019 lleracleon
2267 965 2467 1033 inquit,
2498 982 2663 1036 neque
2695 983 2787 1034 per
2818 956 2979 1035 ipso},
3013 985 3177 1039 neque
3211 973 3277 1024 ab
3306 972 3433 1039 ipsis

120 1044 250 1100 ἀπ’
276 1044 484 1099 αὐτῶν
514 1046 751 1115 ἐσπάρη
785 1048 970 1103 ταῦτα
1015 1049 1088 1103 τὰ
1141 1047 1453 1116 σπέρματα
1494 1049 1651 1119 (φησὶ
1682 1048 1731 1101 δὲ

1864 1055 2144 1125 (intelligit
2178 1068 2363 1112 autem
2392 1058 2692 1129 apostolos)
2730 1061 2987 1113 seminata
3018 1059 3183 1129 [uisse
3205 1062 3315 1116 Iure
3350 1079 3438 1117 se-

120 1135 268 1189 τῶν
302 1137 707 1205 ἀποστόλων).
741 1143 804 1193 Ol
821 1139 889 1193 δὲ
918 1141 1337 1204 κεκοπιακότες
1366 1139 1525 1193 εἰσιν
1555 1142 1608 1191 ol
1634 1137 1731 1206 τῆς

1852 1146 2017 1201 mina.
2046 1147 2149 1211 Qui
2186 1147 2581 1214 laboraverunt,
2623 1149 2826 1218 inquit,
2869 1161 2987 1204 sunt
3021 1151 3433 1219 dispensationis

128 1230 499 1296 οἰκονομίας
530 1229 804 1299 ἄγγελοι,
864 1226 1050 1285 δι’ὦν
1094 1232 1174 1296 ὡς
1200 1228 1464 1299 μεσιτῶν
1506 1228 1743 1297 ὲσπάρη

130 1317 247 1369 καὶ
284 1318 617 1388 ἐνετράφη.
659 1321 753 1383 Εἰς
780 1320 836 1372 δὲ
875 1320 954 1373 τό·
1016 1321 1215 1390 ’Υμεῖς
1270 1322 1358 1385 εις
1390 1318 1498 1372 τὸν
1555 1319 1746 1371 κόπον

131 1406 354 1461 αὐτῶν
376 1410 825 1476 εἰσεληλύθατε,
851 1408 1023 1462 ταῦτα
1047 1409 1278 1476 ἐξέθετο·
1312 1410 1393 1462 Οὐ
1432 1408 1543 1477 γὰρ
1572 1411 1604 1461 ό
1636 1409 1743 1462 αὑ-

133 1503 253 1568 τὸς
284 1503 476 1569 κόπος
522 1503 566 1536 ⁸⁸
595 1506 968 1572 σπειρόντων
1001 1504 1098 1558 καὶ
1140 1504 1501 1572 θεριζόντωνο
1532 1504 1587 1555 οἱ
1626 1502 1746 1571 μὲν

133 1594 263 1663 τὰρ
304 1595 378 1647 ὲν
413 1596 599 1663 κρύει,
620 1596 716 1649 καὶ
747 1596 937 1655 ὕδατι,
971 1596 1067 1649 καὶ
1102 1596 1267 1663 κόπῳ
1296 1595 1412 1661 τὴν
1445 1592 1565 1661 τίῆν
1591 1592 1741 1647 σκά-

133 1698 411 1750 πτοντες
440 1688 792 1754 σπείρουσι,
831 1687 927 1739 καὶ
967 1685 1041 1739 δι’
1070 1685 1217 1740 ὅλου
1252 1684 1540 1755 χειμῶνος
1569 1700 1741 1752 τημε-

132 1776 340 1829 λοῦσι
374 1778 422 1809 ⁸⁸
466 1777 843 1843 σκάλλοντες
864 1819 878 1842 ,
913 1776 1011 1830 καὶ
1046 1776 1152 1842 τὰς
1182 1777 1336 1841 ὕλας
1366 1774 1737 1843 ἐκλέγοντες-ο

1849 1237 2066 1305 angeli,
2102 1253 2195 1304 per
2231 1253 2360 1307 quos
2390 1236 2547 1291 veluti
2596 1240 2910 1292 mediatares
2939 1242 3198 1294 seminata
3240 1253 3356 1295 sunt
3386 1252 3437 1297 et

1848 1329 2069 1381 nutrita.
2114 1327 2285 1381 Porro
2314 1328 2364 1381 iu
2396 1328 2499 1382 hoc
2531 1329 2742 1383 dictum
2771 1347 2785 1383 :
2830 1329 2928 1385 Vos
2949 1333 3002 1384 in
3025 1331 3233 1385 labores
3254 1348 3433 1387 eorum

1847 1418 2105 1471 introistis
2124 1416 2170 1449 “
2191 1457 2208 1482 ,
2240 1417 2358 1471 haec
2392 1418 2650 1485 protulit:
2686 1419 2812 1473 Non
2836 1421 2973 1473 idem
2990 1431 3065 1476 est
3089 1423 3240 1476 labor
3272 1426 3433 1475 semi-

1848 1509 2089 1563 nantium
2115 1518 2163 1562 et
2192 1509 2522 1562 melentinm.
2555 1509 2650 1563 Illi
2674 1512 2811 1564 enim
2838 1512 2891 1564 in
2926 1511 3143 1582 frigore,
3176 1524 3224 1567 et
3254 1531 3391 1584 aqua
3416 1558 3431 1581 ,

1847 1610 1892 1652 et
1932 1599 2112 1653 labore
2153 1609 2351 1653 terram
2388 1599 2647 1667 fodientes
2697 1603 2996 1669 seminuut,
3040 1614 3087 1659 et
3129 1622 3221 1673 per
3266 1616 3434 1658 totam

1847 1690 2067 1745 hiemem
2096 1692 2380 1744 sarrieutes
2416 1702 2695 1761 satagunt,
2744 1702 2795 1746 et
2836 1694 2999 1749 silvas
3040 1698 3434 1764 exstirpautes;

1848 1783 1939 1852 qui
1961 1798 2081 1835 vero
2112 1783 2168 1839 in
2192 1782 2422 1851 fructum
2443 1794 2687 1851 paratum
2712 1784 2937 1854 ingressi
2973 1784 3209 1854 fuerint,
3252 1794 3435 1841 a’state

134 1868 200 1919 οι
222 1866 301 1919 δὲ
330 1869 419 1932 εὶς
456 1867 693 1936 ἕτοιμον
721 1867 953 1935 καρπὸν
976 1868 1354 1932 εἰσελθόντες
1395 1864 1605 1933 θέρους
1645 1867 1743 1919 εὺ-
1777 1881 1818 1937 Β
1848 1866 1957 1922 [ιειί
1987 1877 2208 1922 metunt.

135 1960 539 2028 φραινόμενοι
566 1959 918 2027 θερίζουσιν.

1131 2087 1259 2148 Sub
1294 2086 1548 2147 initium
1571 2086 1724 2146 tomi
1747 2086 1952 2156 XVII,
1979 2103 2134 2164 pag.
2167 2086 2289 2145 21th
2318 2102 2439 2165 seq.

231 2188 296 2242 Ὀ
333 2191 651 2261 ’Πρακλέων
676 2191 738 2244 τὸ
776 2191 822 2224 ⁸⁸
862 2189 994 2260 μὲν,
1028 2189 1099 2241 ἐκ
1146 2187 1257 2255 τῆς
1305 2188 1536 2253 πόλεως
1560 2226 1574 2251 ,
1626 2186 1747 2240 ἀντὶ

136 2278 266 2341 τοῦ,
298 2281 366 2335 ἐκ
387 2280 493 2334 τοῦ
515 2281 757 2350 κόσμου,
790 2280 1061 2350 ἐξείληφε⁶
1092 2280 1152 2333 τὸ
1197 2280 1273 2343 δὲ,
1304 2278 1402 2333 διὰ
1428 2277 1535 2332 τὸν
1560 2280 1749 2347 λόγον

138 2368 258 2435 τῆς
276 2369 583 2436 γυναικὸς,
606 2371 899 2434 τουτέστι,
923 2370 1052 2435 (διὰ)
1071 2369 1180 2437 τῆς
1194 2368 1601 2439 πνευματικῆς
1626 2371 1750 2422 Ἑκ-

142 2459 439 2525 κλησίας.
489 2460 598 2511 Καὶ
653 2461 1073 2531 ἐπισημαίνεται
1126 2477 1189 2529 γε
1244 2460 1325 2523 τὸ,
1378 2458 1617 2523 πολλοὶ,
1674 2458 1749 2521 ὼς

144 2546 369 2601 πολλῶν
401 2547 568 2600 ὄντων
596 2548 862 2619 ψυχικῶνο
899 2548 995 2619 τὴν
1015 2548 1070 2601 δὲ
1096 2548 1224 2618 μίαν
1246 2546 1393 2614 λέγει
1413 2544 1511 2616 τὴν
1542 2542 1750 2615 ἄφθαρ-

138 2656 241 2691 τον
284 2638 386 2708 τῆς
428 2637 656 2709 ἐκλογῆς
706 2639 889 2706 φύσιν,

140 2732 285 2800 κήν,

967 2639 1061 2692 καὶ
1112 2637 1362 2708 μονοειδῆ
1400 2676 1415 2699 ,
1479 2635 1574 2688 καλ⁵
1633 2634 1744 2687 ἐνι-

1926 2187 2227 2242 Ηιιτοριεοιι
2280 2188 2678 2257 interpretatus
2720 2198 2844 2256 est,
2885 2208 2952 2247 ex
2974 2194 3099 2249 urbe
3144 2197 3191 2228 "
3216 2238 3230 2261 ,
3261 2214 3363 2268 pro
3400 2220 3428 2257 e

1857 2276 2088 2341 mundo;
2150 2278 2279 2333 illud
2309 2294 2459 2345 vero,
2488 2281 2701 2351 propter
2729 2300 3016 2338 sermonem
3056 2286 3309 2354 mulieris,
3334 2291 3437 2345 hoc

1852 2375 1967 2430 est,
2012 2366 2231 2435 inquit,
2276 2379 2486 2436 propter
2529 2370 2857 2438 spiritualem
2912 2373 3229 2430 Ecclesium.
3272 2378 3432 2434 Nolat

1854 2457 2020 2511 etiam
2052 2457 2206 2523 illud,
2236 2458 2417 2522 multi,
2444 2461 2599 2528 quasi
2630 2462 2784 2516 multi
2811 2464 2918 2517 sint
2946 2465 3243 2523 animales:
3268 2484 3431 2524 unam

1852 2561 1984 2602 vero
2008 2548 2379 2618 incorruptam
2422 2559 2675 2604 naturam
2722 2553 3006 2611 electionis
3035 2559 3239 2615 asserit
3268 2574 3389 2616 esse
3411 2602 3428 2628 ,

1848 2646 1905 2692 et
1937 2638 2292 2703 uniformem,
2317 2649 2373 2694 et
2406 2641 2761 2712 singularem.

1570 2814 1650 2874 Et
1668 2830 1823 2891 pag.
1858 2813 2001 2875 2&6.

230 2923 293 2974 Ὀ
335 2920 648 2991 Ἡρακλέων
676 2922 757 2982 εἰς
794 2920 920 2982 τοὺς
953 2919 1154 2981 τόπους
1182 2915 1359 2971 ταῦτά
1399 2931 1554 2987 φησι·
1592 2915 1737 2979 Παρ*

141 3011 358 3075 αὐτοῖς
394 3009 588 3077 ἔμεινε
609 3051 623 3075 ,
656 3011 753 3064 καὶ
793 3013 904 3064 οὐκ
935 3010 1004 3062 ἐν
1045 3009 1263 3074 αὐτοῖς’
1304 3008 1404 3060 καὶ
1438 3006 1547 3059 δύο
1595 3002 1740 3073 ἠμέ-

141 3122 279 3169 ρας,
318 3102 448 3170 ἦτοι
476 3102 583 3155 τὸν
609 3102 907 3157 ἐνεστῶτα
944 3102 1149 3167 αἰῶνα,
1178 3102 1275 3155 καὶ
1304 3100 1413 3154 τὸν
1437 3098 1742 3169 μέλλοντα

146 3154 379 3249 ἓιῖἶέέ
401 3197 586 3266 γάμῳ,
614 3154 657 3265 ἦ
684 3154 1362 3264 agnuam...
1389 3154 1575 3246 αότοῦ
1610 3190 1747 3258 χρό-
1773 3154 1815 3211 ο

143 3308 281 3353 νον,
318 3289 420 3343 καὶ
447 3289 552 3343 τὸν
572 3288 722 3357 μετὰ
749 3288 814 3341 τὸ
836 3287 1044 3353 πάθος,
1063 3287 1094 3341 ὃ
1131 3287 1177 3319 ⁵⁵
1198 3286 1333 3355 παρ’
1366 3284 1569 3350 αὐτοῖς
1584 3282 1747 3350 ποιή-

142 3401 291 3451 σας,
319 3384 531 3449 πολλῷ
563 3386 851 3450 πλείονας
883 3383 980 3436 διὰ
1026 3382 1131 3435 τοῦ
1184 3381 1339 3435 ἰδίου
1374 3383 1560 3449 λόγου
1609 3381 1736 3433 ἐπι·-

139 3469 748 3539 στρέψεαςεὶςπίστιν,
781 3471 1079 3540 ἐχωρίσθη
1112 3470 1215 3525 ἀπ’
1249 3468 1467 3524 αὐτῶν.

1918 2912 2221 2969 Heracleon
2272 2912 2324 2968 in
2358 2915 2462 2970 ista
2494 2915 2610 2969 loca
2655 2916 2768 2970 lucc
2806 2932 3247 2984 commentatur:
3277 2928 3430 2998 Apud

1849 3005 1990 3074 ipsos
2017 3006 2209 3059 mansit
2238 3006 2303 3070 ³³,
2329 3016 2375 3059 et
2405 3023 2508 3061 non
2532 3009 2586 3060 in
2610 3007 2741 3076 ipsis
2764 3024 2783 3071 ;
2814 3019 2865 3063 et
2897 3013 3029 3066 duos
3056 3016 3169 3070 dies
3189 3060 3203 3083 ,
3242 3021 3433 3073 videli-

1849 3105 1927 3149 cet
1954 3112 2186 3165 praasens
2222 3097 2472 3151 swculum
2493 3140 2508 3165 ,
2555 3109 2606 3152 et
2637 3101 2873 3169 futurum
2911 3113 3111 3172 tempus
3141 3107 3195 3159 in
3236 3112 3429 3177 nuptiis

1853 3189 2131 3257 agendum,
2172 3188 2249 3241 vel
2273 3198 2474 3256 tempus
2518 3200 2639 3243 ante
2683 3194 2978 3258 passionem
3004 3210 3186 3260 suam,
3228 3208 3275 3250 et
3313 3207 3429 3266 post

1847 3279 2147 3345 passionem
2177 3295 2328 3333 suam
2351 3297 2371 3345 ;
2391 3280 2531 3349 quod
2557 3280 2719 3352 373
2751 3293 2949 3345 tempus
2979 3287 3118 3351 apud
3149 3287 3287 3353 ipsos
3310 3305 3429 3342 eum

1843 3371 2088 3441 degisset,
2128 3380 2177 3425 et
2207 3376 2371 3425 multo
2410 3376 2585 3439 plures
2610 3377 2825 3444 proprio
2852 3377 3104 3448 {sermone
3144 3383 3429 3436 convertis-

1840 3472 1914 3517 set
1933 3464 2003 3514 ad
2017 3464 2198 3531 ﬁdem,
2224 3474 2505 3549 separatus
2530 3475 2609 3520 est
2636 3466 2702 3520 ab
2733 3467 2862 3525 illis.

1490 3577 1694 3638 Porro
1727 3592 1875 3654 pag.
1912 3575 2051 3637 2&8.

231 3686 290 3740 Ὀ
333 3687 643 3759 ’Πρακλέων
676 3686 1043 3757 ἁπλούστερον
1095 3681 1341 3736 ἐκλαϐὼν
1393 3683 1475 3745 τὸ,
1516 3681 1733 3734 Οὐκέτι

140 3778 243 3833 διὰ
264 3778 385 3846 τὴν
414 3778 539 3845 σὴν
571 3778 794 3832 λαλιὰν
818 3777 1201 3844 πιστεύομεν,
1250 3774 1383 3845 φησὶ
1411 3772 1617 3825 λείπειν
1649 3770 1731 3830 τὸ,

136 3868 361 3937 μόνην.
403 3867 523 3919 Ἔτι
560 3868 658 3937 μὲν
688 3866 795 3938 γὰρ
831 3865 965 3937 πρὸς
1000 3864 1082 3918 τό·
1121 3862 1301 3918 Αὐτοὶ
1339 3862 1449 3932 γὰρ
1482 3861 1737 3927 ἀκηκόα-

139 3976 276 4029 μεν,
314 3958 412 4013 καὶ
448 3957 712 4026 οἴδαμεν,
754 3958 841 4010 ὄτι
878 3952 1058 4021 οὗτός
1093 3956 1268 4009 ἐστιν
1313 3957 1345 4007 ὀ
1387 3950 1592 4018 Σωτὴρ
1626 3950 1733 4003 τοῦ

144 4053 404 4119 κόσμου,
441 4050 621 4119 φησιν’
711 4052 774 4103 οι
807 4048 915 4119 γὰρ
944 4048 1236 4116 ἅνθρωποι
1259 4045 1323 4099 τὸ
1355 4044 1473 4114 μὲν
1503 4041 1738 4111 πρῶτον

144 4144 264 4195 ὑπὸ
307 4139 630 4207 ἀνθρώπων
670 4140 1057 4209 ὁδηγούμενοι
1102 4137 1461 4191 πιστεύουσι
1499 4133 1579 4198 τῷ
1615 4136 1733 4186 Σω-

1901 3676 2218 3755 μθηιοιοοη
2274 3677 2575 3746 simplicius
2621 3693 2742 3738 cum
2793 3681 3137 3748 exposuisset
3179 3682 3283 3737 hoc
3339 3683 3426 3738 di-

1841 3776 1989 3821 ctum
2025 3785 2038 3820 :
2090 3765 2214 3820 Non
2246 3768 2472 3833 amplius
2526 3776 2738 3834 propter
2773 3768 3033 3837 loquelam
3073 3779 3219 3824 tuam
3247 3775 3421 3827 credi-

1839 3872 1957 3908 mus
1991 3857 2036 3887 ⁸³
2060 3871 2077 3921 ;
2103 3854 2295 3908 abesse
2333 3854 2510 3923 inquit
2560 3853 2909 3918 vocabulum,
2934 3856 3123 3911 solam.
3153 3856 3421 3915 Praeterea

1841 3946 1893 3999 iu
1932 3945 2062 4000 illud
2091 3963 2107 3999 ι
2138 3944 2253 4012 Ipsi
2283 3947 2421 3998 enim
2451 3946 2751 3999 audivimus
2782 3956 2828 3998 et
2858 3947 3087 4002 vidimus
3132 3951 3272 4004 hunc
3311 3968 3422 4007 esse

1845 4035 2181 4092 Servatorem
2216 4038 2423 4102 mundi,
2455 4036 2531 4089 ait
2564 4054 2577 4090 :
2609 4034 2861 4091 [lantiues
2887 4040 3025 4092 enim
3074 4043 3137 4094 ab
3184 4043 3421 4099 homini-

1842 4129 1934 4180 bus
1963 4127 2191 4195 primum
2236 4127 2477 4179 instructi
2522 4126 2796 4180 Servatori
2847 4130 3070 4183 credunt
3104 4150 3126 4184 δ
3162 4140 3217 4184 at
3262 4134 3420 4186 simul

143 4229 301 4297 τῆρι·
363 4204 520 4282 ἐπὰν
574 4229 641 4281 δὲ
692 4204 986 4297 ἐντύχωσι
1049 4227 1175 4292 τοῖς
1232 4226 1437 4294 λόγοις
1495 4223 1722 4284 αὑτοῦ,

1850 4230 1983 4287 itque
2011 4219 2064 4271 in
2093 4234 2355 4271 sermones
2386 4217 2500 4286 ejus
2531 4218 2831 4286 inciderint,
2869 4237 2973 4275 non
3015 4222 3247 4292 amplius
3295 4241 3419 4294 pro-

145 4317 308 4371 οὗτοι
339 4317 541 4370 οὐκέτι
576 4316 673 4370 διὰ
707 4319 906 4386 μόνην
946 4316 1331 4383 ἀνθρωπίνην
1363 4313 1721 4382 μαρτυρίαν,

145 4410 305 4465 ἀλλὰ
333 4410 433 4463 διὰ
459 4409 576 4477 τὴν
606 4408 895 4475 ἀλήθειαν
931 4409 1307 4461 πιστεύουσι.

1829 4318 1944 4378 pter
1962 4308 2133 4364 solum
2158 4310 2446 4362 humanum
2487 4309 2865 4375 testimonium,
2891 4313 2981 4366 sed
3008 4326 3221 4383 propter
3251 4316 3417 4387 ipsum

1831 4403 2100 4456 veritatem
2123 4402 2370 4457 credunt.

1228 4524 1312 4584 Et
1337 4531 1500 4583 tomo
1524 4522 1759 4613 XVIII,
1788 4537 1936 4599 pug.
1971 4521 2092 4582 255
2129 4532 2183 4580 et
2206 4538 2331 4599 seq.

218 4628 403 4680 Ἔοικε
469 4626 527 4681 δὲ
597 4627 871 4700 βασιλικὸν
923 4629 950 4679 ὁ
1013 4627 1324 4698 Ἡρακλέων
1395 4626 1575 4693 λέγειν
1630 4623 1722 4677 τὸν

145 4719 505 4790 Δημιουργον,
535 4720 656 4770 ἐπεὶ
676 4720 769 4771 καὶ
797 4719 957 4781 αὐτὸς
981 4718 1258 4770 ἐϐασίλευε
1281 4717 1387 4770 τῶν
1419 4717 1510 4769 ὑπ’
1537 4716 1717 4769 αὐτόν’

145 4806 231 4861 διὰ
258 4808 313 4860 δὲ
364 4817 424 4863 τὸ
460 4809 663 4879 μικρὰν
703 4808 867 4862 αὑτοῦ
916 4809 1005 4861 καὶ
1060 4810 1392 4879 πρόσκαιρον
1436 4803 1572 4861 εἶναι
1625 4808 1723 4878 τὴν

148 4898 444 4968 βασιλείαν,
495 4898 771 4969 βασιλικὸς
814 4898 1126 4970 ὠνομάσθη,
1164 4902 1324 4953 οἱονεὶ
1386 4900 1584 4971 μικρός
1638 4916 1722 4961 τις

150 4990 419 5060 βασιλεὺς,
452 4992 557 5043 ὑπὸ
600 4991 890 5045 καθολικοῦ
939 4992 1202 5062 βασιλέως
1250 4992 1580 5063 τεταγμένος
1628 4992 1721 5045 ἐπὶ

150 5084 348 5154 μικρᾶς
371 5082 664 5152 βασιλείαις⁸
702 5085 791 5136 τὸν
823 5085 879 5136 δὲ
909 5086 964 5136 ἐν
998 5083 1376 5155 Καφαρναοὺμ
1411 5083 1523 5136 υἱὸν
1553 5083 1718 5136 αὐτοῦ

145 5174 408 5247 διηγεῖται
438 5172 527 5226 τὸν
558 5176 615 5227 ἐν
650 5174 727 5245 τῷ
762 5175 1126 5246 ὑποϐεϐηκότι
1169 5162 1326 5246 μέρει
1357 5177 1457 5246 τῆς
1493 5166 1722 5247 μεσότη-

145 5279 250 5325 τος,
283 5263 363 5333 τῷ
392 5264 528 5334 πρὸς
560 5264 851 5329 θάλασσαν,
884 5266 1128 5317 τουτέστι
1167 5264 1245 5335 τῷ
1290 5267 1620 5338 συνημμένῳ
1650 5270 1717 5339 τῇ

148 5352 261 5425 ὓλῃ,
297 5355 392 5407 καὶ
425 5354 592 5423 λέγει,
640 5357 721 5409 ὅτι
771 5357 901 5419 ἴδιος
928 5356 1089 5408 αὑτοῦ
1130 5356 1420 5427 ἄνθρωπος
1454 5357 1717 5424 ἀσθενῶν,

146 5444 413 5499 τουτέστιν
458 5447 520 5498 οὺ
565 5446 708 5500 κατὰ
751 5447 910 5516 φύσιν
957 5445 1126 5517 ἔχων,
1180 5448 1236 5499 ἐν
1285 5447 1480 5518 ἀγνοίᾳ.
1530 5448 1574 5478 ⁸⁷
1626 5448 1719 5500 καὶ

226 5622 267 5652 "
291 5623 383 5675 Sic
434 5624 552 5675 cod.
593 5623 741 5679 Bodl.

842 5626 885 5656 ⁸⁸
935 5624 1092 5681 Joan.
1129 5643 1203 5690 IV,
1231 5626 1466 5690 58.L,‘°
1522 5627 1614 5682 Sic
1675 5628 1796 5682 cod.
1851 5627 2003 5681 Bodl.

1908 4622 2132 4677 Videtur
2155 4633 2336 4677 autem
2378 4623 2677 4678 Heracleon
2710 4623 2916 4689 dicere,
2943 4625 3190 4695 regulum
3218 4626 3263 4659 "
3293 4641 3414 4681 esse

1832 4715 2017 4768 mundi
2050 4713 2324 4781 opiﬁcem,
2357 4716 2501 4785 quod
2526 4726 2580 4771 et
2612 4715 2728 4784 ipse
2754 4716 3042 4786 imperium
3094 4717 3322 4771 haberet
3356 4719 3407 4771 in

1829 4807 2079 4861 subditos
2109 4807 2246 4870 sibi;
2295 4807 2390 4861 sed
2440 4808 2585 4876 quod
2618 4823 2845 4876 parvum
2892 4816 2946 4863 et
3007 4809 3404 4877 temporarium

1827 4907 1975 4953 esset
2018 4898 2192 4969 ipsius
2237 4914 2486 4968 regnum,
2540 4899 2876 4953 nominatum
2929 4899 3096 4953 fuisse
3144 4898 3409 4967 regulum,

1827 4991 1993 5045 veluti
2036 5005 2261 5059 parvum
2292 4991 2578 5059 quemdam
2615 5004 2816 5060 regem,
2862 5006 2890 5043 a
2936 5005 3062 5058 rege
3112 4989 3408 5043 universali

1828 5097 1995 5152 parvo
2052 5082 2296 5137 dominio
2355 5081 2726 5152 praefectum;
2780 5081 2949 5135 lilium
3000 5095 3131 5136 vero
3185 5078 3301 5147 ejus
3354 5080 3449 5135 in.

1828 5174 1962 5227 urbe
2011 5174 2334 5243 Capllarnao
2380 5172 2734 5229 exsistenlem
2801 5174 3192 5241 interpretatur
3252 5171 3405 5225 illum

1827 5279 1966 5332 esse,
1998 5266 2089 5334 qui
2134 5267 2205 5319 sit
2244 5266 2297 5319 in
2340 5265 2616 5319 humi1iori
2674 5274 2828 5334 parte
2875 5265 3209 5327 ntedietatis,
3252 5264 3406 5331 juxta

1828 5371 2000 5422 tuare,
2028 5357 2129 5412 hoc
2152 5366 2253 5422 est,
2292 5357 2345 5409 in
2377 5371 2439 5410 ea
2473 5367 2650 5425 parte,
2686 5370 2806 5425 qua:
2835 5353 3124 5421 conjuncta
3174 5364 3256 5408 est
3284 5370 3404 5408 ma-

1828 5448 1980 5502 terim
2015 5466 2030 5503 :
2065 5448 2270 5517 aitque,
2300 5448 2443 5517 quod
2470 5448 2722 5517 proprius
2749 5446 2921 5516 ipsius
2960 5447 3125 5502 homo
3154 5446 3409 5502 inﬁrmus

2114 5627 2160 5659 ⁸ο
2218 5627 2310 5682 Sic
2365 5628 2488 5682 cod.
2540 5627 2696 5682 Bodl.
2810 5628 2853 5660 ¹¹
2905 5627 3015 5683 Sic.
3071 5627 3195 5682 cod.
3249 5628 3404 5682 Bodl.

151 5693 193 5724 "
234 5690 389 5747 Joau.
451 5707 523 5758 tv,
560 5694 648 5748 39.
728 5695 771 5727 ⁸³
819 5695 978 5752 Joau.
1028 5711 1104 5761 tv,
1140 5697 1229 5750 40.
1275 5746 1279 5763 τ
1314 5690 1363 5726 ἰ’
1395 5697 1523 5767 Leg.
1556 5698 1635 5751 ὄν.
1705 5697 1731 5758 ,⁸

1850 5713 1959 5753 tan,
1994 5712 2068 5763 IV,
2105 5697 2197 5752 42.
2276 5697 2321 5731 ⁸⁸
2354 5696 2513 5752 Joau.
2554 5713 2629 5764 tv,
2656 5700 2725 5753 46
2825 5699 2867 5730 ³⁷
2905 5698 2995 5753 Sic
3035 5699 3156 5753 cod.
3192 5695 3343 5751 Bodl.
