3878 6348
461 351 600 408 1515
1384 345 1721 403 APPENDIX
1755 346 1848 401 AD
1880 344 2023 413 QUID

2126 342 2193 399 JE
2232 343 2494 401 ιιιΕΝλΕι
2527 346 2795 407 LIBROS.
3605 352 3729 409 1516

456 471 752 531 exsistens,
783 466 886 522 hoc
906 476 1011 532 est,
1047 479 1154 522 non
1190 465 1488 520 secundum
1539 476 1793 521 naturam
1834 481 1896 520 se
1938 469 2023 519 ha-

2140 461 2539 534 ἁμαρτήμασιν
2594 460 2682 535 ἦν.
2726 460 2861 519 Εἶτα
2899 466 2979 531 τὸ,
3029 467 3100 521 ἐκ
3142 468 3254 536 τῆς
3306 468 3613 526 ἰουδαίας
3656 476 3735 540 εις

460 564 613 624 beus,
648 562 700 614 in
734 560 1044 629 ignorantia
1079 566 1132 611 et
1166 559 1403 626 peccatis
1444 558 1630 613 fuerit.
1671 558 1873 612 Deinde
1895 557 2023 626 quot

2143 554 2263 621 τὴν
2290 556 2651 620 Γαλιλαίαν,
2685 558 2806 610 ἀντὶ
2832 558 2925 611 τοῦ
2960 560 3030 611 ἐκ
3072 559 3183 627 τῆς
3210 562 3257 593 ⁸⁸
3296 560 3537 614 ἄνωθεν
3596 564 3733 617 Ἰου-

456 653 675 715 dicitur,
712 668 742 704 a
782 650 974 704 ludam
1036 652 1094 704 in
1143 650 1449 715 Galilmam,
1503 650 1762 719 exposuit
1809 664 1909 719 pro
1950 663 2036 712 eo,

454 742 595 810 quod
635 753 708 796 est
742 759 771 794 a
804 758 1034 809 superna
1060 740 1276 795 Judaza.
1310 741 1507 796 Nescio
1533 751 1711 796 autem
1762 742 2039 811 quomodo

458 833 729 900 accipiens
758 846 821 885 ea
848 834 1012 886 verba
1046 849 1058 885 :
1090 831 1221 884 Erat
1252 832 1391 886 enim
1408 834 2038 899 moriturus;existimat

458 925 700 979 subverti
729 938 914 978 eorum
963 924 1275 993 opinionem
1317 924 1411 990 qui
1464 911 1703 979 animam
1748 925 2035 980 immorta-

456 1016 563 1070 lem
606 1024 830 1085 ponunt,
872 1016 1063 1068 eodem
1120 1014 1314 1081 conjici
1372 1016 1694 1070 exisﬁmans
1753 1024 1864 1070 tum
1917 1017 2037 1070 ani-

456 1122 624 1170 mam,
669 1116 778 1159 tum
814 1120 1035 1173 corpus,
1096 1116 1151 1159 et
1200 1107 1429 1160 interire
1486 1108 1536 1160 in
1598 1109 1872 1177 gehenna.
1917 1108 2031 1162 Non

458 1196 815 1249 immortalem
853 1210 972 1250 esse
999 1196 1277 1249 existimat
1305 1196 1607 1250 Ileracleon
1646 1198 1908 1262 animam,
1937 1199 2032 1253 sed

457 1295 581 1355 apte
610 1294 978 1353 comparatam
1023 1286 1089 1338 ad
1152 1287 1415 1352 salutem;
1468 1287 1640 1356 ipsam
1681 1303 1801 1342 esse
1846 1289 2033 1345 dicens

456 1377 811 1445 corruptibile
867 1376 1030 1440 illud,
1081 1377 1223 1444 quod
1296 1378 1469 1430 induit
1542 1378 2031 1447 incorruptibilita-

458 1478 599 1527 tem,
664 1474 718 1522 et
799 1466 1048 1531 mortale,
1111 1468 1253 1535 quod
1310 1468 1485 1521 induit
1532 1469 2027 1535 immortalitatem,

454 1573 578 1612 cum
621 1573 771 1612 mors
796 1560 971 1628 ipsius
1000 1558 1196 1611 anima:
1235 1560 1489 1626 absorpta
1544 1558 1808 1615 fuerit‘in
1854 1562 2028 1616 victo-

455 1651 594 1703 riam
638 1652 701 1702 ³⁸.
732 1651 809 1704 Ad
837 1650 971 1713 haec,
998 1650 1126 1704 illud
1146 1649 1481 1704 etiamzNisi
1501 1651 1653 1719 signa
1692 1660 1742 1705 et
1779 1654 2027 1722 prodigia

454 1740 711 1802 videritis,
745 1756 847 1791 non
872 1739 1092 1794 credetis
1121 1739 1200 1802 ⁶¹;
1231 1739 1339 1793 diei
1367 1739 1442 1793 ait
1478 1742 1700 1810 proprie
1747 1744 1815 1796 ad
1865 1743 2024 1798 talem

454 1840 766 1895 personam,
794 1842 915 1894 quae
947 1838 1140 1881 natura
1186 1829 1260 1881 ita
1303 1840 1619 1897 comparata
1672 1841 1779 1895 est,
1830 1842 1891 1887 ut
1931 1849 2028 1902 per

453 1933 618 1985 Opera
649 1927 701 1971 et
728 1932 947 1970 sensum
981 1917 1296 1985 persuaderi
1329 1919 1429 1972 sibi
1462 1920 1723 1987 patiatur,
1774 1923 1911 1978 nolit
1932 1940 2028 1977 au-

456 2018 563 2064 tem
600 2009 826 2063 credere
876 2009 1094 2062 rationi.
1152 2010 1263 2063 lloe
1295 2011 1457 2064 etiam
1491 2025 1506 2063 :
1536 2012 1826 2080 Descende,
1850 2018 2028 2079 prius-

451 2116 608 2171 quam
643 2102 900 2152 moriatur
924 2101 1069 2166 [ilius
1092 2118 1235 2156 meus
1260 2105 1342 2168 ⁶¹;
1397 2104 1599 2158 dictum
1641 2105 1809 2161 fuisse
1851 2118 2025 2177 putat,

453 2206 520 2244 eo
543 2192 687 2259 quod
721 2206 868 2245 mors
898 2191 969 2245 sit
1010 2192 1144 2261 legis
1179 2193 1301 2247 ﬁnis
1325 2203 1550 2262 propter
1588 2208 1811 2264 peccata
1851 2199 2025 2254 inter-

454 2278 708 2335 ﬁcientis.
740 2282 1048 2348 Antequam
1091 2283 1258 2351 igitur
1283 2285 1507 2337 omnino
1539 2285 1805 2341 moriatur
1858 2289 2028 2345 Filius

452 2381 677 2437 propter
733 2382 987 2438 peccata,
1035 2382 1157 2440 eget
1208 2372 1372 2427 Pater
1431 2374 1547 2429 solo
1608 2376 1923 2444 Servatorc,
1969 2390 2031 2434 ut

457 2472 613 2527 npem
640 2459 776 2514 Filio
798 2461 962 2529 ferat,
998 2463 1098 2516 hoe
1161 2473 1243 2518 est
1317 2466 1409 2519 tali
1471 2475 1698 2524 naturaa.
1764 2470 2030 2530 Praeterea

459 2547 623 2601 verba
661 2549 751 2602 illa
786 2566 799 2603 :
837 2548 1011 2604 Filius
1048 2562 1164 2606 tuus
1204 2554 1335 2607 vivit
1384 2556 1469 2622 ⁶³;
1515 2558 1910 2628 interpretatus
1949 2575 2034 2617 est

458 2638 601 2692 dicta
642 2639 810 2694 fuisse
848 2655 876 2694 a
918 2642 1208 2698 Servatore
1251 2657 1479 2721 propter
1515 2652 1864 2719 modestiam,
1897 2670 2035 2723 quo-

455 2729 602 2782 niam
650 2745 755 2784 non
786 2731 1034 2785 dixerit:
1084 2733 1273 2799 Vivat;
1322 2752 1497 2805 neque
1547 2743 1853 2795 ostenderit
1891 2744 2037 2813 seip-

455 2832 573 2872 sum
602 2822 918 2888 praestitisse
950 2823 1024 2876 illi
1056 2825 1246 2878 vitam.
1311 2827 1447 2880 Dicit
1496 2830 1686 2894 etiam,
1724 2833 1865 2898 quod
1910 2848 2033 2887 cum

453 2909 832 2966 descendisset
870 2916 937 2968 ad
995 2918 1293 2983 inﬁrmum,
1346 2919 1738 2990 liberussetque
1790 2938 1913 2977 eum
1966 2927 2036 2979 ab

455 3008 798 3074 inﬁrmitate,
852 3008 957 3062 hoc
1015 3018 1123 3073 est,
1183 3025 1212 3061 a
1262 3013 1522 3077 peccatis,
1585 3027 1649 3066 ae
1710 3013 2035 3069 viviﬁcassct

454 3108 673 3167 propter
725 3100 1128 3164 remissionem,
1191 3101 1393 3155 dixerit
1435 3125 1445 3156 ;
1500 3101 1678 3156 Filius
1729 3114 1852 3158 tuus
1888 3108 2088 3186 υἱῆας

448 3188 621 3243 Addit
658 3205 874 3258 quoque
899 3192 966 3243 ad
999 3192 1112 3244 haec
1150 3193 1313 3246 verba
1351 3211 1364 3245 :
1401 3193 1639 3247 Credidit
1666 3196 2026 3265 Itonto;quod

451 3278 630 3334 facilis
661 3282 727 3333 ad
758 3282 1085 3335 credendum
1117 3283 1187 3334 sit
1220 3284 1386 3336 etiam
1419 3287 1601 3338 mundi
1628 3287 1831 3356 opifex,
1858 3288 2019 3355 qund-

451 3382 557 3435 que
613 3370 783 3436 possit
832 3369 1096 3423 Servator
1151 3374 1318 3425 etiam
1364 3392 1469 3429 non
1512 3391 1754 3445 praesens
1806 3392 2024 3434 curare.

454 3456 653 3511 Servos
682 3468 859 3513 autem
891 3461 1060 3528 reguli
1098 3462 1491 3531 interpretatus
1519 3476 1598 3520 est
1636 3469 1859 3536 angelos
1904 3470 2023 3536 opi-

453 3546 570 3601 ﬁcis
598 3550 802 3615 mundi,
834 3551 1214 3605 renuntiantes
1257 3553 1361 3607 illis
1395 3556 1581 3609 verbis
1611 3575 1624 3609 :
1679 3557 1854 3611 Filius
1905 3569 2024 3614 tuus

450 3638 603 3702 vivit;
647 3639 788 3706 quod
837 3640 1119 3693 commode
1147 3650 1202 3695 et
1247 3645 1415 3711 probe
1451 3646 1697 3715 haberet,
1747 3667 1855 3707 non
1909 3671 2026 3709 am-

449 3728 590 3797 plius
616 3744 781 3798 agens
806 3746 832 3781 a
858 3746 915 3784 se
947 3731 1155 3798 aliena;
1189 3743 1244 3787 et
1277 3736 1415 3790 hanc
1453 3741 1523 3793 ob
1572 3744 1792 3798 causam
1826 3749 2022 3804 exiSti-

449 3830 559 3872 mat
579 3835 766 3874 servos
798 3824 1109 3877 renuntiare
1144 3826 1351 3892 regulo,
1397 3844 1518 3898 qme
1561 3833 1630 3886 ad
1665 3836 1897 3891 salutem
1930 3841 2024 3895 lilii

447 3910 788 3979 pertinebant
818 3928 832 3976 ;
866 3916 1117 3979 quoniam
1153 3918 1354 3984 primos
1381 3922 1665 3978 existimat
1696 3929 1919 3997 angelos
1938 3932 2021 3986 vi-

448 3999 577 4052 dere
599 4001 839 4054 actiones
859 4003 1023 4074 374
1043 4004 1345 4075 hominum,
1368 4020 1600 4077 quisuut
1621 4014 1673 4068 in
1702 4022 1918 4082 mundo,
1954 4037 2020 4076 an

446 4084 664 4142 for'titer
690 4101 746 4155 et
769 4092 980 4146 sincere
1017 4096 1180 4148 vitam
1211 4098 1406 4163 degant
1439 4103 1507 4157 ab
1539 4119 1603 4158 eo
1632 4115 1878 4175 tempore
1909 4127 2017 4179 quo

444 4178 693 4234 Christus
731 4182 967 4237 advenit.
1022 4186 1100 4238 Ad
1159 4186 1294 4254 haec,
1353 4205 1449 4259 per
1500 4195 1689 4249 horam
1732 4178 2018 4266 septimam

444 4271 577 4323 dicit
604 4271 876 4340 designari
923 4284 1177 4330 naturam
1211 4282 1413 4335 sanati.
1447 4281 1693 4354 Denique
1727 4307 1739 4341 :
1776 4290 2019 4348 Credidit

442 4361 553 4426 ipse
581 4371 627 4416 et
676 4363 861 4417 domus
905 4365 1020 4434 ejus
1071 4377 1200 4432 tota,
1255 4370 1648 4441 interpretatus
1693 4390 1779 4431 est
1812 4382 1918 4435 dici
1950 4384 2017 4438 de

441 4453 687 4519 angelico
715 4452 924 4516 ordine,
955 4458 1127 4524 deque
1180 4460 1497 4517 hominibus
1544 4466 1641 4533 ipsi
1675 4473 2012 4540 roujttnetio-
2035 4474 2079 4527 D

439 4552 605 4605 "ibus.
655 4554 747 4607 Ait
802 4556 987 4621 etiam,
1046 4559 1332 4628 inqtlit‘ide
1390 4568 1712 4635 (ιυίὺιιεάίιηι
1773 4581 2005 4649 ³ηὲθ¹ί⁵ν

433 4652 612 4696 utrum
638 4647 1019 4712 servabuntur,
1084 4667 1285 4720 necne;
1327 4672 1525 4727 nempe
1567 4666 1633 4719 de
1672 4666 1755 4722 bis
1792 4647 1884 4738 qui
1912 4674 2006 4729 de-

429 4735 757 4791 scenderunt
780 4739 847 4792 ad
873 4739 1013 4795 ﬁlias
1034 4742 1339 4801 hominum.
1367 4750 1676 4816 Quinetiam
1718 4735 2001 4819 hominum

431 4826 773 4884 fabricatoris
831 4835 1015 4886 mundi
1068 4838 1428 4901 perditionem
1491 4847 1757 4906 dcelarari
1807 4858 2002 4910 existi-

428 4927 537 4970 mat
563 4920 665 4974 hoc
698 4921 843 4977 dicto
878 4940 891 4976 :
925 4922 1057 4977 Filii
1098 4929 1241 4996 regni
1288 4934 1504 4987 exibunt
1538 4942 1590 4989 in
1636 4944 1874 4997 tenebras
1904 4964 1998 5002 ex-

426 5008 641 5063 teriores
695 5012 763 5077 “;
824 5011 1126 5084 lsaiamque
1182 5019 1247 5073 de
1304 5021 1386 5076 his
1434 5028 1758 5094 prophetare
1807 5035 1934 5091 illud
1981 5057 1995 5093 :

425 5096 597 5155 Filios
642 5107 817 5172 genui,
866 5116 919 5160 et
961 5110 1222 5177 exaltari;
1271 5116 1372 5184 ipsi
1426 5129 1601 5173 autem
1658 5141 1959 5192 spreverunt
2006 5154 2087 5191 me
2116 5144 2193 5192 ⁸⁷2

423 5192 623 5261 justum
667 5200 929 5269 (appellat,
984 5204 1259 5276 vitemque
1316 5225 1441 5279 quas
1491 5196 1814 5283 produxerit
1884 5230 2090 5296 spinas.

423 5286 646 5348 cleouis.

2140 641 2337 707 δαίας.
2368 644 2480 696 Οὐκ
2508 640 2627 697 οἶδα
2653 645 2730 711 δὲ,
2766 647 2915 709 ὅπως
2949 649 3031 710 είς
3057 649 3119 703 τὸ
3170 650 3445 718 ἤμελλεν
3475 652 3726 719 ἀποθνῆ-

2140 743 2338 793 σκειν,
2365 730 2610 802 κινηθεὶς
2637 734 2808 787 οἴεται
2835 735 3241 805 ἀνατρέπεσθαι
3262 739 3337 790 τά
3361 739 3621 809 δόγματα
3640 741 3733 792 τῶν

2142 818 2546 891 ὑποτιθεμένων
2578 824 2842 878 ἀθάνατον
2868 822 3005 877 εἶναι
3030 826 3128 897 τὴν
3161 829 3364 901 ψυχὴν,
3411 832 3498 892 είς
3522 832 3587 883 τὸ
3616 832 3735 884 nini

2140 911 2551 981 συμϐάλλεσθαι
2592 916 2990 985 ὑπολαμϐάνων
3036 920 3132 971 καὶ
3174 921 3273 991 τὴν
3320 920 3513 993 ψυχὴν
3554 924 3648 975 καὶ
3684 926 3737 976 τὸ

2140 1002 2318 1073 σῶμα,
2357 1006 2690 1060 ἀπόλλυσθαι
2716 1011 2772 1061 ὲν
2811 1009 3025 1079 γεέννῃ.
3075 1012 3183 1064 Καὶ
3225 1014 3328 1065 οὐκ
3374 1014 3651 1067 ἀθάνατόν
3676 1035 3733 1083 γε

2136 1089 2273 1145 εἶναι
2297 1097 2510 1165 ἡγεῖται
2533 1097 2631 1169 τὴν
2652 1098 2829 1169 ψυχὴν
2853 1103 2881 1154 ὁ
2918 1102 3251 1172 Ἡρακλέων,
3277 1103 3398 1155 ἀλλ’
3424 1105 3737 1174 ἐπιτηδείως

2136 1180 2365 1250 ἔχουσαν
2396 1185 2535 1254 πρὸς
2567 1186 2864 1257 σωτηρίαν,
2893 1189 3065 1259 αὐτὴν
3089 1190 3262 1257 λέγων
3298 1187 3451 1244 εἶναι
3479 1194 3544 1245 τὸ
3570 1195 3737 1246 tvm/:-

2138 1288 2297 1341 μενον
2333 1274 2644 1346 ἀφθαρσίαν
2706 1278 2976 1349 φθαρτὸν,
3026 1282 3120 1333 καὶ
3164 1282 3479 1335 ἀθανασίαν
3534 1285 3733 1355 θνητὸν,

2132 1364 2261 1416 ὅταν
2290 1365 2332 1395 ⁶⁰
2364 1367 2639 1439 κατεπόθη
2687 1371 2716 1421 ὁ
2743 1368 2972 1434 θάνατος
3020 1373 3192 1442 αὐτῆς
3230 1376 3314 1437 εἰς
3361 1378 3545 1440 νῖκος.
3605 1379 3735 1450 Πρδς

2131 1453 2369 1520 τούτοις,
2399 1456 2495 1508 καὶ
2521 1456 2615 1524 τὰ,
2654 1459 2796 1513 Ἐὰν
2831 1461 2917 1529 μὴ
2945 1464 3167 1532 σημεῖα
3184 1466 3284 1517 καὶ
3308 1466 3541 1533 τέρατα
3563 1470 3731 1537 τεητε,

2131 1543 2202 1593 οὐ
2222 1541 2308 1609 μὴ
2337 1544 2729 1612 πιστεύσητε,
2763 1548 3022 1617 λέγεσθαί
3052 1569 3217 1621 φησιν
3259 1556 3493 1620 οἰκείως
3530 1560 3733 1629 πρθοςτὺ

2129 1629 2367 1683 τοιοῦτον
2399 1634 2685 1703 πρόσωπον
2706 1636 2773 1689 δι’
2797 1637 2972 1709 ἔργων
3000 1641 3162 1709 φύσιν
3182 1643 3304 1712 ἐχον
3328 1647 3432 1698 καὶ
3459 1647 3536 1699 δι’
3556 1650 3729 1720 αἰσθη-

2137 1736 2279 1784 σεως
2328 1721 2632 1790 πείθεσθαι,
2687 1727 2781 1779 καὶ
2827 1729 2949 1799 οὐχὶ
3002 1730 3146 1802 λόγῳ
3203 1735 3517 1789 πιστεύειν.
3560 1738 3633 1790 To
3662 1739 3729 1792 δέ·

2061 1796 2104 1850 Β
2131 1808 2447 1876 Κατάϐηθι,
2472 1813 2619 1879 πρὶν
2638 1796 2968 1897 ἀποθαγεῗν
2996 1796 3337 1874 τόπαιδίον
3377 1841 3535 1891 μου,
3570 1824 3655 1876 διὰ
3680 1826 3733 1876 τὸ

2130 1899 2281 1962 τέλος
2310 1897 2448 1954 εἶναι
2480 1903 2573 1955 τοῦ
2610 1905 2773 1974 νόμου
2808 1908 2899 1961 τὸν
2930 1907 3157 1963 θάνατον
3202 1913 3469 1984 εἰρῆσθαι
3504 1918 3733 1986 νομίζει,

2130 1989 2481 2061 ἀναιροῦντος
2520 1993 2609 2047 διὰ
2666 1996 2776 2049 τῶν
2826 1999 3128 2069 ἁμαρτιῶν.
3185 2004 3323 2074 Πρὶν
3376 2006 3590 2069 τελέως
3629 2005 3732 2071 οὖν,

2131 2082 2284 2152 φησὶ,
2309 2082 2683 2157 θανατωθῆναι
2710 2089 2850 2141 κατά
2870 2090 2966 2153 τὰς
2992 2093 3289 2164 ἁμαρτίας,
3312 2097 3494 2149 δεῖται
3510 2100 3541 2150 ὁ
3558 2099 3734 2169 Πατὴρ

2127 2170 2222 2222 τοῦ
2269 2171 2429 2241 μόνου
2462 2174 2736 2245 Σωτῆρος,
2780 2178 2865 2229 ἵνα
2913 2177 3162 2252 βοηθήσῃ
3191 2182 3270 2252 τῷ
3293 2183 3428 2253 Υίῷ,
3492 2187 3733 2239 τουτέστι

2127 2264 2193 2331 τῇ
2228 2263 2403 2331 τοιᾷδε
2439 2264 2619 2332 φύσει.
2648 2267 2791 2337 Πρὸς
2816 2268 3027 2333 τούτοις
3071 2272 3152 2333 τὸ,
3210 2274 3266 2324 Ὁ
3300 2276 3440 2341 υἱός
3487 2290 3613 2330 σου
3649 2276 3731 2344 ζῆ,

2129 2349 2271 2402 κατά
2304 2352 2538 2419 ἀτυφίαν
2585 2356 2837 2427 εἰρῆσθαι
2885 2359 2963 2430 τῷ
3001 2361 3214 2432 Σωτῆρι
3258 2363 3582 2434 ὲξείληιρεν,
3622 2370 3733 2422 ἐπεὶ

2127 2441 2226 2493 οὐκ
2248 2437 2388 2505 εἷπε,
2412 2443 2597 2509 Ζήτω,
2616 2447 2736 2498 οὐδὲ
2756 2450 3012 2520 ἐνέφηνεν
3037 2455 3201 2517 αὐτὸς
3223 2457 3624 2527 παρεσχῆσθαι
3644 2460 3730 2530 τὴν

2128 2531 2292 2601 ζωήν.
2323 2534 2484 2601 Λέγει
2513 2536 2591 2601 δὲ,
2621 2538 2701 2591 ὅτι
2727 2542 2971 2606 καταϐάς
2999 2545 3132 2615 πρὸς
3174 2545 3264 2599 τὸν
3296 2550 3613 2617 κάμνοντα,
3645 2553 3731 2604 καὶ

2131 2621 2422 2691 ἰασάμενος
2443 2624 2607 2677 αὐτὸν
2633 2628 2731 2697 τῆς
2756 2630 2935 2695 νόσου,
2982 2634 3229 2687 τουτέστι
3267 2638 3378 2689 τῶν
3409 2640 3725 2710 ἁμαρτιῶν,

2127 2711 2221 2762 καὶ
2263 2711 2351 2763 διὰ
2391 2714 2490 2783 τῆς
2529 2715 2779 2783 ἀφέσεως
2832 2719 3201 2795 ζωοποιήσας,
3253 2722 3433 2780 εἶπεν⁹
3504 2729 3565 2781 Ὁ
3606 2734 3728 2796 υἱός

2126 2814 2243 2853 σου
2270 2800 2356 2869 ζῇ.
2390 2804 2500 2856 Καὶ
2533 2806 2772 2875 ἐπιλέγει
2831 2811 2968 2879 πρὸς
3026 2814 3106 2877 τὸ,
3156 2816 3533 2871 ἐπίστευσεν
3565 2824 3603 2872 ὁ
3629 2819 3727 2871 ἇν-

2128 2896 2383 2958 θρωπος,
2435 2896 2518 2948 ὅτι
2566 2896 2822 2962 εὔπιστος
2853 2904 2946 2954 καὶ
2974 2903 3002 2954 ὁ
3028 2904 3358 2977 δημιουργός
3386 2910 3534 2972 ἐστι,
3568 2912 3669 2963 καὶ
3688 2911 3729 2942 ⁸⁸

2126 2980 2206 3033 ὅτι
2228 2981 2452 3038 δύναται
2475 2988 2503 3038 ὁ
2527 2988 2716 3060 Σωτὴρ
2750 2990 2843 3043 καὶ
2870 2992 2945 3063 μὴ
2988 2995 3175 3067 παρὼν
3205 2996 3564 3068 θεραπεύειν.
3604 3003 3728 3053 Δού-

2128 3072 2250 3136 λους
2285 3074 2341 3127 δὲ
2373 3076 2466 3129 τοῦ
2510 3078 2790 3146 βασιλικοῦ
2842 3083 3092 3155 ὲξείληφε
3144 3089 3269 3150 τοὺς
3310 3090 3597 3156 ἀγγέλους
3636 3092 3723 3145 τοῦ

2122 3160 2476 3234 δημιουργοῦ,
2508 3168 2951 3235 ἀπαγγέλλοντας
2989 3176 3045 3225 ὲν
3074 3173 3173 3244 τῷ’
3213 3177 3266 3227 Ὁ
3298 3177 3443 3242 παῖς
3473 3196 3611 3233 σου
3641 3179 3720 3247 ζῆ·

2118 3251 2200 3304 ὅτι
2223 3254 2441 3319 οἰκείως
2470 3258 2562 3311 καὶ
2592 3260 2734 3312 κατά
2776 3263 2978 3332 τρόπον
3023 3265 3168 3336 ἔχει,
3210 3268 3473 3338 πράσσων
3520 3276 3723 3342 μηκέτι

2117 3343 2188 3396 τὰ
2219 3345 2481 3400 ἀνοίκεια’
2519 3351 2612 3402 καὶ
2640 3351 2728 3404 διὰ
2771 3354 2931 3409 τοῦτο
2969 3358 3179 3427 νομίζει
3228 3362 3617 3430 ἀπαγγέλλειν
3649 3367 3724 3436 τῷ

2119 3431 2385 3505 βασιλικῷ
2415 3438 2543 3501 τοὺς
2582 3439 2805 3505 δούλους
2841 3443 2910 3497 τὰ
2938 3448 3065 3517 περὶ
3100 3449 3201 3519 τῆς
3246 3451 3339 3503 τοῦ
3369 3454 3494 3506 υἱοῦ
3540 3431 3721 3525 cum;

2121 3524 2259 3594 ρίας,
2290 3526 2412 3579 ἐπεὶ
2446 3529 2540 3582 καὶ
2583 3524 2834 3603 πρώτους
2875 3536 3048 3590 οἴεται
3092 3540 3312 3608 βλέπειν
3343 3544 3449 3609 τὰς
3483 3524 3723 3619 πράξεις

2114 3616 2224 3668 τῶν
2255 3619 2314 3670 ὲν
2342 3619 2422 3690 τῷ
2456 3623 2646 3694 κόσμῳ
2670 3625 2970 3697 ἀνθρώπων
2994 3631 3120 3694 τοὺς
3140 3634 3419 3702 ἀγγέλους,
3452 3641 3502 3691 εί
3534 3616 3722 3713 Epp»-

2119 3702 2294 3773 μένως
2341 3707 2435 3758 καὶ
2480 3708 2789 3783 εἰλικρινῶς
2828 3716 3192 3772 πολιτεύοιντο
3242 3723 3285 3753 ⁸⁸
3336 3725 3447 3778 ἀπὸ
3481 3727 3601 3797 τῆς
3628 3729 3717 3781 τοῦ
3812 3760 3817 3771 ι

2115 3795 2368 3869 Σωτῆρος
2419 3798 2737 3870 ἐπιδημίας.
2788 3807 2910 3859 Ἔτι
2962 3810 3098 3880 πρὸς
3131 3810 3228 3882 τὴν
3273 3814 3510 3887 ἑϐδόμην
3549 3795 3717 3892 Ῠῶραν

2113 3885 2281 3977 λέγει,
2305 3889 2387 3941 ὃτι
2411 3891 2498 3945 διὰ
2529 3895 2627 3965 τῆς
2650 3895 2800 3968 ὧρας
2833 3904 3294 3974 χαρακτηρίζεται
3337 3909 3367 3977 ἡ
3403 3885 3593 3977 φύσις
3623 3885 3713 3967 τοῦ

2115 3975 2375 4040 ἰαθέντος.
2422 3980 2544 4033 Ἐπὶ
2573 3987 2732 4050 πᾶσι,
2754 3988 2835 4052 τὸ,
2884 3990 3278 4049 Ἐπίστευσεν
3308 3975 3495 4065 ainde
3541 4004 3649 4055 zeal
3677 4005 3710 4071 ὴ

2080 4066 2273 4137 ,οἰκία
2332 4073 2520 4126 αὑτοῦ
2579 4074 2726 4143 ὅλη,
2782 4079 3077 4152 διηγήσατο
3130 4088 3227 4139 ἐπὶ
3265 4089 3364 4159 τῆς
3404 4066 3712 4166 ἀγγελικῆξ

2111 4155 2361 4224 εἰρῆσθαι
2414 4162 2640 4239 τάξεως,
2703 4168 2797 4221 καὶ
2848 4171 3150 4245 ἀνθρώπων
3178 4155 3710 4255 ,τῶν-οἰκειοτέρων

2111 4247 2279 4340 αὐτῷ.
2332 4254 2621 4322 Ζητεῖσθαι
2668 4260 2725 4313 δέ
2780 4280 2910 4331 φησι
2962 4268 3092 4337 περί
3133 4287 3291 4322 τινων
3336 4247 3619 4340 ἀγγέλων,
3661 4272 3707 4327 εἰ

2113 4334 2469 4405 σωθήσονται,
2499 4343 2607 4398 τῶν
2638 4349 3007 4406 κατελθόντων
3031 4334 3123 4408 ἐπὶ
3146 4356 3245 4420 τάς
3264 4358 3372 4411 τῶν
3394 4361 3706 4432 ἀνθρώπων

2110 4423 2433 4525 θυγατέρας.
2478 4437 2587 4514 Καὶ
2632 4439 2741 4494 τῶν
2784 4442 3090 4523 ἀνθρώπων
3120 4447 3174 4499 δὲ
3217 4449 3310 4502 τοῦ
3362 4423 3701 4525 δημιουργεῖν

2109 4515 2207 4610 τὴν
2237 4518 2510 4578 ἀπώλειαν
2535 4527 2825 4598 δηλοῦσθαι
2853 4515 3066 4604 νομίζει
3087 4538 3157 4588 ’ἐν
3333 4515 3702 4610 Οἰνιήοὶτῆς

2101 4604 2427 4699 βασιλείας
2445 4614 2876 4677 ἐξελεύσονται
2901 4626 2989 4689 εἰς
3026 4624 3092 4678 τὸ
3116 4604 3342 4694 σκότος
3387 4632 3457 4685 τὸ
3498 4604 3700 4699 ἐξώτεζ

2097 4705 2232 4754 ρον·
2268 4696 2361 4748 καὶ
2403 4702 2531 4771 περὶ
2572 4705 2777 4759 τούτων
2808 4710 2897 4761 τὸν
2946 4713 3170 4768 Ἡσαΐαν
3217 4722 3593 4789 προφητεύειν
3620 4725 3691 4776 τό·

2117 4781 2292 4848 Υἱοὺς
2321 4786 2644 4859 ἐγέννησα,
2678 4798 2774 4850 καὶ
2815 4798 3055 4866 ὕψωσα·
3084 4781 3355 4861 aeratas
3496 4814 3697 4881 ἠθέτη-

2107 4884 2247 4925 σανο
2277 4876 2533 4945 οῦστινας
2549 4887 2699 4950 υἱοὺς
2714 4889 3042 4961 ἀλλοτρίους,
3072 4898 3166 4949 καὶ
3186 4876 3410 4971 σπέρμα
3434 4876 3687 4980 πονηρὸν,

2105 4964 2199 5015 καὶ
2242 4965 2443 5039 ἄνομον
2495 4975 2669 5043 καλεῖ,
2729 4982 2823 5033 καὶ
2869 4984 3171 5053 ἀμπελῶνα
3241 4964 3491 5060 ἀκάνθας

2108 5066 2291 5107 σαντα.
2336 5060 2443 5112 Καὶ
2473 5064 2646 5118 ταῦτα
2679 5069 2779 5137 μὲν
2802 5070 2872 5123 τὰ
2907 5073 3297 5144 Ἡρακλέωνος.

2181 5162 2195 5210 ;
2254 5164 2389 5217 quos
2422 5156 2560 5211 ﬁlios
2604 5160 2812 5218 alienos
2849 5174 2903 5218 et
2943 5181 3127 5223 semen
3185 5187 3442 5242 nequam,
3499 5189 3555 5233 et
3613 5181 3690 5235 in.

2148 5237 2212 5293 Et
2290 5244 2372 5301 hae
2450 5253 2673 5320 quidem
2739 5267 2865 5313 sunt
2936 5237 3428 5324 commentationes
3518 5272 3660 5329 Hera

1604 5407 1689 5467 Et
1723 5419 1887 5472 tome
1917 5417 2094 5491 XIX,
2120 5436 2272 5498 pag.
2300 5416 2441 5485 275.

490 5479 784 5540 lleraclcou
823 5490 874 5543 in
904 5491 1004 5548 hoc
1035 5493 1237 5553 dictum
1264 5509 1278 5553 ξ
1308 5500 1426 5568 Quo
1452 5523 1545 5577 ego
1573 5513 1726 5576 vado,
1755 5531 1838 5569 vos
1877 5534 1980 5572 nou

485 5678 532 5710 "'
674 5683 795 5767 eod.
840 5683 992 5767 Bodl.
1032 5694 1297 5767 __'_'l(Zor.
1316 5702 1606 5767 “355,54.

1701 5710 1745 5741 ⁶⁰
1786 5710 1895 5768 νος
1920 5713 2049 5769 ὄντα
2080 5718 2211 5775 huic
2249 5723 2390 5778 male

2163 5519 2253 5588 Εἰς,
2304 5526 2388 5593 τὸ,
2429 5528 2613 5584 Ὅπου
2648 5531 2764 5602 ἐγὼ
2810 5535 3037 5608 ὑπάγω,
3086 5538 3255 5611 ὑμεῖς
3299 5547 3371 5599 οὐ
3414 5547 3685 5604 δύνησθε

2437 5727 2720 5815 praemissa
2775 5729 2929 5815 de‘est
2964 5734 3229 5815 i_n_Bodl.
3258 5808 3283 5815 _
3312 5740 3352 5772 “
3389 5741 3548 5799 Joan.
3596 5740 3674 5815 Ii.

421 5747 502 5800 ts.
583 5752 627 5783 θ’
673 5756 951 5820 lbid.,49,
1029 5747 1624 5845 “tbiu."5'ti."?7'_"s‘t°c
1660 5747 2023 5840 3.,u1""sé"s“i

2126 5747 2211 5775 ult;
2250 5747 2390 5778 male
2439 5747 2720 5792 prwmtssa
2775 5747 2929 5786 deest
2977 5751 3029 5787 In
3077 5747 3229 5793 Bodl.

2126 5792 2233 5846 u‘dl.
2316 5792 2360 5824 “
2394 5792 2753 5869 Matthnvm,
2790 5801 2877 5855 Η.
2962 5802 3007 5836 ⁸⁷
3040 5806 3144 5861 Isa.
3184 5824 3221 5876 t,
3255 5808 3307 5862 Ξ.
