3878 6348
196 345 337 401 1317

1403 345 1822 403 FRAGMENTA
1853 330 2219 401 GNOSTICA.

3314 347 3453 404 1518

183 460 416 523 ἐλθεῖν,
457 461 591 532 φησὶ
623 461 750 533 γάρ·
776 460 993 528 Πῶςὲν
1013 461 1359 531 ἀγνοίᾳ,καὶ
1385 464 1654 530 ἀπιστίᾳ,
1676 463 1770 516 καί

1883 464 2089 529 potestis
2114 462 2290 533 venire
2315 462 2381 527 “,
2410 461 2584 529 inquit
2612 478 2624 513 :
2671 461 2946 526 Quomodo
2989 463 3079 531 qui
3120 464 3176 517 in
3201 465 3452 533 ignoran-

184 552 612 622 ἁμαρτήμασιν
636 554 807 619 ὄντες
831 555 900 607 ἐν
953 555 1257 622 ἀφθαρσίᾳ
1290 553 1578 609 δύνανται
1618 554 1776 624 γενέ-

183 645 373 704 σθαι;
409 643 542 713 μηδὲ
565 646 624 696 ὲν
659 644 833 714 τούτῳ
874 644 1194 696 κατακούων
1237 644 1447 696 ἑαυτοῦ.
1483 646 1545 697 Εἰ
1586 645 1693 715 γὰρ
1724 647 1773 697 οἱ

187 736 247 785 ὲν
277 734 493 805 ἀγνοίᾳ,
543 737 638 787 καὶ
693 736 927 807 ἀπιστίᾳ
965 737 1057 788 καὶ
1092 737 1481 806 ἁμαρτήμασιν
1511 736 1679 802 ὄντες,
1716 739 1774 789 ὲν

181 824 471 894 ἀφθαρσίᾳ
501 825 561 876 ού
589 824 839 879 δύνανται
869 825 1141 893 γενέσθαι,
1185 827 1302 888 πῶς
1331 827 1379 878 οἱ
1400 827 1686 879 ἀπόστολοι
1716 830 1774 881 ἐν

186 916 383 985 ἀγνοίᾳ
417 916 461 948 ⁸⁹
497 916 646 977 ποτὲ,
681 917 774 969 καὶ
806 919 863 969 ὲν
894 918 1142 987 ἀπιστίᾳ,
1192 917 1286 969 καὶ
1318 919 1376 969 ὲν
1412 918 1769 989 ἁμαρτήμασι

180 1004 493 1072 γενόμενοι,
524 1006 580 1055 ὲν
602 1005 880 1076 ἀφθαρσίᾳ
913 1007 1207 1073 γεγόνασι;
1238 1005 1501 1059 Δύνανται
1534 1004 1625 1060 οὖν
1647 1010 1776 1063 οἴὲν

179 1093 405 1163 ἀγνοίᾳ,
432 1097 526 1146 καὶ
561 1096 616 1146 ὲν
657 1096 884 1165 ἀπιστίᾳ
908 1097 1000 1147 καὶ
1023 1098 1077 1147 ὲν
1100 1097 1461 1167 ἁμαρτήμασι
1491 1100 1773 1168 γενόμενοι

176 1184 441 1250 γενέσθαι
468 1187 523 1237 ὲν
551 1185 847 1255 ἀφθαρσίᾳ,
874 1188 921 1238 εί
948 1186 1357 1256 ματαϐάλλοιεν·
1393 1189 1615 1241 δυνατὸν
1640 1190 1696 1241 δὲ
1727 1190 1771 1220 ⁷⁰

177 1276 389 1339 αὐτοὺς
427 1277 800 1347 μεταϐάλλειν.

1427 1454 1511 1513 Et
1536 1452 1807 1513 ulterius
1820 1472 1867 1533 p

265 1560 327 1612 Ὀ
390 1555 722 1628 Ἡρακλέων,
779 1555 855 1618 ὡς
901 1554 1264 1627 ἁπλούστερον
1309 1557 1601 1628 εἰρημένου
1651 1557 1767 1609 τοῦθ

175 1648 340 1713 Μήτι
373 1645 693 1700 ἀποκτενεῖ
730 1645 988 1707 ἐαυτόν;
1026 1647 1209 1714 φησὶν,
1258 1646 1339 1696 ὅτι
1373 1648 1621 1717 πονηρῶς
1651 1645 1769 1699 δια-

174 1739 524 1809 λογιζόμενοι
548 1739 596 1789 οί
631 1737 871 1790 Ἰουδαῖοι
913 1736 1083 1789 ταῦτα
1132 1736 1335 1804 ἔλεγον,
1386 1737 1479 1789 καὶ
1516 1737 1769 1805 μείζονας

176 1832 414 1894 ἑαυτοὺς
446 1830 869 1899 ἀποφαινόμενοι
897 1827 989 1880 τοῦ
1016 1828 1291 1898 Σωτῆρος,
1322 1829 1415 1881 καὶ
1446 1829 1765 1899 ὑπολαμϐά-

176 1941 389 1986 νοντες,
422 1924 503 1976 ὅτι
532 1920 684 1975 αὐτοὶ
718 1920 816 1990 μὲν
838 1917 1230 1971 ἀπελεύσονται
1265 1917 1400 1988 πρὸς
1417 1918 1509 1970 τὸν
1528 1918 1659 1971 Θεὸν
1686 1920 1765 1982 εἰς

175 2016 494 2068 ἀνάπαυσιν
522 2012 758 2064 αἰώνιονο
794 2013 822 2063 ὁ
863 2010 921 2062 δὲ
949 2008 1139 2079 Σωτὴρ
1180 2010 1258 2071 εἰς
1304 2007 1509 2080 φθορὰν
1562 2011 1655 2061 καὶ
1692 2010 1771 2073 είς

176 2106 434 2167 θάνατον,
470 2100 661 2156 ἑαυτὸν
701 2100 1190 2169 διαχειρισάμενος,
1234 2098 1365 2150 ὅπου
1404 2100 1628 2160 ἑαυτοὺς
1670 2099 1769 2150 οὐκ

175 2196 489 2263 ἐλογίζοντο
549 2192 821 2246 ἀπελθεῖν.
896 2192 1006 2244 Καὶ
1075 2191 1262 2253 αὑταῖς
1328 2190 1504 2255 λέξεσι
1582 2206 1767 2259 φησιν,

176 2288 266 2339 ὅτι
327 2284 494 2355 ᾤοντο
525 2284 700 2351 λέγειν
732 2281 824 2335 τὸν
874 2281 1101 2352 Σωτῆρα
1136 2282 1186 2334 οἱ
1220 2282 1479 2344 Ἰουδαῖοι,
1514 2281 1594 2332 ὅτι
1630 2279 1771 2348 Ἐγὼ

175 2376 424 2445 ἐμαυτὸν
456 2373 927 2445 διαχειρισάμενος
960 2374 1039 2434 εἰς
1072 2371 1277 2443 φθορὰν
1330 2371 1506 2442 μέλλω
1546 2370 1773 2442 πορεύεο

177 2466 334 2532 σθαι,
363 2468 498 2519 ὅπου
524 2468 679 2535 ὑμεῖς
709 2464 769 2517 οὐ
800 2462 1026 2517 δύνασθε
1044 2462 1236 2514 ἐλθεῖν.

1877 555 1976 617 tia,
2003 563 2052 607 el
2083 555 2137 607 in
2166 553 2479 620 inﬁdelitate
2502 564 2645 616 sunt,
2678 564 2725 606 et
2759 556 2813 607 in
2834 559 3086 622 peccatis.
3123 556 3450 622 incorrupti-

1877 644 2005 697 biles
2038 645 2154 713 fieri
2192 646 2456 712 possunt?
2484 661 2659 713 neque
2695 646 2796 701 hac
2838 646 2888 699 iu
2933 662 2992 700 re
3023 649 3125 701 sibi
3178 647 3277 717 ipsi
3321 663 3453 700 cou-

1876 736 2134 790 sentiens.
2175 735 2310 790 Nam
2349 737 2391 789 si
2426 737 2476 788 in
2501 736 2831 805 ignorantia,
2864 746 2919 791 et
2951 737 3001 789 in
3038 737 3447 800 incredulitate,

1872 826 2003 879 etin
2029 826 2264 894 peccatis
2286 826 2643 890 exsistentes,
2690 827 2804 880 lieri
2847 841 2952 880 non
3001 835 3225 894 possunt
3267 826 3450 880 incor-

1878 917 2202 984 ruptibiles;
2288 918 2566 985 quomodo
2637 918 2921 986 apostoli,
3010 918 3101 985 qui
3194 918 3453 985 aliquau-

1874 1006 1943 1059 tlo
2003 1006 2154 1059 luere
2212 1007 2265 1060 in
2324 1008 2655 1076 ignorauit,
2714 1018 2769 1062 et
2830 1008 3227 1067 incredulitate.
3290 1018 3344 1062 et
3393 1008 3448 1059 in

1871 1098 2135 1163 peccatis,
2174 1096 2302 1151 l'acti
2353 1108 2482 1150 sunt
2516 1098 3001 1167 incorruptibiles?
3050 1099 3286 1154 Proinde
3326 1113 3452 1168 pos-

1871 1196 2015 1249 sunt,
2052 1188 2143 1255 qui
2192 1189 2243 1240 in
2271 1187 2678 1253 incredulitate,
2731 1198 2785 1241 et
2816 1191 2866 1241 in
2915 1190 3247 1258 ignorantia,
3291 1198 3346 1243 et
3393 1189 3451 1243 in

1871 1277 2108 1344 peccatis
2139 1286 2289 1340 sunt,
2330 1278 2447 1331 ﬁeri
2484 1278 2947 1347 incorruptibiles,
2985 1282 3029 1335 si
3056 1281 3451 1347 immutantur;

1871 1368 2018 1434 atqui
2052 1368 2167 1420 lieri
2201 1376 2399 1436 potest,
2434 1378 2492 1422 ut
2518 1370 2896 1424 immutentur.

1873 1474 1973 1533 ag.
2006 1459 2146 1519 280.

1950 1559 2247 1616 lleracleon
2284 1563 2512 1630 proinde
2535 1565 2693 1633 quasi
2717 1564 2820 1619 hoc
2847 1564 3053 1619 dictum
3110 1566 3274 1622 fuerit
3311 1568 3448 1623 siut-

1876 1652 2072 1721 plicius
2106 1666 2120 1705 :
2154 1652 2413 1723 Nunquid
2444 1656 2818 1724 interfecturus
2853 1667 2929 1709 est
2959 1658 3190 1724 seipsum
3216 1659 3255 1690 ⁷¹
3279 1701 3295 1723 ,
3350 1658 3451 1724 ait,

1802 1770 1845 1827 Β
1874 1743 2017 1810 quod
2042 1744 2273 1812 maligne
2327 1746 2630 1814 cogitantes
2670 1745 2842 1800 Judaei
2895 1747 3010 1800 haec
3060 1748 3447 1817 loquerentur,

1875 1832 2084 1900 seipsos
2105 1835 2268 1886 etiam
2299 1836 2648 1890 ostendentes
2682 1836 2802 1904 ipso
2845 1835 3137 1891 Servatore
3194 1840 3447 1908 majores,

1874 1931 1930 1977 et
1961 1925 2343 1979 existimantes
2368 1939 2427 1979 se
2463 1927 2680 1994 quidem
2707 1926 3048 1996 profecturos
3074 1929 3140 1981 ad
3193 1930 3356 1983 Deum
3394 1932 3448 1984 in

1881 2014 2120 2081 requiem
2153 2016 2582 2084 sempiternam;
2617 2015 2965 2073 Servatorem
3022 2030 3205 2074 autem
3229 2023 3294 2073 ad
3325 2036 3450 2075 cor-

1875 2102 2208 2169 ruptionem,
2239 2114 2294 2157 et
2322 2106 2389 2158 ad
2444 2116 2698 2169 mortem,
2730 2108 2783 2159 vi
2829 2108 2929 2162 sibi
2975 2108 3073 2177 ipsi
3125 2110 3291 2169 illata.
3341 2125 3455 2181 quo

1874 2193 2083 2261 seipsos
2112 2208 2217 2246 non
2270 2195 2661 2249 existimabant
2709 2196 3077 2263 profecturos.
3135 2199 3201 2252 Et
3258 2200 3450 2254 iisdem
3534 2206 3545 2211 ’

1875 2284 2056 2336 verbis
2108 2285 2303 2351 inquit,
2346 2283 2562 2338 Judmos
2612 2286 2930 2341 existimare
2990 2287 3338 2343 Servatorem
3370 2291 3453 2345 di-

1878 2386 2002 2427 cere
2040 2388 2053 2424 :
2090 2372 2204 2442 Ego
2248 2373 2381 2426 mihi
2429 2373 2532 2441 ipsi
2586 2375 2636 2427 vi
2694 2375 2885 2439 allata,
2934 2378 2999 2431 ad
3047 2379 3451 2448 corruptionem

1881 2460 2233 2530 proiecturus
2263 2476 2404 2529 sum,
2444 2478 2553 2533 quo
2580 2478 2675 2518 vos
2704 2480 2811 2519 non
2842 2467 3068 2534 potestis
3096 2467 3304 2523 venire.

1370 2602 1453 2662 Et
1486 2609 1652 2661 tomo
1682 2603 1859 2676 ΧΧΙ,
1881 2620 2035 2681 pag.
2062 2604 2204 2665 293.

254 2724 673 2795 Πυνθανοίμεθα
710 2724 755 2778 δ’
784 2723 849 2778 ἂν
882 2723 989 2777 τῶν
1038 2723 1137 2786 τὰς
1188 2723 1379 2791 φύσεις
1419 2725 1766 2793 εἰσαγόντων,

174 2820 279 2871 καὶ
305 2820 385 2882 εἰς
417 2820 497 2885 τὸ,
529 2820 649 2871 Ὅτι
688 2821 720 2872 ό
756 2820 938 2886 λόγος
977 2816 1120 2885 ἐμὸς
1160 2819 1232 2869 οὐ
1284 2816 1463 2885 χιι)ρεῖ
1489 2817 1558 2870 ἐν
1598 2815 1768 2885 ὑμῖν,

178 2911 549 2964 ἀποδιδόντων
593 2910 734 2964 κατά
795 2910 1167 2979 Ἡρακλέωνα,
1222 2911 1303 2962 ὃτι
1358 2909 1447 2963 διὰ
1503 2910 1660 2964 τοῦτο
1706 2911 1768 2963 οὐ

176 3005 356 3073 χωρεῖ
390 3002 447 3054 ὲν
471 3003 618 3070 ὑμῖν,
653 3002 735 3053 ὅτι
765 2999 1143 3069 ἀνεπιτήδειοι,
1173 3000 1291 3068 ἦτοι
1326 3001 1445 3054 κατ’
1488 3002 1695 3066 οὐσίαν,
1734 3003 1767 3073 ἢ

175 3091 329 3144 κατά
352 3091 593 3160 γνώμην·
621 3090 738 3152 πῶς
763 3090 813 3142 οἱ
842 3088 1199 3161 ἀνεπιτήδειοι
1232 3092 1351 3143 κατ’
1389 3090 1574 3143 οὐσίαν
1610 3092 1773 3163 ηκου-

176 3200 285 3235 σαν
318 3181 471 3252 παρά
492 3181 584 3234 τοῦ
608 3180 852 3251 Πατρός;

1967 2730 2376 2800 lnterrogentur
2409 2746 2438 2784 a
2469 2730 2643 2794 nobis,
2675 2732 2765 2801 qui
2812 2740 3036 2801 naturas
3081 2732 3447 2799 introducunt,

1875 2823 2076 2892 quique
2113 2823 2165 2875 in
2217 2822 2320 2876 hoc
2370 2830 2669 2875 contextu:
2735 2800 2917 2876 Seruio
2966 2838 3109 2875 meus
3146 2837 3248 2875 non
3277 2822 3449 2877 locum

1875 2914 2025 2967 habet
2058 2915 2112 2966 in
2162 2913 2305 2966 vobis
2353 2914 2440 2975 τ’,
2496 2912 2652 2981 juxta
2702 2911 3091 2967 Heracleonem
3143 2912 3449 2980 explicant,

1881 3004 2086 3058 idcirco
2139 3004 2316 3059 locum
2357 3018 2463 3057 non
2515 3004 2740 3069 habere,
2781 3004 2905 3072 quia
2946 3014 3074 3058 sunt
3109 3015 3321 3067 natura,
3365 3004 3453 3058 vel

1879 3095 2063 3147 animo
2148 3093 2442 3149 inhabiles.
2511 3094 2793 3161 Quomodo
2843 3093 3114 3149 inhabiles
3173 3104 3365 3149 natura
3417 3109 3449 3149 s

1799 3179 1844 3239 C
1874 3183 2038 3238 Patre
2071 3184 2397 3238 audierunt?

1649 3278 1802 3357 Pag.
1836 3281 1975 3342 308.

264 3375 328 3433 Ὀ
390 3380 703 3452 Ἡρακλέων
747 3379 1119 3449 ὑπολαμϐάνει
1178 3379 1360 3433 αἰτίαν
1413 3380 1765 3434 ἀποδίδοσθαι

176 3469 280 3523 τοῦ
310 3470 387 3541 μὴ
412 3470 671 3523 δύνασθαι
702 3472 899 3533 αὐτοὺς
926 3470 1143 3522 ἀκούειν
1177 3471 1268 3523 τὸν
1308 3470 1485 3541 Ἰησοῦ
1514 3470 1670 3540 λόγον
1698 3472 1765 3537 ⁷³,

181 3561 326 3631 μηδὲ
351 3560 638 3628 γινώσκειν
656 3560 820 3614 αὐτοῦ
855 3561 950 3631 τὴν
982 3560 1191 3625 λαλιὰν,
1225 3563 1281 3614 ὲν
1304 3562 1408 3631 τῷ,
1460 3561 1657 3630 ’Υμεῖς
1697 3562 1766 3616 ἐκ

177 3650 294 3704 τοῦ
322 3652 549 3718 πατρὸς
581 3651 687 3705 τοῦ
714 3651 994 3705 διαϐόλου
1015 3648 1169 3705 ἐστέ⁸
1197 3652 1387 3715 αὐταῖς
1420 3651 1552 3720 γοῦν
1590 3652 1768 3719 λέξεσι

177 3758 350 3811 φησι’
407 3743 571 3821 Διατζ
622 3745 694 3796 οὺ
727 3742 991 3797 δύνασθε
1025 3744 1267 3797 ἀκούειν
1300 3743 1409 3796 τὸν
1442 3746 1627 3813 λόγον
1663 3744 1771 3798 τὸν

176 3831 364 3900 ἐμόν;
398 3833 437 3900 ἢ
467 3832 555 3886 ὅτι
591 3833 762 3901 ὑμεῖς
796 3835 865 3888 ἐκ
910 3835 1018 3888 τοῦ
1052 3835 1275 3903 πατρὸς
1320 3836 1427 3889 τοῦ
1481 3835 1766 3891 διαϐόλου

178 3923 370 3985 ἐστέ;
421 3924 556 3976 ἀντὶ
609 3925 736 3989 τοῦ,
780 3925 849 3977 ἐκ
898 3925 1008 3993 τῆς
1054 3928 1269 3991 οὐσίας
1308 3926 1415 3980 τοῦ
1460 3926 1764 3982 διαϐόλου·

178 4013 463 4082 φανερῶν
477 4015 524 4045 ⁷⁸
551 4016 755 4082 αὐτοῖς
782 4018 1001 4070 λοιπὸν
1028 4018 1144 4084 τὴν
1176 4019 1368 4085 φύσιν
1400 4016 1618 4081 αὐτῶν,
1665 4019 1767 4071 καὶ

178 4105 556 4174 προελέγξας
593 4106 834 4171 αὐτοὺς,
878 4106 965 4160 ὅτι
1002 4108 1142 4161 οὔτε
1179 4107 1287 4161 τοῦ
1351 4106 1605 4176 Ἀϐραάμ
1650 4110 1773 4160 εισι

180 4195 390 4258 τέκνα,
417 4198 490 4248 οὐ
528 4195 637 4265 γὰρ
666 4194 745 4250 ἂν
771 4197 1030 4265 ἐμίσουν
1059 4198 1263 4253 αὐτόν·
1289 4196 1429 4250 οὐδὲ
1449 4196 1556 4251 τοῦ
1600 4197 1769 4260 Θεοῦ,

185 4286 283 4339 διὸ
312 4288 429 4339 οὐκ
458 4284 706 4355 ἠγάπων
748 4287 1104 4340 αὑτόν.’Καί¹
1132 4290 1185 4358 ,εἰ
1226 4288 1324 4358 μὲν
1354 4287 1435 4350 τὸ,
1482 4288 1676 4357 Ὑμεῖς
1702 4290 1771 4342 ἐκ

183 4374 296 4428 τοῦ
328 4374 558 4441 πατρὸς
614 4374 722 4428 τοῦ
748 4375 1029 4429 διαϐόλου
1065 4376 1226 4440 ἐστὲ,
1280 4377 1576 4447 ἐξεδέχετο,
1608 4378 1683 4441 ὠς
1716 4380 1772 4431 ὲν

183 4470 302 4529 τοῖς
339 4468 603 4536 ἀνωτέρω
645 4466 1046 4536 διηγησάμεθα,
1078 4466 1170 4517 καὶ
1204 4465 1375 4533 ἔλεγε,
1416 4485 1434 4517 ι
1472 4466 1569 4518 Διά
1602 4468 1662 4519 τὸ
1694 4467 1772 4521 ἔτι

190 4558 340 4626 ὑμᾶς
372 4553 514 4609 εἶναι
549 4558 613 4609 ἐκ
646 4556 739 4609 τοῦ
771 4556 1037 4618 διαϐόλου,
1072 4557 1132 4608 ού
1160 4556 1387 4609 δύνασθε
1434 4556 1649 4610 ἀκούειν
1683 4558 1774 4610 τὸν

1956 3382 2252 3438 Heracleou
2280 3383 2589 3453 suspicatur
2616 3399 2836 3440 causam
2868 3385 3048 3451 reddi,
3098 3399 3199 3441 cur
3223 3384 3325 3455 ipsi
3354 3399 3451 3439 au-

1874 3468 1991 3530 dire
2022 3490 2128 3530 non
2155 3476 2365 3546 possint
2388 3474 2514 3530 Jesu
2553 3490 2890 3542 sermonem,
2927 3492 3104 3546 neque
3131 3477 3275 3532 illius
3302 3477 3447 3532 dicta

1873 3579 2229 3636 cognoscere,
2256 3581 2353 3636 per
2380 3566 2507 3620 illud
2535 3580 2549 3620 :
2594 3566 2698 3621 Vos
2725 3583 2789 3621 ea:
2839 3577 2984 3637 patre
3003 3568 3214 3621 diabolo
3238 3569 3361 3622 estis
3378 3569 3448 3632 ⁷⁵,

1874 3657 2101 3726 istisque
2127 3658 2308 3711 verbis
2340 3658 2417 3711 ait
2463 3675 2476 3710 :
2519 3658 2698 3722 Quare
2729 3668 2903 3711 autem
2938 3676 3042 3713 non
3088 3661 3308 3727 potestis
3352 3676 3452 3713 au-

1872 3746 1985 3800 dire
2014 3763 2303 3801 sermonem
2334 3763 2505 3800 meum
2530 3747 2555 3800 ?
2581 3763 2651 3800 an
2680 3749 2931 3816 quoniam
2961 3764 3027 3799 ex
3052 3758 3202 3815 patre
3235 3750 3447 3803 diabolo

1871 3840 2015 3905 estis,
2040 3855 2136 3906 pro
2165 3856 2224 3892 eo
2255 3840 2396 3909 quod
2417 3849 2514 3903 est,
2550 3854 2613 3892 ex
2669 3840 2896 3892 essentia
2933 3840 3183 3893 diaboli?
3221 3841 3449 3909 manife-

1871 3940 2019 3983 stans
2060 3931 2125 3983 de
2160 3940 2348 3983 caetero
2377 3940 2620 3982 naturam
2657 3929 2818 4000 375
2858 3932 3111 3997 ipsorum,
3160 3947 3275 3983 cum
3309 3947 3451 4001 prte-

1872 4018 2087 4071 dt'a'issel
2118 4019 2258 4085 ipsos
2287 4035 2449 4087 neque
2481 4018 2750 4070 Abraham
2782 4036 2892 4072 esse
2927 4019 3089 4086 ﬁlios,
3131 4020 3275 4072 haud
3313 4022 3448 4072 enim

1873 4100 1992 4158 odio
2017 4115 2454 4174 prosequerentur
2483 4105 2674 4170 illum;
2704 4122 2870 4176 neque
2912 4105 3033 4169 Dei,
3078 4122 3143 4159 ea:
3190 4122 3292 4175 quo
3346 4121 3450 4158 non

1874 4192 2160 4261 diligebant
2200 4193 2379 4249 illum.
2427 4190 2700 4247 Caeterum
2737 4194 2782 4248 si
2818 4194 2948 4249 illud
2985 4210 2998 4247 :
3046 4191 3152 4246 Vos
3199 4207 3265 4246 ea:
3298 4204 3452 4261 patre

1888 4283 2100 4337 diabolo
2123 4283 2270 4348 estis,
2311 4285 2675 4352 exposuisset,
2710 4293 2768 4338 ut
2800 4285 2852 4339 in
2882 4285 3256 4354 superioribus
3284 4299 3451 4354 expo-

1875 4375 2083 4430 suimus
2112 4389 2232 4440 nos,
2273 4383 2328 4429 et
2371 4374 2620 4439 dixisset,
2657 4393 2675 4426 ι
2719 4377 2853 4443 Quia
2908 4376 3085 4431 adhuc
3109 4392 3177 4430 ex
3238 4377 3450 4431 diabolo

1874 4468 2029 4529 estis,
2056 4481 2161 4522 non
2188 4468 2415 4535 potestis
2437 4470 2625 4525 audire
2646 4483 2950 4525 sermonem
2978 4483 3187 4534 meum;
3221 4487 3241 4522 s
3270 4471 3450 4524 admi-

1877 4558 2147 4613 sissemus
2190 4559 2357 4612 etiam
2392 4558 2540 4614 illius
2594 4559 2999 4614 enarrationem
3031 4575 3046 4615 :
3074 4574 3218 4613 nunc
3262 4570 3447 4615 autem

187 4646 345 4715 λόγον
368 4647 460 4699 τὸν
484 4646 634 4716 ἐμὸν,
662 4666 679 4696 ι
702 4644 803 4698 κᾶν
824 4644 1236 4716 παρεδεξὰμεθα
1270 4643 1432 4697 αὑτοῦ
1464 4646 1561 4715 τὴν
1588 4645 1770 4717 διήγη-

1883 4658 2070 4716 aperte
2098 4648 2516 4718 dicitquosdam
2568 4651 2821 4705 homines
2877 4664 3001 4705 esse
3053 4651 3296 4719 ejusdem
3329 4651 3453 4706 sub.

190 4752 295 4789 σιν’
330 4737 450 4789 νυνὶ
483 4737 537 4788 δὲ
561 4736 716 4806 δῆλός
744 4738 895 4805 ⁵ἐστιν
923 4734 1410 4805 ὁμοουσίουςτινάς
1441 4735 1518 4804 τῷ
1545 4736 1775 4807 διαϐόλῳ

186 4824 365 4892 λέγων
398 4824 738 4894 ἀνθρώπους,
775 4824 989 4894 ἑτέρας,
1023 4823 1098 4886 ὡς
1129 4825 1330 4875 οἴονται
1368 4826 1416 4876 οἰ
1457 4825 1550 4877 ἀπ’
1584 4825 1769 4889 αὑτοῦ,

188 4924 377 4984 οὐσίας
398 4921 737 4991 τυγχάνοντι,
762 4917 892 4987 παρ’
914 4912 1007 4977 οὒς
1025 4913 1246 4967 καλοῦσι
1270 4914 1531 4983 ψυχικοὺς
1555 4913 1587 4983 ἢ
1614 4931 1774 4967 πνευ-

195 5030 480 5084 ματικους.

1883 4739 2096 4792 stantia;
2122 4755 2243 4794 cum
2277 4740 2517 4806 diabolo,
2547 4742 2638 4811 qui
2670 4741 2895 4796 alterius
2912 4742 3364 4806 esttsubstantitc,
3390 4752 3449 4795 ut

1880 4829 2196 4883 existimant
2226 4829 2374 4885 illius
2397 4832 2561 4885 etiam
2592 4841 2912 4899 sectatores,
2937 4832 3004 4887 ab
3039 4833 3147 4898 his,
3193 4845 3329 4901 quos
3350 4845 3446 4886 vo-

1881 4928 2010 4972 cant
2048 4919 2316 4976 animales
2339 4920 2422 4976 vel
2451 4920 2788 4989 spirituales.

1652 5124 1812 5199 Pag.
1837 5122 1977 5183 312.

261 5235 358 5298 Et;
380 5234 555 5289 ταῦτα
586 5236 615 5286 ὁ
649 5230 963 5303 Ἡρακλέων
983 5230 1117 5301 φησί
1144 5246 1157 5259 ο
1194 5228 1354 5296 Πρὸς
1382 5227 1489 5293 οὓς
1514 5229 1546 5281 ό
1573 5228 1779 5295 λόγος,

191 5324 259 5378 ἐκ
291 5323 407 5392 τῆς
438 5324 653 5389 οὐσίας
679 5322 785 5376 τοῦ
812 5321 1095 5376 διαϐόλου
1127 5315 1295 5390 ἦσαν
1314 5337 1327 5349 ’
1366 5319 1440 5381 ὡς
1476 5318 1668 5389 ἐτέρας
1691 5317 1781 5370 ού-

195 5433 293 5488 σης
319 5417 421 5486 τῆς
448 5414 544 5468 τοῦ
566 5414 807 5468 διαϐόλου
838 5414 1021 5477 οὐσίας
1056 5413 1205 5484 παρὰ
1230 5412 1327 5483 τὴν
1352 5410 1460 5463 τῶν
1494 5409 1662 5478 ἁγίων
1691 5408 1780 5460 λο-

196 5507 357 5578 γικὴν
369 5507 452 5539 ⁷⁵*
467 5506 675 5560 οὐσίαν.

222 5714 225 5715 ν
265 5688 312 5720 ⁸⁸
339 5685 499 5740 Joan.
528 5700 649 5745 vm,
677 5684 766 5738 21.
843 5683 887 5716 ⁸⁸
915 5681 1005 5737 Sic
1027 5681 1178 5735 Bodl.

200 5756 287 5813 ιι.
366 5756 537 5828 ’ἰδία
563 5754 715 5810 Bodl.
789 5755 854 5786 7"
891 5753 1000 5808 Sic.
1028 5750 1183 5808 Bodl.

1968 5222 2025 5277 In
2058 5224 2172 5277 haec
2213 5222 2390 5292 inquit
2417 5221 2714 5279 Heracleon
2741 5236 2756 5276 :
2788 5221 2862 5275 Hi
2894 5222 2962 5275 ad
3005 5238 3133 5291 quos
3166 5230 3242 5276 est
3260 5237 3449 5284 sermo,

1879 5328 1945 5367 ea:
1981 5312 2277 5366 substantia
2324 5311 2521 5365 diaboli
2557 5319 2750 5376 erant;
2785 5311 3011 5380 perinde
3040 5312 3194 5380 quasi
3239 5309 3447 5365 diaboli

1878 5406 2189 5460 substantia
2224 5405 2436 5460 diversa
2464 5405 2535 5460 sit
2568 5405 2637 5459 ab
2664 5404 2903 5460 essentia
2934 5412 3249 5459 sanctorum
3274 5401 3450 5458 ratio-

1877 5498 1963 5553 nis
1992 5504 2261 5567 compote.

1257 5682 1300 5713 "
1336 5678 1426 5736 Sic
1444 5678 1594 5734 Bodl.
1664 5675 1893 5735 .“Joau.
1930 5690 2052 5741 vnt,
2084 5674 2176 5735 22.
2215 5675 2261 5707 "
2296 5674 2453 5737 lbid.,
2502 5674 2591 5729 '57.
2642 5674 2686 5705 ⁷³
2722 5672 2814 5730 Sic
2839 5672 2989 5729 Bold.
3048 5672 3095 5706 ⁷⁵
3117 5670 3275 5727 Josn.
3325 5680 3451 5735 ml,
