3878 6348
378 325 511 381 1519

1303 307 1647 364 APPENDIX
1685 309 1773 363 AD
1808 306 2123 376 QUINQUE
2155 306 2419 363 lBEN/El
2457 306 2721 366 LIBROS.

3512 310 3655 366 ιδεο

1838 429 1995 506 Pag.
2026 429 2168 491 31’s.

459 536 755 591 Heracleon
783 536 836 590 itt
872 536 977 590 hoc
1004 535 1206 590 dictum
1241 574 1255 598 ,
1298 533 1569 588 Desideria
1597 532 1763 601 patris
1798 534 1954 586 vestri
1985 542 2030 593 Α

383 632 547 685 uultis
582 630 759 698 facere
789 628 837 660 "
859 672 872 693 ,
904 628 1145 696 disputat
1171 626 1384 691 dicens,
1416 624 1692 679 diabolum
1723 640 1828 677 non
1865 624 1962 677 Ita-

388 721 516 773 bere
548 718 904 780 voluntatem,
934 716 1026 769 sed
1071 714 1363 767 desideria.
1406 708 1576 780 Cujus
1604 712 1734 765 dicti
1764 711 1961 764 absur-

385 809 527 864 ditas
553 815 772 877 apparet
797 822 865 859 ex
904 819 987 866 se,
1017 804 1144 857 dum
1168 802 1425 857 omnibus
1447 801 1500 855 in
1521 800 1773 855 confesso
1799 809 1881 854 est
1900 799 1964 853 il-

385 899 496 953 lum
532 898 670 951 mala
710 896 866 949 velle.
918 895 1156 963 Colliges
1184 895 1347 947 etiam
1378 902 1433 945 tu
1469 891 1585 961 ipse
1616 890 1856 961 (etiamsi
1900 891 1957 944 in

388 988 672 1058 praisemia
709 1003 815 1040 non
867 987 938 1040 sit
972 986 1129 1039 nobis
1175 984 1241 1037 ad
1287 998 1501 1046 manus,
1552 983 1697 1053 quod
1745 982 1798 1035 in
1847 995 1962 1035 me-

389 1075 536 1126 dium
574 1073 951 1138 adducamus),
988 1087 1055 1124 an
1087 1072 1289 1124 alicubi
1321 1071 1374 1124 itt
1410 1070 1692 1139 Scriptura
1723 1070 1959 1141 positum

388 1163 462 1216 sit
489 1162 812 1217 vocabulum
841 1163 989 1223 velle,
1026 1162 1092 1216 de
1120 1161 1360 1215 diabolo.
1410 1162 1593 1233 lnquit
1636 1163 1799 1217 etiam
1839 1172 1963 1232 post

396 1252 516 1306 haec
561 1250 884 1315 Heracleon,
915 1253 1030 1306 haec
1058 1254 1201 1306 dicta
1233 1251 1420 1315 fuisse,
1452 1269 1557 1307 non
1592 1252 1657 1305 ad
1688 1261 1961 1317 terrenos,

387 1354 580 1397 natura
616 1346 963 1398 exsistentes.
996 1343 1198 1397 diaboli
1252 1344 1416 1407 filios,
1453 1344 1550 1397 se‘d
1601 1344 1667 1397 ad
1715 1358 1810 1399 eos
1868 1342 1971 1412 qui-

388 1445 514 1488 sunt
559 1435 848 1498 animales,
885 1433 1060 1488 factos
1096 1433 1302 1489 diaboli
1362 1434 1505 1488 filios
1551 1434 1821 1500 positione
1851 1452 1864 1488 :
1894 1450 1958 1489 ex

387 1525 589 1593 quibus
639 1533 870 1594 possunt
924 1524 1151 1593 quidam
1204 1534 1401 1576 natura
1448 1532 1502 1576 et
1549 1522 1820 1591 positione
1868 1523 1963 1578 lilii

390 1615 483 1669 Dei
517 1630 659 1671 esse.
691 1615 870 1682 lnquit
900 1624 1192 1682 praeterea,
1238 1615 1341 1668 bos
1386 1615 1501 1667 fieri
1551 1615 1749 1669 diaboli
1801 1615 1961 1681 lilios,

386 1722 454 1762 eo
480 1708 625 1776 quod
676 1708 993 1770 dilexerint,
1045 1708 1363 1774 faciantque
1410 1706 1612 1760 diaboli
1665 1708 1963 1770 desideria,

386 1814 512 1854 cum
545 1807 738 1852 natura
785 1799 1094 1866 huiusmodi
1150 1814 1256 1851 non
1303 1799 1434 1852 sint.
1497 1798 1744 1866 Disputat
1793 1799 1964 1865 enim,

2138 531 2198 583 Ὅ
2234 529 2547 599 Ἡρακλέων
2578 531 2656 591 είς
2684 527 2764 591 τὸ,
2803 527 2913 593 τὰς
2939 528 3254 597 ἐπιθυμίας
3287 528 3400 583 τοῦ
3430 531 3657 596 πατρὸς

2066 618 2237 688 ἡμῶν
2290 619 2493 673 θέλετε
2551 620 2743 672 ποιεῖν
2764 657 2779 680 ,
2847 616 3212 672 διαστέλλεται
3288 619 3499 686 λέγων,
3569 619 3657 670 τόν

2063 712 2306 765 διάϐολον
2334 712 2407 782 μὴ
2448 711 2590 780 ἔχειν
2618 711 2851 782 θέλημα,
2880 713 2992 766 ἀλλ’
3022 712 3339 782 ἐπιθυμίας.
3384 712 3501 765 Καὶ
3562 713 3656 781 έμ-

2064 802 2311 871 φαίνεται
2341 804 2564 856 αὑτόθεν
2591 804 2649 856 τὸ
2679 803 2992 874 ἀδιανόητον
3021 804 3066 835 ""
3102 803 3283 871 λόγου,
3330 802 3513 855 θέλειν
3549 801 3656 870 γὰρ

2061 893 2130 946 τά
2161 893 2374 964 πονηρά
2419 896 2526 957 πᾶς
2552 895 2615 948 ἀν
2654 910 2737 957 τις
2766 894 3098 965 ὁμολογήσαι
3127 896 3354 947 ἐκεῖνον.
3394 894 3656 958 Συνάξεις

2062 982 2118 1034 δὲ
2165 982 2256 1034 καὶ
2282 983 2443 1045 αὐτὸς
2478 983 2545 1054 (εἰ
2579 984 2671 1036 ἐπὶ
2712 983 2805 1035 τοῦ
2852 984 3116 1053 παρόντος
3147 985 3204 1036 ὲν
3239 984 3531 1055 προχείρῳ
3560 985 3655 1037 οὐκ

2065 1067 2259 1138 ἔχομεν
2292 1069 2675 1140 παραθέσθαι),
2710 1070 2765 1123 si
2804 1089 2903 1124 που
2944 1073 3002 1125 ὲν
3034 1075 3098 1142 τῇ
3128 1072 3315 1143 Γραφῇ
3355 1072 3418 1126 τὸ
3454 1072 3657 1127 θέλειν

2066 1160 2160 1211 ἐπὶ
2220 1159 2315 1212 τοῦ
2364 1161 2610 1214 διαϐόλου
2658 1162 2935 1215 τέτακται.
2980 1163 3134 1216 Μετά
3178 1164 3351 1218 ταῦτά
3406 1181 3585 1235 φησιν
3633 1166 3657 1216 ὁ

2076 1250 2410 1321 Ἡρακλέων,
2462 1251 2536 1315 ὡς
2578 1252 2686 1323 ἀρα
2730 1252 2904 1305 ταῦτα
2956 1253 3203 1325 εἴρηται,
3252 1256 3313 1307 οὐ
3359 1257 3510 1326 πρὸς
3538 1258 3658 1319 τοὺς

2066 1336 2225 1406 φύσει
2266 1338 2360 1391 τοῦ
2403 1339 2647 1392 διαϐόλου
2679 1339 2848 1403 υἱοὺς,
2892 1342 3019 1402 τοὺς
3045 1342 3280 1409 χοϊκοὺς,
3328 1343 3474 1395 ἀλλὰ
3530 1345 3659 1415 πρὸς

2064 1428 2191 1491 τοὺς
2217 1428 2500 1499 ψυχικοὺς,
2525 1430 2670 1484 θέσει
2697 1432 2845 1495 υἱοὺς
2886 1431 3131 1485 διαϐόλου
3161 1434 3503 1503 γενομένους
3523 1452 3538 1464 ’
3570 1436 3654 1503 ἀφ’

2065 1511 2140 1572 ὧν
2164 1522 2229 1589 τῇ
2265 1519 2424 1588 φύσει
2449 1519 2701 1572 δύνανταί
2728 1537 2873 1584 τινες
2896 1522 2989 1574 καὶ
3019 1521 3165 1574 θέσει
3202 1524 3307 1575 uici.
3346 1523 3499 1576 Θεοῦ
3532 1541 3659 1594 χρη-

2070 1609 2313 1679 ματίσαι.
2368 1610 2476 1664 Καί
2520 1612 2651 1681 φησί
2714 1628 2799 1680 γε,
2844 1613 2926 1666 ὅτι
2985 1614 3135 1685 παρὰ
3179 1615 3255 1685 τῷ
3301 1617 3658 1687 ἠγαπηκέναι

2066 1700 2164 1763 τὰς
2203 1699 2498 1770 ἐπιθυμίας
2535 1706 2629 1759 τοῦ
2673 1702 2919 1756 διαϐόλου
2966 1707 3057 1757 καὶ
3086 1710 3274 1771 ποιεῖν,
3305 1708 3484 1761 τέκνα
3521 1704 3660 1762 οὗτοι

2067 1790 2161 1843 τοῦ
2191 1790 2439 1845 διαϐόλου
2479 1792 2737 1861 γίνονται,
2775 1795 2836 1847 οὐ
2881 1796 3039 1864 φύσει
3062 1797 3287 1851 τοιοῦτοι
3310 1799 3523 1868 low“.
3557 1802 3661 1853 Καὶ

392 1890 719 1944 vocabulum
756 1889 991 1957 ﬁliorum
1018 1888 1290 1943 trifariam
1322 1890 1548 1959 intelligi
1578 1892 1777 1945 debere
1806 1910 1820 1944 :
1856 1892 1967 1960 pri-

2078 1882 2430 1936 Ξιαστέλλεται
2475 1884 2550 1947 ὡς
2584 1885 2690 1954 ἄρα
2726 1886 2927 1955 τριχῶς
2974 1887 3056 1940 δεῖ
3102 1889 3318 1941 ἀκούειν
3363 1891 3472 1959 τῆς
3521 1893 3660 1943 λατά

390 1994 535 2032 tnttm
573 1988 791 2042 natura,
818 1979 1049 2032 alterum
1087 1978 1389 2044 voluntate,
1420 1979 1641 2032 tertium
1680 1980 1964 2048 dignitate.

391 2067 618 2131 Natura,
660 2067 937 2135 inquiens,
989 2065 1124 2121 illud
1173 2076 1276 2129 est,
1327 2067 1473 2135 quod
1508 2068 1750 2135 genitum
1806 2075 1891 2120 est
1933 2081 1963 2119 a

389 2159 624 2228 quodam
654 2159 861 2229 genito,
895 2162 1039 2226 quod
1073 2160 1240 2211 etiam
1281 2159 1505 2226 proprie
1528 2158 1671 2211 lilius
1700 2167 1963 2221 vocatur;

390 2252 673 2303 voluntate
707 2264 863 2311 vero,
898 2264 1023 2303 cum
1075 2249 1199 2317 quis
1236 2250 1569 2303 voluntatem
1622 2248 1833 2303 faciens
1870 2248 1969 2301 ali-

390 2337 567 2405 cujus,
602 2337 772 2391 animi
802 2338 884 2391 sui
910 2337 1115 2406 judicio
1153 2336 1317 2403 ﬁlius,
1354 2335 1510 2404 cujus
1537 2336 1668 2392 facit
1713 2337 1969 2391 volunta-

392 2437 521 2491 tem,
568 2437 826 2493 vocatur;
863 2439 1141 2497 postremo
1187 2429 1473 2497 dignitate,
1514 2429 1672 2497 juxta
1703 2430 1849 2498 quod
1887 2428 1971 2482 di-

392 2529 590 2572 cuntur
640 2518 863 2585 quidam
915 2518 1177 2587 gehennae
1226 2517 1347 2583 lilii,
1398 2526 1453 2571 et
1506 2519 1880 2583 tenebrarum,
1914 2529 1969 2571 et

392 2609 718 2679 iniquitatis,
743 2619 799 2663 et
845 2619 1183 2678 serpentum,
1219 2618 1275 2662 et
1317 2608 1624 2677 viperarum
1658 2610 1967 2677 progenies.

391 2694 510 2750 Non
548 2698 692 2749 enim
724 2705 989 2766 generant
1013 2697 1148 2761 batc,
1186 2697 1381 2765 inquit,
1418 2697 1545 2751 talia
1591 2699 1841 2768 quaedam
1873 2715 1969 2755 sua

391 2785 638 2856 ipsorum
682 2796 902 2851 natura,
957 2801 1082 2840 cum
1130 2786 1310 2855 potius
1358 2796 1735 2857 corrumpant,
1771 2802 1968 2843 consu-

392 2886 648 2945 tnautque
686 2891 781 2932 eos
813 2876 907 2946 qui
940 2877 993 2931 itt
1028 2877 1145 2945 ipsa
1196 2875 1525 2943 inciderint;
1574 2880 1669 2933 sed
1708 2879 1965 2948 quoniam

390 2967 673 3025 eﬂ’ecerint
696 2968 914 3025 illorum
942 2982 1136 3039 opera,
1166 2983 1358 3025 eorum
1398 2970 1503 3024 lllii
1532 2982 1821 3027 vocantur.

2072 1973 2261 2026 τέκνα
2292 1974 2609 2045 ὀνομασίας.
2642 1977 2864 2045 Πρῶτον
2917 1978 3096 2046 φύσει,
3129 1978 3379 2049 δεύτερον
3436 1980 3657 2051 γνώμῃ,

2068 2063 2253 2135 τρίτον
2284 2064 2428 2136 ἀξίᾳ.
2466 2065 2576 2119 Καὶ
2616 2066 2773 2134 φύσει
2804 2066 2923 2137 μὲν,
2958 2070 3111 2138 φησι,
3135 2071 3252 2122 ἐστὶ
3293 2070 3353 2123 τὸ
3393 2072 3660 2141 γεννηθὲν

2068 2153 2174 2206 ὑπό
2210 2171 2356 2217 τινος
2399 2155 2681 2225 γεννητοῦ,
2715 2157 2742 2209 ὃ
2773 2159 2865 2210 καὶ
2905 2160 3108 2229 κυρίως
3134 2160 3321 2213 τέκνον
3363 2161 3655 2215 καλεῖται·

2069 2243 2262 2316 γνώμῃ
2290 2245 2368 2307 δὲ,
2387 2245 2475 2297 ὅτε
2492 2245 2553 2297 τὸ
2575 2245 2785 2317 θέλημά
2815 2266 2900 2311 τις
2928 2248 3095 2301 ποιῶν
3119 2251 3261 2314 τινὸς
3282 2251 3373 2304 διὰ
3397 2253 3511 2323 τὴν
3542 2255 3659 2305 ἑαυ-

2067 2330 2163 2384 τοῦ
2195 2332 2438 2403 γνώμην,
2461 2334 2647 2386 τέκνον
2680 2336 2911 2400 ἐκείνου,
2943 2330 3002 2391 οὗ
3034 2342 3177 2392 ποιεί
3197 2340 3256 2393 τὸ
3289 2340 3538 2412 θέλημα,
3567 2361 3657 2395 κα-

2071 2423 2241 2477 λεῖται
2262 2442 2274 2455 ·
2311 2425 2438 2496 ἀξίᾳ
2463 2426 2539 2490 δὲ,
2569 2427 2692 2480 καθ’
2727 2427 2755 2480 ὃ
2794 2427 3011 2497 λέγεταί
3036 2448 3179 2495 τινες
3217 2433 3447 2503 γεέννης
3471 2436 3654 2497 τέκνα,

2072 2515 2167 2567 καὶ
2202 2516 2445 2580 σκότους,
2479 2519 2573 2570 καὶ
2616 2518 2861 2589 ἀνομίας,
2909 2522 3003 2573 καὶ
3044 2522 3239 2591 ὄφεων,
3282 2526 3378 2576 καὶ
3437 2526 3657 2596 ἐχιδνῶν

2072 2608 2387 2677 γεννήματα
2407 2626 2420 2638 ⁸
2462 2609 2536 2662 Οὐ
2568 2608 2675 2680 γὰρ
2700 2613 2882 2681 γεννᾷ,
2911 2613 3063 2682 φησὶ,
3093 2613 3265 2667 ταῦτά
3283 2632 3411 2668 τινα
3447 2621 3517 2687 τῇ
3544 2620 3659 2670 ἑαυ-

2082 2694 2192 2747 τῶν
2236 2695 2427 2765 φύσει·
2484 2699 2782 2771 φθοροποιά
2825 2702 2953 2773 γὰρ,
2998 2705 3089 2756 καί⁸
3128 2705 3495 2760 ἀναλίσκοντα
3540 2710 3658 2772 τοὺς

2073 2786 2439 2857 ἐμϐληθέν-σας
2469 2791 2548 2853 είς
2577 2791 2745 2844 αὐτά*
2780 2784 3044 2846 ἀλλ”ὲπεὶ
3064 2793 3304 2867 ἔπραξαν
3323 2797 3395 2851 τὰ
3426 2799 3652 2853 ἐκείνων

2074 2874 2230 2945 ἔργα,
2260 2877 2424 2931 τέκνα
2449 2878 2631 2932 αὐτῶν
2655 2881 2889 2952 εἴρηται.
3164 2898 3173 2908 ·

1587 3113 1672 3175 Et
1703 3122 1867 3175 tomo
1894 3117 2132 3190 XXIV,
2157 3133 2308 3195 pag.
2336 3118 2455 3179 320

463 3236 570 3292 Nos
603 3237 818 3307 quidem
844 3238 948 3293 hoc
966 3238 1167 3293 dictum
1198 3257 1213 3291 :
1249 3238 1277 3293 Ι
1284 3256 1315 3292 tt
1347 3240 1565 3293 ueritate
1590 3257 1695 3294 non
1722 3242 1867 3296 stetit
1890 3242 1969 3309 ⁷⁸,

2158 3244 2351 3314 Ἡμεῖς
2382 3245 2479 3314 μὲν
2507 3240 2600 3298 οὖν
2628 3244 2722 3297 τοῦ
2744 3285 2759 3309 ,
2805 3244 2905 3298 Ἐν
2940 3245 3016 3314 τῇ
3044 3247 3295 3314 ἀληθείᾳ
3326 3249 3444 3316 οὐχ
3490 3249 3656 3315 ἔστη-

394 3326 782 3399 intelligituus,
839 3343 949 3382 non
1013 3336 1271 3400 tanquam
1316 3331 1668 3387 ostendentes
1720 3342 1971 3387 naturam

2080 3348 2186 3385 κεν
2214 3372 2229 3395 ,
2276 3331 2568 3403 ἀκούομεν,
2594 3333 2691 3403 οὐχ
2731 3333 2805 3396 ὡς
2857 3334 3019 3403 φύσιν
3060 3336 3314 3407 τοιαύτην
3359 3338 3655 3409 ἐμφαίνονο

394 3417 592 3482 talem,
650 3432 822 3486 neque
878 3419 1135 3473 docentes
1177 3419 1293 3473 lieri
1359 3434 1465 3473 non
1529 3434 1687 3488 posse
1741 3431 1801 3473 ut
1862 3422 1973 3491 ipse

2078 3436 2171 3482 τες
2201 3420 2272 3483 τ’,
2302 3419 2424 3473 οὔτε
2449 3420 2510 3473 τὸ
2535 3420 2791 3475 ἀδύνατον
2816 3422 2945 3494 περὶ
2966 3421 3058 3477 τοῦ
3088 3425 3374 3495 έστηκέναι
3414 3428 3582 3481 αὐτὸν
3604 3430 3655 3497 ιν

392 3508 604 3561 steterit
643 3506 696 3561 itt
747 3510 997 3563 veritate.
1049 3509 1355 3564 Heracleon
1393 3524 1524 3564 vero
1576 3511 1626 3563 in
1665 3510 1755 3564 illa
1800 3512 1973 3581 inquit

2079 3510 2307 3583 ἀληθείᾳ
2360 3514 2760 3583 παριστάντες·
2809 3514 2837 3565 ὁ
2890 3513 2947 3566 δὲ
2999 3514 3313 3585 ’Πρακλέων
3358 3518 3446 3581 είς
3492 3518 3657 3574 ταῦτά

392 3594 497 3652 hoc
528 3614 542 3651 :
580 3597 794 3653 Natura
840 3600 1004 3669 ipsius
1033 3616 1097 3654 ea:
1146 3601 1364 3654 ueritate
1412 3617 1516 3654 non
1549 3610 1650 3664 est,
1690 3602 1781 3655 sed
1810 3618 1874 3656 ex
1912 3618 1973 3656 eo

2080 3620 2212 3673 φησι
2236 3604 2328 3656 τό·
2384 3606 2465 3657 οὐ
2495 3604 2602 3673 γὰρ
2638 3605 2706 3657 ἐκ
2757 3603 2867 3671 τῆς
2891 3605 3177 3673 ἀληθείας
3208 3608 3248 3675 ή
3274 3609 3464 3674 φύσις
3492 3611 3657 3663 ἐστίν

393 3695 533 3755 quod
565 3690 892 3742 contrarium
922 3700 996 3743 est
1038 3692 1284 3754 veritati;
1338 3691 1589 3744 nimirum
1620 3706 1686 3745 ea:
1716 3686 1972 3747 erroreet

2079 3695 2299 3759 αὑτοῦ,
2354 3695 2493 3749 ἀλλ’
2525 3697 2593 3748 ἐκ
2640 3696 2746 3750 τοῦ
2794 3697 3071 3750 ἐναντίου
3117 3697 3194 3765 τῇ
3246 3698 3535 3765 ἀληθείᾳ,
3591 3701 3654 3753 ἐι

394 3782 723 3855 ignorantia.
763 3782 1050 3848 Quocirca,
1086 3784 1280 3851 inquit,
1312 3798 1476 3852 neque
1507 3792 1647 3837 stare
1670 3785 1723 3837 in
1754 3785 1969 3839 ueritate

2078 3790 2313 3859 πλάνης
2350 3791 2447 3845 καὶ
2483 3791 2749 3860 ἀγνοίας.
2782 3792 2900 3855 Διὸ,
2926 3792 3110 3861 φησιν,
3154 3792 3293 3845 οὔτε
3328 3793 3556 3859 στῆναι
3592 3795 3656 3845 ἐν·

395 3876 588 3947 potuit,
619 3890 781 3943 neque
827 3875 1097 3927 veritatem
1130 3876 1185 3928 in
1218 3874 1389 3941 seipso
1431 3874 1621 3929 habere
1656 3886 1863 3945 potest;
1906 3894 1971 3931 ea:

2078 3883 2355 3949 ἀληθείᾳ,
2397 3883 2536 3935 οὕτε
2568 3882 2744 3950 σχεῖν
2776 3883 2846 3936 ἐν
2876 3881 3039 3947 αὐτῷ
3070 3881 3361 3948 ἀλήθειαν
3387 3882 3650 3945 δύναται,

398 3980 591 4021 natura
620 3981 717 4017 sua
745 3966 1015 4033 proprium
1045 3966 1241 4017 habens
1270 3966 1625 4029 mendacium,
1662 3970 1978 4022 naturaliter

398 4071 666 4126 nunquam
700 4056 878 4109 valens
905 4057 1076 4109 dicere
1100 4058 1393 4110 veritatem.
1437 4057 1580 4112 Dicit
1606 4070 1812 4125 autem,
1833 4060 1976 4128 quod

398 4161 505 4200 non
551 4145 723 4199 solum
758 4145 875 4212 ipse
925 4147 1158 4199 utendas
1207 4156 1313 4211 est,
1364 4146 1534 4220 376
1576 4164 1761 4203 verum
1810 4152 1977 4205 etiam

399 4243 554 4306 pater
589 4233 781 4303 ipsius,
834 4232 1184 4302 peculiariter
1211 4250 1494 4305 exponens
1534 4246 1685 4305 pater
1722 4240 1887 4308 ipsius
1914 4241 1983 4294 de

400 4332 592 4375 natura
626 4324 836 4391 ipsius;
869 4325 1316 4395 quandoquidem
1354 4341 1422 4382 ex
1451 4342 1640 4397 errore
1661 4338 1716 4384 et
1745 4330 1983 4385 falsitate

401 4413 670 4469 consistit.
1540 4410 1547 4411 ί

2080 3974 2148 4026 ἐκ
2181 3973 2291 4041 τῆς
2323 3973 2508 4028 αὑτοῦ
2539 3974 2778 4042 φύσεως
2807 3972 2962 4025 ἴδιον
2991 3972 3149 4042 ἔχων
3175 3972 3241 4026 τὸ
3278 3972 3531 4041 ψεῦδος,
3555 3990 3654 4040 ρυ-

2082 4065 2269 4129 σικῶς
2296 4065 2382 4133 μὴ
2416 4064 2749 4132 δυνάμενός
2776 4078 2920 4117 ποτε
2948 4064 3237 4130 ἀλήθειαν
3260 4065 3472 4118 εἰπεῖν.
3504 4065 3651 4131 Λέγει

2052 4184 2059 4188 ν
2082 4156 2159 4219 δὲ,
2176 4159 2257 4209 ὅτι
2281 4157 2340 4209 οὑ
2374 4156 2533 4226 μόνος
2547 4156 2707 4218 αὐτὸς
2730 4155 2970 4225 ψεύστης
2986 4157 3154 4220 ἐστὶν,
3173 4156 3310 4209 ἀλλά
3325 4159 3460 4210 καὶὸ
3484 4159 3652 4226 πατὴρ

2083 4247 2268 4312 αὐτοῦ,
2314 4247 2477 4311 ἰδίως,
2511 4246 2706 4314 πατὴρ
2747 4245 2955 4310 αὐτοῦ,
2988 4246 3345 4317 ἐκλαμϐάνων
3379 4248 3479 4317 τὴν
3505 4246 3652 4317 φύσιν

2085 4338 2248 4392 αὐτοῦ
2270 4356 2282 4368 ο
2316 4337 2547 4407 ἐπείπερ
2591 4338 2657 4390 ὲκ
2686 4336 2892 4407 πλάνης
2933 4337 3027 4390 καὶ
3057 4336 3374 4409 ψεύσματος
3410 4337 3648 4405 συνέστη.

1667 4538 1795 4599 Sub
1816 4539 1994 4617 ﬁnem
2024 4505 2178 4601 tomi
2204 4540 2442 4602 XXVI.

473 4650 778 4707 Heracleon
807 4653 858 4708 itt
894 4655 1028 4710 illud
1062 4674 1075 4710 :
1112 4656 1206 4710 Est
1234 4658 1323 4726 qui
1352 4661 1569 4728 quierit,
1596 4670 1642 4713 et
1666 4662 1875 4729 judicat
1901 4662 1970 4727 ⁸ο,
2006 4666 2051 4721 Ι)

406 4761 516 4800 non
548 4749 617 4800 ad
646 4746 859 4803 Patrem
886 4747 1081 4817 refert,
1110 4749 1375 4818 siquidem
1411 4752 1487 4805 ait
1519 4766 1534 4804 :
1572 4751 1675 4817 Qui
1712 4752 1900 4821 quaerit
1928 4761 1978 4805 et

396 4838 606 4907 judicat
636 4850 709 4892 est
742 4842 811 4904 is,
842 4842 933 4911 qui
956 4857 1037 4894 me
1069 4842 1317 4907 vindicat,
1352 4844 1595 4896 minister
1615 4845 1683 4898 ad
1708 4845 1803 4896 hoc
1831 4844 1981 4896 ordi-

407 4941 585 4995 natus,
622 4934 713 5001 qui
744 4949 847 4986 non
883 4944 1075 4987 temere
1102 4933 1337 5002 gladium
1360 4945 1554 5002 portat,
1592 4935 1785 4988 vindex
1824 4937 1980 5003 regis.

410 5022 616 5091 Moyses
641 5034 812 5076 autent
842 5032 920 5076 est
947 5023 1052 5083 hic,
1081 5026 1526 5091 quemadmodum
1558 5026 1804 5091 superius
1846 5026 1983 5078 dixit

409 5112 515 5163 illis
553 5110 749 5183 (Iesus)
778 5115 961 5167 dicens
996 5153 1011 5177 ,
1072 5114 1140 5167 In
1200 5132 1348 5184 quem
1412 5132 1501 5169 vos
1560 5117 1857 5184 speravistis
1912 5116 1982 5172 “.

408 5202 600 5257 Postea
634 5204 921 5273 subjungit
949 5219 963 5259 :
997 5205 1100 5271 Qui
1118 5206 1329 5276 judicat
1363 5218 1411 5260 et
1463 5209 1614 5275 punit
1641 5218 1714 5261 est
1751 5207 1983 5277 Moyses,

406 5295 503 5347 hoc
525 5302 625 5359 est,
656 5297 763 5362 ipse
799 5297 1091 5365 legislator.
1123 5300 1318 5354 Postea
1357 5301 1579 5353 dubium
1606 5309 1795 5354 contra
1836 5300 1984 5368 seip-

407 5401 529 5440 sum
567 5398 747 5439 movet
778 5387 1099 5454 Ileracleon,
1141 5390 1326 5445 dicens
1358 5408 1372 5445 :
1409 5390 1685 5456 Quomodo
1717 5391 1880 5459 igitur
1903 5391 1984 5442 di-

406 5480 477 5532 cit
506 5494 659 5534 omne
692 5478 961 5547 judicium
997 5482 1096 5534 sibi
1143 5483 1398 5535 traditum
1448 5483 1653 5550 fuisse?
1682 5482 1749 5535 Et
1790 5480 1983 5535 existi-

477 5622 691 5677 "Joan.
722 5639 840 5693 vttt,
873 5622 961 5679 44.
1040 5626 1083 5657 ⁷⁷
1142 5624 1232 5682 Sic
1256 5628 1404 5683 Bodl.
1477 5626 1693 5682 "Joan.
1750 5641 1824 5689 tv,
1853 5623 1944 5682 Η.
2020 5622 2067 5656 τ’
2099 5621 2191 5677 Sic
2224 5621 2378 5677 Bodl.
2405 5621 2576 5693 .2283.

407 5690 569 5748 2282.
646 5694 690 5726 ⁸⁸
734 5692 891 5749 Joan.
929 5710 978 5759 v,
1027 5693 1113 5747 ιδ.

2161 4662 2221 4714 '0
2266 4660 2580 4731 Ἡρακλέων
2648 4659 2732 4722 τὸ,
2794 4661 3008 4713 Ἔστιν
3052 4661 3085 4712 ὁ
3133 4655 3345 4726 ζητῶν,
3394 4658 3492 4713 καί
3534 4658 3648 4727 κρί-

2086 4768 2227 4814 νων,
2264 4752 2362 4803 οὐκ
2392 4750 2654 4821 ἀναφέρει
2693 4749 2784 4802 ὲπὶ
2806 4749 2895 4801 τὸν
2922 4749 3162 4820 Πατέρα,
3196 4747 3423 4801 τοιαῦτα
3454 4749 3643 4817 λέγων’

2098 4841 2159 4892 '0
2204 4839 2389 4908 ζητῶν
2439 4840 2535 4893 καὶ
2581 4839 2799 4907 κρίνων
2846 4839 3020 4891 ἐστίν
3064 4841 3097 4892 d
3143 4837 3401 4892 ἐκδικῶν
3449 4856 3563 4910 με,
3619 4840 3648 4891 ό

2085 4930 2404 4999 ὐπτιρέτὴς,
2459 4934 2492 4983 ό
2541 4932 2629 4995 εις
2663 4928 2838 4981 τοῦτο
2888 4928 3260 4997 τεταγμένος.
3320 4933 3355 4984 ὁ
3396 4931 3481 5001 μὴ
3526 4932 3646 4994 sint]

2088 5023 2202 5089 τὴν
2248 5022 2550 5092 μάχαιραν
2585 5020 2807 5089 φορῶν,
2842 5024 2874 5074 ό
2922 5021 3157 5086 ἔκδικος
3189 5021 3298 5075 τοῦ
3338 5020 3645 5086 βασιλέα.

2092 5112 2363 5180 Μωυσῆς
2391 5112 2459 5165 δέ
2501 5114 2673 5167 ἐστιν
2699 5110 2876 5178 οὗτος
2894 5114 2962 5177 εί,
2999 5114 3148 5166 καθὰ
3172 5115 3519 5182 προείρηκεν
3549 5114 3647 5164 αὐ·

2090 5207 2216 5272 τοῖς
2240 5204 2465 5276 λέγων·
2520 5206 2626 5270 Είς
2668 5204 2741 5257 ὃν
2785 5203 2957 5273 ὑμεῖς
2998 5204 3322 5272 ἠλπίσατε.
3388 5202 3495 5257 Εἶτ’
3536 5203 3643 5254 ἑπι-

2090 5299 2264 5367 φέρει,
2293 5298 2373 5349 ὅτι
2393 5313 2406 5326 ·
2457 5296 2518 5348 '0
2545 5295 2763 5362 κρίνων
2791 5294 2889 5347 καὶ
2910 5295 3463 5362 κολπωνΜωῦσῆς,
3491 5307 3647 5346 τουτ-

2087 5391 2257 5445 έστιν
2297 5391 2478 5457 αὐτὸς
2534 5394 2567 5445 d
2611 5389 2953 5459 νομοθέτης.
2996 5390 3105 5442 Καὶ
3157 5389 3299 5457 μετά
3337 5389 3488 5441 τοῦτο
3523 5383 3648 5455 πρὸς

2090 5478 2279 5528 ἑαυτὸν
2309 5478 2575 5547 ἐπαπορεί
2604 5479 2632 5530 ὁ
2675 5475 2986 5547 Ἡρακλέων
3032 5475 3239 5543 λέγων’
3274 5475 3404 5541 Πῶς
3429 5471 3536 5529 οὖν
3556 5470 3647 5526 λέ-

2645 5622 2739 5693 ,ἐο
2768 5620 2930 5676 Joan.
2955 5634 3075 5686 vttt,
3118 5619 3208 5675 50.
3314 5620 3356 5652 ⁸³
3385 5617 3475 5673 Sic
3502 5610 3642 5670 Bodl.
