  <div class='ocr_page' id='page_1' title='image "/cluster/home/n/w/nwhite01/storage/ocr_20150623/7/hvd.32044019206614/672.png"; bbox 0 0 3878 6348; ppageno 0'>
   <div class='ocr_carea' id='block_1_1' title="bbox 242 404 388 460">
    <p class='ocr_par' dir='ltr' id='par_1_1' title="bbox 242 404 388 460">
     <span class='ocr_line' id='line_1_1' title="bbox 242 404 388 460; baseline 0.007 -2"><span class='ocrx_word' id='word_1_1' title='bbox 242 404 388 460; x_wconf 65' lang='grc' dir='ltr'><strong>Ιῖἓῖἰ</strong></span> 
     </span>
    </p>
   </div>
   <div class='ocr_carea' id='block_1_2' title="bbox 236 535 1009 604">
    <p class='ocr_par' dir='ltr' id='par_1_2' title="bbox 236 535 1009 604">
     <span class='ocr_line' id='line_1_2' title="bbox 236 535 1009 604; baseline -0.001 -14"><span class='ocrx_word' id='word_1_2' title='bbox 236 541 385 592; x_wconf 83' lang='lat' dir='ltr'><strong>baud</strong></span> <span class='ocrx_word' id='word_1_3' title='bbox 421 537 536 591; x_wconf 81' lang='lat' dir='ltr'><strong>scio</strong></span> <span class='ocrx_word' id='word_1_4' title='bbox 576 535 703 604; x_wconf 89' lang='lat' dir='ltr'><strong>quid</strong></span> <span class='ocrx_word' id='word_1_5' title='bbox 746 545 1009 590; x_wconf 61' lang='lat' dir='ltr'><strong>secutus:</strong></span> 
     </span>
    </p>
   </div>
   <div class='ocr_carea' id='block_1_3' title="bbox 238 602 1832 676">
    <p class='ocr_par' dir='ltr' id='par_1_3' title="bbox 238 602 1832 676">
     <span class='ocr_line' id='line_1_3' title="bbox 238 602 1832 676; baseline -0.003 -15"><span class='ocrx_word' id='word_1_6' title='bbox 238 612 421 663; x_wconf 84' lang='lat' dir='ltr'><strong>liauiis</strong></span> <span class='ocrx_word' id='word_1_7' title='bbox 460 609 511 659; x_wconf 92' lang='lat' dir='ltr'><strong>in</strong></span> <span class='ocrx_word' id='word_1_8' title='bbox 550 602 653 662; x_wconf 83' lang='lat' dir='ltr'><strong>lioc</strong></span> <span class='ocrx_word' id='word_1_9' title='bbox 682 609 824 676; x_wconf 82' lang='lat' dir='ltr'><strong>quod</strong></span> <span class='ocrx_word' id='word_1_10' title='bbox 862 621 1025 658; x_wconf 87' lang='lat' dir='ltr'><strong>narro</strong></span> <span class='ocrx_word' id='word_1_11' title='bbox 1055 646 1069 667; x_wconf 95' lang='lat'><strong>,</strong></span> <span class='ocrx_word' id='word_1_12' title='bbox 1112 607 1485 660; x_wconf 86' lang='lat' dir='ltr'><strong>consentiunt.</strong></span> <span class='ocrx_word' id='word_1_13' title='bbox 1536 602 1832 676; x_wconf 77' lang='lat' dir='ltr'><strong>litter_li:ec</strong></span> 
     </span>
    </p>
   </div>
   <div class='ocr_carea' id='block_1_4' title="bbox 237 672 1831 744">
    <p class='ocr_par' dir='ltr' id='par_1_4' title="bbox 237 672 1831 744">
     <span class='ocr_line' id='line_1_4' title="bbox 237 672 1831 744; baseline -0.002 -16"><span class='ocrx_word' id='word_1_14' title='bbox 237 689 499 744; x_wconf 84' lang='lat' dir='ltr'><strong>portenta</strong></span> <span class='ocrx_word' id='word_1_15' title='bbox 542 672 816 731; x_wconf 78' lang='lat' dir='ltr'><strong>latuerunt</strong></span> <span class='ocrx_word' id='word_1_16' title='bbox 855 677 1068 730; x_wconf 81' lang='lat' dir='ltr'><strong>Potitus</strong></span> <span class='ocrx_word' id='word_1_17' title='bbox 1106 686 1160 731; x_wconf 83' lang='lat' dir='ltr'><strong>et</strong></span> <span class='ocrx_word' id='word_1_18' title='bbox 1194 676 1487 729; x_wconf 74' lang='lat' dir='ltr'><strong>Basiliscus</strong></span> <span class='ocrx_word' id='word_1_19' title='bbox 1512 712 1527 735; x_wconf 91' lang='lat'><strong>,</strong></span> <span class='ocrx_word' id='word_1_20' title='bbox 1559 676 1651 740; x_wconf 88' lang='lat' dir='ltr'><strong>qui</strong></span> <span class='ocrx_word' id='word_1_21' title='bbox 1688 672 1831 725; x_wconf 82' lang='lat' dir='ltr'><strong>Mar-</strong></span> 
     </span>
    </p>
   </div>
   <div class='ocr_carea' id='block_1_5' title="bbox 236 744 1828 815">
    <p class='ocr_par' dir='ltr' id='par_1_5' title="bbox 236 744 1828 815">
     <span class='ocr_line' id='line_1_5' title="bbox 236 744 1828 815; baseline -0.001 -18"><span class='ocrx_word' id='word_1_22' title='bbox 236 750 460 802; x_wconf 75' lang='lat' dir='ltr'><strong>ciuilem</strong></span> <span class='ocrx_word' id='word_1_23' title='bbox 512 749 707 809; x_wconf 82' lang='lat' dir='ltr'><strong>secuti,</strong></span> <span class='ocrx_word' id='word_1_24' title='bbox 756 750 863 799; x_wconf 89' lang='lat' dir='ltr'><strong>duo</strong></span> <span class='ocrx_word' id='word_1_25' title='bbox 917 762 1097 799; x_wconf 88' lang='lat' dir='ltr'><strong>rerum</strong></span> <span class='ocrx_word' id='word_1_26' title='bbox 1154 745 1421 815; x_wconf 85' lang='lat' dir='ltr'><strong>principia</strong></span> <span class='ocrx_word' id='word_1_27' title='bbox 1465 744 1828 815; x_wconf 84' lang='lat' dir='ltr'><strong>tiadideruut.</strong></span> 
     </span>
    </p>
   </div>
   <div class='ocr_carea' id='block_1_6' title="bbox 238 813 1833 888">
    <p class='ocr_par' dir='ltr' id='par_1_6' title="bbox 238 813 1833 888">
     <span class='ocr_line' id='line_1_6' title="bbox 238 813 1833 888; baseline -0.003 -17"><span class='ocrx_word' id='word_1_28' title='bbox 238 819 495 888; x_wconf 84' lang='lat' dir='ltr'><strong>Syreuus</strong></span> <span class='ocrx_word' id='word_1_29' title='bbox 531 819 705 885; x_wconf 77' lang='lat' dir='ltr'><strong>magis</strong></span> <span class='ocrx_word' id='word_1_30' title='bbox 743 817 905 888; x_wconf 83' lang='lat' dir='ltr'><strong>etiam</strong></span> <span class='ocrx_word' id='word_1_31' title='bbox 933 813 1201 888; x_wconf 79' lang='lat' dir='ltr'><strong>delirans,</strong></span> <span class='ocrx_word' id='word_1_32' title='bbox 1244 813 1344 870; x_wconf 85' lang='lat' dir='ltr'><strong>tria</strong></span> <span class='ocrx_word' id='word_1_33' title='bbox 1379 814 1671 888; x_wconf 88' lang='lat' dir='ltr'><strong>priiici_pia_,</strong></span> <span class='ocrx_word' id='word_1_34' title='bbox 1714 813 1833 867; x_wconf 86' lang='lat' dir='ltr'><strong>sive</strong></span> 
     </span>
    </p>
   </div>
   <div class='ocr_carea' id='block_1_7' title="bbox 240 883 1830 943">
    <p class='ocr_par' dir='ltr' id='par_1_7' title="bbox 240 883 1830 943">
     <span class='ocr_line' id='line_1_7' title="bbox 240 883 1830 943; baseline -0.003 -3"><span class='ocrx_word' id='word_1_35' title='bbox 240 883 359 942; x_wconf 53' lang='lat' dir='ltr'><strong>tr&#39;es</strong></span> <span class='ocrx_word' id='word_1_36' title='bbox 397 883 639 942; x_wconf 77' lang='lat' dir='ltr'><strong>naturas</strong></span> <span class='ocrx_word' id='word_1_37' title='bbox 663 886 901 940; x_wconf 74' lang='lat' dir='ltr'><strong>induxit.</strong></span> <span class='ocrx_word' id='word_1_38' title='bbox 931 886 1039 941; x_wconf 90' lang='lat' dir='ltr'><strong>llos</strong></span> <span class='ocrx_word' id='word_1_39' title='bbox 1066 902 1256 941; x_wconf 89' lang='lat' dir='ltr'><strong>omnes</strong></span> <span class='ocrx_word' id='word_1_40' title='bbox 1288 897 1506 939; x_wconf 81' lang='lat' dir='ltr'><strong>secutus</strong></span> <span class='ocrx_word' id='word_1_41' title='bbox 1545 883 1830 943; x_wconf 84' lang='lat' dir='ltr'><strong>Tatiatius,</strong></span> 
     </span>
    </p>
   </div>
   <div class='ocr_carea' id='block_1_8' title="bbox 236 952 1829 1023">
    <p class='ocr_par' dir='ltr' id='par_1_8' title="bbox 236 952 1829 1023">
     <span class='ocr_line' id='line_1_8' title="bbox 236 952 1829 1023; baseline -0.001 -16"><span class='ocrx_word' id='word_1_42' title='bbox 236 975 306 1012; x_wconf 71' lang='lat' dir='ltr'><strong>ex</strong></span> <span class='ocrx_word' id='word_1_43' title='bbox 361 957 563 1012; x_wconf 79' lang='lat' dir='ltr'><strong>Jiistini</strong></span> <span class='ocrx_word' id='word_1_44' title='bbox 629 956 899 1023; x_wconf 87' lang='lat' dir='ltr'><strong>discipulo</strong></span> <span class='ocrx_word' id='word_1_45' title='bbox 951 957 1127 1010; x_wconf 80' lang='lat' dir='ltr'><strong>l&#39;actns</strong></span> <span class='ocrx_word' id='word_1_46' title='bbox 1180 956 1513 1015; x_wconf 73' lang='lat' dir='ltr'><strong>lia‘reliciis,</strong></span> <span class='ocrx_word' id='word_1_47' title='bbox 1558 952 1829 1006; x_wconf 73' lang='lat' dir='ltr'><strong>Valentini</strong></span> 
     </span>
    </p>
   </div>
   <div class='ocr_carea' id='block_1_9' title="bbox 240 1023 1832 1096">
    <p class='ocr_par' dir='ltr' id='par_1_9' title="bbox 240 1023 1832 1096">
     <span class='ocr_line' id='line_1_9' title="bbox 240 1023 1832 1096; baseline -0.004 -16"><span class='ocrx_word' id='word_1_48' title='bbox 240 1028 656 1095; x_wconf 79' lang='lat' dir='ltr'><strong>Marcionisqiie</strong></span> <span class='ocrx_word' id='word_1_49' title='bbox 687 1025 944 1094; x_wconf 75' lang='lat' dir='ltr'><strong>pestilcra</strong></span> <span class='ocrx_word' id='word_1_50' title='bbox 1005 1028 1259 1096; x_wconf 84' lang='lat' dir='ltr'><strong>dogmata</strong></span> <span class='ocrx_word' id='word_1_51' title='bbox 1310 1024 1626 1096; x_wconf 74' lang='lat' dir='ltr'><strong>remeavit:</strong></span> <span class='ocrx_word' id='word_1_52' title='bbox 1664 1023 1832 1096; x_wconf 74' lang='lat' dir='ltr'><strong>disci-</strong></span> 
     </span>
    </p>
   </div>
   <div class='ocr_carea' id='block_1_10' title="bbox 239 1092 1826 1166">
    <p class='ocr_par' dir='ltr' id='par_1_10' title="bbox 239 1092 1826 1166">
     <span class='ocr_line' id='line_1_10' title="bbox 239 1092 1826 1166; baseline -0.004 -15"><span class='ocrx_word' id='word_1_53' title='bbox 239 1101 436 1166; x_wconf 87' lang='lat' dir='ltr'><strong>pulum</strong></span> <span class='ocrx_word' id='word_1_54' title='bbox 476 1092 663 1151; x_wconf 82' lang='lat' dir='ltr'><strong>liahuit</strong></span> <span class='ocrx_word' id='word_1_55' title='bbox 691 1092 1096 1152; x_wconf 21' lang='lat' dir='ltr'><strong>VCalistionein:</strong></span> <span class='ocrx_word' id='word_1_56' title='bbox 1125 1096 1181 1150; x_wconf 85' lang='lat' dir='ltr'><strong>lii</strong></span> <span class='ocrx_word' id='word_1_57' title='bbox 1217 1104 1324 1149; x_wconf 86' lang='lat' dir='ltr'><strong>lam</strong></span> <span class='ocrx_word' id='word_1_58' title='bbox 1379 1095 1595 1166; x_wconf 86' lang='lat' dir='ltr'><strong>longam</strong></span> <span class='ocrx_word' id='word_1_59' title='bbox 1626 1092 1826 1166; x_wconf 80' lang='lat' dir='ltr'><strong>si&#39;_r_iein</strong></span> 
     </span>
    </p>
   </div>
   <div class='ocr_carea' id='block_1_11' title="bbox 238 1160 1831 1235">
    <p class='ocr_par' dir='ltr' id='par_1_11' title="bbox 238 1160 1831 1235">
     <span class='ocr_line' id='line_1_11' title="bbox 238 1160 1831 1235; baseline -0.004 -15"><span class='ocrx_word' id='word_1_60' title='bbox 238 1160 302 1221; x_wconf 77' lang='lat' dir='ltr'><strong>se</strong></span> <span class='ocrx_word' id='word_1_61' title='bbox 328 1168 578 1235; x_wconf 78' lang='lat' dir='ltr'><strong>porrexit</strong></span> <span class='ocrx_word' id='word_1_62' title='bbox 619 1167 711 1219; x_wconf 92' lang='lat' dir='ltr'><strong>illa</strong></span> <span class='ocrx_word' id='word_1_63' title='bbox 774 1167 1093 1219; x_wconf 75' lang='lat' dir='ltr'><strong>detestanda</strong></span> <span class='ocrx_word' id='word_1_64' title='bbox 1167 1166 1282 1219; x_wconf 90' lang='lat' dir='ltr'><strong>lues</strong></span> <span class='ocrx_word' id='word_1_65' title='bbox 1331 1181 1359 1218; x_wconf 90' lang='lat' dir='ltr'><strong>a</strong></span> <span class='ocrx_word' id='word_1_66' title='bbox 1399 1160 1623 1235; x_wconf 83' lang='lat' dir='ltr'><strong>Simone</strong></span> <span class='ocrx_word' id='word_1_67' title='bbox 1676 1160 1831 1235; x_wconf 83' lang='lat' dir='ltr'><strong>M_ago</strong></span> 
     </span>
    </p>
   </div>
   <div class='ocr_carea' id='block_1_12' title="bbox 239 1230 1829 1307">
    <p class='ocr_par' dir='ltr' id='par_1_12' title="bbox 239 1230 1829 1307">
     <span class='ocr_line' id='line_1_12' title="bbox 239 1230 1829 1307; baseline -0.005 -16"><span class='ocrx_word' id='word_1_68' title='bbox 239 1230 520 1307; x_wconf 76' lang='lat' dir='ltr'><strong>profecta.</strong></span> <span class='ocrx_word' id='word_1_69' title='bbox 563 1238 821 1306; x_wconf 85' lang='lat' dir='ltr'><strong>dictuque</strong></span> <span class='ocrx_word' id='word_1_70' title='bbox 872 1236 1069 1289; x_wconf 92' lang='lat' dir='ltr'><strong>mirum</strong></span> <span class='ocrx_word' id='word_1_71' title='bbox 1108 1251 1446 1307; x_wconf 10' lang='lat' dir='ltr'><strong>quainga&#39;gre</strong></span> <span class='ocrx_word' id='word_1_72' title='bbox 1477 1233 1658 1288; x_wconf 80' lang='lat' dir='ltr'><strong>desiit.</strong></span> <span class='ocrx_word' id='word_1_73' title='bbox 1709 1230 1829 1285; x_wconf 76' lang='lat' dir='ltr'><strong>Jam</strong></span> 
     </span>
    </p>
   </div>
   <div class='ocr_carea' id='block_1_13' title="bbox 239 1305 1831 1369">
    <p class='ocr_par' dir='ltr' id='par_1_13' title="bbox 239 1305 1831 1369">
     <span class='ocr_line' id='line_1_13' title="bbox 239 1305 1831 1369; baseline -0.006 -8"><span class='ocrx_word' id='word_1_74' title='bbox 239 1305 397 1361; x_wconf 66' lang='lat' dir='ltr'><strong>enim</strong></span> <span class='ocrx_word' id='word_1_75' title='bbox 435 1307 705 1360; x_wconf 85' lang='lat' dir='ltr'><strong>Valentini</strong></span> <span class='ocrx_word' id='word_1_76' title='bbox 735 1305 939 1360; x_wconf 86' lang='lat' dir='ltr'><strong>nomen</strong></span> <span class='ocrx_word' id='word_1_77' title='bbox 976 1316 1094 1358; x_wconf 85' lang='lat' dir='ltr'><strong>crat</strong></span> <span class='ocrx_word' id='word_1_78' title='bbox 1141 1305 1477 1359; x_wconf 76' lang='lat' dir='ltr'><strong>exstinctum</strong></span> <span class='ocrx_word' id='word_1_79' title='bbox 1501 1345 1517 1369; x_wconf 96' lang='lat'><strong>,</strong></span> <span class='ocrx_word' id='word_1_80' title='bbox 1581 1316 1705 1357; x_wconf 89' lang='lat' dir='ltr'><strong>cum</strong></span> <span class='ocrx_word' id='word_1_81' title='bbox 1751 1311 1831 1353; x_wconf 86' lang='lat' dir='ltr'><strong>ta-</strong></span> 
     </span>
    </p>
   </div>
   <div class='ocr_carea' id='block_1_14' title="bbox 242 1373 1831 1433">
    <p class='ocr_par' dir='ltr' id='par_1_14' title="bbox 242 1373 1831 1433">
     <span class='ocr_line' id='line_1_14' title="bbox 242 1373 1831 1433; baseline -0.005 -3"><span class='ocrx_word' id='word_1_82' title='bbox 242 1394 374 1433; x_wconf 90' lang='lat' dir='ltr'><strong>ioeu</strong></span> <span class='ocrx_word' id='word_1_83' title='bbox 411 1392 517 1431; x_wconf 90' lang='lat' dir='ltr'><strong>non</strong></span> <span class='ocrx_word' id='word_1_84' title='bbox 559 1377 812 1431; x_wconf 90' lang='lat' dir='ltr'><strong>deessent</strong></span> <span class='ocrx_word' id='word_1_85' title='bbox 852 1376 1240 1429; x_wconf 79' lang='lat' dir='ltr'><strong>Valentiniani.</strong></span> <span class='ocrx_word' id='word_1_86' title='bbox 1291 1374 1402 1428; x_wconf 83' lang='lat' dir='ltr'><strong>Nec</strong></span> <span class='ocrx_word' id='word_1_87' title='bbox 1440 1374 1667 1427; x_wconf 88' lang='lat' dir='ltr'><strong>omnino</strong></span> <span class='ocrx_word' id='word_1_88' title='bbox 1710 1373 1831 1426; x_wconf 90' lang='lat' dir='ltr'><strong>linis</strong></span> 
     </span>
    </p>
   </div>
   <div class='ocr_carea' id='block_1_15' title="bbox 241 1441 1829 1510">
    <p class='ocr_par' dir='ltr' id='par_1_15' title="bbox 241 1441 1829 1510">
     <span class='ocr_line' id='line_1_15' title="bbox 241 1441 1829 1510; baseline -0.003 -10"><span class='ocrx_word' id='word_1_89' title='bbox 241 1450 540 1502; x_wconf 84' lang='lat' dir='ltr'><strong>\idebatur</strong></span> <span class='ocrx_word' id='word_1_90' title='bbox 594 1446 833 1506; x_wconf 65' lang='lat' dir='ltr'><strong>futurus,</strong></span> <span class='ocrx_word' id='word_1_91' title='bbox 862 1445 976 1498; x_wconf 79' lang='lat' dir='ltr'><strong>nisi</strong></span> <span class='ocrx_word' id='word_1_92' title='bbox 1044 1446 1282 1500; x_wconf 90' lang='lat' dir='ltr'><strong>venisset</strong></span> <span class='ocrx_word' id='word_1_93' title='bbox 1342 1443 1678 1505; x_wconf 84' lang='lat' dir='ltr'><strong>Montanus,</strong></span> <span class='ocrx_word' id='word_1_94' title='bbox 1738 1441 1829 1510; x_wconf 92' lang='lat' dir='ltr'><strong>qui</strong></span> 
     </span>
    </p>
   </div>
   <div class='ocr_carea' id='block_1_16' title="bbox 239 1516 1827 1582">
    <p class='ocr_par' dir='ltr' id='par_1_16' title="bbox 239 1516 1827 1582">
     <span class='ocr_line' id='line_1_16' title="bbox 239 1516 1827 1582; baseline -0.004 -11"><span class='ocrx_word' id='word_1_95' title='bbox 239 1520 468 1573; x_wconf 65' lang='lat' dir='ltr'><strong>cretei-is</strong></span> <span class='ocrx_word' id='word_1_96' title='bbox 498 1516 754 1571; x_wconf 89' lang='lat' dir='ltr'><strong>omnibus</strong></span> <span class='ocrx_word' id='word_1_97' title='bbox 789 1516 1077 1582; x_wconf 70' lang='lat' dir='ltr'><strong>abrogavit</strong></span> <span class='ocrx_word' id='word_1_98' title='bbox 1130 1516 1539 1576; x_wconf 88' lang='lat' dir='ltr'><strong>auctoritatem,</strong></span> <span class='ocrx_word' id='word_1_99' title='bbox 1576 1526 1636 1566; x_wconf 91' lang='lat' dir='ltr'><strong>se</strong></span> <span class='ocrx_word' id='word_1_100' title='bbox 1687 1527 1827 1581; x_wconf 67' lang='lat' dir='ltr'><strong>pree-</strong></span> 
     </span>
    </p>
   </div>
   <div class='ocr_carea' id='block_1_17' title="bbox 241 1582 1831 1653">
    <p class='ocr_par' dir='ltr' id='par_1_17' title="bbox 241 1582 1831 1653">
     <span class='ocr_line' id='line_1_17' title="bbox 241 1582 1831 1653; baseline -0.003 -14"><span class='ocrx_word' id='word_1_101' title='bbox 241 1590 440 1643; x_wconf 86' lang='lat' dir='ltr'><strong>dicans</strong></span> <span class='ocrx_word' id='word_1_102' title='bbox 472 1602 594 1642; x_wconf 88' lang='lat' dir='ltr'><strong>esse</strong></span> <span class='ocrx_word' id='word_1_103' title='bbox 630 1585 896 1653; x_wconf 85' lang='lat' dir='ltr'><strong>Spiritum</strong></span> <span class='ocrx_word' id='word_1_104' title='bbox 956 1595 1206 1639; x_wconf 72' lang='lat' dir='ltr'><strong>SullClllm</strong></span> <span class='ocrx_word' id='word_1_105' title='bbox 1262 1599 1289 1635; x_wconf 91' lang='lat' dir='ltr'><strong>a</strong></span> <span class='ocrx_word' id='word_1_106' title='bbox 1342 1582 1561 1638; x_wconf 84' lang='lat' dir='ltr'><strong>Christo</strong></span> <span class='ocrx_word' id='word_1_107' title='bbox 1595 1583 1831 1653; x_wconf 85' lang='lat' dir='ltr'><strong>promis-</strong></span> 
     </span>
    </p>
   </div>
   <div class='ocr_carea' id='block_1_18' title="bbox 240 1652 1830 1727">
    <p class='ocr_par' dir='ltr' id='par_1_18' title="bbox 240 1652 1830 1727">
     <span class='ocr_line' id='line_1_18' title="bbox 240 1652 1830 1727; baseline -0.006 -15"><span class='ocrx_word' id='word_1_108' title='bbox 240 1675 391 1719; x_wconf 82' lang='lat' dir='ltr'><strong>sum,</strong></span> <span class='ocrx_word' id='word_1_109' title='bbox 427 1660 517 1727; x_wconf 88' lang='lat' dir='ltr'><strong>qui</strong></span> <span class='ocrx_word' id='word_1_110' title='bbox 574 1652 869 1727; x_wconf 86' lang='lat' dir='ltr'><strong>deduceret</strong></span> <span class='ocrx_word' id='word_1_111' title='bbox 916 1657 968 1708; x_wconf 93' lang='lat' dir='ltr'><strong>in</strong></span> <span class='ocrx_word' id='word_1_112' title='bbox 1006 1669 1221 1727; x_wconf 75' lang='lat' dir='ltr'><strong>omnem</strong></span> <span class='ocrx_word' id='word_1_113' title='bbox 1284 1654 1621 1727; x_wconf 84' lang='lat' dir='ltr'><strong>veri_tatein._</strong></span> <span class='ocrx_word' id='word_1_114' title='bbox 1643 1652 1830 1727; x_wconf 45' lang='lat' dir='ltr'><strong>Quane</strong></span> 
     </span>
    </p>
   </div>
   <div class='ocr_carea' id='block_1_19' title="bbox 239 1722 1829 1791">
    <p class='ocr_par' dir='ltr' id='par_1_19' title="bbox 239 1722 1829 1791">
     <span class='ocr_line' id='line_1_19' title="bbox 239 1722 1829 1791; baseline -0.004 -12"><span class='ocrx_word' id='word_1_115' title='bbox 239 1722 509 1791; x_wconf 76' lang='lat' dir='ltr'><strong>quamet</strong></span> <span class='ocrx_word' id='word_1_116' title='bbox 543 1726 873 1781; x_wconf 78' lang='lat' dir='ltr'><strong>Manicliaus</strong></span> <span class='ocrx_word' id='word_1_117' title='bbox 926 1724 1175 1780; x_wconf 83' lang='lat' dir='ltr'><strong>nonnihil</strong></span> <span class='ocrx_word' id='word_1_118' title='bbox 1228 1724 1436 1777; x_wconf 89' lang='lat' dir='ltr'><strong>erroris</strong></span> <span class='ocrx_word' id='word_1_119' title='bbox 1486 1738 1550 1775; x_wconf 82' lang='lat' dir='ltr'><strong>ex</strong></span> <span class='ocrx_word' id='word_1_120' title='bbox 1588 1722 1829 1775; x_wconf 86' lang='lat' dir='ltr'><strong>Basilide</strong></span> 
     </span>
    </p>
   </div>
   <div class='ocr_carea' id='block_1_20' title="bbox 242 1792 1825 1862">
    <p class='ocr_par' dir='ltr' id='par_1_20' title="bbox 242 1792 1825 1862">
     <span class='ocr_line' id='line_1_20' title="bbox 242 1792 1825 1862; baseline -0.003 -14"><span class='ocrx_word' id='word_1_121' title='bbox 242 1801 466 1853; x_wconf 79' lang='lat' dir='ltr'><strong>videtur</strong></span> <span class='ocrx_word' id='word_1_122' title='bbox 492 1798 761 1852; x_wconf 89' lang='lat' dir='ltr'><strong>hausisse.</strong></span> <span class='ocrx_word' id='word_1_123' title='bbox 814 1794 1027 1849; x_wconf 78' lang='lat' dir='ltr'><strong>Accidit</strong></span> <span class='ocrx_word' id='word_1_124' title='bbox 1062 1805 1241 1847; x_wconf 89' lang='lat' dir='ltr'><strong>autem</strong></span> <span class='ocrx_word' id='word_1_125' title='bbox 1285 1794 1372 1847; x_wconf 87' lang='lat' dir='ltr'><strong>hic.</strong></span> <span class='ocrx_word' id='word_1_126' title='bbox 1401 1792 1546 1862; x_wconf 88' lang='lat' dir='ltr'><strong>quod</strong></span> <span class='ocrx_word' id='word_1_127' title='bbox 1598 1792 1737 1845; x_wconf 86' lang='lat' dir='ltr'><strong>solet</strong></span> <span class='ocrx_word' id='word_1_128' title='bbox 1773 1793 1825 1844; x_wconf 93' lang='lat' dir='ltr'><strong>in</strong></span> 
     </span>
    </p>
   </div>
   <div class='ocr_carea' id='block_1_21' title="bbox 1556 398 2233 455">
    <p class='ocr_par' dir='ltr' id='par_1_21' title="bbox 1556 398 2233 455">
     <span class='ocr_line' id='line_1_21' title="bbox 1556 398 2233 455; baseline 0.001 -1"><span class='ocrx_word' id='word_1_129' title='bbox 1556 402 1627 455; x_wconf 68' lang='lat' dir='ltr'><strong>Di</strong></span> <span class='ocrx_word' id='word_1_130' title='bbox 1672 399 1926 455; x_wconf 62' lang='lat' dir='ltr'><strong>lllEN.~El</strong></span> <span class='ocrx_word' id='word_1_131' title='bbox 1965 398 2233 455; x_wconf 64' lang='lat' dir='ltr'><strong>LIBROS.</strong></span> 
     </span>
    </p>
   </div>
   <div class='ocr_carea' id='block_1_22' title="bbox 3374 390 3514 449">
    <p class='ocr_par' dir='ltr' id='par_1_22' title="bbox 3374 390 3514 449">
     <span class='ocr_line' id='line_1_22' title="bbox 3374 390 3514 449; baseline -0.014 -2"><span class='ocrx_word' id='word_1_132' title='bbox 3374 390 3514 449; x_wconf 65' lang='grc' dir='ltr'><strong>ιῦἳῦ</strong></span> 
     </span>
    </p>
   </div>
   <div class='ocr_carea' id='block_1_23' title="bbox 1054 527 3514 606">
    <p class='ocr_par' dir='ltr' id='par_1_23' title="bbox 1054 527 3514 606">
     <span class='ocr_line' id='line_1_23' title="bbox 1054 527 3514 606; baseline 0.002 -25"><span class='ocrx_word' id='word_1_133' title='bbox 1054 551 1177 588; x_wconf 74' lang='lat' dir='ltr'><strong>nam</strong></span> <span class='ocrx_word' id='word_1_134' title='bbox 1214 534 1477 590; x_wconf 73' lang='lat' dir='ltr'><strong>Eusebius</strong></span> <span class='ocrx_word' id='word_1_135' title='bbox 1508 542 1561 606; x_wconf 71' lang='lat' dir='ltr'><strong>et</strong></span> <span class='ocrx_word' id='word_1_136' title='bbox 1608 530 1829 606; x_wconf 74' lang='lat' dir='ltr'><strong>Tertiil-</strong></span> <span class='ocrx_word' id='word_1_137' title='bbox 1862 527 1903 583; x_wconf 75' lang='grc' dir='ltr'>Α</span> <span class='ocrx_word' id='word_1_138' title='bbox 1936 536 2225 606; x_wconf 68' lang='lat' dir='ltr'><strong>prmstigim</strong></span> <span class='ocrx_word' id='word_1_139' title='bbox 2251 578 2265 598; x_wconf 90' lang='lat'><strong>,</strong></span> <span class='ocrx_word' id='word_1_140' title='bbox 2316 535 2762 603; x_wconf 83' lang='lat' dir='ltr'><strong>philosophorum</strong></span> <span class='ocrx_word' id='word_1_141' title='bbox 2809 535 3045 591; x_wconf 88' lang='lat' dir='ltr'><strong>eruditio</strong></span> <span class='ocrx_word' id='word_1_142' title='bbox 3076 576 3089 598; x_wconf 97' lang='lat'><strong>,</strong></span> <span class='ocrx_word' id='word_1_143' title='bbox 3128 534 3514 590; x_wconf 79' lang='lat' dir='ltr'><strong>luereticnruiu</strong></span> 
     </span>
    </p>
   </div>
   <div class='ocr_carea' id='block_1_24' title="bbox 1936 606 3518 673">
    <p class='ocr_par' dir='ltr' id='par_1_24' title="bbox 1936 606 3518 673">
     <span class='ocr_line' id='line_1_24' title="bbox 1936 606 3518 673; baseline -0.003 -13"><span class='ocrx_word' id='word_1_144' title='bbox 1936 608 2154 660; x_wconf 77' lang='lat' dir='ltr'><strong>sn&#39;itio.</strong></span> <span class='ocrx_word' id='word_1_145' title='bbox 2192 606 2296 658; x_wconf 88' lang='lat' dir='ltr'><strong>Tot</strong></span> <span class='ocrx_word' id='word_1_146' title='bbox 2354 606 2623 661; x_wconf 85' lang='lat' dir='ltr'><strong>machinis</strong></span> <span class='ocrx_word' id='word_1_147' title='bbox 2681 606 2915 661; x_wconf 82' lang='lat' dir='ltr'><strong>Satanas</strong></span> <span class='ocrx_word' id='word_1_148' title='bbox 2974 609 3321 673; x_wconf 76' lang='lat' dir='ltr'><strong>oppugnabat</strong></span> <span class='ocrx_word' id='word_1_149' title='bbox 3374 607 3518 658; x_wconf 88' lang='lat' dir='ltr'><strong>ovile</strong></span> 
     </span>
    </p>
   </div>
   <div class='ocr_carea' id='block_1_25' title="bbox 1935 676 3519 745">
    <p class='ocr_par' dir='ltr' id='par_1_25' title="bbox 1935 676 3519 745">
     <span class='ocr_line' id='line_1_25' title="bbox 1935 676 3519 745; baseline -0.004 -13"><span class='ocrx_word' id='word_1_150' title='bbox 1935 678 2160 732; x_wconf 72' lang='lat' dir='ltr'><strong>Christi.</strong></span> <span class='ocrx_word' id='word_1_151' title='bbox 2194 676 2299 729; x_wconf 87' lang='lat' dir='ltr'><strong>Sed</strong></span> <span class='ocrx_word' id='word_1_152' title='bbox 2332 677 2561 731; x_wconf 88' lang='lat' dir='ltr'><strong>Domino</strong></span> <span class='ocrx_word' id='word_1_153' title='bbox 2611 684 2951 745; x_wconf 90' lang='lat' dir='ltr'><strong>temperante</strong></span> <span class='ocrx_word' id='word_1_154' title='bbox 3000 689 3233 730; x_wconf 83' lang='lat' dir='ltr'><strong>conatus</strong></span> <span class='ocrx_word' id='word_1_155' title='bbox 3260 686 3306 729; x_wconf 92' lang='lat' dir='ltr'><strong>et</strong></span> <span class='ocrx_word' id='word_1_156' title='bbox 3345 676 3519 728; x_wconf 82' lang='lat' dir='ltr'><strong>aetio-</strong></span> 
     </span>
    </p>
   </div>
   <div class='ocr_carea' id='block_1_26' title="bbox 1937 746 3519 814">
    <p class='ocr_par' dir='ltr' id='par_1_26' title="bbox 1937 746 3519 814">
     <span class='ocr_line' id='line_1_26' title="bbox 1937 746 3519 814; baseline -0.002 -12"><span class='ocrx_word' id='word_1_157' title='bbox 1937 765 2032 802; x_wconf 82' lang='lat' dir='ltr'><strong>ncs</strong></span> <span class='ocrx_word' id='word_1_158' title='bbox 2067 748 2371 808; x_wconf 85' lang='lat' dir='ltr'><strong>hominum,</strong></span> <span class='ocrx_word' id='word_1_159' title='bbox 2405 746 2689 814; x_wconf 84' lang='lat' dir='ltr'><strong>suppliciis</strong></span> <span class='ocrx_word' id='word_1_160' title='bbox 2723 762 2786 801; x_wconf 91' lang='lat' dir='ltr'><strong>ac</strong></span> <span class='ocrx_word' id='word_1_161' title='bbox 2828 749 3095 799; x_wconf 77' lang='lat' dir='ltr'><strong>nini-tibus</strong></span> <span class='ocrx_word' id='word_1_162' title='bbox 3126 748 3299 801; x_wconf 87' lang='lat' dir='ltr'><strong>crevit</strong></span> <span class='ocrx_word' id='word_1_163' title='bbox 3328 756 3377 797; x_wconf 78' lang='lat' dir='ltr'><strong>et</strong></span> <span class='ocrx_word' id='word_1_164' title='bbox 3436 748 3519 799; x_wconf 85' lang='lat' dir='ltr'><strong>iu-</strong></span> 
     </span>
    </p>
   </div>
   <div class='ocr_carea' id='block_1_27' title="bbox 1934 816 3519 887">
    <p class='ocr_par' dir='ltr' id='par_1_27' title="bbox 1934 816 3519 887">
     <span class='ocr_line' id='line_1_27' title="bbox 1934 816 3519 887; baseline -0.004 -15"><span class='ocrx_word' id='word_1_165' title='bbox 1934 819 2103 872; x_wconf 91' lang='lat' dir='ltr'><strong>valuit</strong></span> <span class='ocrx_word' id='word_1_166' title='bbox 2144 816 2425 883; x_wconf 79' lang='lat' dir='ltr'><strong>Ecclesia;</strong></span> <span class='ocrx_word' id='word_1_167' title='bbox 2467 818 2757 886; x_wconf 89' lang='lat' dir='ltr'><strong>impiorum</strong></span> <span class='ocrx_word' id='word_1_168' title='bbox 2793 817 3519 887; x_wconf 54' lang='lat' dir='ltr'><strong>philosophorumoblati-a-</strong></span> 
     </span>
    </p>
   </div>
   <div class='ocr_carea' id='block_1_28' title="bbox 1937 886 3513 955">
    <p class='ocr_par' dir='ltr' id='par_1_28' title="bbox 1937 886 3513 955">
     <span class='ocr_line' id='line_1_28' title="bbox 1937 886 3513 955; baseline -0.004 -11"><span class='ocrx_word' id='word_1_169' title='bbox 1937 888 2183 944; x_wconf 90' lang='lat' dir='ltr'><strong>tionibus</strong></span> <span class='ocrx_word' id='word_1_170' title='bbox 2238 889 2564 941; x_wconf 90' lang='lat' dir='ltr'><strong>conlirniala</strong></span> <span class='ocrx_word' id='word_1_171' title='bbox 2619 897 2703 939; x_wconf 70' lang='lat' dir='ltr'><strong>est</strong></span> <span class='ocrx_word' id='word_1_172' title='bbox 2754 888 3065 955; x_wconf 82' lang='lat' dir='ltr'><strong>evangelica</strong></span> <span class='ocrx_word' id='word_1_173' title='bbox 3122 886 3513 952; x_wconf 85' lang='lat' dir='ltr'><strong>philosophia:</strong></span> 
     </span>
    </p>
   </div>
   <div class='ocr_carea' id='block_1_29' title="bbox 1934 957 3515 1028">
    <p class='ocr_par' dir='ltr' id='par_1_29' title="bbox 1934 957 3515 1028">
     <span class='ocr_line' id='line_1_29' title="bbox 1934 957 3515 1028; baseline 0 -19"><span class='ocrx_word' id='word_1_174' title='bbox 1934 959 2236 1028; x_wconf 65' lang='lat' dir='ltr'><strong>prtestigia:</strong></span> <span class='ocrx_word' id='word_1_175' title='bbox 2277 973 2559 1028; x_wconf 83' lang='lat' dir='ltr'><strong>magorum</strong></span> <span class='ocrx_word' id='word_1_176' title='bbox 2626 958 2969 1011; x_wconf 74' lang='lat' dir='ltr'><strong>illustrarunt</strong></span> <span class='ocrx_word' id='word_1_177' title='bbox 3016 957 3216 1009; x_wconf 82' lang='lat' dir='ltr'><strong>Christi</strong></span> <span class='ocrx_word' id='word_1_178' title='bbox 3279 957 3515 1010; x_wconf 83' lang='lat' dir='ltr'><strong>divinam</strong></span> 
     </span>
    </p>
   </div>
   <div class='ocr_carea' id='block_1_30' title="bbox 1936 1027 3515 1095">
    <p class='ocr_par' dir='ltr' id='par_1_30' title="bbox 1936 1027 3515 1095">
     <span class='ocr_line' id='line_1_30' title="bbox 1936 1027 3515 1095; baseline -0.001 -13"><span class='ocrx_word' id='word_1_179' title='bbox 1936 1027 2193 1082; x_wconf 80' lang='lat' dir='ltr'><strong>virtutem</strong></span> <span class='ocrx_word' id='word_1_180' title='bbox 2230 1027 2281 1080; x_wconf 91' lang='lat' dir='ltr'><strong>in</strong></span> <span class='ocrx_word' id='word_1_181' title='bbox 2317 1027 2603 1095; x_wconf 77' lang='lat' dir='ltr'><strong>discipulis</strong></span> <span class='ocrx_word' id='word_1_182' title='bbox 2629 1036 2985 1095; x_wconf 83' lang='lat' dir='ltr'><strong>operantem:</strong></span> <span class='ocrx_word' id='word_1_183' title='bbox 3029 1028 3515 1081; x_wconf 88' lang='lat' dir='ltr'><strong>schismaticornm</strong></span> 
     </span>
    </p>
   </div>
   <div class='ocr_carea' id='block_1_31' title="bbox 1936 1096 3519 1165">
    <p class='ocr_par' dir='ltr' id='par_1_31' title="bbox 1936 1096 3519 1165">
     <span class='ocr_line' id='line_1_31' title="bbox 1936 1096 3519 1165; baseline -0.001 -13"><span class='ocrx_word' id='word_1_184' title='bbox 1936 1098 2217 1153; x_wconf 87' lang='lat' dir='ltr'><strong>molimina</strong></span> <span class='ocrx_word' id='word_1_185' title='bbox 2253 1097 2467 1164; x_wconf 88' lang='lat' dir='ltr'><strong>piorum</strong></span> <span class='ocrx_word' id='word_1_186' title='bbox 2496 1099 2846 1151; x_wconf 86' lang='lat' dir='ltr'><strong>concordiam</strong></span> <span class='ocrx_word' id='word_1_187' title='bbox 2876 1098 3080 1151; x_wconf 90' lang='lat' dir='ltr'><strong>arctius</strong></span> <span class='ocrx_word' id='word_1_188' title='bbox 3101 1096 3422 1165; x_wconf 76' lang='lat' dir='ltr'><strong>junxerunt,</strong></span> <span class='ocrx_word' id='word_1_189' title='bbox 3453 1113 3519 1150; x_wconf 82' lang='lat' dir='ltr'><strong>ac.</strong></span> 
     </span>
    </p>
   </div>
   <div class='ocr_carea' id='block_1_32' title="bbox 1935 1167 3513 1237">
    <p class='ocr_par' dir='ltr' id='par_1_32' title="bbox 1935 1167 3513 1237">
     <span class='ocr_line' id='line_1_32' title="bbox 1935 1167 3513 1237; baseline 0.001 -19"><span class='ocrx_word' id='word_1_190' title='bbox 1935 1170 2079 1221; x_wconf 70' lang='grc' dir='ltr'>ι-ιιΙιιι</span> <span class='ocrx_word' id='word_1_191' title='bbox 2105 1168 2157 1221; x_wconf 90' lang='lat' dir='ltr'><strong>in</strong></span> <span class='ocrx_word' id='word_1_192' title='bbox 2190 1167 2509 1236; x_wconf 82' lang='lat' dir='ltr'><strong>phalangem</strong></span> <span class='ocrx_word' id='word_1_193' title='bbox 2541 1168 2898 1237; x_wconf 82' lang='lat' dir='ltr'><strong>redegerunt;</strong></span> <span class='ocrx_word' id='word_1_194' title='bbox 2940 1168 3322 1221; x_wconf 74' lang='lat' dir='ltr'><strong>brereticoriim</strong></span> <span class='ocrx_word' id='word_1_195' title='bbox 3352 1167 3513 1235; x_wconf 89' lang='lat' dir='ltr'><strong>impia</strong></span> 
     </span>
    </p>
   </div>
   <div class='ocr_carea' id='block_1_33' title="bbox 1934 1237 3597 1305">
    <p class='ocr_par' dir='ltr' id='par_1_33' title="bbox 1934 1237 3597 1305">
     <span class='ocr_line' id='line_1_33' title="bbox 1934 1237 3597 1305; baseline -0.002 -17"><span class='ocrx_word' id='word_1_196' title='bbox 1934 1241 2212 1305; x_wconf 78' lang='lat' dir='ltr'><strong>dogmata,</strong></span> <span class='ocrx_word' id='word_1_197' title='bbox 2270 1237 2337 1289; x_wconf 92' lang='lat' dir='ltr'><strong>ad</strong></span> <span class='ocrx_word' id='word_1_198' title='bbox 2373 1237 2727 1291; x_wconf 89' lang='lat' dir='ltr'><strong>scrutandum</strong></span> <span class='ocrx_word' id='word_1_199' title='bbox 2780 1252 3009 1291; x_wconf 83' lang='lat' dir='ltr'><strong>arcanas</strong></span> <span class='ocrx_word' id='word_1_200' title='bbox 3062 1239 3269 1290; x_wconf 79' lang='lat' dir='ltr'><strong>litteras</strong></span> <span class='ocrx_word' id='word_1_201' title='bbox 3293 1253 3517 1302; x_wconf 85' lang='lat' dir='ltr'><strong>cninpn-</strong></span> <span class='ocrx_word' id='word_1_202' title='bbox 3586 1280 3597 1285; x_wconf 74' lang='lat'><strong>-</strong></span> 
     </span>
    </p>
   </div>
   <div class='ocr_carea' id='block_1_34' title="bbox 1935 1305 3513 1377">
    <p class='ocr_par' dir='ltr' id='par_1_34' title="bbox 1935 1305 3513 1377">
     <span class='ocr_line' id='line_1_34' title="bbox 1935 1305 3513 1377; baseline -0.003 -16"><span class='ocrx_word' id='word_1_203' title='bbox 1935 1309 2133 1361; x_wconf 82' lang='lat' dir='ltr'><strong>lerunt.</strong></span> <span class='ocrx_word' id='word_1_204' title='bbox 2172 1308 2357 1373; x_wconf 81' lang='lat' dir='ltr'><strong>Itaque</strong></span> <span class='ocrx_word' id='word_1_205' title='bbox 2384 1305 2583 1361; x_wconf 81' lang='lat' dir='ltr'><strong>factum</strong></span> <span class='ocrx_word' id='word_1_206' title='bbox 2624 1318 2707 1362; x_wconf 89' lang='lat' dir='ltr'><strong>est</strong></span> <span class='ocrx_word' id='word_1_207' title='bbox 2736 1316 2816 1373; x_wconf 84' lang='lat' dir='ltr'><strong>ut,</strong></span> <span class='ocrx_word' id='word_1_208' title='bbox 2847 1308 2971 1360; x_wconf 90' lang='lat' dir='ltr'><strong>dum</strong></span> <span class='ocrx_word' id='word_1_209' title='bbox 2998 1307 3169 1363; x_wconf 63' lang='grc' dir='ltr'>διυιωὶ</span> <span class='ocrx_word' id='word_1_210' title='bbox 3202 1307 3318 1362; x_wconf 87' lang='lat' dir='ltr'><strong>zelo</strong></span> <span class='ocrx_word' id='word_1_211' title='bbox 3359 1306 3513 1377; x_wconf 81' lang='lat' dir='ltr'><strong>legis,</strong></span> 
     </span>
    </p>
   </div>
   <div class='ocr_carea' id='block_1_35' title="bbox 1933 1377 3609 1451">
    <p class='ocr_par' dir='ltr' id='par_1_35' title="bbox 1933 1377 3609 1451">
     <span class='ocr_line' id='line_1_35' title="bbox 1933 1377 3609 1451; baseline 0.005 -26"><span class='ocrx_word' id='word_1_212' title='bbox 1933 1379 2028 1451; x_wconf 62' lang='lat' dir='ltr'><strong>soil</strong></span> <span class='ocrx_word' id='word_1_213' title='bbox 2086 1393 2190 1451; x_wconf 75' lang='lat' dir='ltr'><strong>non</strong></span> <span class='ocrx_word' id='word_1_214' title='bbox 2251 1377 2552 1451; x_wconf 82' lang='lat' dir='ltr'><strong>secundum</strong></span> <span class='ocrx_word' id='word_1_215' title='bbox 2600 1378 2920 1451; x_wconf 75' lang='lat' dir='ltr'><strong>scientiam,</strong></span> <span class='ocrx_word' id='word_1_216' title='bbox 2955 1388 3193 1451; x_wconf 63' lang='lat' dir='ltr'><strong>pugnant</strong></span> <span class='ocrx_word' id='word_1_217' title='bbox 3255 1380 3517 1432; x_wconf 73' lang='lat' dir='ltr'><strong>adversus</strong></span> <span class='ocrx_word' id='word_1_218' title='bbox 3602 1384 3609 1387; x_wconf 87' lang='grc'><strong>’</strong></span> 
     </span>
    </p>
   </div>
   <div class='ocr_carea' id='block_1_36' title="bbox 1935 1446 3518 1517">
    <p class='ocr_par' dir='ltr' id='par_1_36' title="bbox 1935 1446 3518 1517">
     <span class='ocr_line' id='line_1_36' title="bbox 1935 1446 3518 1517; baseline 0 -14"><span class='ocrx_word' id='word_1_219' title='bbox 1935 1446 2972 1517; x_wconf 79' lang='lat' dir='ltr'><strong>Evangeliuni,certiuscognoverimus</strong></span> <span class='ocrx_word' id='word_1_220' title='bbox 3030 1446 3343 1516; x_wconf 78' lang='lat' dir='ltr'><strong>antiquatis</strong></span> <span class='ocrx_word' id='word_1_221' title='bbox 3393 1462 3518 1505; x_wconf 81' lang='lat' dir='ltr'><strong>esse</strong></span> 
     </span>
    </p>
   </div>
   <div class='ocr_carea' id='block_1_37' title="bbox 1936 1517 3513 1587">
    <p class='ocr_par' dir='ltr' id='par_1_37' title="bbox 1936 1517 3513 1587">
     <span class='ocr_line' id='line_1_37' title="bbox 1936 1517 3513 1587; baseline 0.003 -17"><span class='ocrx_word' id='word_1_222' title='bbox 1936 1517 2070 1586; x_wconf 77' lang='lat' dir='ltr'><strong>legis</strong></span> <span class='ocrx_word' id='word_1_223' title='bbox 2123 1517 2374 1587; x_wconf 82' lang='lat' dir='ltr'><strong>umbras,</strong></span> <span class='ocrx_word' id='word_1_224' title='bbox 2427 1526 2481 1570; x_wconf 91' lang='lat' dir='ltr'><strong>et</strong></span> <span class='ocrx_word' id='word_1_225' title='bbox 2514 1518 2786 1572; x_wconf 91' lang='lat' dir='ltr'><strong>illustrata</strong></span> <span class='ocrx_word' id='word_1_226' title='bbox 2840 1527 2928 1573; x_wconf 88' lang='lat' dir='ltr'><strong>est</strong></span> <span class='ocrx_word' id='word_1_227' title='bbox 2980 1518 3260 1587; x_wconf 78' lang='lat' dir='ltr'><strong>Evangelii</strong></span> <span class='ocrx_word' id='word_1_228' title='bbox 3314 1518 3513 1587; x_wconf 86' lang='lat' dir='ltr'><strong>gloria.</strong></span> 
     </span>
    </p>
   </div>
   <div class='ocr_carea' id='block_1_38' title="bbox 1934 1586 3517 1656">
    <p class='ocr_par' dir='ltr' id='par_1_38' title="bbox 1934 1586 3517 1656">
     <span class='ocr_line' id='line_1_38' title="bbox 1934 1586 3517 1656; baseline 0.001 -16"><span class='ocrx_word' id='word_1_229' title='bbox 1934 1588 2147 1641; x_wconf 74' lang='lat' dir='ltr'><strong>ltursiis</strong></span> <span class='ocrx_word' id='word_1_230' title='bbox 2183 1586 2311 1637; x_wconf 87' lang='lat' dir='ltr'><strong>dum</strong></span> <span class='ocrx_word' id='word_1_231' title='bbox 2358 1599 2676 1654; x_wconf 89' lang='lat' dir='ltr'><strong>persecutor</strong></span> <span class='ocrx_word' id='word_1_232' title='bbox 2720 1588 3057 1656; x_wconf 74' lang='lat' dir='ltr'><strong>ignominiis,</strong></span> <span class='ocrx_word' id='word_1_233' title='bbox 3087 1586 3419 1641; x_wconf 80' lang='lat' dir='ltr'><strong>cruciatibus</strong></span> <span class='ocrx_word' id='word_1_234' title='bbox 3452 1604 3517 1643; x_wconf 89' lang='lat' dir='ltr'><strong>ac</strong></span> 
     </span>
    </p>
   </div>
   <div class='ocr_carea' id='block_1_39' title="bbox 1933 1656 3513 1726">
    <p class='ocr_par' dir='ltr' id='par_1_39' title="bbox 1933 1656 3513 1726">
     <span class='ocr_line' id='line_1_39' title="bbox 1933 1656 3513 1726; baseline 0.003 -17"><span class='ocrx_word' id='word_1_235' title='bbox 1933 1658 2203 1710; x_wconf 90' lang='lat' dir='ltr'><strong>mortibus</strong></span> <span class='ocrx_word' id='word_1_236' title='bbox 2227 1666 2459 1707; x_wconf 89' lang='lat' dir='ltr'><strong>conatur</strong></span> <span class='ocrx_word' id='word_1_237' title='bbox 2510 1658 2667 1710; x_wconf 86' lang='lat' dir='ltr'><strong>Iidem</strong></span> <span class='ocrx_word' id='word_1_238' title='bbox 2706 1658 2757 1711; x_wconf 93' lang='lat' dir='ltr'><strong>in</strong></span> <span class='ocrx_word' id='word_1_239' title='bbox 2789 1658 3067 1712; x_wconf 81' lang='lat' dir='ltr'><strong>Christum</strong></span> <span class='ocrx_word' id='word_1_240' title='bbox 3121 1656 3474 1726; x_wconf 77' lang='lat' dir='ltr'><strong>exstinguere</strong></span> <span class='ocrx_word' id='word_1_241' title='bbox 3497 1700 3513 1719; x_wconf 90' lang='lat'><strong>.</strong></span> 
     </span>
    </p>
   </div>
   <div class='ocr_carea' id='block_1_40' title="bbox 1934 1726 3516 1798">
    <p class='ocr_par' dir='ltr' id='par_1_40' title="bbox 1934 1726 3516 1798">
     <span class='ocr_line' id='line_1_40' title="bbox 1934 1726 3516 1798; baseline 0.004 -23"><span class='ocrx_word' id='word_1_242' title='bbox 1934 1728 2093 1798; x_wconf 74' lang='lat' dir='ltr'><strong>ﬁdem</strong></span> <span class='ocrx_word' id='word_1_243' title='bbox 2123 1726 2358 1798; x_wconf 76' lang='lat' dir='ltr'><strong>auxerit,</strong></span> <span class='ocrx_word' id='word_1_244' title='bbox 2388 1726 2716 1781; x_wconf 88' lang='lat' dir='ltr'><strong>cbaritatem</strong></span> <span class='ocrx_word' id='word_1_245' title='bbox 2754 1727 2807 1798; x_wconf 80' lang='lat'><strong>3</strong></span> <span class='ocrx_word' id='word_1_246' title='bbox 2850 1728 3185 1792; x_wconf 88' lang='lat' dir='ltr'><strong>accenderit,</strong></span> <span class='ocrx_word' id='word_1_247' title='bbox 3212 1742 3361 1795; x_wconf 88' lang='lat' dir='ltr'><strong>spem</strong></span> <span class='ocrx_word' id='word_1_248' title='bbox 3394 1729 3516 1782; x_wconf 82' lang='lat' dir='ltr'><strong>red-</strong></span> 
     </span>
    </p>
   </div>
   <div class='ocr_carea' id='block_1_41' title="bbox 1932 1794 3518 1864">
    <p class='ocr_par' dir='ltr' id='par_1_41' title="bbox 1932 1794 3518 1864">
     <span class='ocr_line' id='line_1_41' title="bbox 1932 1794 3518 1864; baseline 0.003 -16"><span class='ocrx_word' id='word_1_249' title='bbox 1932 1797 2131 1850; x_wconf 85' lang='lat' dir='ltr'><strong>diderit</strong></span> <span class='ocrx_word' id='word_1_250' title='bbox 2162 1794 2482 1859; x_wconf 80' lang='lat' dir='ltr'><strong>ﬁrmiorem,</strong></span> <span class='ocrx_word' id='word_1_251' title='bbox 2507 1808 2560 1850; x_wconf 85' lang='lat' dir='ltr'><strong>et</strong></span> <span class='ocrx_word' id='word_1_252' title='bbox 2578 1794 2796 1864; x_wconf 74' lang='lat' dir='ltr'><strong>piorum</strong></span> <span class='ocrx_word' id='word_1_253' title='bbox 2828 1798 3174 1851; x_wconf 79' lang='lat' dir='ltr'><strong>tolerantiam</strong></span> <span class='ocrx_word' id='word_1_254' title='bbox 3206 1794 3333 1850; x_wconf 89' lang='lat' dir='ltr'><strong>dum</strong></span> <span class='ocrx_word' id='word_1_255' title='bbox 3358 1814 3518 1853; x_wconf 75' lang='lat' dir='ltr'><strong>exer—</strong></span> 
     </span>
    </p>
   </div>
   <div class='ocr_carea' id='block_1_42' title="bbox 239 1862 3515 1936">
    <p class='ocr_par' dir='ltr' id='par_1_42' title="bbox 239 1862 3515 1936">
     <span class='ocr_line' id='line_1_42' title="bbox 239 1862 3515 1936; baseline -0 -15"><span class='ocrx_word' id='word_1_256' title='bbox 239 1869 388 1924; x_wconf 76' lang='lat' dir='ltr'><strong>febri</strong></span> <span class='ocrx_word' id='word_1_257' title='bbox 451 1871 809 1923; x_wconf 76' lang='lat' dir='ltr'><strong>vehementer</strong></span> <span class='ocrx_word' id='word_1_258' title='bbox 857 1863 1055 1936; x_wconf 74' lang='lat' dir='ltr'><strong>tenaci,</strong></span> <span class='ocrx_word' id='word_1_259' title='bbox 1089 1878 1208 1932; x_wconf 78' lang='lat' dir='ltr'><strong>qua:</strong></span> <span class='ocrx_word' id='word_1_260' title='bbox 1237 1879 1379 1916; x_wconf 89' lang='lat' dir='ltr'><strong>nunc</strong></span> <span class='ocrx_word' id='word_1_261' title='bbox 1407 1872 1489 1936; x_wconf 77' lang='lat' dir='ltr'><strong>est</strong></span> <span class='ocrx_word' id='word_1_262' title='bbox 1523 1862 1827 1936; x_wconf 82' lang='lat' dir='ltr'><strong>remissior,</strong></span> <span class='ocrx_word' id='word_1_263' title='bbox 1865 1877 1905 1931; x_wconf 80' lang='grc' dir='ltr'><strong>Β</strong></span> <span class='ocrx_word' id='word_1_264' title='bbox 1934 1875 2046 1928; x_wconf 90' lang='lat' dir='ltr'><strong>cet,</strong></span> <span class='ocrx_word' id='word_1_265' title='bbox 2080 1866 2394 1919; x_wconf 89' lang='lat' dir='ltr'><strong>illustrarit.</strong></span> <span class='ocrx_word' id='word_1_266' title='bbox 2437 1862 2723 1921; x_wconf 67' lang='lat' dir='ltr'><strong>Postremo</strong></span> <span class='ocrx_word' id='word_1_267' title='bbox 2751 1868 2876 1921; x_wconf 90' lang='lat' dir='ltr'><strong>dum</strong></span> <span class='ocrx_word' id='word_1_268' title='bbox 2920 1867 3305 1921; x_wconf 61' lang='lat' dir='ltr'><strong>hereticorum</strong></span> <span class='ocrx_word' id='word_1_269' title='bbox 3348 1884 3515 1936; x_wconf 85' lang='lat' dir='ltr'><strong>argu-</strong></span> 
     </span>
    </p>
   </div>
   <div class='ocr_carea' id='block_1_43' title="bbox 241 1932 1824 2003">
    <p class='ocr_par' dir='ltr' id='par_1_43' title="bbox 241 1932 1824 2003">
     <span class='ocr_line' id='line_1_43' title="bbox 241 1932 1824 2003; baseline -0.006 -12"><span class='ocrx_word' id='word_1_270' title='bbox 241 1955 396 1994; x_wconf 91' lang='lat' dir='ltr'><strong>niinc</strong></span> <span class='ocrx_word' id='word_1_271' title='bbox 444 1938 651 2001; x_wconf 85' lang='lat' dir='ltr'><strong>acrior,</strong></span> <span class='ocrx_word' id='word_1_272' title='bbox 705 1951 849 1989; x_wconf 91' lang='lat' dir='ltr'><strong>nunc</strong></span> <span class='ocrx_word' id='word_1_273' title='bbox 888 1934 941 1987; x_wconf 92' lang='lat' dir='ltr'><strong>iu</strong></span> <span class='ocrx_word' id='word_1_274' title='bbox 979 1933 1141 1987; x_wconf 90' lang='lat' dir='ltr'><strong>aliam</strong></span> <span class='ocrx_word' id='word_1_275' title='bbox 1174 1943 1339 2003; x_wconf 83' lang='lat' dir='ltr'><strong>atque</strong></span> <span class='ocrx_word' id='word_1_276' title='bbox 1372 1932 1532 2003; x_wconf 84' lang='lat' dir='ltr'><strong>aliain</strong></span> <span class='ocrx_word' id='word_1_277' title='bbox 1588 1933 1824 1997; x_wconf 75' lang='lat' dir='ltr'><strong>speciem</strong></span> 
     </span>
    </p>
   </div>
   <div class='ocr_carea' id='block_1_44' title="bbox 234 2001 1828 2071">
    <p class='ocr_par' dir='ltr' id='par_1_44' title="bbox 234 2001 1828 2071">
     <span class='ocr_line' id='line_1_44' title="bbox 234 2001 1828 2071; baseline -0.007 -6"><span class='ocrx_word' id='word_1_278' title='bbox 234 2023 366 2064; x_wconf 75' lang='lat' dir='ltr'><strong>sese</strong></span> <span class='ocrx_word' id='word_1_279' title='bbox 395 2009 577 2071; x_wconf 80' lang='lat' dir='ltr'><strong>vei-tit,</strong></span> <span class='ocrx_word' id='word_1_280' title='bbox 614 2022 717 2061; x_wconf 88' lang='lat' dir='ltr'><strong>nec</strong></span> <span class='ocrx_word' id='word_1_281' title='bbox 744 2005 995 2059; x_wconf 85' lang='lat' dir='ltr'><strong>desinere</strong></span> <span class='ocrx_word' id='word_1_282' title='bbox 1041 2001 1264 2071; x_wconf 43' lang='lat' dir='ltr'><strong>potest,’</strong></span> <span class='ocrx_word' id='word_1_283' title='bbox 1294 2002 1469 2056; x_wconf 87' lang='lat' dir='ltr'><strong>donec</strong></span> <span class='ocrx_word' id='word_1_284' title='bbox 1506 2001 1557 2054; x_wconf 90' lang='lat' dir='ltr'><strong>in</strong></span> <span class='ocrx_word' id='word_1_285' title='bbox 1592 2002 1828 2071; x_wconf 82' lang='lat' dir='ltr'><strong>phrene-</strong></span> 
     </span>
    </p>
   </div>
   <div class='ocr_carea' id='block_1_45' title="bbox 237 2072 1827 2141">
    <p class='ocr_par' dir='ltr' id='par_1_45' title="bbox 237 2072 1827 2141">
     <span class='ocr_line' id='line_1_45' title="bbox 237 2072 1827 2141; baseline -0.006 -8"><span class='ocrx_word' id='word_1_286' title='bbox 237 2081 349 2133; x_wconf 88' lang='lat' dir='ltr'><strong>siin</strong></span> <span class='ocrx_word' id='word_1_287' title='bbox 396 2089 493 2133; x_wconf 90' lang='lat' dir='ltr'><strong>aut</strong></span> <span class='ocrx_word' id='word_1_288' title='bbox 528 2079 582 2131; x_wconf 92' lang='lat' dir='ltr'><strong>in</strong></span> <span class='ocrx_word' id='word_1_289' title='bbox 613 2077 760 2130; x_wconf 89' lang='lat' dir='ltr'><strong>aliud</strong></span> <span class='ocrx_word' id='word_1_290' title='bbox 810 2074 1012 2127; x_wconf 89' lang='lat' dir='ltr'><strong>malum</strong></span> <span class='ocrx_word' id='word_1_291' title='bbox 1046 2072 1370 2141; x_wconf 70' lang='lat' dir='ltr'><strong>praesentius</strong></span> <span class='ocrx_word' id='word_1_292' title='bbox 1401 2081 1583 2125; x_wconf 80' lang='lat' dir='ltr'><strong>exeat.</strong></span> <span class='ocrx_word' id='word_1_293' title='bbox 1617 2072 1827 2123; x_wconf 77' lang='lat' dir='ltr'><strong>Adver-</strong></span> 
     </span>
    </p>
   </div>
   <div class='ocr_carea' id='block_1_46' title="bbox 236 2140 1830 2215">
    <p class='ocr_par' dir='ltr' id='par_1_46' title="bbox 236 2140 1830 2215">
     <span class='ocr_line' id='line_1_46' title="bbox 236 2140 1830 2215; baseline -0.008 -14"><span class='ocrx_word' id='word_1_294' title='bbox 236 2166 337 2201; x_wconf 77' lang='lat' dir='ltr'><strong>sus</strong></span> <span class='ocrx_word' id='word_1_295' title='bbox 366 2150 484 2203; x_wconf 67' lang='lat' dir='ltr'><strong>haec</strong></span> <span class='ocrx_word' id='word_1_296' title='bbox 526 2155 778 2215; x_wconf 86' lang='lat' dir='ltr'><strong>portenta</strong></span> <span class='ocrx_word' id='word_1_297' title='bbox 823 2140 1092 2215; x_wconf 66' lang='lat' dir='ltr'><strong>scripsere</strong></span> <span class='ocrx_word' id='word_1_298' title='bbox 1124 2140 1399 2215; x_wconf 73' lang='lat' dir='ltr'><strong>Justinus,</strong></span> <span class='ocrx_word' id='word_1_299' title='bbox 1425 2156 1585 2209; x_wconf 83' lang='lat' dir='ltr'><strong>quem</strong></span> <span class='ocrx_word' id='word_1_300' title='bbox 1612 2141 1830 2215; x_wconf 62' lang='lat' dir='ltr'><strong>aliquo-</strong></span> 
     </span>
    </p>
   </div>
   <div class='ocr_carea' id='block_1_47' title="bbox 242 2209 1831 2278">
    <p class='ocr_par' dir='ltr' id='par_1_47' title="bbox 242 2209 1831 2278">
     <span class='ocr_line' id='line_1_47' title="bbox 242 2209 1831 2278; baseline -0.004 -9"><span class='ocrx_word' id='word_1_301' title='bbox 242 2221 355 2273; x_wconf 84' lang='lat' dir='ltr'><strong>ties</strong></span> <span class='ocrx_word' id='word_1_302' title='bbox 397 2209 822 2278; x_wconf 72' lang='lat' dir='ltr'><strong>cilatlrenteus,</strong></span> <span class='ocrx_word' id='word_1_303' title='bbox 876 2209 1167 2273; x_wconf 80' lang='lat' dir='ltr'><strong>Miltiades,</strong></span> <span class='ocrx_word' id='word_1_304' title='bbox 1204 2211 1469 2265; x_wconf 85' lang='lat' dir='ltr'><strong>Proculus</strong></span> <span class='ocrx_word' id='word_1_305' title='bbox 1512 2220 1565 2263; x_wconf 89' lang='lat' dir='ltr'><strong>et</strong></span> <span class='ocrx_word' id='word_1_306' title='bbox 1612 2209 1831 2263; x_wconf 83' lang='lat' dir='ltr'><strong>Tertul-</strong></span> 
     </span>
    </p>
   </div>
   <div class='ocr_carea' id='block_1_48' title="bbox 236 2279 1832 2353">
    <p class='ocr_par' dir='ltr' id='par_1_48' title="bbox 236 2279 1832 2353">
     <span class='ocr_line' id='line_1_48' title="bbox 236 2279 1832 2353; baseline -0.006 -12"><span class='ocrx_word' id='word_1_307' title='bbox 236 2289 461 2343; x_wconf 86' lang='lat' dir='ltr'><strong>liauus:</strong></span> <span class='ocrx_word' id='word_1_308' title='bbox 494 2287 648 2353; x_wconf 85' lang='lat' dir='ltr'><strong>cujus</strong></span> <span class='ocrx_word' id='word_1_309' title='bbox 672 2286 839 2338; x_wconf 90' lang='lat' dir='ltr'><strong>libros</strong></span> <span class='ocrx_word' id='word_1_310' title='bbox 867 2282 1449 2353; x_wconf 70' lang='lat' dir='ltr'><strong>quoseruditissiinos</strong></span> <span class='ocrx_word' id='word_1_311' title='bbox 1489 2279 1710 2353; x_wconf 78' lang='lat' dir='ltr'><strong>scripsit</strong></span> <span class='ocrx_word' id='word_1_312' title='bbox 1732 2281 1832 2353; x_wconf 82' lang='lat' dir='ltr'><strong>ad-</strong></span> 
     </span>
    </p>
   </div>
   <div class='ocr_carea' id='block_1_49' title="bbox 238 2350 1833 2419">
    <p class='ocr_par' dir='ltr' id='par_1_49' title="bbox 238 2350 1833 2419">
     <span class='ocr_line' id='line_1_49' title="bbox 238 2350 1833 2419; baseline -0.006 -9"><span class='ocrx_word' id='word_1_313' title='bbox 238 2374 435 2413; x_wconf 77' lang='lat' dir='ltr'><strong>versus</strong></span> <span class='ocrx_word' id='word_1_314' title='bbox 464 2350 871 2411; x_wconf 78' lang='lat' dir='ltr'><strong>Valentinianus</strong></span> <span class='ocrx_word' id='word_1_315' title='bbox 890 2350 957 2407; x_wconf 14' lang='lat' dir='ltr'><strong>iet</strong></span> <span class='ocrx_word' id='word_1_316' title='bbox 977 2351 1330 2407; x_wconf 81' lang='lat' dir='ltr'><strong>Marcionem.</strong></span> <span class='ocrx_word' id='word_1_317' title='bbox 1354 2360 1615 2419; x_wconf 82' lang='lat' dir='ltr'><strong>praeterea</strong></span> <span class='ocrx_word' id='word_1_318' title='bbox 1636 2350 1701 2419; x_wconf 86' lang='lat' dir='ltr'><strong>de</strong></span> <span class='ocrx_word' id='word_1_319' title='bbox 1730 2350 1833 2401; x_wconf 81' lang='lat' dir='ltr'><strong>luc-</strong></span> 
     </span>
    </p>
   </div>
   <div class='ocr_carea' id='block_1_50' title="bbox 236 2418 1824 2490">
    <p class='ocr_par' dir='ltr' id='par_1_50' title="bbox 236 2418 1824 2490">
     <span class='ocr_line' id='line_1_50' title="bbox 236 2418 1824 2490; baseline -0.006 -9"><span class='ocrx_word' id='word_1_320' title='bbox 236 2429 461 2482; x_wconf 85' lang='lat' dir='ltr'><strong>rcsibus</strong></span> <span class='ocrx_word' id='word_1_321' title='bbox 494 2436 547 2480; x_wconf 91' lang='lat' dir='ltr'><strong>et</strong></span> <span class='ocrx_word' id='word_1_322' title='bbox 580 2426 959 2479; x_wconf 80' lang='lat' dir='ltr'><strong>luereticoruin</strong></span> <span class='ocrx_word' id='word_1_323' title='bbox 1005 2418 1367 2490; x_wconf 67' lang='lat' dir='ltr'><strong>praescriptis,</strong></span> <span class='ocrx_word' id='word_1_324' title='bbox 1399 2420 1442 2490; x_wconf 80' lang='lat' dir='ltr'><strong>si</strong></span> <span class='ocrx_word' id='word_1_325' title='bbox 1480 2420 1605 2490; x_wconf 90' lang='lat' dir='ltr'><strong>quis</strong></span> <span class='ocrx_word' id='word_1_326' title='bbox 1635 2418 1824 2490; x_wconf 81' lang='lat' dir='ltr'><strong>legere</strong></span> 
     </span>
    </p>
   </div>
   <div class='ocr_carea' id='block_1_51' title="bbox 236 2488 1825 2566">
    <p class='ocr_par' dir='ltr' id='par_1_51' title="bbox 236 2488 1825 2566">
     <span class='ocr_line' id='line_1_51' title="bbox 236 2488 1825 2566; baseline -0.006 -15"><span class='ocrx_word' id='word_1_327' title='bbox 236 2515 350 2551; x_wconf 88' lang='lat' dir='ltr'><strong>non</strong></span> <span class='ocrx_word' id='word_1_328' title='bbox 389 2497 726 2566; x_wconf 75' lang='lat' dir='ltr'><strong>gravabitur,</strong></span> <span class='ocrx_word' id='word_1_329' title='bbox 757 2494 958 2566; x_wconf 84' lang='lat' dir='ltr'><strong>rectius</strong></span> <span class='ocrx_word' id='word_1_330' title='bbox 986 2488 1252 2566; x_wconf 66' lang='lat' dir='ltr'><strong>intelliget</strong></span> <span class='ocrx_word' id='word_1_331' title='bbox 1278 2491 1376 2543; x_wconf 91' lang='lat' dir='ltr'><strong>bos</strong></span> <span class='ocrx_word' id='word_1_332' title='bbox 1405 2489 1594 2566; x_wconf 27' lang='lat' dir='ltr'><strong>lre‘nzei</strong></span> <span class='ocrx_word' id='word_1_333' title='bbox 1634 2488 1825 2542; x_wconf 91' lang='lat' dir='ltr'><strong>libros.</strong></span> 
     </span>
    </p>
   </div>
   <div class='ocr_carea' id='block_1_52' title="bbox 310 2560 1830 2629">
    <p class='ocr_par' dir='ltr' id='par_1_52' title="bbox 310 2560 1830 2629">
     <span class='ocr_line' id='line_1_52' title="bbox 310 2560 1830 2629; baseline -0.006 -8"><span class='ocrx_word' id='word_1_334' title='bbox 310 2560 433 2622; x_wconf 79' lang='lat' dir='ltr'><strong>Jam</strong></span> <span class='ocrx_word' id='word_1_335' title='bbox 467 2567 596 2620; x_wconf 90' lang='lat' dir='ltr'><strong>inibi</strong></span> <span class='ocrx_word' id='word_1_336' title='bbox 631 2565 823 2617; x_wconf 87' lang='lat' dir='ltr'><strong>videor</strong></span> <span class='ocrx_word' id='word_1_337' title='bbox 854 2563 989 2616; x_wconf 88' lang='lat' dir='ltr'><strong>satis</strong></span> <span class='ocrx_word' id='word_1_338' title='bbox 1016 2560 1830 2629; x_wconf 48' lang='lat' dir='ltr'><strong>prrel&#39;atus,ornatissbnepraw</strong></span> 
     </span>
    </p>
   </div>
   <div class='ocr_carea' id='block_1_53' title="bbox 235 2629 1829 2705">
    <p class='ocr_par' dir='ltr' id='par_1_53' title="bbox 235 2629 1829 2705">
     <span class='ocr_line' id='line_1_53' title="bbox 235 2629 1829 2705; baseline -0.008 -14"><span class='ocrx_word' id='word_1_339' title='bbox 235 2638 352 2701; x_wconf 84' lang='lat' dir='ltr'><strong>sul,</strong></span> <span class='ocrx_word' id='word_1_340' title='bbox 380 2636 521 2705; x_wconf 89' lang='lat' dir='ltr'><strong>quod</strong></span> <span class='ocrx_word' id='word_1_341' title='bbox 554 2636 618 2689; x_wconf 88' lang='lat' dir='ltr'><strong>ad</strong></span> <span class='ocrx_word' id='word_1_342' title='bbox 655 2636 814 2705; x_wconf 85' lang='lat' dir='ltr'><strong>hujus</strong></span> <span class='ocrx_word' id='word_1_343' title='bbox 837 2635 1019 2701; x_wconf 89' lang='lat' dir='ltr'><strong>operis</strong></span> <span class='ocrx_word' id='word_1_344' title='bbox 1040 2632 1311 2705; x_wconf 83' lang='lat' dir='ltr'><strong>rationem</strong></span> <span class='ocrx_word' id='word_1_345' title='bbox 1344 2629 1568 2705; x_wconf 80' lang='lat' dir='ltr'><strong>attinet,</strong></span> <span class='ocrx_word' id='word_1_346' title='bbox 1602 2639 1657 2683; x_wconf 90' lang='lat' dir='ltr'><strong>et</strong></span> <span class='ocrx_word' id='word_1_347' title='bbox 1687 2640 1829 2705; x_wconf 74' lang='lat' dir='ltr'><strong>ieiu-</strong></span> 
     </span>
    </p>
   </div>
   <div class='ocr_carea' id='block_1_54' title="bbox 237 2699 1827 2777">
    <p class='ocr_par' dir='ltr' id='par_1_54' title="bbox 237 2699 1827 2777">
     <span class='ocr_line' id='line_1_54' title="bbox 237 2699 1827 2777; baseline -0.007 -15"><span class='ocrx_word' id='word_1_348' title='bbox 237 2699 347 2777; x_wconf 81' lang='lat' dir='ltr'><strong>pus</strong></span> <span class='ocrx_word' id='word_1_349' title='bbox 387 2699 508 2761; x_wconf 77' lang='lat' dir='ltr'><strong>erat</strong></span> <span class='ocrx_word' id='word_1_350' title='bbox 548 2699 1027 2777; x_wconf 53' lang='lat' dir='ltr'><strong>tinem&#39;imponere</strong></span> <span class='ocrx_word' id='word_1_351' title='bbox 1084 2701 1357 2768; x_wconf 75' lang='lat' dir='ltr'><strong>prologo:</strong></span> <span class='ocrx_word' id='word_1_352' title='bbox 1412 2700 1554 2777; x_wconf 74' lang='lat' dir='ltr'><strong>quod</strong></span> <span class='ocrx_word' id='word_1_353' title='bbox 1609 2699 1827 2777; x_wconf 78' lang='lat' dir='ltr'><strong>quidem</strong></span> 
     </span>
    </p>
   </div>
   <div class='ocr_carea' id='block_1_55' title="bbox 241 2768 1831 2843">
    <p class='ocr_par' dir='ltr' id='par_1_55' title="bbox 241 2768 1831 2843">
     <span class='ocr_line' id='line_1_55' title="bbox 241 2768 1831 2843; baseline -0.007 -11"><span class='ocrx_word' id='word_1_354' title='bbox 241 2768 472 2841; x_wconf 59' lang='lat' dir='ltr'><strong>iaciam,</strong></span> <span class='ocrx_word' id='word_1_355' title='bbox 515 2775 560 2829; x_wconf 88' lang='lat' dir='ltr'><strong>si</strong></span> <span class='ocrx_word' id='word_1_356' title='bbox 610 2774 801 2843; x_wconf 83' lang='lat' dir='ltr'><strong>paucis</strong></span> <span class='ocrx_word' id='word_1_357' title='bbox 825 2768 1130 2840; x_wconf 51' lang='lat' dir='ltr'><strong>&#39;aperuero,</strong></span> <span class='ocrx_word' id='word_1_358' title='bbox 1165 2786 1288 2839; x_wconf 72' lang='lat' dir='ltr'><strong>quin</strong></span> <span class='ocrx_word' id='word_1_359' title='bbox 1309 2768 1831 2843; x_wconf 63' lang='lat' dir='ltr'><strong>cogitatiosubierit</strong></span> 
     </span>
    </p>
   </div>
   <div class='ocr_carea' id='block_1_56' title="bbox 238 2838 1825 2909">
    <p class='ocr_par' dir='ltr' id='par_1_56' title="bbox 238 2838 1825 2909">
     <span class='ocr_line' id='line_1_56' title="bbox 238 2838 1825 2909; baseline -0.006 -9"><span class='ocrx_word' id='word_1_360' title='bbox 238 2838 490 2902; x_wconf 84' lang='lat' dir='ltr'><strong>animum</strong></span> <span class='ocrx_word' id='word_1_361' title='bbox 512 2838 692 2899; x_wconf 75' lang='grc' dir='ltr'>ιιιειίιιι</span> <span class='ocrx_word' id='word_1_362' title='bbox 716 2846 765 2896; x_wconf 88' lang='lat' dir='ltr'><strong>iti</strong></span> <span class='ocrx_word' id='word_1_363' title='bbox 782 2838 889 2896; x_wconf 77' lang='lat' dir='ltr'><strong>hoc</strong></span> <span class='ocrx_word' id='word_1_364' title='bbox 904 2838 1222 2909; x_wconf 79' lang='lat' dir='ltr'><strong>argumento</strong></span> <span class='ocrx_word' id='word_1_365' title='bbox 1243 2838 1527 2895; x_wconf 78' lang='lat' dir='ltr'><strong>versatilis.</strong></span> <span class='ocrx_word' id='word_1_366' title='bbox 1548 2838 1662 2894; x_wconf 86' lang='lat' dir='ltr'><strong>Non</strong></span> <span class='ocrx_word' id='word_1_367' title='bbox 1681 2842 1825 2892; x_wconf 91' lang='lat' dir='ltr'><strong>enim</strong></span> 
     </span>
    </p>
   </div>
   <div class='ocr_carea' id='block_1_57' title="bbox 240 2910 1823 2985">
    <p class='ocr_par' dir='ltr' id='par_1_57' title="bbox 240 2910 1823 2985">
     <span class='ocr_line' id='line_1_57' title="bbox 240 2910 1823 2985; baseline -0.005 -16"><span class='ocrx_word' id='word_1_368' title='bbox 240 2933 395 2985; x_wconf 87' lang='lat' dir='ltr'><strong>queo</strong></span> <span class='ocrx_word' id='word_1_369' title='bbox 428 2916 562 2970; x_wconf 85' lang='lat' dir='ltr'><strong>satis</strong></span> <span class='ocrx_word' id='word_1_370' title='bbox 589 2914 849 2968; x_wconf 86' lang='lat' dir='ltr'><strong>admirari</strong></span> <span class='ocrx_word' id='word_1_371' title='bbox 885 2910 1561 2985; x_wconf 79' lang='lat' dir='ltr'><strong>consiliiim_iiiscrutabile</strong></span> <span class='ocrx_word' id='word_1_372' title='bbox 1588 2910 1706 2985; x_wconf 71' lang='lat' dir='ltr'><strong>Dei,</strong></span> <span class='ocrx_word' id='word_1_373' title='bbox 1730 2912 1823 2985; x_wconf 89' lang='lat' dir='ltr'><strong>qui</strong></span> 
     </span>
    </p>
   </div>
   <div class='ocr_carea' id='block_1_58' title="bbox 241 2979 1825 3052">
    <p class='ocr_par' dir='ltr' id='par_1_58' title="bbox 241 2979 1825 3052">
     <span class='ocr_line' id='line_1_58' title="bbox 241 2979 1825 3052; baseline -0.006 -12"><span class='ocrx_word' id='word_1_374' title='bbox 241 2979 406 3041; x_wconf 78' lang='lat' dir='ltr'><strong>iiiiris</strong></span> <span class='ocrx_word' id='word_1_375' title='bbox 443 2985 618 3038; x_wconf 89' lang='lat' dir='ltr'><strong>inudis</strong></span> <span class='ocrx_word' id='word_1_376' title='bbox 648 2998 905 3052; x_wconf 84' lang='lat' dir='ltr'><strong>sponsam</strong></span> <span class='ocrx_word' id='word_1_377' title='bbox 947 2996 1103 3052; x_wconf 87' lang='lat' dir='ltr'><strong>suam</strong></span> <span class='ocrx_word' id='word_1_378' title='bbox 1158 2979 1459 3052; x_wconf 77' lang='lat' dir='ltr'><strong>Ecclesium</strong></span> <span class='ocrx_word' id='word_1_379' title='bbox 1512 2979 1825 3052; x_wconf 73' lang='lat' dir='ltr'><strong>vindicat-it,</strong></span> 
     </span>
    </p>
   </div>
   <div class='ocr_carea' id='block_1_59' title="bbox 236 3049 1828 3126">
    <p class='ocr_par' dir='ltr' id='par_1_59' title="bbox 236 3049 1828 3126">
     <span class='ocr_line' id='line_1_59' title="bbox 236 3049 1828 3126; baseline -0.003 -19"><span class='ocrx_word' id='word_1_380' title='bbox 236 3056 514 3126; x_wconf 83' lang='lat' dir='ltr'><strong>pnrgarit,</strong></span> <span class='ocrx_word' id='word_1_381' title='bbox 545 3049 830 3126; x_wconf 77' lang='lat' dir='ltr'><strong>erudierit,</strong></span> <span class='ocrx_word' id='word_1_382' title='bbox 860 3050 1132 3126; x_wconf 72' lang='lat' dir='ltr'><strong>erexerit,</strong></span> <span class='ocrx_word' id='word_1_383' title='bbox 1175 3049 1509 3126; x_wconf 72' lang='lat' dir='ltr'><strong>illustravit,</strong></span> <span class='ocrx_word' id='word_1_384' title='bbox 1538 3050 1592 3126; x_wconf 84' lang='lat' dir='ltr'><strong>ii_i</strong></span> <span class='ocrx_word' id='word_1_385' title='bbox 1628 3049 1828 3126; x_wconf 79' lang='lat' dir='ltr'><strong>quibus</strong></span> 
     </span>
    </p>
   </div>
   <div class='ocr_carea' id='block_1_60' title="bbox 236 3120 1826 3180">
    <p class='ocr_par' dir='ltr' id='par_1_60' title="bbox 236 3120 1826 3180">
     <span class='ocr_line' id='line_1_60' title="bbox 236 3120 1826 3180; baseline -0.004 0"><span class='ocrx_word' id='word_1_386' title='bbox 236 3120 502 3180; x_wconf 67' lang='lat' dir='ltr'><strong>omnibus</strong></span> <span class='ocrx_word' id='word_1_387' title='bbox 562 3124 695 3177; x_wconf 87' lang='lat' dir='ltr'><strong>nihil</strong></span> <span class='ocrx_word' id='word_1_388' title='bbox 734 3133 819 3177; x_wconf 87' lang='lat' dir='ltr'><strong>est</strong></span> <span class='ocrx_word' id='word_1_389' title='bbox 872 3136 977 3175; x_wconf 92' lang='lat' dir='ltr'><strong>non</strong></span> <span class='ocrx_word' id='word_1_390' title='bbox 1027 3120 1420 3174; x_wconf 78' lang='lat' dir='ltr'><strong>alienissimum</strong></span> <span class='ocrx_word' id='word_1_391' title='bbox 1461 3123 1527 3174; x_wconf 73' lang='lat' dir='ltr'><strong>ab</strong></span> <span class='ocrx_word' id='word_1_392' title='bbox 1572 3120 1826 3174; x_wconf 88' lang='lat' dir='ltr'><strong>humanis</strong></span> 
     </span>
    </p>
   </div>
   <div class='ocr_carea' id='block_1_61' title="bbox 237 3189 1895 3281">
    <p class='ocr_par' dir='ltr' id='par_1_61' title="bbox 237 3189 1895 3281">
     <span class='ocr_line' id='line_1_61' title="bbox 237 3189 1895 3281; baseline -0.005 -32"><span class='ocrx_word' id='word_1_393' title='bbox 237 3195 518 3281; x_wconf 60' lang='lat' dir='ltr'><strong>consiliis,</strong></span> <span class='ocrx_word' id='word_1_394' title='bbox 565 3192 1026 3281; x_wconf 53' lang='lat' dir='ltr'><strong>quesiadmoduin</strong></span> <span class='ocrx_word' id='word_1_395' title='bbox 1081 3191 1195 3281; x_wconf 78' lang='lat' dir='ltr'><strong>ipse</strong></span> <span class='ocrx_word' id='word_1_396' title='bbox 1232 3190 1471 3259; x_wconf 84' lang='lat' dir='ltr'><strong>loquitur</strong></span> <span class='ocrx_word' id='word_1_397' title='bbox 1502 3204 1599 3260; x_wconf 89' lang='lat' dir='ltr'><strong>per</strong></span> <span class='ocrx_word' id='word_1_398' title='bbox 1629 3189 1821 3281; x_wconf 66' lang='lat' dir='ltr'><strong>Isaiam</strong></span> 
     </span>
    </p>
   </div>
   <div class='ocr_carea' id='block_1_62' title="bbox 233 3258 1822 3329">
    <p class='ocr_par' dir='ltr' id='par_1_62' title="bbox 233 3258 1822 3329">
     <span class='ocr_line' id='line_1_62' title="bbox 233 3258 1822 3329; baseline -0.006 -11"><span class='ocrx_word' id='word_1_399' title='bbox 233 3258 597 3318; x_wconf 72' lang='lat' dir='ltr'><strong>hominibus:</strong></span> <span class='ocrx_word' id='word_1_400' title='bbox 658 3262 778 3316; x_wconf 84' lang='lat' dir='ltr'><strong>Non</strong></span> <span class='ocrx_word' id='word_1_401' title='bbox 805 3264 945 3315; x_wconf 83' lang='lat' dir='ltr'><strong>enim</strong></span> <span class='ocrx_word' id='word_1_402' title='bbox 976 3258 1320 3329; x_wconf 72' lang='lat' dir='ltr'><strong>cogitationes</strong></span> <span class='ocrx_word' id='word_1_403' title='bbox 1354 3258 1514 3317; x_wconf 53' lang='lat' dir='ltr'><strong>metu,</strong></span> <span class='ocrx_word' id='word_1_404' title='bbox 1537 3258 1822 3329; x_wconf 74' lang='lat' dir='ltr'><strong>cogitatio-</strong></span> 
     </span>
    </p>
   </div>
   <div class='ocr_carea' id='block_1_63' title="bbox 232 3327 1825 3395">
    <p class='ocr_par' dir='ltr' id='par_1_63' title="bbox 232 3327 1825 3395">
     <span class='ocr_line' id='line_1_63' title="bbox 232 3327 1825 3395; baseline -0.004 -8"><span class='ocrx_word' id='word_1_405' title='bbox 232 3352 332 3387; x_wconf 75' lang='lat' dir='ltr'><strong>nes</strong></span> <span class='ocrx_word' id='word_1_406' title='bbox 359 3346 582 3387; x_wconf 70' lang='lat' dir='ltr'><strong>vestrm:</strong></span> <span class='ocrx_word' id='word_1_407' title='bbox 618 3349 781 3393; x_wconf 83' lang='lat' dir='ltr'><strong>neque</strong></span> <span class='ocrx_word' id='word_1_408' title='bbox 807 3334 903 3385; x_wconf 76' lang='lat' dir='ltr'><strong>ria:</strong></span> <span class='ocrx_word' id='word_1_409' title='bbox 928 3327 1079 3394; x_wconf 64' lang='lat' dir='ltr'><strong>metu,</strong></span> <span class='ocrx_word' id='word_1_410' title='bbox 1123 3331 1222 3382; x_wconf 70' lang='lat' dir='ltr'><strong>vim</strong></span> <span class='ocrx_word' id='word_1_411' title='bbox 1249 3338 1453 3395; x_wconf 77' lang='lat' dir='ltr'><strong>reurw,</strong></span> <span class='ocrx_word' id='word_1_412' title='bbox 1483 3327 1612 3381; x_wconf 76' lang='lat' dir='ltr'><strong>dicit</strong></span> <span class='ocrx_word' id='word_1_413' title='bbox 1641 3327 1825 3381; x_wconf 87' lang='lat' dir='ltr'><strong>Domi-</strong></span> 
     </span>
    </p>
   </div>
   <div class='ocr_carea' id='block_1_64' title="bbox 234 3400 1828 3469">
    <p class='ocr_par' dir='ltr' id='par_1_64' title="bbox 234 3400 1828 3469">
     <span class='ocr_line' id='line_1_64' title="bbox 234 3400 1828 3469; baseline -0.005 -11"><span class='ocrx_word' id='word_1_414' title='bbox 234 3421 367 3458; x_wconf 72' lang='lat' dir='ltr'><strong>nus.</strong></span> <span class='ocrx_word' id='word_1_415' title='bbox 418 3402 557 3469; x_wconf 81' lang='lat' dir='ltr'><strong>Quia</strong></span> <span class='ocrx_word' id='word_1_416' title='bbox 605 3407 735 3456; x_wconf 71' lang='lat' dir='ltr'><strong>sicut</strong></span> <span class='ocrx_word' id='word_1_417' title='bbox 780 3402 1088 3455; x_wconf 79' lang='lat' dir='ltr'><strong>exaltaiitur</strong></span> <span class='ocrx_word' id='word_1_418' title='bbox 1126 3400 1241 3453; x_wconf 76' lang='lat' dir='ltr'><strong>creti</strong></span> <span class='ocrx_word' id='word_1_419' title='bbox 1280 3417 1310 3452; x_wconf 91' lang='lat' dir='ltr'><strong>a</strong></span> <span class='ocrx_word' id='word_1_420' title='bbox 1344 3411 1509 3461; x_wconf 89' lang='lat' dir='ltr'><strong>terra,</strong></span> <span class='ocrx_word' id='word_1_421' title='bbox 1555 3400 1630 3452; x_wconf 71' lang='lat' dir='ltr'><strong>sic</strong></span> <span class='ocrx_word' id='word_1_422' title='bbox 1676 3400 1828 3451; x_wconf 72' lang='lat' dir='ltr'><strong>exal-</strong></span> 
     </span>
    </p>
   </div>
   <div class='ocr_carea' id='block_1_65' title="bbox 232 3470 1825 3538">
    <p class='ocr_par' dir='ltr' id='par_1_65' title="bbox 232 3470 1825 3538">
     <span class='ocr_line' id='line_1_65' title="bbox 232 3470 1825 3538; baseline -0.003 -12"><span class='ocrx_word' id='word_1_423' title='bbox 232 3484 369 3527; x_wconf 68' lang='lat' dir='ltr'><strong>tatw</strong></span> <span class='ocrx_word' id='word_1_424' title='bbox 402 3484 522 3527; x_wconf 72' lang='lat' dir='ltr'><strong>sunt</strong></span> <span class='ocrx_word' id='word_1_425' title='bbox 548 3476 645 3526; x_wconf 70' lang='lat' dir='ltr'><strong>vim</strong></span> <span class='ocrx_word' id='word_1_426' title='bbox 674 3488 801 3525; x_wconf 65' lang='lat' dir='ltr'><strong>metu</strong></span> <span class='ocrx_word' id='word_1_427' title='bbox 820 3489 853 3524; x_wconf 89' lang='lat' dir='ltr'><strong>a</strong></span> <span class='ocrx_word' id='word_1_428' title='bbox 886 3472 978 3524; x_wconf 78' lang='lat' dir='ltr'><strong>viis</strong></span> <span class='ocrx_word' id='word_1_429' title='bbox 1020 3472 1227 3537; x_wconf 75' lang='lat' dir='ltr'><strong>vestris,</strong></span> <span class='ocrx_word' id='word_1_430' title='bbox 1255 3477 1303 3522; x_wconf 82' lang='lat' dir='ltr'><strong>et</strong></span> <span class='ocrx_word' id='word_1_431' title='bbox 1335 3470 1675 3538; x_wconf 75' lang='lat' dir='ltr'><strong>cogitationes</strong></span> <span class='ocrx_word' id='word_1_432' title='bbox 1698 3486 1825 3522; x_wconf 75' lang='lat' dir='ltr'><strong>mea:</strong></span> 
     </span>
    </p>
   </div>
   <div class='ocr_carea' id='block_1_66' title="bbox 229 3538 1824 3613">
    <p class='ocr_par' dir='ltr' id='par_1_66' title="bbox 229 3538 1824 3613">
     <span class='ocr_line' id='line_1_66' title="bbox 229 3538 1824 3613; baseline -0.003 -18"><span class='ocrx_word' id='word_1_433' title='bbox 229 3562 268 3595; x_wconf 78' lang='grc' dir='ltr'><em>α</em></span> <span class='ocrx_word' id='word_1_434' title='bbox 314 3544 727 3613; x_wconf 76' lang='lat' dir='ltr'><strong>cogitationibus</strong></span> <span class='ocrx_word' id='word_1_435' title='bbox 778 3540 963 3613; x_wconf 65' lang='lat' dir='ltr'><strong>vestris</strong></span> <span class='ocrx_word' id='word_1_436' title='bbox 1018 3538 1153 3613; x_wconf 71' lang='lat' dir='ltr'><strong>(Ira.</strong></span> <span class='ocrx_word' id='word_1_437' title='bbox 1195 3555 1280 3613; x_wconf 81' lang='lat' dir='ltr'><strong>Lv,</strong></span> <span class='ocrx_word' id='word_1_438' title='bbox 1341 3540 1395 3601; x_wconf 93' lang='lat'><strong>8,</strong></span> <span class='ocrx_word' id='word_1_439' title='bbox 1429 3539 1508 3613; x_wconf 74' lang='lat'><strong>_9).</strong></span> <span class='ocrx_word' id='word_1_440' title='bbox 1547 3538 1824 3613; x_wconf 78' lang='lat' dir='ltr'><strong>Quemad-</strong></span> 
     </span>
    </p>
   </div>
   <div class='ocr_carea' id='block_1_67' title="bbox 231 3610 1824 3681">
    <p class='ocr_par' dir='ltr' id='par_1_67' title="bbox 231 3610 1824 3681">
     <span class='ocr_line' id='line_1_67' title="bbox 231 3610 1824 3681; baseline -0.003 -15"><span class='ocrx_word' id='word_1_441' title='bbox 231 3610 460 3667; x_wconf 80' lang='lat' dir='ltr'><strong>modum</strong></span> <span class='ocrx_word' id='word_1_442' title='bbox 524 3614 687 3681; x_wconf 83' lang='lat' dir='ltr'><strong>igitur</strong></span> <span class='ocrx_word' id='word_1_443' title='bbox 725 3610 1145 3681; x_wconf 75' lang='lat' dir='ltr'><strong>ipse_Duiiiiiius</strong></span> <span class='ocrx_word' id='word_1_444' title='bbox 1203 3610 1545 3681; x_wconf 79' lang='lat' dir='ltr'><strong>descendens</strong></span> <span class='ocrx_word' id='word_1_445' title='bbox 1600 3624 1631 3661; x_wconf 87' lang='lat' dir='ltr'><strong>e</strong></span> <span class='ocrx_word' id='word_1_446' title='bbox 1665 3610 1824 3681; x_wconf 13' lang='lat' dir='ltr'><strong>iacetis</strong></span> 
     </span>
    </p>
   </div>
   <div class='ocr_carea' id='block_1_68' title="bbox 231 3679 1825 3751">
    <p class='ocr_par' dir='ltr' id='par_1_68' title="bbox 231 3679 1825 3751">
     <span class='ocr_line' id='line_1_68' title="bbox 231 3679 1825 3751; baseline -0.004 -15"><span class='ocrx_word' id='word_1_447' title='bbox 231 3684 387 3736; x_wconf 83' lang='lat' dir='ltr'><strong>viain</strong></span> <span class='ocrx_word' id='word_1_448' title='bbox 435 3679 655 3751; x_wconf 73' lang='lat' dir='ltr'><strong>aperuit</strong></span> <span class='ocrx_word' id='word_1_449' title='bbox 691 3679 963 3743; x_wconf 64' lang='lat' dir='ltr'><strong>incastos,</strong></span> <span class='ocrx_word' id='word_1_450' title='bbox 999 3690 1053 3751; x_wconf 89' lang='lat' dir='ltr'><strong>et</strong></span> <span class='ocrx_word' id='word_1_451' title='bbox 1091 3688 1316 3751; x_wconf 84' lang='lat' dir='ltr'><strong>accepta</strong></span> <span class='ocrx_word' id='word_1_452' title='bbox 1348 3680 1523 3751; x_wconf 75' lang='lat' dir='ltr'><strong>turnia</strong></span> <span class='ocrx_word' id='word_1_453' title='bbox 1560 3680 1702 3732; x_wconf 82' lang='lat' dir='ltr'><strong>servi</strong></span> <span class='ocrx_word' id='word_1_454' title='bbox 1730 3695 1825 3747; x_wconf 88' lang='lat' dir='ltr'><strong>pn-</strong></span> 
     </span>
    </p>
   </div>
   <div class='ocr_carea' id='block_1_69' title="bbox 231 3748 1823 3819">
    <p class='ocr_par' dir='ltr' id='par_1_69' title="bbox 231 3748 1823 3819">
     <span class='ocr_line' id='line_1_69' title="bbox 231 3748 1823 3819; baseline -0.004 -11"><span class='ocrx_word' id='word_1_455' title='bbox 231 3753 385 3808; x_wconf 83' lang='lat' dir='ltr'><strong>ravit</strong></span> <span class='ocrx_word' id='word_1_456' title='bbox 411 3748 512 3807; x_wconf 63' lang='lat' dir='ltr'><strong>sibi</strong></span> <span class='ocrx_word' id='word_1_457' title='bbox 539 3751 843 3805; x_wconf 88' lang='lat' dir='ltr'><strong>dominium</strong></span> <span class='ocrx_word' id='word_1_458' title='bbox 879 3750 1123 3803; x_wconf 88' lang='lat' dir='ltr'><strong>omnium</strong></span> <span class='ocrx_word' id='word_1_459' title='bbox 1155 3763 1277 3818; x_wconf 73' lang='lat' dir='ltr'><strong>qua:</strong></span> <span class='ocrx_word' id='word_1_460' title='bbox 1303 3750 1355 3803; x_wconf 90' lang='lat' dir='ltr'><strong>in</strong></span> <span class='ocrx_word' id='word_1_461' title='bbox 1383 3748 1559 3812; x_wconf 73' lang='lat' dir='ltr'><strong>ctelis,</strong></span> <span class='ocrx_word' id='word_1_462' title='bbox 1596 3764 1823 3819; x_wconf 73' lang='lat' dir='ltr'><strong>qumque</strong></span> 
     </span>
    </p>
   </div>
   <div class='ocr_carea' id='block_1_70' title="bbox 224 3820 1824 3891">
    <p class='ocr_par' dir='ltr' id='par_1_70' title="bbox 224 3820 1824 3891">
     <span class='ocr_line' id='line_1_70' title="bbox 224 3820 1824 3891; baseline -0.003 -14"><span class='ocrx_word' id='word_1_463' title='bbox 224 3824 290 3877; x_wconf 83' lang='lat' dir='ltr'><strong>in</strong></span> <span class='ocrx_word' id='word_1_464' title='bbox 328 3824 512 3885; x_wconf 90' lang='lat' dir='ltr'><strong>terris,</strong></span> <span class='ocrx_word' id='word_1_465' title='bbox 544 3837 608 3876; x_wconf 90' lang='lat' dir='ltr'><strong>ac</strong></span> <span class='ocrx_word' id='word_1_466' title='bbox 654 3836 753 3891; x_wconf 85' lang='lat' dir='ltr'><strong>per</strong></span> <span class='ocrx_word' id='word_1_467' title='bbox 778 3836 1047 3875; x_wconf 85' lang='lat' dir='ltr'><strong>summam</strong></span> <span class='ocrx_word' id='word_1_468' title='bbox 1102 3820 1458 3891; x_wconf 89' lang='lat' dir='ltr'><strong>ignominiam</strong></span> <span class='ocrx_word' id='word_1_469' title='bbox 1495 3830 1824 3891; x_wconf 82' lang='lat' dir='ltr'><strong>consecutus</strong></span> 
     </span>
    </p>
   </div>
   <div class='ocr_carea' id='block_1_71' title="bbox 225 3889 1820 3961">
    <p class='ocr_par' dir='ltr' id='par_1_71' title="bbox 225 3889 1820 3961">
     <span class='ocr_line' id='line_1_71' title="bbox 225 3889 1820 3961; baseline -0.003 -16"><span class='ocrx_word' id='word_1_470' title='bbox 225 3902 319 3947; x_wconf 79' lang='lat' dir='ltr'><strong>est</strong></span> <span class='ocrx_word' id='word_1_471' title='bbox 368 3889 951 3961; x_wconf 36' lang='lat' dir='ltr'><strong>retentam—gloriam,</strong></span> <span class='ocrx_word' id='word_1_472' title='bbox 1006 3891 1263 3959; x_wconf 89' lang='lat' dir='ltr'><strong>patiendo</strong></span> <span class='ocrx_word' id='word_1_473' title='bbox 1313 3890 1517 3944; x_wconf 80' lang='lat' dir='ltr'><strong>devicit</strong></span> <span class='ocrx_word' id='word_1_474' title='bbox 1570 3889 1820 3961; x_wconf 88' lang='lat' dir='ltr'><strong>hostem,</strong></span> 
     </span>
    </p>
   </div>
   <div class='ocr_carea' id='block_1_72' title="bbox 227 3960 1823 4032">
    <p class='ocr_par' dir='ltr' id='par_1_72' title="bbox 227 3960 1823 4032">
     <span class='ocr_line' id='line_1_72' title="bbox 227 3960 1823 4032; baseline -0.003 -16"><span class='ocrx_word' id='word_1_475' title='bbox 227 3972 416 4017; x_wconf 88' lang='lat' dir='ltr'><strong>morte</strong></span> <span class='ocrx_word' id='word_1_476' title='bbox 452 3960 758 4032; x_wconf 84' lang='lat' dir='ltr'><strong>preiueruit</strong></span> <span class='ocrx_word' id='word_1_477' title='bbox 793 3962 1318 4032; x_wconf 75' lang='lat' dir='ltr'><strong>immortalitatem:</strong></span> <span class='ocrx_word' id='word_1_478' title='bbox 1343 3961 1427 4014; x_wconf 91' lang='lat' dir='ltr'><strong>sic</strong></span> <span class='ocrx_word' id='word_1_479' title='bbox 1481 3960 1735 4032; x_wconf 86' lang='lat' dir='ltr'><strong>pusillum</strong></span> <span class='ocrx_word' id='word_1_480' title='bbox 1770 3970 1823 4013; x_wconf 86' lang='lat' dir='ltr'><strong>et</strong></span> 
     </span>
    </p>
   </div>
   <div class='ocr_carea' id='block_1_73' title="bbox 226 4030 1823 4102">
    <p class='ocr_par' dir='ltr' id='par_1_73' title="bbox 226 4030 1823 4102">
     <span class='ocr_line' id='line_1_73' title="bbox 226 4030 1823 4102; baseline -0.003 -15"><span class='ocrx_word' id='word_1_481' title='bbox 226 4030 513 4087; x_wconf 75' lang='lat' dir='ltr'><strong>imbellem</strong></span> <span class='ocrx_word' id='word_1_482' title='bbox 548 4048 768 4102; x_wconf 79' lang='lat' dir='ltr'><strong>gregem</strong></span> <span class='ocrx_word' id='word_1_483' title='bbox 799 4046 963 4084; x_wconf 91' lang='lat' dir='ltr'><strong>suum</strong></span> <span class='ocrx_word' id='word_1_484' title='bbox 1000 4030 1355 4102; x_wconf 79' lang='lat' dir='ltr'><strong>alienissimis</strong></span> <span class='ocrx_word' id='word_1_485' title='bbox 1389 4050 1443 4102; x_wconf 12' lang='lat' dir='ltr'><strong>ra</strong></span> <span class='ocrx_word' id='word_1_486' title='bbox 1486 4031 1669 4102; x_wconf 81' lang='lat' dir='ltr'><strong>mundi</strong></span> <span class='ocrx_word' id='word_1_487' title='bbox 1731 4046 1823 4102; x_wconf 66' lang='lat' dir='ltr'><strong>ra-</strong></span> 
     </span>
    </p>
   </div>
   <div class='ocr_carea' id='block_1_74' title="bbox 230 4098 1823 4172">
    <p class='ocr_par' dir='ltr' id='par_1_74' title="bbox 230 4098 1823 4172">
     <span class='ocr_line' id='line_1_74' title="bbox 230 4098 1823 4172; baseline -0.001 -16"><span class='ocrx_word' id='word_1_488' title='bbox 230 4106 393 4158; x_wconf 80' lang='lat' dir='ltr'><strong>tione</strong></span> <span class='ocrx_word' id='word_1_489' title='bbox 439 4098 709 4172; x_wconf 59' lang='lat' dir='ltr'><strong>prméidi&#39;is</strong></span> <span class='ocrx_word' id='word_1_490' title='bbox 734 4102 1033 4171; x_wconf 81' lang='lat' dir='ltr'><strong>provehit:</strong></span> <span class='ocrx_word' id='word_1_491' title='bbox 1088 4115 1181 4169; x_wconf 88' lang='lat' dir='ltr'><strong>per</strong></span> <span class='ocrx_word' id='word_1_492' title='bbox 1208 4101 1491 4170; x_wconf 88' lang='lat' dir='ltr'><strong>imperitos</strong></span> <span class='ocrx_word' id='word_1_493' title='bbox 1522 4098 1823 4154; x_wconf 77' lang='lat' dir='ltr'><strong>confutavit</strong></span> 
     </span>
    </p>
   </div>
   <div class='ocr_carea' id='block_1_75' title="bbox 226 4172 1819 4241">
    <p class='ocr_par' dir='ltr' id='par_1_75' title="bbox 226 4172 1819 4241">
     <span class='ocr_line' id='line_1_75' title="bbox 226 4172 1819 4241; baseline -0.001 -16"><span class='ocrx_word' id='word_1_494' title='bbox 226 4174 424 4227; x_wconf 87' lang='lat' dir='ltr'><strong>mundi</strong></span> <span class='ocrx_word' id='word_1_495' title='bbox 454 4173 807 4240; x_wconf 87' lang='lat' dir='ltr'><strong>sapientiam,</strong></span> <span class='ocrx_word' id='word_1_496' title='bbox 839 4186 935 4240; x_wconf 90' lang='lat' dir='ltr'><strong>per</strong></span> <span class='ocrx_word' id='word_1_497' title='bbox 958 4186 1162 4241; x_wconf 89' lang='lat' dir='ltr'><strong>paucos</strong></span> <span class='ocrx_word' id='word_1_498' title='bbox 1187 4172 1400 4236; x_wconf 78' lang='lat' dir='ltr'><strong>subegit</strong></span> <span class='ocrx_word' id='word_1_499' title='bbox 1422 4184 1612 4224; x_wconf 86' lang='lat' dir='ltr'><strong>omnes</strong></span> <span class='ocrx_word' id='word_1_500' title='bbox 1636 4172 1819 4225; x_wconf 90' lang='lat' dir='ltr'><strong>mundi</strong></span> 
     </span>
    </p>
   </div>
   <div class='ocr_carea' id='block_1_76' title="bbox 225 4242 1821 4313">
    <p class='ocr_par' dir='ltr' id='par_1_76' title="bbox 225 4242 1821 4313">
     <span class='ocr_line' id='line_1_76' title="bbox 225 4242 1821 4313; baseline -0.002 -17"><span class='ocrx_word' id='word_1_501' title='bbox 225 4244 511 4305; x_wconf 85' lang='lat' dir='ltr'><strong>nationes,</strong></span> <span class='ocrx_word' id='word_1_502' title='bbox 555 4258 651 4311; x_wconf 87' lang='lat' dir='ltr'><strong>per</strong></span> <span class='ocrx_word' id='word_1_503' title='bbox 686 4242 984 4313; x_wconf 85' lang='lat' dir='ltr'><strong>imbecilles</strong></span> <span class='ocrx_word' id='word_1_504' title='bbox 1016 4242 1316 4310; x_wconf 88' lang='lat' dir='ltr'><strong>prostravit</strong></span> <span class='ocrx_word' id='word_1_505' title='bbox 1347 4251 1708 4313; x_wconf 80' lang='lat' dir='ltr'><strong>tyrannorum</strong></span> <span class='ocrx_word' id='word_1_506' title='bbox 1731 4255 1821 4308; x_wconf 88' lang='lat' dir='ltr'><strong>po-</strong></span> 
     </span>
    </p>
   </div>
   <div class='ocr_carea' id='block_1_77' title="bbox 226 4309 1820 4381">
    <p class='ocr_par' dir='ltr' id='par_1_77' title="bbox 226 4309 1820 4381">
     <span class='ocr_line' id='line_1_77' title="bbox 226 4309 1820 4381; baseline -0.002 -16"><span class='ocrx_word' id='word_1_507' title='bbox 226 4314 492 4375; x_wconf 81' lang='lat' dir='ltr'><strong>tentiam,</strong></span> <span class='ocrx_word' id='word_1_508' title='bbox 525 4309 623 4381; x_wconf 79' lang='lat' dir='ltr'><strong>per</strong></span> <span class='ocrx_word' id='word_1_509' title='bbox 660 4312 908 4366; x_wconf 87' lang='lat' dir='ltr'><strong>imbelles</strong></span> <span class='ocrx_word' id='word_1_510' title='bbox 946 4309 1273 4381; x_wconf 69' lang='lat' dir='ltr'><strong>expugnavit</strong></span> <span class='ocrx_word' id='word_1_511' title='bbox 1305 4309 1525 4365; x_wconf 85' lang='lat' dir='ltr'><strong>omnem</strong></span> <span class='ocrx_word' id='word_1_512' title='bbox 1563 4309 1820 4362; x_wconf 82' lang='lat' dir='ltr'><strong>munitio-</strong></span> 
     </span>
    </p>
   </div>
   <div class='ocr_carea' id='block_1_78' title="bbox 227 4382 1820 4449">
    <p class='ocr_par' dir='ltr' id='par_1_78' title="bbox 227 4382 1820 4449">
     <span class='ocr_line' id='line_1_78' title="bbox 227 4382 1820 4449; baseline -0.002 -13"><span class='ocrx_word' id='word_1_513' title='bbox 227 4397 359 4436; x_wconf 83' lang='lat' dir='ltr'><strong>neut</strong></span> <span class='ocrx_word' id='word_1_514' title='bbox 383 4384 722 4437; x_wconf 88' lang='lat' dir='ltr'><strong>attollentem</strong></span> <span class='ocrx_word' id='word_1_515' title='bbox 752 4397 872 4437; x_wconf 88' lang='lat' dir='ltr'><strong>sese</strong></span> <span class='ocrx_word' id='word_1_516' title='bbox 901 4384 1169 4437; x_wconf 73' lang='lat' dir='ltr'><strong>3d\&#39;CI&#39;:US</strong></span> <span class='ocrx_word' id='word_1_517' title='bbox 1190 4382 1379 4442; x_wconf 90' lang='lat' dir='ltr'><strong>Deum,</strong></span> <span class='ocrx_word' id='word_1_518' title='bbox 1406 4396 1501 4448; x_wconf 85' lang='lat' dir='ltr'><strong>per</strong></span> <span class='ocrx_word' id='word_1_519' title='bbox 1531 4382 1741 4449; x_wconf 87' lang='lat' dir='ltr'><strong>ignotos</strong></span> <span class='ocrx_word' id='word_1_520' title='bbox 1765 4391 1820 4433; x_wconf 83' lang='lat' dir='ltr'><strong>et</strong></span> 
     </span>
    </p>
   </div>
   <div class='ocr_carea' id='block_1_79' title="bbox 236 4452 1819 4519">
    <p class='ocr_par' dir='ltr' id='par_1_79' title="bbox 236 4452 1819 4519">
     <span class='ocr_line' id='line_1_79' title="bbox 236 4452 1819 4519; baseline -0.001 -14"><span class='ocrx_word' id='word_1_521' title='bbox 236 4454 484 4506; x_wconf 81' lang='lat' dir='ltr'><strong>humiles</strong></span> <span class='ocrx_word' id='word_1_522' title='bbox 514 4454 838 4507; x_wconf 88' lang='lat' dir='ltr'><strong>obscuravit</strong></span> <span class='ocrx_word' id='word_1_523' title='bbox 877 4454 1186 4506; x_wconf 85' lang='lat' dir='ltr'><strong>universam</strong></span> <span class='ocrx_word' id='word_1_524' title='bbox 1222 4452 1410 4504; x_wconf 89' lang='lat' dir='ltr'><strong>mundi</strong></span> <span class='ocrx_word' id='word_1_525' title='bbox 1434 4452 1689 4519; x_wconf 83' lang='lat' dir='ltr'><strong>gloriam,</strong></span> <span class='ocrx_word' id='word_1_526' title='bbox 1722 4466 1819 4519; x_wconf 86' lang='lat' dir='ltr'><strong>per</strong></span> 
     </span>
    </p>
   </div>
   <div class='ocr_carea' id='block_1_80' title="bbox 226 4522 1895 4610">
    <p class='ocr_par' dir='ltr' id='par_1_80' title="bbox 226 4522 1895 4610">
     <span class='ocr_line' id='line_1_80' title="bbox 226 4522 1895 4610; baseline -0.001 -34"><span class='ocrx_word' id='word_1_527' title='bbox 226 4538 368 4610; x_wconf 41' lang='lat' dir='ltr'><strong>p‘ves</strong></span> <span class='ocrx_word' id='word_1_528' title='bbox 393 4524 603 4576; x_wconf 89' lang='lat' dir='ltr'><strong>domuit</strong></span> <span class='ocrx_word' id='word_1_529' title='bbox 632 4524 840 4610; x_wconf 71' lang='lat' dir='ltr'><strong>leones,</strong></span> <span class='ocrx_word' id='word_1_530' title='bbox 862 4536 964 4603; x_wconf 74' lang='lat' dir='ltr'><strong>per</strong></span> <span class='ocrx_word' id='word_1_531' title='bbox 986 4522 1267 4610; x_wconf 72' lang='lat' dir='ltr'><strong>columbus</strong></span> <span class='ocrx_word' id='word_1_532' title='bbox 1299 4523 1812 4610; x_wconf 52' lang='lat' dir='ltr'><strong>abegitoserpentcs.</strong></span> <span class='ocrx_word' id='word_1_533' title='bbox 1851 4555 1895 4610; x_wconf 70' lang='grc' dir='ltr'>ο</span> 
     </span>
    </p>
   </div>
   <div class='ocr_carea' id='block_1_81' title="bbox 228 4588 1818 4663">
    <p class='ocr_par' dir='ltr' id='par_1_81' title="bbox 228 4588 1818 4663">
     <span class='ocr_line' id='line_1_81' title="bbox 228 4588 1818 4663; baseline -0.002 -17"><span class='ocrx_word' id='word_1_534' title='bbox 228 4593 297 4646; x_wconf 74' lang='lat' dir='ltr'><strong>Et</strong></span> <span class='ocrx_word' id='word_1_535' title='bbox 330 4607 530 4663; x_wconf 82' lang='lat' dir='ltr'><strong>passus</strong></span> <span class='ocrx_word' id='word_1_536' title='bbox 562 4594 778 4661; x_wconf 86' lang='lat' dir='ltr'><strong>quidem</strong></span> <span class='ocrx_word' id='word_1_537' title='bbox 828 4588 910 4646; x_wconf 68' lang='lat' dir='ltr'><strong>cSt</strong></span> <span class='ocrx_word' id='word_1_538' title='bbox 934 4594 985 4646; x_wconf 93' lang='lat' dir='ltr'><strong>iu</strong></span> <span class='ocrx_word' id='word_1_539' title='bbox 1020 4592 1279 4663; x_wconf 85' lang='lat' dir='ltr'><strong>oviculas</strong></span> <span class='ocrx_word' id='word_1_540' title='bbox 1315 4588 1442 4663; x_wconf 75' lang='lat' dir='ltr'><strong>suas</strong></span> <span class='ocrx_word' id='word_1_541' title='bbox 1472 4588 1732 4663; x_wconf 81' lang='lat' dir='ltr'><strong>Satanam</strong></span> <span class='ocrx_word' id='word_1_542' title='bbox 1764 4606 1818 4643; x_wconf 89' lang='lat' dir='ltr'><strong>ei</strong></span> 
     </span>
    </p>
   </div>
   <div class='ocr_carea' id='block_1_82' title="bbox 226 4660 1817 4719">
    <p class='ocr_par' dir='ltr' id='par_1_82' title="bbox 226 4660 1817 4719">
     <span class='ocr_line' id='line_1_82' title="bbox 226 4660 1817 4719; baseline -0.003 -2"><span class='ocrx_word' id='word_1_543' title='bbox 226 4660 499 4719; x_wconf 79' lang='lat' dir='ltr'><strong>mundum</strong></span> <span class='ocrx_word' id='word_1_544' title='bbox 536 4660 679 4718; x_wconf 85' lang='lat' dir='ltr'><strong>hunc</strong></span> <span class='ocrx_word' id='word_1_545' title='bbox 716 4663 845 4716; x_wconf 87' lang='lat' dir='ltr'><strong>totis</strong></span> <span class='ocrx_word' id='word_1_546' title='bbox 880 4664 1093 4716; x_wconf 88' lang='lat' dir='ltr'><strong>artibtts</strong></span> <span class='ocrx_word' id='word_1_547' title='bbox 1134 4678 1197 4715; x_wconf 89' lang='lat' dir='ltr'><strong>ac</strong></span> <span class='ocrx_word' id='word_1_548' title='bbox 1236 4661 1445 4714; x_wconf 86' lang='lat' dir='ltr'><strong>viribus</strong></span> <span class='ocrx_word' id='word_1_549' title='bbox 1478 4660 1596 4713; x_wconf 73' lang='lat' dir='ltr'><strong>suis</strong></span> <span class='ocrx_word' id='word_1_550' title='bbox 1634 4663 1817 4713; x_wconf 86' lang='lat' dir='ltr'><strong>insur-</strong></span> 
     </span>
    </p>
   </div>
   <div class='ocr_carea' id='block_1_83' title="bbox 224 4730 1821 4803">
    <p class='ocr_par' dir='ltr' id='par_1_83' title="bbox 224 4730 1821 4803">
     <span class='ocr_line' id='line_1_83' title="bbox 224 4730 1821 4803; baseline -0.002 -18"><span class='ocrx_word' id='word_1_551' title='bbox 224 4747 398 4803; x_wconf 82' lang='lat' dir='ltr'><strong>gere;</strong></span> <span class='ocrx_word' id='word_1_552' title='bbox 424 4748 618 4788; x_wconf 88' lang='lat' dir='ltr'><strong>verum</strong></span> <span class='ocrx_word' id='word_1_553' title='bbox 647 4733 863 4787; x_wconf 83' lang='lat' dir='ltr'><strong>arcanis</strong></span> <span class='ocrx_word' id='word_1_554' title='bbox 896 4734 1011 4786; x_wconf 89' lang='lat' dir='ltr'><strong>suis</strong></span> <span class='ocrx_word' id='word_1_555' title='bbox 1041 4732 1288 4803; x_wconf 74' lang='lat' dir='ltr'><strong>consiliis</strong></span> <span class='ocrx_word' id='word_1_556' title='bbox 1314 4730 1511 4803; x_wconf 70' lang='lat' dir='ltr'><strong>omnia</strong></span> <span class='ocrx_word' id='word_1_557' title='bbox 1534 4730 1674 4803; x_wconf 67' lang='lat' dir='ltr'><strong>mala</strong></span> <span class='ocrx_word' id='word_1_558' title='bbox 1704 4745 1821 4783; x_wconf 89' lang='lat' dir='ltr'><strong>ver-</strong></span> 
     </span>
    </p>
   </div>
   <div class='ocr_carea' id='block_1_84' title="bbox 226 4798 1820 4859">
    <p class='ocr_par' dir='ltr' id='par_1_84' title="bbox 226 4798 1820 4859">
     <span class='ocr_line' id='line_1_84' title="bbox 226 4798 1820 4859; baseline -0.001 -3"><span class='ocrx_word' id='word_1_559' title='bbox 226 4798 300 4856; x_wconf 78' lang='grc' dir='ltr'>ῖιι</span> <span class='ocrx_word' id='word_1_560' title='bbox 328 4802 529 4859; x_wconf 83' lang='lat' dir='ltr'><strong>electis</strong></span> <span class='ocrx_word' id='word_1_561' title='bbox 564 4806 676 4858; x_wconf 88' lang='lat' dir='ltr'><strong>suis</strong></span> <span class='ocrx_word' id='word_1_562' title='bbox 725 4804 776 4855; x_wconf 94' lang='lat' dir='ltr'><strong>iii</strong></span> <span class='ocrx_word' id='word_1_563' title='bbox 819 4805 1043 4857; x_wconf 89' lang='lat' dir='ltr'><strong>bonum.</strong></span> <span class='ocrx_word' id='word_1_564' title='bbox 1082 4800 1241 4856; x_wconf 88' lang='lat' dir='ltr'><strong>Solus</strong></span> <span class='ocrx_word' id='word_1_565' title='bbox 1278 4802 1423 4855; x_wconf 81' lang='lat' dir='ltr'><strong>enim</strong></span> <span class='ocrx_word' id='word_1_566' title='bbox 1462 4798 1549 4854; x_wconf 85' lang='lat' dir='ltr'><strong>ille</strong></span> <span class='ocrx_word' id='word_1_567' title='bbox 1590 4798 1705 4853; x_wconf 71' lang='lat' dir='ltr'><strong>Rex</strong></span> <span class='ocrx_word' id='word_1_568' title='bbox 1738 4817 1820 4854; x_wconf 85' lang='lat' dir='ltr'><strong>re-</strong></span> 
     </span>
    </p>
   </div>
   <div class='ocr_carea' id='block_1_85' title="bbox 223 4870 1821 4941">
    <p class='ocr_par' dir='ltr' id='par_1_85' title="bbox 223 4870 1821 4941">
     <span class='ocr_line' id='line_1_85' title="bbox 223 4870 1821 4941; baseline -0.001 -16"><span class='ocrx_word' id='word_1_569' title='bbox 223 4888 363 4941; x_wconf 76' lang='lat' dir='ltr'><strong>gum</strong></span> <span class='ocrx_word' id='word_1_570' title='bbox 394 4875 549 4929; x_wconf 82' lang='lat' dir='ltr'><strong>neiit</strong></span> <span class='ocrx_word' id='word_1_571' title='bbox 578 4885 633 4928; x_wconf 91' lang='lat' dir='ltr'><strong>et</strong></span> <span class='ocrx_word' id='word_1_572' title='bbox 667 4874 744 4926; x_wconf 92' lang='lat' dir='ltr'><strong>uti</strong></span> <span class='ocrx_word' id='word_1_573' title='bbox 775 4872 951 4938; x_wconf 89' lang='lat' dir='ltr'><strong>bonis,</strong></span> <span class='ocrx_word' id='word_1_574' title='bbox 983 4880 1038 4926; x_wconf 86' lang='lat' dir='ltr'><strong>et</strong></span> <span class='ocrx_word' id='word_1_575' title='bbox 1062 4872 1215 4926; x_wconf 85' lang='lat' dir='ltr'><strong>abuti</strong></span> <span class='ocrx_word' id='word_1_576' title='bbox 1256 4872 1414 4925; x_wconf 88' lang='lat' dir='ltr'><strong>matis</strong></span> <span class='ocrx_word' id='word_1_577' title='bbox 1445 4871 1670 4924; x_wconf 88' lang='lat' dir='ltr'><strong>insuam</strong></span> <span class='ocrx_word' id='word_1_578' title='bbox 1708 4870 1821 4937; x_wconf 88' lang='lat' dir='ltr'><strong>glo-</strong></span> 
     </span>
    </p>
   </div>
   <div class='ocr_carea' id='block_1_86' title="bbox 225 4941 1822 5009">
    <p class='ocr_par' dir='ltr' id='par_1_86' title="bbox 225 4941 1822 5009">
     <span class='ocr_line' id='line_1_86' title="bbox 225 4941 1822 5009; baseline -0.001 -12"><span class='ocrx_word' id='word_1_579' title='bbox 225 4946 376 4997; x_wconf 89' lang='lat' dir='ltr'><strong>riam</strong></span> <span class='ocrx_word' id='word_1_580' title='bbox 407 4952 464 4999; x_wconf 74' lang='grc' dir='ltr'><strong>Ει</strong></span> <span class='ocrx_word' id='word_1_581' title='bbox 480 4944 739 4999; x_wconf 63' lang='lat' dir='ltr'><strong>Ecclesiae</strong></span> <span class='ocrx_word' id='word_1_582' title='bbox 761 4945 1011 4997; x_wconf 78' lang='lat' dir='ltr'><strong>Salutem.</strong></span> <span class='ocrx_word' id='word_1_583' title='bbox 1032 4942 1084 4996; x_wconf 91' lang='lat' dir='ltr'><strong>In</strong></span> <span class='ocrx_word' id='word_1_584' title='bbox 1096 4941 1317 4995; x_wconf 82' lang='lat' dir='ltr'><strong>fremuit</strong></span> <span class='ocrx_word' id='word_1_585' title='bbox 1338 4941 1601 4995; x_wconf 76' lang='lat' dir='ltr'><strong>adversus</strong></span> <span class='ocrx_word' id='word_1_586' title='bbox 1619 4956 1822 5009; x_wconf 84' lang='lat' dir='ltr'><strong>paucos</strong></span> 
     </span>
    </p>
   </div>
   <div class='ocr_carea' id='block_1_87' title="bbox 224 5008 1822 5082">
    <p class='ocr_par' dir='ltr' id='par_1_87' title="bbox 224 5008 1822 5082">
     <span class='ocr_line' id='line_1_87' title="bbox 224 5008 1822 5082; baseline -0.003 -14"><span class='ocrx_word' id='word_1_587' title='bbox 224 5024 286 5068; x_wconf 77' lang='lat' dir='ltr'><strong>et.</strong></span> <span class='ocrx_word' id='word_1_588' title='bbox 323 5013 561 5069; x_wconf 86' lang='lat' dir='ltr'><strong>humiles</strong></span> <span class='ocrx_word' id='word_1_589' title='bbox 583 5013 787 5068; x_wconf 78' lang='lat' dir='ltr'><strong>Christi</strong></span> <span class='ocrx_word' id='word_1_590' title='bbox 814 5013 1110 5082; x_wconf 86' lang='lat' dir='ltr'><strong>discipulos</strong></span> <span class='ocrx_word' id='word_1_591' title='bbox 1140 5011 1450 5067; x_wconf 67' lang='lat' dir='ltr'><strong>Iudaeorum</strong></span> <span class='ocrx_word' id='word_1_592' title='bbox 1481 5010 1650 5082; x_wconf 80' lang='lat' dir='ltr'><strong>zelus,</strong></span> <span class='ocrx_word' id='word_1_593' title='bbox 1678 5008 1822 5063; x_wconf 77' lang='lat' dir='ltr'><strong>Plia-</strong></span> 
     </span>
    </p>
   </div>
   <div class='ocr_carea' id='block_1_88' title="bbox 227 5081 1812 5153">
    <p class='ocr_par' dir='ltr' id='par_1_88' title="bbox 227 5081 1812 5153">
     <span class='ocr_line' id='line_1_88' title="bbox 227 5081 1812 5153; baseline -0.003 -16"><span class='ocrx_word' id='word_1_594' title='bbox 227 5086 524 5139; x_wconf 67' lang='lat' dir='ltr'><strong>rismoruin</strong></span> <span class='ocrx_word' id='word_1_595' title='bbox 556 5083 938 5153; x_wconf 78' lang='lat' dir='ltr'><strong>supercilium,</strong></span> <span class='ocrx_word' id='word_1_596' title='bbox 959 5081 1307 5138; x_wconf 25' lang='lat' dir='ltr'><strong>’sacerdotuin</strong></span> <span class='ocrx_word' id='word_1_597' title='bbox 1340 5081 1667 5153; x_wconf 82' lang='lat' dir='ltr'><strong>auctoritas,</strong></span> <span class='ocrx_word' id='word_1_598' title='bbox 1698 5090 1812 5133; x_wconf 86' lang='lat' dir='ltr'><strong>tum</strong></span> 
     </span>
    </p>
   </div>
   <div class='ocr_carea' id='block_1_89' title="bbox 224 5152 1809 5225">
    <p class='ocr_par' dir='ltr' id='par_1_89' title="bbox 224 5152 1809 5225">
     <span class='ocr_line' id='line_1_89' title="bbox 224 5152 1809 5225; baseline -0.005 -15"><span class='ocrx_word' id='word_1_599' title='bbox 224 5170 422 5225; x_wconf 79' lang='lat' dir='ltr'><strong>regum</strong></span> <span class='ocrx_word' id='word_1_600' title='bbox 453 5152 665 5225; x_wconf 78' lang='lat' dir='ltr'><strong>legibus</strong></span> <span class='ocrx_word' id='word_1_601' title='bbox 694 5162 749 5210; x_wconf 88' lang='lat' dir='ltr'><strong>et</strong></span> <span class='ocrx_word' id='word_1_602' title='bbox 787 5154 962 5224; x_wconf 88' lang='lat' dir='ltr'><strong>copiis</strong></span> <span class='ocrx_word' id='word_1_603' title='bbox 991 5164 1202 5207; x_wconf 90' lang='lat' dir='ltr'><strong>armata</strong></span> <span class='ocrx_word' id='word_1_604' title='bbox 1234 5152 1505 5222; x_wconf 85' lang='lat' dir='ltr'><strong>potentia,</strong></span> <span class='ocrx_word' id='word_1_605' title='bbox 1530 5166 1809 5220; x_wconf 81' lang='lat' dir='ltr'><strong>magorum</strong></span> 
     </span>
    </p>
   </div>
   <div class='ocr_carea' id='block_1_90' title="bbox 1938 1936 3517 2006">
    <p class='ocr_par' dir='ltr' id='par_1_90' title="bbox 1938 1936 3517 2006">
     <span class='ocr_line' id='line_1_90' title="bbox 1938 1936 3517 2006; baseline 0.002 -18"><span class='ocrx_word' id='word_1_606' title='bbox 1938 1937 2242 1989; x_wconf 90' lang='lat' dir='ltr'><strong>tationibus</strong></span> <span class='ocrx_word' id='word_1_607' title='bbox 2294 1936 2555 2001; x_wconf 82' lang='lat' dir='ltr'><strong>agitatur,</strong></span> <span class='ocrx_word' id='word_1_608' title='bbox 2599 1938 2773 2006; x_wconf 84' lang='lat' dir='ltr'><strong>magis</strong></span> <span class='ocrx_word' id='word_1_609' title='bbox 2816 1938 2891 1989; x_wconf 93' lang='lat' dir='ltr'><strong>uti</strong></span> <span class='ocrx_word' id='word_1_610' title='bbox 2947 1937 3138 1991; x_wconf 89' lang='lat' dir='ltr'><strong>didicit</strong></span> <span class='ocrx_word' id='word_1_611' title='bbox 3235 1948 3517 1991; x_wconf 86' lang='lat' dir='ltr'><strong>armatura</strong></span> 
     </span>
    </p>
   </div>
   <div class='ocr_carea' id='block_1_91' title="bbox 1934 2006 3516 2077">
    <p class='ocr_par' dir='ltr' id='par_1_91' title="bbox 1934 2006 3516 2077">
     <span class='ocr_line' id='line_1_91' title="bbox 1934 2006 3516 2077; baseline 0.002 -20"><span class='ocrx_word' id='word_1_612' title='bbox 1934 2007 2247 2077; x_wconf 77' lang='lat' dir='ltr'><strong>divinarum</strong></span> <span class='ocrx_word' id='word_1_613' title='bbox 2282 2006 2612 2077; x_wconf 87' lang='lat' dir='ltr'><strong>litterarum,</strong></span> <span class='ocrx_word' id='word_1_614' title='bbox 2646 2017 2701 2060; x_wconf 86' lang='lat' dir='ltr'><strong>et</strong></span> <span class='ocrx_word' id='word_1_615' title='bbox 2734 2006 3057 2061; x_wconf 73' lang='lat' dir='ltr'><strong>confirmata</strong></span> <span class='ocrx_word' id='word_1_616' title='bbox 3087 2016 3172 2077; x_wconf 84' lang='lat' dir='ltr'><strong>est</strong></span> <span class='ocrx_word' id='word_1_617' title='bbox 3200 2008 3516 2077; x_wconf 83' lang='lat' dir='ltr'><strong>impugnata</strong></span> 
     </span>
    </p>
   </div>
   <div class='ocr_carea' id='block_1_92' title="bbox 1936 2075 3519 2143">
    <p class='ocr_par' dir='ltr' id='par_1_92' title="bbox 1936 2075 3519 2143">
     <span class='ocr_line' id='line_1_92' title="bbox 1936 2075 3519 2143; baseline -0.001 -13"><span class='ocrx_word' id='word_1_618' title='bbox 1936 2078 2160 2130; x_wconf 83' lang='lat' dir='ltr'><strong>veritas.</strong></span> <span class='ocrx_word' id='word_1_619' title='bbox 2202 2075 2419 2129; x_wconf 84' lang='lat' dir='ltr'><strong>Primus</strong></span> <span class='ocrx_word' id='word_1_620' title='bbox 2455 2076 2711 2129; x_wconf 71' lang='lat' dir='ltr'><strong>Ecclesia:</strong></span> <span class='ocrx_word' id='word_1_621' title='bbox 2739 2091 3071 2143; x_wconf 86' lang='lat' dir='ltr'><strong>congressus</strong></span> <span class='ocrx_word' id='word_1_622' title='bbox 3113 2076 3212 2129; x_wconf 80' lang='lat' dir='ltr'><strong>fuit</strong></span> <span class='ocrx_word' id='word_1_623' title='bbox 3264 2075 3386 2131; x_wconf 83' lang='lat' dir='ltr'><strong>cum</strong></span> <span class='ocrx_word' id='word_1_624' title='bbox 3416 2077 3519 2132; x_wconf 77' lang='lat' dir='ltr'><strong>Ju-</strong></span> 
     </span>
    </p>
   </div>
   <div class='ocr_carea' id='block_1_93' title="bbox 1935 2146 3519 2207">
    <p class='ocr_par' dir='ltr' id='par_1_93' title="bbox 1935 2146 3519 2207">
     <span class='ocr_line' id='line_1_93' title="bbox 1935 2146 3519 2207; baseline 0.004 -12"><span class='ocrx_word' id='word_1_625' title='bbox 1935 2146 2089 2206; x_wconf 78' lang='lat' dir='ltr'><strong>d:eis,</strong></span> <span class='ocrx_word' id='word_1_626' title='bbox 2124 2160 2357 2207; x_wconf 90' lang='lat' dir='ltr'><strong>quorum</strong></span> <span class='ocrx_word' id='word_1_627' title='bbox 2421 2147 2631 2199; x_wconf 80' lang='lat' dir='ltr'><strong>utinam</strong></span> <span class='ocrx_word' id='word_1_628' title='bbox 2668 2162 2773 2201; x_wconf 93' lang='lat' dir='ltr'><strong>non</strong></span> <span class='ocrx_word' id='word_1_629' title='bbox 2822 2156 3106 2200; x_wconf 74' lang='lat' dir='ltr'><strong>exstarent</strong></span> <span class='ocrx_word' id='word_1_630' title='bbox 3137 2156 3192 2201; x_wconf 90' lang='lat' dir='ltr'><strong>et</strong></span> <span class='ocrx_word' id='word_1_631' title='bbox 3222 2147 3387 2200; x_wconf 89' lang='lat' dir='ltr'><strong>hodie</strong></span> <span class='ocrx_word' id='word_1_632' title='bbox 3434 2164 3519 2201; x_wconf 86' lang='lat' dir='ltr'><strong>re-</strong></span> 
     </span>
    </p>
   </div>
   <div class='ocr_carea' id='block_1_94' title="bbox 1937 2214 3519 2286">
    <p class='ocr_par' dir='ltr' id='par_1_94' title="bbox 1937 2214 3519 2286">
     <span class='ocr_line' id='line_1_94' title="bbox 1937 2214 3519 2286; baseline 0.003 -19"><span class='ocrx_word' id='word_1_633' title='bbox 1937 2216 2117 2286; x_wconf 80' lang='lat' dir='ltr'><strong>liquia:</strong></span> <span class='ocrx_word' id='word_1_634' title='bbox 2140 2215 2171 2286; x_wconf 22' lang='grc' dir='ltr'><strong>ελ</strong></span> <span class='ocrx_word' id='word_1_635' title='bbox 2191 2214 2289 2268; x_wconf 88' lang='lat' dir='ltr'><strong>llic</strong></span> <span class='ocrx_word' id='word_1_636' title='bbox 2340 2224 2621 2270; x_wconf 90' lang='lat' dir='ltr'><strong>strenuum</strong></span> <span class='ocrx_word' id='word_1_637' title='bbox 2679 2225 3140 2286; x_wconf 85' lang='lat' dir='ltr'><strong>propugnatorem</strong></span> <span class='ocrx_word' id='word_1_638' title='bbox 3181 2218 3519 2286; x_wconf 76' lang='lat' dir='ltr'><strong>evangelica:</strong></span> 
     </span>
    </p>
   </div>
   <div class='ocr_carea' id='block_1_95' title="bbox 1935 2284 3519 2356">
    <p class='ocr_par' dir='ltr' id='par_1_95' title="bbox 1935 2284 3519 2356">
     <span class='ocr_line' id='line_1_95' title="bbox 1935 2284 3519 2356; baseline 0.003 -19"><span class='ocrx_word' id='word_1_639' title='bbox 1935 2284 2209 2356; x_wconf 63' lang='lat' dir='ltr'><strong>libertatis</strong></span> <span class='ocrx_word' id='word_1_640' title='bbox 2242 2286 2497 2356; x_wconf 61' lang='lat' dir='ltr'><strong>praestitit</strong></span> <span class='ocrx_word' id='word_1_641' title='bbox 2550 2285 2832 2356; x_wconf 88' lang='lat' dir='ltr'><strong>apostolus</strong></span> <span class='ocrx_word' id='word_1_642' title='bbox 2862 2284 3102 2342; x_wconf 56' lang='lat' dir='ltr'><strong>&#39;Paulns.</strong></span> <span class='ocrx_word' id='word_1_643' title='bbox 3146 2285 3333 2356; x_wconf 68' lang='lat' dir='ltr'><strong>Magire</strong></span> <span class='ocrx_word' id='word_1_644' title='bbox 3368 2289 3519 2355; x_wconf 84' lang='lat' dir='ltr'><strong>prin-</strong></span> 
     </span>
    </p>
   </div>
   <div class='ocr_carea' id='block_1_96' title="bbox 1935 2353 3519 2423">
    <p class='ocr_par' dir='ltr' id='par_1_96' title="bbox 1935 2353 3519 2423">
     <span class='ocr_line' id='line_1_96' title="bbox 1935 2353 3519 2423; baseline 0.001 -16"><span class='ocrx_word' id='word_1_645' title='bbox 1935 2356 2111 2422; x_wconf 90' lang='lat' dir='ltr'><strong>cipem</strong></span> <span class='ocrx_word' id='word_1_646' title='bbox 2162 2353 2359 2407; x_wconf 82' lang='lat' dir='ltr'><strong>Petrus</strong></span> <span class='ocrx_word' id='word_1_647' title='bbox 2392 2354 2613 2423; x_wconf 77' lang='lat' dir='ltr'><strong>deiecit.</strong></span> <span class='ocrx_word' id='word_1_648' title='bbox 2644 2355 2933 2411; x_wconf 79' lang='lat' dir='ltr'><strong>Secundus</strong></span> <span class='ocrx_word' id='word_1_649' title='bbox 2966 2356 3069 2410; x_wconf 78' lang='lat' dir='ltr'><strong>fuit</strong></span> <span class='ocrx_word' id='word_1_650' title='bbox 3108 2353 3519 2422; x_wconf 58' lang='lat' dir='ltr'><strong>cum&#39;pbiloso-</strong></span> 
     </span>
    </p>
   </div>
   <div class='ocr_carea' id='block_1_97' title="bbox 1934 2424 3519 2494">
    <p class='ocr_par' dir='ltr' id='par_1_97' title="bbox 1934 2424 3519 2494">
     <span class='ocr_line' id='line_1_97' title="bbox 1934 2424 3519 2494; baseline 0.003 -18"><span class='ocrx_word' id='word_1_651' title='bbox 1934 2425 2056 2490; x_wconf 83' lang='lat' dir='ltr'><strong>phis</strong></span> <span class='ocrx_word' id='word_1_652' title='bbox 2085 2434 2139 2477; x_wconf 90' lang='lat' dir='ltr'><strong>et</strong></span> <span class='ocrx_word' id='word_1_653' title='bbox 2166 2424 2461 2494; x_wconf 69' lang='lat' dir='ltr'><strong>haereticis,</strong></span> <span class='ocrx_word' id='word_1_654' title='bbox 2484 2425 2572 2492; x_wconf 91' lang='lat' dir='ltr'><strong>qui</strong></span> <span class='ocrx_word' id='word_1_655' title='bbox 2596 2424 2707 2478; x_wconf 78' lang='lat' dir='ltr'><strong>fere</strong></span> <span class='ocrx_word' id='word_1_656' title='bbox 2733 2425 3087 2493; x_wconf 71' lang='lat' dir='ltr'><strong>philosophia:</strong></span> <span class='ocrx_word' id='word_1_657' title='bbox 3108 2425 3379 2494; x_wconf 75' lang='lat' dir='ltr'><strong>prtesidiis</strong></span> <span class='ocrx_word' id='word_1_658' title='bbox 3403 2428 3519 2481; x_wconf 77' lang='lat' dir='ltr'><strong>bel-</strong></span> 
     </span>
    </p>
   </div>
   <div class='ocr_carea' id='block_1_98' title="bbox 1937 2493 3518 2564">
    <p class='ocr_par' dir='ltr' id='par_1_98' title="bbox 1937 2493 3518 2564">
     <span class='ocr_line' id='line_1_98' title="bbox 1937 2493 3518 2564; baseline 0.005 -19"><span class='ocrx_word' id='word_1_659' title='bbox 1937 2495 2121 2547; x_wconf 87' lang='lat' dir='ltr'><strong>labant</strong></span> <span class='ocrx_word' id='word_1_660' title='bbox 2164 2493 2425 2564; x_wconf 79' lang='lat' dir='ltr'><strong>adversus</strong></span> <span class='ocrx_word' id='word_1_661' title='bbox 2465 2494 2835 2563; x_wconf 86' lang='lat' dir='ltr'><strong>Evangelium.</strong></span> <span class='ocrx_word' id='word_1_662' title='bbox 2871 2494 3073 2550; x_wconf 88' lang='lat' dir='ltr'><strong>Horum</strong></span> <span class='ocrx_word' id='word_1_663' title='bbox 3106 2493 3518 2564; x_wconf 85' lang='lat' dir='ltr'><strong>impressiones,</strong></span> 
     </span>
    </p>
   </div>
   <div class='ocr_carea' id='block_1_99' title="bbox 1936 2562 3519 2633">
    <p class='ocr_par' dir='ltr' id='par_1_99' title="bbox 1936 2562 3519 2633">
     <span class='ocr_line' id='line_1_99' title="bbox 1936 2562 3519 2633; baseline 0.003 -16"><span class='ocrx_word' id='word_1_664' title='bbox 1936 2572 2058 2632; x_wconf 88' lang='lat' dir='ltr'><strong>post</strong></span> <span class='ocrx_word' id='word_1_665' title='bbox 2088 2562 2385 2633; x_wconf 86' lang='lat' dir='ltr'><strong>apostolos,</strong></span> <span class='ocrx_word' id='word_1_666' title='bbox 2415 2562 2758 2633; x_wconf 71' lang='lat' dir='ltr'><strong>exceperunt</strong></span> <span class='ocrx_word' id='word_1_667' title='bbox 2790 2564 2893 2617; x_wconf 91' lang='lat' dir='ltr'><strong>viri</strong></span> <span class='ocrx_word' id='word_1_668' title='bbox 2956 2562 3203 2619; x_wconf 83' lang='lat' dir='ltr'><strong>doctrina</strong></span> <span class='ocrx_word' id='word_1_669' title='bbox 3237 2564 3519 2622; x_wconf 81' lang='lat' dir='ltr'><strong>facundia-</strong></span> 
     </span>
    </p>
   </div>
   <div class='ocr_carea' id='block_1_100' title="bbox 1934 2632 3517 2705">
    <p class='ocr_par' dir='ltr' id='par_1_100' title="bbox 1934 2632 3517 2705">
     <span class='ocr_line' id='line_1_100' title="bbox 1934 2632 3517 2705; baseline 0.006 -22"><span class='ocrx_word' id='word_1_670' title='bbox 1934 2649 2040 2705; x_wconf 75' lang='lat' dir='ltr'><strong>qzie</strong></span> <span class='ocrx_word' id='word_1_671' title='bbox 2073 2632 2470 2705; x_wconf 74' lang='lat' dir='ltr'><strong>przccellentcs.</strong></span> <span class='ocrx_word' id='word_1_672' title='bbox 2525 2634 2631 2688; x_wconf 78' lang='lat' dir='ltr'><strong>Nec</strong></span> <span class='ocrx_word' id='word_1_673' title='bbox 2668 2634 2790 2687; x_wconf 89' lang='lat' dir='ltr'><strong>ideo</strong></span> <span class='ocrx_word' id='word_1_674' title='bbox 2816 2634 3132 2688; x_wconf 77' lang='lat' dir='ltr'><strong>damnanda</strong></span> <span class='ocrx_word' id='word_1_675' title='bbox 3165 2645 3246 2689; x_wconf 88' lang='lat' dir='ltr'><strong>est</strong></span> <span class='ocrx_word' id='word_1_676' title='bbox 3275 2635 3517 2705; x_wconf 86' lang='lat' dir='ltr'><strong>philoso-</strong></span> 
     </span>
    </p>
   </div>
   <div class='ocr_carea' id='block_1_101' title="bbox 1934 2704 3518 2773">
    <p class='ocr_par' dir='ltr' id='par_1_101' title="bbox 1934 2704 3518 2773">
     <span class='ocr_line' id='line_1_101' title="bbox 1934 2704 3518 2773; baseline 0.004 -18"><span class='ocrx_word' id='word_1_677' title='bbox 1934 2704 2074 2773; x_wconf 75' lang='lat' dir='ltr'><strong>phia:</strong></span> <span class='ocrx_word' id='word_1_678' title='bbox 2103 2704 2283 2757; x_wconf 89' lang='lat' dir='ltr'><strong>sobria</strong></span> <span class='ocrx_word' id='word_1_679' title='bbox 2330 2706 2594 2769; x_wconf 78' lang='lat' dir='ltr'><strong>cognitio,</strong></span> <span class='ocrx_word' id='word_1_680' title='bbox 2631 2706 2772 2772; x_wconf 86' lang='lat' dir='ltr'><strong>quod</strong></span> <span class='ocrx_word' id='word_1_681' title='bbox 2798 2718 2825 2755; x_wconf 86' lang='lat' dir='ltr'><strong>a</strong></span> <span class='ocrx_word' id='word_1_682' title='bbox 2857 2705 3197 2772; x_wconf 75' lang='lat' dir='ltr'><strong>pliilosoaliis</strong></span> <span class='ocrx_word' id='word_1_683' title='bbox 3227 2704 3343 2760; x_wconf 82' lang='lat' dir='ltr'><strong>fere</strong></span> <span class='ocrx_word' id='word_1_684' title='bbox 3375 2718 3518 2761; x_wconf 65' lang='lat' dir='ltr'><strong>natae</strong></span> 
     </span>
    </p>
   </div>
   <div class='ocr_carea' id='block_1_102' title="bbox 1933 2774 3514 2844">
    <p class='ocr_par' dir='ltr' id='par_1_102' title="bbox 1933 2774 3514 2844">
     <span class='ocr_line' id='line_1_102' title="bbox 1933 2774 3514 2844; baseline 0.001 -17"><span class='ocrx_word' id='word_1_685' title='bbox 1933 2781 2060 2827; x_wconf 89' lang='lat' dir='ltr'><strong>sunt</strong></span> <span class='ocrx_word' id='word_1_686' title='bbox 2094 2788 2285 2844; x_wconf 87' lang='lat' dir='ltr'><strong>omnes</strong></span> <span class='ocrx_word' id='word_1_687' title='bbox 2340 2774 2575 2828; x_wconf 78' lang='lat' dir='ltr'><strong>brercses</strong></span> <span class='ocrx_word' id='word_1_688' title='bbox 2610 2815 2623 2834; x_wconf 85' lang='lat'><strong>,</strong></span> <span class='ocrx_word' id='word_1_689' title='bbox 2672 2790 2797 2828; x_wconf 88' lang='lat' dir='ltr'><strong>cum</strong></span> <span class='ocrx_word' id='word_1_690' title='bbox 2848 2789 2945 2840; x_wconf 88' lang='lat' dir='ltr'><strong>per</strong></span> <span class='ocrx_word' id='word_1_691' title='bbox 2984 2775 3337 2844; x_wconf 86' lang='lat' dir='ltr'><strong>philosophos</strong></span> <span class='ocrx_word' id='word_1_692' title='bbox 3388 2777 3514 2831; x_wconf 89' lang='lat' dir='ltr'><strong>item</strong></span> 
     </span>
    </p>
   </div>
   <div class='ocr_carea' id='block_1_103' title="bbox 1931 2841 3515 2915">
    <p class='ocr_par' dir='ltr' id='par_1_103' title="bbox 1931 2841 3515 2915">
     <span class='ocr_line' id='line_1_103' title="bbox 1931 2841 3515 2915; baseline 0.004 -22"><span class='ocrx_word' id='word_1_693' title='bbox 1931 2858 2209 2915; x_wconf 49' lang='lat' dir='ltr'><strong>oppizissa:</strong></span> <span class='ocrx_word' id='word_1_694' title='bbox 2236 2841 2365 2915; x_wconf 87' lang='lat' dir='ltr'><strong>sint.</strong></span> <span class='ocrx_word' id='word_1_695' title='bbox 2404 2844 2729 2915; x_wconf 72' lang='lat' dir='ltr'><strong>Valentinus</strong></span> <span class='ocrx_word' id='word_1_696' title='bbox 2763 2841 3123 2915; x_wconf 82' lang='lat' dir='ltr'><strong>philosophus</strong></span> <span class='ocrx_word' id='word_1_697' title='bbox 3159 2860 3515 2915; x_wconf 80' lang='lat' dir='ltr'><strong>oppugnave-</strong></span> 
     </span>
    </p>
   </div>
   <div class='ocr_carea' id='block_1_104' title="bbox 1935 2912 3517 2983">
    <p class='ocr_par' dir='ltr' id='par_1_104' title="bbox 1935 2912 3517 2983">
     <span class='ocr_line' id='line_1_104' title="bbox 1935 2912 3517 2983; baseline 0.006 -19"><span class='ocrx_word' id='word_1_698' title='bbox 1935 2923 2017 2965; x_wconf 89' lang='lat' dir='ltr'><strong>rat</strong></span> <span class='ocrx_word' id='word_1_699' title='bbox 2046 2912 2349 2983; x_wconf 71' lang='lat' dir='ltr'><strong>Ecclesium</strong></span> <span class='ocrx_word' id='word_1_700' title='bbox 2378 2953 2393 2975; x_wconf 88' lang='lat'><strong><em>.</em></strong></span> <span class='ocrx_word' id='word_1_701' title='bbox 2441 2915 2535 2968; x_wconf 92' lang='lat' dir='ltr'><strong>sed</strong></span> <span class='ocrx_word' id='word_1_702' title='bbox 2567 2912 2819 2968; x_wconf 80' lang='lat' dir='ltr'><strong>Justinus</strong></span> <span class='ocrx_word' id='word_1_703' title='bbox 2858 2912 3261 2983; x_wconf 80' lang='lat' dir='ltr'><strong>philosophus,</strong></span> <span class='ocrx_word' id='word_1_704' title='bbox 3312 2912 3365 2969; x_wconf 76' lang='lat' dir='ltr'><strong>et</strong></span> <span class='ocrx_word' id='word_1_705' title='bbox 3406 2916 3517 2973; x_wconf 87' lang='lat' dir='ltr'><strong>Ire-</strong></span> 
     </span>
    </p>
   </div>
   <div class='ocr_carea' id='block_1_105' title="bbox 1934 2982 3515 3055">
    <p class='ocr_par' dir='ltr' id='par_1_105' title="bbox 1934 2982 3515 3055">
     <span class='ocr_line' id='line_1_105' title="bbox 1934 2982 3515 3055; baseline 0.004 -22"><span class='ocrx_word' id='word_1_706' title='bbox 1934 2998 2086 3055; x_wconf 78' lang='lat' dir='ltr'><strong>iueus</strong></span> <span class='ocrx_word' id='word_1_707' title='bbox 2119 2982 2476 3055; x_wconf 81' lang='lat' dir='ltr'><strong>philosophus</strong></span> <span class='ocrx_word' id='word_1_708' title='bbox 2528 2984 2793 3055; x_wconf 78' lang='lat' dir='ltr'><strong>defendit.</strong></span> <span class='ocrx_word' id='word_1_709' title='bbox 2851 2982 3089 3055; x_wconf 81' lang='lat' dir='ltr'><strong>Marcion</strong></span> <span class='ocrx_word' id='word_1_710' title='bbox 3153 2985 3515 3055; x_wconf 82' lang='lat' dir='ltr'><strong>philosophus</strong></span> 
     </span>
    </p>
   </div>
   <div class='ocr_carea' id='block_1_106' title="bbox 1932 3052 3515 3125">
    <p class='ocr_par' dir='ltr' id='par_1_106' title="bbox 1932 3052 3515 3125">
     <span class='ocr_line' id='line_1_106' title="bbox 1932 3052 3515 3125; baseline 0.004 -21"><span class='ocrx_word' id='word_1_711' title='bbox 1932 3052 2162 3125; x_wconf 76' lang='lat' dir='ltr'><strong>iuipetiit</strong></span> <span class='ocrx_word' id='word_1_712' title='bbox 2199 3054 2672 3125; x_wconf 51' lang='lat' dir='ltr'><strong>_vcritatenixscd</strong></span> <span class='ocrx_word' id='word_1_713' title='bbox 2726 3054 3101 3109; x_wconf 86' lang='lat' dir='ltr'><strong>Tertullianiis</strong></span> <span class='ocrx_word' id='word_1_714' title='bbox 3154 3052 3515 3125; x_wconf 74' lang='lat' dir='ltr'><strong>philosophus</strong></span> 
     </span>
    </p>
   </div>
   <div class='ocr_carea' id='block_1_107' title="bbox 1929 3121 3516 3195">
    <p class='ocr_par' dir='ltr' id='par_1_107' title="bbox 1929 3121 3516 3195">
     <span class='ocr_line' id='line_1_107' title="bbox 1929 3121 3516 3195; baseline 0.004 -20"><span class='ocrx_word' id='word_1_715' title='bbox 1929 3121 2168 3195; x_wconf 79' lang='lat' dir='ltr'><strong>confecit</strong></span> <span class='ocrx_word' id='word_1_716' title='bbox 2198 3123 2434 3195; x_wconf 66' lang='lat' dir='ltr'><strong>busti-in.</strong></span> <span class='ocrx_word' id='word_1_717' title='bbox 2475 3124 2667 3178; x_wconf 79' lang='lat' dir='ltr'><strong>Celsus</strong></span> <span class='ocrx_word' id='word_1_718' title='bbox 2723 3125 3083 3195; x_wconf 84' lang='lat' dir='ltr'><strong>philosophus</strong></span> <span class='ocrx_word' id='word_1_719' title='bbox 3137 3121 3516 3195; x_wconf 76' lang='lat' dir='ltr'><strong>blasplieinias</strong></span> 
     </span>
    </p>
   </div>
   <div class='ocr_carea' id='block_1_108' title="bbox 1930 3192 3515 3264">
    <p class='ocr_par' dir='ltr' id='par_1_108' title="bbox 1930 3192 3515 3264">
     <span class='ocr_line' id='line_1_108' title="bbox 1930 3192 3515 3264; baseline 0.001 -19"><span class='ocrx_word' id='word_1_720' title='bbox 1930 3193 2172 3247; x_wconf 80' lang='lat' dir='ltr'><strong>evomuit</strong></span> <span class='ocrx_word' id='word_1_721' title='bbox 2200 3193 2249 3245; x_wconf 91' lang='lat' dir='ltr'><strong>in</strong></span> <span class='ocrx_word' id='word_1_722' title='bbox 2285 3192 2586 3264; x_wconf 12' lang='lat' dir='ltr'><strong>itjlii&#39;istuin</strong></span> <span class='ocrx_word' id='word_1_723' title='bbox 2618 3235 2631 3254; x_wconf 87' lang='lat'><strong>,</strong></span> <span class='ocrx_word' id='word_1_724' title='bbox 2682 3196 2776 3247; x_wconf 89' lang='lat' dir='ltr'><strong>sed</strong></span> <span class='ocrx_word' id='word_1_725' title='bbox 2812 3192 3081 3263; x_wconf 78' lang='lat' dir='ltr'><strong>Origenes</strong></span> <span class='ocrx_word' id='word_1_726' title='bbox 3119 3192 3310 3248; x_wconf 75' lang='lat' dir='ltr'><strong>melior</strong></span> <span class='ocrx_word' id='word_1_727' title='bbox 3341 3195 3515 3264; x_wconf 78' lang='lat' dir='ltr'><strong>philo-</strong></span> 
     </span>
    </p>
   </div>
   <div class='ocr_carea' id='block_1_109' title="bbox 1930 3262 3513 3336">
    <p class='ocr_par' dir='ltr' id='par_1_109' title="bbox 1930 3262 3513 3336">
     <span class='ocr_line' id='line_1_109' title="bbox 1930 3262 3513 3336; baseline 0.002 -20"><span class='ocrx_word' id='word_1_728' title='bbox 1930 3263 2145 3336; x_wconf 75' lang='lat' dir='ltr'><strong>sophus</strong></span> <span class='ocrx_word' id='word_1_729' title='bbox 2169 3276 2235 3336; x_wconf 78' lang='lat' dir='ltr'><strong>ex</strong></span> <span class='ocrx_word' id='word_1_730' title='bbox 2265 3262 2409 3336; x_wconf 83' lang='lat' dir='ltr'><strong>illius</strong></span> <span class='ocrx_word' id='word_1_731' title='bbox 2449 3263 2806 3336; x_wconf 80' lang='lat' dir='ltr'><strong>blasplieiiiiis</strong></span> <span class='ocrx_word' id='word_1_732' title='bbox 2837 3262 3371 3336; x_wconf 78' lang='lat' dir='ltr'><strong>illustravitChristi</strong></span> <span class='ocrx_word' id='word_1_733' title='bbox 3398 3266 3513 3336; x_wconf 83' lang='lat' dir='ltr'><strong>glo-</strong></span> 
     </span>
    </p>
   </div>
   <div class='ocr_carea' id='block_1_110' title="bbox 1930 3332 3513 3405">
    <p class='ocr_par' dir='ltr' id='par_1_110' title="bbox 1930 3332 3513 3405">
     <span class='ocr_line' id='line_1_110' title="bbox 1930 3332 3513 3405; baseline 0.004 -22"><span class='ocrx_word' id='word_1_734' title='bbox 1930 3333 2105 3405; x_wconf 29' lang='lat' dir='ltr'><strong>riain.‘</strong></span> <span class='ocrx_word' id='word_1_735' title='bbox 2127 3332 2399 3405; x_wconf 82' lang='lat' dir='ltr'><strong>Libaiiius</strong></span> <span class='ocrx_word' id='word_1_736' title='bbox 2423 3334 2667 3405; x_wconf 73' lang='lat' dir='ltr'><strong>sophista</strong></span> <span class='ocrx_word' id='word_1_737' title='bbox 2711 3333 2955 3389; x_wconf 77' lang='lat' dir='ltr'><strong>defendit</strong></span> <span class='ocrx_word' id='word_1_738' title='bbox 2984 3332 3513 3405; x_wconf 46' lang='lat' dir='ltr'><strong>idololatriamfsed</strong></span> 
     </span>
    </p>
   </div>
   <div class='ocr_carea' id='block_1_111' title="bbox 1928 3402 3513 3473">
    <p class='ocr_par' dir='ltr' id='par_1_111' title="bbox 1928 3402 3513 3473">
     <span class='ocr_line' id='line_1_111' title="bbox 1928 3402 3513 3473; baseline 0.002 -19"><span class='ocrx_word' id='word_1_739' title='bbox 1928 3402 2034 3473; x_wconf 81' lang='lat' dir='ltr'><strong>hoc</strong></span> <span class='ocrx_word' id='word_1_740' title='bbox 2077 3402 2846 3473; x_wconf 48' lang='lat' dir='ltr'><strong>facundior’Clu-ysostomus</strong></span> <span class='ocrx_word' id='word_1_741' title='bbox 2896 3404 3136 3459; x_wconf 84' lang='lat' dir='ltr'><strong>asseruit</strong></span> <span class='ocrx_word' id='word_1_742' title='bbox 3194 3420 3383 3459; x_wconf 89' lang='lat' dir='ltr'><strong>verum</strong></span> <span class='ocrx_word' id='word_1_743' title='bbox 3420 3405 3513 3459; x_wconf 69' lang='grc' dir='ltr'><strong>[Μ</strong></span> 
     </span>
    </p>
   </div>
   <div class='ocr_carea' id='block_1_112' title="bbox 1927 3471 3514 3545">
    <p class='ocr_par' dir='ltr' id='par_1_112' title="bbox 1927 3471 3514 3545">
     <span class='ocr_line' id='line_1_112' title="bbox 1927 3471 3514 3545; baseline 0.001 -20"><span class='ocrx_word' id='word_1_744' title='bbox 1927 3471 2155 3545; x_wconf 85' lang='lat' dir='ltr'><strong>cultum.</strong></span> <span class='ocrx_word' id='word_1_745' title='bbox 2186 3474 2328 3545; x_wconf 71' lang='lat' dir='ltr'><strong>idem</strong></span> <span class='ocrx_word' id='word_1_746' title='bbox 2366 3472 2493 3526; x_wconf 75' lang='lat' dir='ltr'><strong>fecit</strong></span> <span class='ocrx_word' id='word_1_747' title='bbox 2533 3471 2720 3545; x_wconf 79' lang='lat' dir='ltr'><strong>orator</strong></span> <span class='ocrx_word' id='word_1_748' title='bbox 2770 3474 3142 3545; x_wconf 79' lang='lat' dir='ltr'><strong>Symmachus</strong></span> <span class='ocrx_word' id='word_1_749' title='bbox 3171 3477 3315 3544; x_wconf 92' lang='lat' dir='ltr'><strong>quod</strong></span> <span class='ocrx_word' id='word_1_750' title='bbox 3352 3476 3514 3529; x_wconf 84' lang='lat' dir='ltr'><strong>Liba-</strong></span> 
     </span>
    </p>
   </div>
   <div class='ocr_carea' id='block_1_113' title="bbox 1929 3541 3511 3614">
    <p class='ocr_par' dir='ltr' id='par_1_113' title="bbox 1929 3541 3511 3614">
     <span class='ocr_line' id='line_1_113' title="bbox 1929 3541 3511 3614; baseline 0.003 -22"><span class='ocrx_word' id='word_1_751' title='bbox 1929 3541 2074 3614; x_wconf 84' lang='lat' dir='ltr'><strong>uius,</strong></span> <span class='ocrx_word' id='word_1_752' title='bbox 2109 3542 2206 3614; x_wconf 80' lang='lat' dir='ltr'><strong>sed</strong></span> <span class='ocrx_word' id='word_1_753' title='bbox 2257 3542 2400 3596; x_wconf 91' lang='lat' dir='ltr'><strong>hunc</strong></span> <span class='ocrx_word' id='word_1_754' title='bbox 2429 3543 2673 3599; x_wconf 84' lang='lat' dir='ltr'><strong>confodit</strong></span> <span class='ocrx_word' id='word_1_755' title='bbox 2734 3541 3012 3614; x_wconf 80' lang='lat' dir='ltr'><strong>potentior</strong></span> <span class='ocrx_word' id='word_1_756' title='bbox 3042 3541 3233 3600; x_wconf 85' lang='lat' dir='ltr'><strong>orator</strong></span> <span class='ocrx_word' id='word_1_757' title='bbox 3261 3545 3511 3599; x_wconf 85' lang='lat' dir='ltr'><strong>Pruden-</strong></span> 
     </span>
    </p>
   </div>
   <div class='ocr_carea' id='block_1_114' title="bbox 1926 3610 3509 3683">
    <p class='ocr_par' dir='ltr' id='par_1_114' title="bbox 1926 3610 3509 3683">
     <span class='ocr_line' id='line_1_114' title="bbox 1926 3610 3509 3683; baseline 0.003 -21"><span class='ocrx_word' id='word_1_758' title='bbox 1926 3611 2057 3665; x_wconf 88' lang='lat' dir='ltr'><strong>tius.</strong></span> <span class='ocrx_word' id='word_1_759' title='bbox 2119 3610 2307 3683; x_wconf 58' lang='lat' dir='ltr'><strong>itaque</strong></span> <span class='ocrx_word' id='word_1_760' title='bbox 2356 3614 2495 3667; x_wconf 89' lang='lat' dir='ltr'><strong>bona</strong></span> <span class='ocrx_word' id='word_1_761' title='bbox 2547 3610 2796 3681; x_wconf 65' lang='lat' dir='ltr'><strong>quaedam</strong></span> <span class='ocrx_word' id='word_1_762' title='bbox 2854 3630 2980 3683; x_wconf 89' lang='lat' dir='ltr'><strong>spes</strong></span> <span class='ocrx_word' id='word_1_763' title='bbox 3045 3616 3210 3668; x_wconf 89' lang='lat' dir='ltr'><strong>habet</strong></span> <span class='ocrx_word' id='word_1_764' title='bbox 3263 3616 3509 3667; x_wconf 89' lang='lat' dir='ltr'><strong>auiiiiiiin</strong></span> 
     </span>
    </p>
   </div>
   <div class='ocr_carea' id='block_1_115' title="bbox 1928 3680 3513 3752">
    <p class='ocr_par' dir='ltr' id='par_1_115' title="bbox 1928 3680 3513 3752">
     <span class='ocr_line' id='line_1_115' title="bbox 1928 3680 3513 3752; baseline 0.004 -20"><span class='ocrx_word' id='word_1_765' title='bbox 1928 3696 2135 3752; x_wconf 85' lang='lat' dir='ltr'><strong>meum,</strong></span> <span class='ocrx_word' id='word_1_766' title='bbox 2161 3680 2279 3752; x_wconf 79' lang='lat' dir='ltr'><strong>fore</strong></span> <span class='ocrx_word' id='word_1_767' title='bbox 2302 3691 2359 3736; x_wconf 91' lang='lat' dir='ltr'><strong>ut</strong></span> <span class='ocrx_word' id='word_1_768' title='bbox 2390 3684 2530 3739; x_wconf 90' lang='lat' dir='ltr'><strong>banc</strong></span> <span class='ocrx_word' id='word_1_769' title='bbox 2562 3680 2817 3739; x_wconf 74' lang='lat' dir='ltr'><strong>Ecclesia:</strong></span> <span class='ocrx_word' id='word_1_770' title='bbox 2847 3680 3228 3752; x_wconf 72' lang='lat' dir='ltr'><strong>tempestatem</strong></span> <span class='ocrx_word' id='word_1_771' title='bbox 3254 3685 3513 3739; x_wconf 89' lang='lat' dir='ltr'><strong>Dominus</strong></span> 
     </span>
    </p>
   </div>
   <div class='ocr_carea' id='block_1_116' title="bbox 1927 3750 3516 3815">
    <p class='ocr_par' dir='ltr' id='par_1_116' title="bbox 1927 3750 3516 3815">
     <span class='ocr_line' id='line_1_116' title="bbox 1927 3750 3516 3815; baseline 0.002 -12"><span class='ocrx_word' id='word_1_772' title='bbox 1927 3750 2276 3805; x_wconf 87' lang='lat' dir='ltr'><strong>inscrutabili</strong></span> <span class='ocrx_word' id='word_1_773' title='bbox 2308 3768 2407 3806; x_wconf 93' lang='lat' dir='ltr'><strong>suo</strong></span> <span class='ocrx_word' id='word_1_774' title='bbox 2434 3753 2666 3808; x_wconf 89' lang='lat' dir='ltr'><strong>consilio</strong></span> <span class='ocrx_word' id='word_1_775' title='bbox 2690 3763 2866 3807; x_wconf 83' lang='lat' dir='ltr'><strong>vertat</strong></span> <span class='ocrx_word' id='word_1_776' title='bbox 2903 3750 3154 3807; x_wconf 58' lang='lat' dir='ltr'><strong>iii&#39;bouos</strong></span> <span class='ocrx_word' id='word_1_777' title='bbox 3184 3755 3385 3815; x_wconf 76' lang='lat' dir='ltr'><strong>exitus,</strong></span> <span class='ocrx_word' id='word_1_778' title='bbox 3420 3769 3516 3806; x_wconf 69' lang='lat' dir='ltr'><strong>cr-</strong></span> 
     </span>
    </p>
   </div>
   <div class='ocr_carea' id='block_1_117' title="bbox 1928 3821 3513 3892">
    <p class='ocr_par' dir='ltr' id='par_1_117' title="bbox 1928 3821 3513 3892">
     <span class='ocr_line' id='line_1_117' title="bbox 1928 3821 3513 3892; baseline 0.002 -18"><span class='ocrx_word' id='word_1_779' title='bbox 1928 3821 2167 3889; x_wconf 88' lang='lat' dir='ltr'><strong>citetque</strong></span> <span class='ocrx_word' id='word_1_780' title='bbox 2200 3822 2357 3875; x_wconf 91' lang='lat' dir='ltr'><strong>nobis</strong></span> <span class='ocrx_word' id='word_1_781' title='bbox 2382 3822 2616 3877; x_wconf 79' lang='lat' dir='ltr'><strong>Irenacos</strong></span> <span class='ocrx_word' id='word_1_782' title='bbox 2656 3824 2865 3892; x_wconf 90' lang='lat' dir='ltr'><strong>aliquot</strong></span> <span class='ocrx_word' id='word_1_783' title='bbox 2894 3824 3012 3891; x_wconf 92' lang='lat' dir='ltr'><strong>qui,</strong></span> <span class='ocrx_word' id='word_1_784' title='bbox 3046 3823 3370 3892; x_wconf 86' lang='lat' dir='ltr'><strong>compositis</strong></span> <span class='ocrx_word' id='word_1_785' title='bbox 3401 3824 3513 3878; x_wconf 85' lang='lat' dir='ltr'><strong>dis-</strong></span> 
     </span>
    </p>
   </div>
   <div class='ocr_carea' id='block_1_118' title="bbox 1931 3890 3511 3959">
    <p class='ocr_par' dir='ltr' id='par_1_118' title="bbox 1931 3890 3511 3959">
     <span class='ocr_line' id='line_1_118' title="bbox 1931 3890 3511 3959; baseline 0.003 -16"><span class='ocrx_word' id='word_1_786' title='bbox 1931 3892 2110 3957; x_wconf 85' lang='lat' dir='ltr'><strong>sidiis,</strong></span> <span class='ocrx_word' id='word_1_787' title='bbox 2137 3906 2328 3959; x_wconf 89' lang='lat' dir='ltr'><strong>pacein</strong></span> <span class='ocrx_word' id='word_1_788' title='bbox 2352 3892 2471 3944; x_wconf 88' lang='lat' dir='ltr'><strong>orbi</strong></span> <span class='ocrx_word' id='word_1_789' title='bbox 2494 3890 2803 3946; x_wconf 78' lang='lat' dir='ltr'><strong>restituant.</strong></span> <span class='ocrx_word' id='word_1_790' title='bbox 2832 3890 2985 3946; x_wconf 86' lang='lat' dir='ltr'><strong>lluiic</strong></span> <span class='ocrx_word' id='word_1_791' title='bbox 3007 3890 3223 3946; x_wconf 89' lang='lat' dir='ltr'><strong>interim</strong></span> <span class='ocrx_word' id='word_1_792' title='bbox 3246 3890 3511 3947; x_wconf 73' lang='lat' dir='ltr'><strong>lreuteum</strong></span> 
     </span>
    </p>
   </div>
   <div class='ocr_carea' id='block_1_119' title="bbox 1926 3961 3511 4033">
    <p class='ocr_par' dir='ltr' id='par_1_119' title="bbox 1926 3961 3511 4033">
     <span class='ocr_line' id='line_1_119' title="bbox 1926 3961 3511 4033; baseline 0.003 -21"><span class='ocrx_word' id='word_1_793' title='bbox 1926 3962 2073 4033; x_wconf 88' lang='lat' dir='ltr'><strong>velut</strong></span> <span class='ocrx_word' id='word_1_794' title='bbox 2124 3961 2325 4014; x_wconf 88' lang='lat' dir='ltr'><strong>ominis</strong></span> <span class='ocrx_word' id='word_1_795' title='bbox 2390 3961 2551 4033; x_wconf 80' lang='lat' dir='ltr'><strong>fausti</strong></span> <span class='ocrx_word' id='word_1_796' title='bbox 2606 3962 2725 4017; x_wconf 92' lang='lat' dir='ltr'><strong>loco</strong></span> <span class='ocrx_word' id='word_1_797' title='bbox 2798 3962 2917 4015; x_wconf 73' lang='lat' dir='ltr'><strong>beta</strong></span> <span class='ocrx_word' id='word_1_798' title='bbox 2956 3962 3142 4016; x_wconf 78' lang='lat' dir='ltr'><strong>fronte</strong></span> <span class='ocrx_word' id='word_1_799' title='bbox 3192 3962 3511 4033; x_wconf 78' lang='lat' dir='ltr'><strong>dignaberis</strong></span> 
     </span>
    </p>
   </div>
   <div class='ocr_carea' id='block_1_120' title="bbox 1925 4030 3510 4102">
    <p class='ocr_par' dir='ltr' id='par_1_120' title="bbox 1925 4030 3510 4102">
     <span class='ocr_line' id='line_1_120' title="bbox 1925 4030 3510 4102; baseline 0.002 -19"><span class='ocrx_word' id='word_1_800' title='bbox 1925 4032 2200 4102; x_wconf 79' lang='lat' dir='ltr'><strong>accipere,</strong></span> <span class='ocrx_word' id='word_1_801' title='bbox 2234 4030 2429 4102; x_wconf 83' lang='lat' dir='ltr'><strong>praesul</strong></span> <span class='ocrx_word' id='word_1_802' title='bbox 2471 4033 2701 4100; x_wconf 88' lang='lat' dir='ltr'><strong>optime.</strong></span> <span class='ocrx_word' id='word_1_803' title='bbox 2755 4034 2829 4085; x_wconf 92' lang='lat' dir='ltr'><strong>tui</strong></span> <span class='ocrx_word' id='word_1_804' title='bbox 2873 4033 3113 4086; x_wconf 90' lang='lat' dir='ltr'><strong>nominis</strong></span> <span class='ocrx_word' id='word_1_805' title='bbox 3164 4030 3425 4102; x_wconf 73' lang='lat' dir='ltr'><strong>auspiciis</strong></span> <span class='ocrx_word' id='word_1_806' title='bbox 3458 4036 3510 4086; x_wconf 88' lang='lat' dir='ltr'><strong>iu</strong></span> 
     </span>
    </p>
   </div>
   <div class='ocr_carea' id='block_1_121' title="bbox 1922 4099 3511 4170">
    <p class='ocr_par' dir='ltr' id='par_1_121' title="bbox 1922 4099 3511 4170">
     <span class='ocr_line' id='line_1_121' title="bbox 1922 4099 3511 4170; baseline 0.003 -18"><span class='ocrx_word' id='word_1_807' title='bbox 1922 4099 2101 4153; x_wconf 81' lang='lat' dir='ltr'><strong>lucem</strong></span> <span class='ocrx_word' id='word_1_808' title='bbox 2157 4099 2537 4170; x_wconf 84' lang='lat' dir='ltr'><strong>prudeuuleni.</strong></span> <span class='ocrx_word' id='word_1_809' title='bbox 2591 4102 2641 4153; x_wconf 91' lang='lat' dir='ltr'><strong>Id</strong></span> <span class='ocrx_word' id='word_1_810' title='bbox 2674 4111 2734 4154; x_wconf 91' lang='lat' dir='ltr'><strong>ut</strong></span> <span class='ocrx_word' id='word_1_811' title='bbox 2774 4102 3013 4157; x_wconf 76' lang='lat' dir='ltr'><strong>facerent</strong></span> <span class='ocrx_word' id='word_1_812' title='bbox 3066 4116 3174 4155; x_wconf 92' lang='lat' dir='ltr'><strong>non</strong></span> <span class='ocrx_word' id='word_1_813' title='bbox 3230 4099 3339 4155; x_wconf 79' lang='lat' dir='ltr'><strong>tam</strong></span> <span class='ocrx_word' id='word_1_814' title='bbox 3376 4104 3511 4157; x_wconf 89' lang='lat' dir='ltr'><strong>mihi</strong></span> 
     </span>
    </p>
   </div>
   <div class='ocr_carea' id='block_1_122' title="bbox 1924 4170 3512 4242">
    <p class='ocr_par' dir='ltr' id='par_1_122' title="bbox 1924 4170 3512 4242">
     <span class='ocr_line' id='line_1_122' title="bbox 1924 4170 3512 4242; baseline 0.003 -19"><span class='ocrx_word' id='word_1_815' title='bbox 1924 4172 2205 4237; x_wconf 83' lang='lat' dir='ltr'><strong>persuasit</strong></span> <span class='ocrx_word' id='word_1_816' title='bbox 2236 4170 2532 4242; x_wconf 73' lang='lat' dir='ltr'><strong>singularis</strong></span> <span class='ocrx_word' id='word_1_817' title='bbox 2564 4171 2785 4238; x_wconf 83' lang='lat' dir='ltr'><strong>quidam</strong></span> <span class='ocrx_word' id='word_1_818' title='bbox 2814 4216 2828 4238; x_wconf 95' lang='lat'><strong>,</strong></span> <span class='ocrx_word' id='word_1_819' title='bbox 2861 4188 2925 4225; x_wconf 91' lang='lat' dir='ltr'><strong>ac</strong></span> <span class='ocrx_word' id='word_1_820' title='bbox 2970 4182 3031 4227; x_wconf 92' lang='lat' dir='ltr'><strong>ut</strong></span> <span class='ocrx_word' id='word_1_821' title='bbox 3070 4173 3370 4242; x_wconf 87' lang='lat' dir='ltr'><strong>gratuitos,</strong></span> <span class='ocrx_word' id='word_1_822' title='bbox 3436 4174 3512 4227; x_wconf 91' lang='lat' dir='ltr'><strong>ita</strong></span> 
     </span>
    </p>
   </div>
   <div class='ocr_carea' id='block_1_123' title="bbox 1916 4240 3509 4311">
    <p class='ocr_par' dir='ltr' id='par_1_123' title="bbox 1916 4240 3509 4311">
     <span class='ocr_line' id='line_1_123' title="bbox 1916 4240 3509 4311; baseline 0.002 -18"><span class='ocrx_word' id='word_1_823' title='bbox 1916 4248 2220 4311; x_wconf 84' lang='lat' dir='ltr'><strong>perpetuus</strong></span> <span class='ocrx_word' id='word_1_824' title='bbox 2242 4242 2410 4293; x_wconf 89' lang='lat' dir='ltr'><strong>animi</strong></span> <span class='ocrx_word' id='word_1_825' title='bbox 2439 4240 2493 4294; x_wconf 93' lang='lat' dir='ltr'><strong>iu</strong></span> <span class='ocrx_word' id='word_1_826' title='bbox 2523 4256 2610 4294; x_wconf 90' lang='lat' dir='ltr'><strong>me</strong></span> <span class='ocrx_word' id='word_1_827' title='bbox 2636 4244 2710 4295; x_wconf 93' lang='lat' dir='ltr'><strong>tui</strong></span> <span class='ocrx_word' id='word_1_828' title='bbox 2742 4243 2919 4304; x_wconf 82' lang='lat' dir='ltr'><strong>favor,</strong></span> <span class='ocrx_word' id='word_1_829' title='bbox 2949 4240 3110 4311; x_wconf 86' lang='lat' dir='ltr'><strong>quam</strong></span> <span class='ocrx_word' id='word_1_830' title='bbox 3136 4256 3242 4294; x_wconf 90' lang='lat' dir='ltr'><strong>uno</strong></span> <span class='ocrx_word' id='word_1_831' title='bbox 3265 4242 3509 4296; x_wconf 84' lang='lat' dir='ltr'><strong>omnium</strong></span> 
     </span>
    </p>
   </div>
   <div class='ocr_carea' id='block_1_124' title="bbox 1922 4308 3512 4380">
    <p class='ocr_par' dir='ltr' id='par_1_124' title="bbox 1922 4308 3512 4380">
     <span class='ocr_line' id='line_1_124' title="bbox 1922 4308 3512 4380; baseline 0.002 -18"><span class='ocrx_word' id='word_1_832' title='bbox 1922 4325 2021 4380; x_wconf 85' lang='lat' dir='ltr'><strong>ore</strong></span> <span class='ocrx_word' id='word_1_833' title='bbox 2052 4308 2344 4377; x_wconf 71' lang='lat' dir='ltr'><strong>praedicata</strong></span> <span class='ocrx_word' id='word_1_834' title='bbox 2380 4325 2590 4364; x_wconf 90' lang='lat' dir='ltr'><strong>tuorum</strong></span> <span class='ocrx_word' id='word_1_835' title='bbox 2645 4321 2864 4367; x_wconf 89' lang='lat' dir='ltr'><strong>tuorum</strong></span> <span class='ocrx_word' id='word_1_836' title='bbox 2899 4308 3210 4380; x_wconf 81' lang='lat' dir='ltr'><strong>integritas,</strong></span> <span class='ocrx_word' id='word_1_837' title='bbox 3257 4326 3381 4364; x_wconf 92' lang='lat' dir='ltr'><strong>cuin</strong></span> <span class='ocrx_word' id='word_1_838' title='bbox 3410 4316 3512 4365; x_wconf 63' lang='lat' dir='ltr'><strong>atl-</strong></span> 
     </span>
    </p>
   </div>
   <div class='ocr_carea' id='block_1_125' title="bbox 1925 4379 3508 4451">
    <p class='ocr_par' dir='ltr' id='par_1_125' title="bbox 1925 4379 3508 4451">
     <span class='ocr_line' id='line_1_125' title="bbox 1925 4379 3508 4451; baseline 0.003 -21"><span class='ocrx_word' id='word_1_839' title='bbox 1925 4379 2176 4451; x_wconf 75' lang='lat' dir='ltr'><strong>mirabili</strong></span> <span class='ocrx_word' id='word_1_840' title='bbox 2211 4381 2499 4451; x_wconf 82' lang='lat' dir='ltr'><strong>prudentia</strong></span> <span class='ocrx_word' id='word_1_841' title='bbox 2533 4382 2761 4451; x_wconf 89' lang='lat' dir='ltr'><strong>parique</strong></span> <span class='ocrx_word' id='word_1_842' title='bbox 2813 4379 3155 4435; x_wconf 86' lang='lat' dir='ltr'><strong>humanitate</strong></span> <span class='ocrx_word' id='word_1_843' title='bbox 3187 4381 3508 4450; x_wconf 87' lang='lat' dir='ltr'><strong>conjuncta.</strong></span> 
     </span>
    </p>
   </div>
   <div class='ocr_carea' id='block_1_126' title="bbox 1925 4448 3512 4521">
    <p class='ocr_par' dir='ltr' id='par_1_126' title="bbox 1925 4448 3512 4521">
     <span class='ocr_line' id='line_1_126' title="bbox 1925 4448 3512 4521; baseline 0.002 -19"><span class='ocrx_word' id='word_1_844' title='bbox 1925 4448 2045 4521; x_wconf 81' lang='lat' dir='ltr'><strong>Sed</strong></span> <span class='ocrx_word' id='word_1_845' title='bbox 2068 4448 2215 4503; x_wconf 88' lang='lat' dir='ltr'><strong>nulla</strong></span> <span class='ocrx_word' id='word_1_846' title='bbox 2238 4449 2362 4521; x_wconf 88' lang='lat' dir='ltr'><strong>laus</strong></span> <span class='ocrx_word' id='word_1_847' title='bbox 2389 4448 2651 4520; x_wconf 81' lang='lat' dir='ltr'><strong>episcopo</strong></span> <span class='ocrx_word' id='word_1_848' title='bbox 2673 4448 2911 4521; x_wconf 79' lang='lat' dir='ltr'><strong>dignior,</strong></span> <span class='ocrx_word' id='word_1_849' title='bbox 2938 4466 3099 4521; x_wconf 89' lang='lat' dir='ltr'><strong>quain</strong></span> <span class='ocrx_word' id='word_1_850' title='bbox 3129 4452 3274 4519; x_wconf 90' lang='lat' dir='ltr'><strong>quod</strong></span> <span class='ocrx_word' id='word_1_851' title='bbox 3293 4448 3512 4521; x_wconf 78' lang='lat' dir='ltr'><strong>ubique</strong></span> 
     </span>
    </p>
   </div>
   <div class='ocr_carea' id='block_1_127' title="bbox 1924 4518 3511 4590">
    <p class='ocr_par' dir='ltr' id='par_1_127' title="bbox 1924 4518 3511 4590">
     <span class='ocr_line' id='line_1_127' title="bbox 1924 4518 3511 4590; baseline 0.001 -16"><span class='ocrx_word' id='word_1_852' title='bbox 1924 4518 2109 4574; x_wconf 77' lang='lat' dir='ltr'><strong>studes</strong></span> <span class='ocrx_word' id='word_1_853' title='bbox 2128 4520 2245 4588; x_wconf 88' lang='lat' dir='ltr'><strong>paci</strong></span> <span class='ocrx_word' id='word_1_854' title='bbox 2262 4518 2679 4590; x_wconf 54' lang='lat' dir='ltr'><strong>concordiaque</strong></span> <span class='ocrx_word' id='word_1_855' title='bbox 2696 4518 2992 4577; x_wconf 82' lang='lat' dir='ltr'><strong>Christiani</strong></span> <span class='ocrx_word' id='word_1_856' title='bbox 3016 4518 3217 4590; x_wconf 83' lang='lat' dir='ltr'><strong>puptiti.</strong></span> <span class='ocrx_word' id='word_1_857' title='bbox 3234 4522 3411 4589; x_wconf 82' lang='lat' dir='ltr'><strong>Atque</strong></span> <span class='ocrx_word' id='word_1_858' title='bbox 3423 4518 3511 4575; x_wconf 76' lang='lat' dir='ltr'><strong>lia:</strong></span> 
     </span>
    </p>
   </div>
   <div class='ocr_carea' id='block_1_128' title="bbox 1928 4590 3509 4658">
    <p class='ocr_par' dir='ltr' id='par_1_128' title="bbox 1928 4590 3509 4658">
     <span class='ocr_line' id='line_1_128' title="bbox 1928 4590 3509 4658; baseline 0.004 -19"><span class='ocrx_word' id='word_1_859' title='bbox 1928 4591 2148 4657; x_wconf 83' lang='lat' dir='ltr'><strong>quidem</strong></span> <span class='ocrx_word' id='word_1_860' title='bbox 2178 4592 2229 4642; x_wconf 93' lang='lat' dir='ltr'><strong>in</strong></span> <span class='ocrx_word' id='word_1_861' title='bbox 2264 4600 2316 4643; x_wconf 89' lang='lat' dir='ltr'><strong>te</strong></span> <span class='ocrx_word' id='word_1_862' title='bbox 2342 4591 2576 4647; x_wconf 87' lang='lat' dir='ltr'><strong>virtutes</strong></span> <span class='ocrx_word' id='word_1_863' title='bbox 2598 4593 2703 4647; x_wconf 91' lang='lat' dir='ltr'><strong>hoc</strong></span> <span class='ocrx_word' id='word_1_864' title='bbox 2720 4603 2847 4645; x_wconf 91' lang='lat' dir='ltr'><strong>sunt</strong></span> <span class='ocrx_word' id='word_1_865' title='bbox 2871 4590 3333 4653; x_wconf 81' lang='lat' dir='ltr'><strong>ailinirabiliores,</strong></span> <span class='ocrx_word' id='word_1_866' title='bbox 3362 4594 3509 4658; x_wconf 91' lang='lat' dir='ltr'><strong>quod</strong></span> 
     </span>
    </p>
   </div>
   <div class='ocr_carea' id='block_1_129' title="bbox 1926 4658 3510 4731">
    <p class='ocr_par' dir='ltr' id='par_1_129' title="bbox 1926 4658 3510 4731">
     <span class='ocr_line' id='line_1_129' title="bbox 1926 4658 3510 4731; baseline 0.003 -19"><span class='ocrx_word' id='word_1_867' title='bbox 1926 4668 2090 4713; x_wconf 66' lang='lat' dir='ltr'><strong>aetate</strong></span> <span class='ocrx_word' id='word_1_868' title='bbox 2120 4658 2669 4731; x_wconf 26' lang='lat' dir='ltr'><strong>[lureutiWNestorein</strong></span> <span class='ocrx_word' id='word_1_869' title='bbox 2716 4664 3034 4731; x_wconf 81' lang='lat' dir='ltr'><strong>quemdam,</strong></span> <span class='ocrx_word' id='word_1_870' title='bbox 3090 4672 3149 4713; x_wconf 91' lang='lat' dir='ltr'><strong>ut</strong></span> <span class='ocrx_word' id='word_1_871' title='bbox 3181 4661 3254 4714; x_wconf 88' lang='lat' dir='ltr'><strong>ita</strong></span> <span class='ocrx_word' id='word_1_872' title='bbox 3290 4662 3510 4731; x_wconf 86' lang='lat' dir='ltr'><strong>loquar,</strong></span> 
     </span>
    </p>
   </div>
   <div class='ocr_carea' id='block_1_130' title="bbox 1928 4730 3506 4801">
    <p class='ocr_par' dir='ltr' id='par_1_130' title="bbox 1928 4730 3506 4801">
     <span class='ocr_line' id='line_1_130' title="bbox 1928 4730 3506 4801; baseline 0.004 -20"><span class='ocrx_word' id='word_1_873' title='bbox 1928 4739 2155 4801; x_wconf 73' lang='lat' dir='ltr'><strong>prmstas</strong></span> <span class='ocrx_word' id='word_1_874' title='bbox 2190 4741 2299 4801; x_wconf 90' lang='lat' dir='ltr'><strong>tum</strong></span> <span class='ocrx_word' id='word_1_875' title='bbox 2332 4730 2702 4787; x_wconf 87' lang='lat' dir='ltr'><strong>illustrissiuio</strong></span> <span class='ocrx_word' id='word_1_876' title='bbox 2733 4730 2964 4801; x_wconf 88' lang='lat' dir='ltr'><strong>principi</strong></span> <span class='ocrx_word' id='word_1_877' title='bbox 2993 4730 3371 4795; x_wconf 81' lang='lat' dir='ltr'><strong>Ferdinaudu,</strong></span> <span class='ocrx_word' id='word_1_878' title='bbox 3393 4742 3506 4787; x_wconf 90' lang='lat' dir='ltr'><strong>tnui</strong></span> 
     </span>
    </p>
   </div>
   <div class='ocr_carea' id='block_1_131' title="bbox 1929 4798 3509 4872">
    <p class='ocr_par' dir='ltr' id='par_1_131' title="bbox 1929 4798 3509 4872">
     <span class='ocr_line' id='line_1_131' title="bbox 1929 4798 3509 4872; baseline 0.003 -20"><span class='ocrx_word' id='word_1_879' title='bbox 1929 4798 2192 4872; x_wconf 50' lang='lat' dir='ltr'><strong>Ecclesia:</strong></span> <span class='ocrx_word' id='word_1_880' title='bbox 2219 4800 2445 4856; x_wconf 71' lang='lat' dir='ltr'><strong>(lbi-isti.</strong></span> <span class='ocrx_word' id='word_1_881' title='bbox 2476 4802 2586 4857; x_wconf 82' lang='lat' dir='ltr'><strong>Nec</strong></span> <span class='ocrx_word' id='word_1_882' title='bbox 2617 4798 2828 4872; x_wconf 81' lang='lat' dir='ltr'><strong>ignota,</strong></span> <span class='ocrx_word' id='word_1_883' title='bbox 2871 4798 2972 4872; x_wconf 83' lang='lat' dir='ltr'><strong>nec</strong></span> <span class='ocrx_word' id='word_1_884' title='bbox 3005 4811 3127 4853; x_wconf 92' lang='lat' dir='ltr'><strong>tuas</strong></span> <span class='ocrx_word' id='word_1_885' title='bbox 3171 4802 3340 4872; x_wconf 86' lang='lat' dir='ltr'><strong>dotes</strong></span> <span class='ocrx_word' id='word_1_886' title='bbox 3371 4818 3509 4871; x_wconf 68' lang='grc' dir='ltr'>βιαιο</span> 
     </span>
    </p>
   </div>
   <div class='ocr_carea' id='block_1_132' title="bbox 1924 4869 3509 4941">
    <p class='ocr_par' dir='ltr' id='par_1_132' title="bbox 1924 4869 3509 4941">
     <span class='ocr_line' id='line_1_132' title="bbox 1924 4869 3509 4941; baseline 0.004 -20"><span class='ocrx_word' id='word_1_887' title='bbox 1924 4869 2075 4932; x_wconf 88' lang='lat' dir='ltr'><strong>dico,</strong></span> <span class='ocrx_word' id='word_1_888' title='bbox 2122 4872 2215 4924; x_wconf 90' lang='lat' dir='ltr'><strong>sed</strong></span> <span class='ocrx_word' id='word_1_889' title='bbox 2258 4886 2358 4938; x_wconf 91' lang='lat' dir='ltr'><strong>pro</strong></span> <span class='ocrx_word' id='word_1_890' title='bbox 2402 4872 2560 4926; x_wconf 87' lang='lat' dir='ltr'><strong>donis</strong></span> <span class='ocrx_word' id='word_1_891' title='bbox 2596 4869 2660 4925; x_wconf 67' lang='lat' dir='ltr'><strong>iii</strong></span> <span class='ocrx_word' id='word_1_892' title='bbox 2698 4882 2750 4927; x_wconf 90' lang='lat' dir='ltr'><strong>te</strong></span> <span class='ocrx_word' id='word_1_893' title='bbox 2805 4871 3041 4935; x_wconf 90' lang='lat' dir='ltr'><strong>collatis,</strong></span> <span class='ocrx_word' id='word_1_894' title='bbox 3075 4879 3131 4924; x_wconf 87' lang='lat' dir='ltr'><strong>et.</strong></span> <span class='ocrx_word' id='word_1_895' title='bbox 3164 4871 3273 4925; x_wconf 84' lang='lat' dir='ltr'><strong>Deo</strong></span> <span class='ocrx_word' id='word_1_896' title='bbox 3300 4869 3509 4941; x_wconf 77' lang='lat' dir='ltr'><strong>gratias</strong></span> 
     </span>
    </p>
   </div>
   <div class='ocr_carea' id='block_1_133' title="bbox 1928 4940 3503 5011">
    <p class='ocr_par' dir='ltr' id='par_1_133' title="bbox 1928 4940 3503 5011">
     <span class='ocr_line' id='line_1_133' title="bbox 1928 4940 3503 5011; baseline 0.003 -20"><span class='ocrx_word' id='word_1_897' title='bbox 1928 4940 2163 5011; x_wconf 86' lang='lat' dir='ltr'><strong>agimus,</strong></span> <span class='ocrx_word' id='word_1_898' title='bbox 2197 4951 2252 4993; x_wconf 91' lang='lat' dir='ltr'><strong>et</strong></span> <span class='ocrx_word' id='word_1_899' title='bbox 2278 4942 2436 4995; x_wconf 91' lang='lat' dir='ltr'><strong>nobis</strong></span> <span class='ocrx_word' id='word_1_900' title='bbox 2471 4942 2838 5011; x_wconf 81' lang='lat' dir='ltr'><strong>gratulamur.</strong></span> <span class='ocrx_word' id='word_1_901' title='bbox 2884 4940 3321 5008; x_wconf 79' lang='lat' dir='ltr'><strong>Amplitudiiieiii</strong></span> <span class='ocrx_word' id='word_1_902' title='bbox 3354 4950 3503 4997; x_wconf 88' lang='lat' dir='ltr'><strong>tuam</strong></span> 
     </span>
    </p>
   </div>
   <div class='ocr_carea' id='block_1_134' title="bbox 1928 5010 3507 5082">
    <p class='ocr_par' dir='ltr' id='par_1_134' title="bbox 1928 5010 3507 5082">
     <span class='ocr_line' id='line_1_134' title="bbox 1928 5010 3507 5082; baseline 0.003 -20"><span class='ocrx_word' id='word_1_903' title='bbox 1928 5010 2378 5082; x_wconf 80' lang='lat' dir='ltr'><strong>nobisomiiibus</strong></span> <span class='ocrx_word' id='word_1_904' title='bbox 2402 5010 2603 5081; x_wconf 74' lang='lat' dir='ltr'><strong>augeat</strong></span> <span class='ocrx_word' id='word_1_905' title='bbox 2653 5013 2717 5073; x_wconf 85' lang='lat' dir='ltr'><strong>is,</strong></span> <span class='ocrx_word' id='word_1_906' title='bbox 2760 5026 2790 5063; x_wconf 92' lang='lat' dir='ltr'><strong>a</strong></span> <span class='ocrx_word' id='word_1_907' title='bbox 2844 5027 2953 5082; x_wconf 91' lang='lat' dir='ltr'><strong>quo</strong></span> <span class='ocrx_word' id='word_1_908' title='bbox 2982 5011 3099 5082; x_wconf 79' lang='lat' dir='ltr'><strong>solo</strong></span> <span class='ocrx_word' id='word_1_909' title='bbox 3132 5012 3507 5082; x_wconf 85' lang='lat' dir='ltr'><strong>proﬁciscitur</strong></span> 
     </span>
    </p>
   </div>
   <div class='ocr_carea' id='block_1_135' title="bbox 1930 5079 3505 5153">
    <p class='ocr_par' dir='ltr' id='par_1_135' title="bbox 1930 5079 3505 5153">
     <span class='ocr_line' id='line_1_135' title="bbox 1930 5079 3505 5153; baseline 0.004 -21"><span class='ocrx_word' id='word_1_910' title='bbox 1930 5095 2053 5153; x_wconf 79' lang='lat' dir='ltr'><strong>vera</strong></span> <span class='ocrx_word' id='word_1_911' title='bbox 2082 5080 2339 5134; x_wconf 79' lang='lat' dir='ltr'><strong>felicitas.</strong></span> <span class='ocrx_word' id='word_1_912' title='bbox 2366 5079 2561 5136; x_wconf 84' lang='lat' dir='ltr'><strong>Datum</strong></span> <span class='ocrx_word' id='word_1_913' title='bbox 2584 5082 2808 5137; x_wconf 67' lang='lat' dir='ltr'><strong>llasilea:</strong></span> <span class='ocrx_word' id='word_1_914' title='bbox 2834 5079 2989 5138; x_wconf 78' lang='lat' dir='ltr'><strong>sexto</strong></span> <span class='ocrx_word' id='word_1_915' title='bbox 3014 5079 3246 5137; x_wconf 80' lang='lat' dir='ltr'><strong>Kalend.</strong></span> <span class='ocrx_word' id='word_1_916' title='bbox 3264 5081 3505 5153; x_wconf 85' lang='lat' dir='ltr'><strong>Septem-</strong></span> 
     </span>
    </p>
   </div>
   <div class='ocr_carea' id='block_1_136' title="bbox 1923 5151 2495 5206">
    <p class='ocr_par' dir='ltr' id='par_1_136' title="bbox 1923 5151 2495 5206">
     <span class='ocr_line' id='line_1_136' title="bbox 1923 5151 2495 5206; baseline 0.007 -4"><span class='ocrx_word' id='word_1_917' title='bbox 1923 5151 2053 5203; x_wconf 88' lang='lat' dir='ltr'><strong>bris.</strong></span> <span class='ocrx_word' id='word_1_918' title='bbox 2089 5153 2245 5205; x_wconf 83' lang='lat' dir='ltr'><strong>Aiino</strong></span> <span class='ocrx_word' id='word_1_919' title='bbox 2272 5166 2495 5206; x_wconf 77' lang='lat' dir='ltr'><strong>loxxvt.</strong></span> 
     </span>
    </p>
   </div>
   <div class='ocr_carea' id='block_1_137' title="bbox 939 5333 2794 5418">
    <p class='ocr_par' dir='ltr' id='par_1_137' title="bbox 939 5333 2794 5418">
     <span class='ocr_line' id='line_1_137' title="bbox 939 5333 2794 5418; baseline 0 -19"><span class='ocrx_word' id='word_1_920' title='bbox 939 5336 1243 5418; x_wconf 79' lang='lat' dir='ltr'><strong>Ejusdem</strong></span> <span class='ocrx_word' id='word_1_921' title='bbox 1281 5335 1748 5414; x_wconf 77' lang='lat' dir='ltr'><strong>Argumentum</strong></span> <span class='ocrx_word' id='word_1_922' title='bbox 1776 5355 1843 5400; x_wconf 89' lang='lat' dir='ltr'><strong>in</strong></span> <span class='ocrx_word' id='word_1_923' title='bbox 1877 5335 2233 5400; x_wconf 86' lang='lat' dir='ltr'><strong>secundum</strong></span> <span class='ocrx_word' id='word_1_924' title='bbox 2270 5333 2505 5397; x_wconf 88' lang='lat' dir='ltr'><strong>librum</strong></span> <span class='ocrx_word' id='word_1_925' title='bbox 2544 5335 2794 5399; x_wconf 77' lang='lat' dir='ltr'><strong>Ircnmi.</strong></span> 
     </span>
    </p>
   </div>
   <div class='ocr_carea' id='block_1_138' title="bbox 300 5436 1815 5512">
    <p class='ocr_par' dir='ltr' id='par_1_138' title="bbox 300 5436 1815 5512">
     <span class='ocr_line' id='line_1_138' title="bbox 300 5436 1815 5512; baseline -0.002 -15"><span class='ocrx_word' id='word_1_926' title='bbox 300 5444 358 5497; x_wconf 92' lang='lat' dir='ltr'><strong>In</strong></span> <span class='ocrx_word' id='word_1_927' title='bbox 390 5441 579 5512; x_wconf 7' lang='lat' dir='ltr'><strong>primo,</strong></span> <span class='ocrx_word' id='word_1_928' title='bbox 600 5439 736 5496; x_wconf 87' lang='lat' dir='ltr'><strong>libro</strong></span> <span class='ocrx_word' id='word_1_929' title='bbox 780 5439 1050 5512; x_wconf 84' lang='lat' dir='ltr'><strong>recensuit</strong></span> <span class='ocrx_word' id='word_1_930' title='bbox 1090 5452 1154 5492; x_wconf 87' lang='lat' dir='ltr'><strong>ac</strong></span> <span class='ocrx_word' id='word_1_931' title='bbox 1199 5439 1408 5512; x_wconf 79' lang='lat' dir='ltr'><strong>detexit</strong></span> <span class='ocrx_word' id='word_1_932' title='bbox 1443 5436 1720 5512; x_wconf 77' lang='lat' dir='ltr'><strong>Valentini</strong></span> <span class='ocrx_word' id='word_1_933' title='bbox 1760 5448 1815 5494; x_wconf 89' lang='lat' dir='ltr'><strong>et</strong></span> 
     </span>
    </p>
   </div>
   <div class='ocr_carea' id='block_1_139' title="bbox 222 5509 1813 5580">
    <p class='ocr_par' dir='ltr' id='par_1_139' title="bbox 222 5509 1813 5580">
     <span class='ocr_line' id='line_1_139' title="bbox 222 5509 1813 5580; baseline -0.002 -12"><span class='ocrx_word' id='word_1_934' title='bbox 222 5509 463 5568; x_wconf 83' lang='lat' dir='ltr'><strong>aliorum</strong></span> <span class='ocrx_word' id='word_1_935' title='bbox 493 5511 584 5580; x_wconf 93' lang='lat' dir='ltr'><strong>qui</strong></span> <span class='ocrx_word' id='word_1_936' title='bbox 620 5512 766 5566; x_wconf 91' lang='lat' dir='ltr'><strong>hunc</strong></span> <span class='ocrx_word' id='word_1_937' title='bbox 812 5510 983 5565; x_wconf 86' lang='lat' dir='ltr'><strong>secuti</strong></span> <span class='ocrx_word' id='word_1_938' title='bbox 1037 5518 1162 5565; x_wconf 78' lang='lat' dir='ltr'><strong>sunt</strong></span> <span class='ocrx_word' id='word_1_939' title='bbox 1198 5510 1504 5579; x_wconf 85' lang='lat' dir='ltr'><strong>opiniones,</strong></span> <span class='ocrx_word' id='word_1_940' title='bbox 1549 5524 1669 5580; x_wconf 75' lang='lat' dir='ltr'><strong>qua:</strong></span> <span class='ocrx_word' id='word_1_941' title='bbox 1698 5509 1813 5565; x_wconf 83' lang='lat' dir='ltr'><strong>fere</strong></span> 
     </span>
    </p>
   </div>
   <div class='ocr_carea' id='block_1_140' title="bbox 226 5579 1810 5650">
    <p class='ocr_par' dir='ltr' id='par_1_140' title="bbox 226 5579 1810 5650">
     <span class='ocr_line' id='line_1_140' title="bbox 226 5579 1810 5650; baseline -0.003 -13"><span class='ocrx_word' id='word_1_942' title='bbox 226 5586 371 5638; x_wconf 84' lang='lat' dir='ltr'><strong>tales</strong></span> <span class='ocrx_word' id='word_1_943' title='bbox 400 5579 549 5645; x_wconf 83' lang='lat' dir='ltr'><strong>sunt,</strong></span> <span class='ocrx_word' id='word_1_944' title='bbox 587 5582 724 5635; x_wconf 88' lang='lat' dir='ltr'><strong>utin</strong></span> <span class='ocrx_word' id='word_1_945' title='bbox 759 5583 932 5635; x_wconf 89' lang='lat' dir='ltr'><strong>lucem</strong></span> <span class='ocrx_word' id='word_1_946' title='bbox 963 5582 1334 5650; x_wconf 75' lang='lat' dir='ltr'><strong>protraxisse,</strong></span> <span class='ocrx_word' id='word_1_947' title='bbox 1377 5580 1449 5632; x_wconf 87' lang='lat' dir='ltr'><strong>sit.</strong></span> <span class='ocrx_word' id='word_1_948' title='bbox 1477 5579 1810 5633; x_wconf 83' lang='lat' dir='ltr'><strong>cuiifiitassc.</strong></span> 
     </span>
    </p>
   </div>
   <div class='ocr_carea' id='block_1_141' title="bbox 225 5650 1815 5720">
    <p class='ocr_par' dir='ltr' id='par_1_141' title="bbox 225 5650 1815 5720">
     <span class='ocr_line' id='line_1_141' title="bbox 225 5650 1815 5720; baseline -0.003 -12"><span class='ocrx_word' id='word_1_949' title='bbox 225 5653 332 5711; x_wconf 86' lang='lat' dir='ltr'><strong>llic</strong></span> <span class='ocrx_word' id='word_1_950' title='bbox 370 5670 496 5708; x_wconf 91' lang='lat' dir='ltr'><strong>cuiu</strong></span> <span class='ocrx_word' id='word_1_951' title='bbox 542 5654 879 5720; x_wconf 78' lang='lat' dir='ltr'><strong>singulorum</strong></span> <span class='ocrx_word' id='word_1_952' title='bbox 916 5650 1261 5720; x_wconf 88' lang='lat' dir='ltr'><strong>dogmatibus</strong></span> <span class='ocrx_word' id='word_1_953' title='bbox 1300 5650 1671 5720; x_wconf 83' lang='lat' dir='ltr'><strong>congreditur,</strong></span> <span class='ocrx_word' id='word_1_954' title='bbox 1732 5654 1815 5703; x_wconf 81' lang='lat' dir='ltr'><strong>in—</strong></span> 
     </span>
    </p>
   </div>
   <div class='ocr_carea' id='block_1_142' title="bbox 224 5719 1814 5793">
    <p class='ocr_par' dir='ltr' id='par_1_142' title="bbox 224 5719 1814 5793">
     <span class='ocr_line' id='line_1_142' title="bbox 224 5719 1814 5793; baseline -0.003 -15"><span class='ocrx_word' id='word_1_955' title='bbox 224 5728 422 5780; x_wconf 75' lang='lat' dir='ltr'><strong>dicatis</strong></span> <span class='ocrx_word' id='word_1_956' title='bbox 472 5726 603 5793; x_wconf 84' lang='lat' dir='ltr'><strong>quid</strong></span> <span class='ocrx_word' id='word_1_957' title='bbox 641 5719 690 5775; x_wconf 19' lang='lat' dir='ltr'><strong>7a</strong></span> <span class='ocrx_word' id='word_1_958' title='bbox 723 5725 920 5793; x_wconf 84' lang='lat' dir='ltr'><strong>quibus</strong></span> <span class='ocrx_word' id='word_1_959' title='bbox 967 5719 1304 5790; x_wconf 78' lang='lat' dir='ltr'><strong>pliilOSOphis</strong></span> <span class='ocrx_word' id='word_1_960' title='bbox 1334 5719 1443 5793; x_wconf 70' lang='lat' dir='ltr'><strong>sint</strong></span> <span class='ocrx_word' id='word_1_961' title='bbox 1470 5719 1715 5774; x_wconf 81' lang='lat' dir='ltr'><strong>suﬂ&#39;urati</strong></span> <span class='ocrx_word' id='word_1_962' title='bbox 1747 5721 1814 5773; x_wconf 89' lang='lat' dir='ltr'><strong>ad</strong></span> 
     </span>
    </p>
   </div>
   <div class='ocr_carea' id='block_1_143' title="bbox 224 5789 1814 5864">
    <p class='ocr_par' dir='ltr' id='par_1_143' title="bbox 224 5789 1814 5864">
     <span class='ocr_line' id='line_1_143' title="bbox 224 5789 1814 5864; baseline -0.006 -13"><span class='ocrx_word' id='word_1_963' title='bbox 224 5789 615 5864; x_wconf 79' lang='lat' dir='ltr'><strong>deceptioiieui</strong></span> <span class='ocrx_word' id='word_1_964' title='bbox 661 5789 987 5864; x_wconf 81' lang='lat' dir='ltr'><strong>simplicium</strong></span> <span class='ocrx_word' id='word_1_965' title='bbox 1033 5789 1309 5864; x_wconf 61' lang='lat' dir='ltr'><strong>liiei&#39;etici.</strong></span> <span class='ocrx_word' id='word_1_966' title='bbox 1341 5789 1433 5843; x_wconf 86' lang='lat' dir='ltr'><strong>Sic</strong></span> <span class='ocrx_word' id='word_1_967' title='bbox 1459 5800 1640 5843; x_wconf 85' lang='lat' dir='ltr'><strong>autem</strong></span> <span class='ocrx_word' id='word_1_968' title='bbox 1691 5806 1814 5864; x_wconf 86' lang='lat' dir='ltr'><strong>cuin</strong></span> 
     </span>
    </p>
   </div>
   <div class='ocr_carea' id='block_1_144' title="bbox 228 5861 1813 5936">
    <p class='ocr_par' dir='ltr' id='par_1_144' title="bbox 228 5861 1813 5936">
     <span class='ocr_line' id='line_1_144' title="bbox 228 5861 1813 5936; baseline -0.004 -18"><span class='ocrx_word' id='word_1_969' title='bbox 228 5870 335 5920; x_wconf 86' lang='lat' dir='ltr'><strong>iti.s</strong></span> <span class='ocrx_word' id='word_1_970' title='bbox 373 5861 595 5936; x_wconf 50' lang='lat' dir='ltr'><strong>pugnat,</strong></span> <span class='ocrx_word' id='word_1_971' title='bbox 638 5876 696 5918; x_wconf 87' lang='lat' dir='ltr'><strong>ut.</strong></span> <span class='ocrx_word' id='word_1_972' title='bbox 738 5861 804 5919; x_wconf 58' lang='lat' dir='ltr'><strong>ea</strong></span> <span class='ocrx_word' id='word_1_973' title='bbox 849 5863 1088 5932; x_wconf 84' lang='lat' dir='ltr'><strong>ipsorum</strong></span> <span class='ocrx_word' id='word_1_974' title='bbox 1139 5862 1390 5918; x_wconf 78' lang='lat' dir='ltr'><strong>doctrina</strong></span> <span class='ocrx_word' id='word_1_975' title='bbox 1442 5870 1623 5915; x_wconf 82' lang='lat' dir='ltr'><strong>sumat</strong></span> <span class='ocrx_word' id='word_1_976' title='bbox 1684 5861 1813 5925; x_wconf 84' lang='lat' dir='ltr'><strong>tela,</strong></span> 
     </span>
    </p>
   </div>
   <div class='ocr_carea' id='block_1_145' title="bbox 1920 5436 3505 5511">
    <p class='ocr_par' dir='ltr' id='par_1_145' title="bbox 1920 5436 3505 5511">
     <span class='ocr_line' id='line_1_145' title="bbox 1920 5436 3505 5511; baseline 0.004 -20"><span class='ocrx_word' id='word_1_977' title='bbox 1920 5439 2123 5509; x_wconf 88' lang='lat' dir='ltr'><strong>quibus</strong></span> <span class='ocrx_word' id='word_1_978' title='bbox 2152 5436 2275 5511; x_wconf 89' lang='lat' dir='ltr'><strong>illos</strong></span> <span class='ocrx_word' id='word_1_979' title='bbox 2301 5437 2577 5511; x_wconf 86' lang='lat' dir='ltr'><strong>conticiat.</strong></span> <span class='ocrx_word' id='word_1_980' title='bbox 2606 5439 2727 5511; x_wconf 76' lang='lat' dir='ltr'><strong>_\&#39;ix</strong></span> <span class='ocrx_word' id='word_1_981' title='bbox 2770 5456 2915 5491; x_wconf 87' lang='lat' dir='ltr'><strong>enim</strong></span> <span class='ocrx_word' id='word_1_982' title='bbox 2961 5440 3064 5494; x_wconf 89' lang='lat' dir='ltr'><strong>sibi</strong></span> <span class='ocrx_word' id='word_1_983' title='bbox 3109 5449 3367 5496; x_wconf 88' lang='lat' dir='ltr'><strong>constare</strong></span> <span class='ocrx_word' id='word_1_984' title='bbox 3407 5458 3505 5511; x_wconf 83' lang='lat' dir='ltr'><strong>po-</strong></span> 
     </span>
    </p>
   </div>
   <div class='ocr_carea' id='block_1_146' title="bbox 1923 5508 3501 5578">
    <p class='ocr_par' dir='ltr' id='par_1_146' title="bbox 1923 5508 3501 5578">
     <span class='ocr_line' id='line_1_146' title="bbox 1923 5508 3501 5578; baseline 0.006 -18"><span class='ocrx_word' id='word_1_985' title='bbox 1923 5508 2026 5561; x_wconf 75' lang='lat' dir='ltr'><strong>test</strong></span> <span class='ocrx_word' id='word_1_986' title='bbox 2065 5510 2159 5578; x_wconf 91' lang='lat' dir='ltr'><strong>qui</strong></span> <span class='ocrx_word' id='word_1_987' title='bbox 2207 5508 2371 5559; x_wconf 88' lang='lat' dir='ltr'><strong>inulta</strong></span> <span class='ocrx_word' id='word_1_988' title='bbox 2420 5508 2878 5562; x_wconf 78' lang='lat' dir='ltr'><strong>comminiscitur.</strong></span> <span class='ocrx_word' id='word_1_989' title='bbox 2917 5512 3010 5565; x_wconf 65' lang='lat' dir='ltr'><strong>list</strong></span> <span class='ocrx_word' id='word_1_990' title='bbox 3043 5524 3182 5565; x_wconf 89' lang='lat' dir='ltr'><strong>unus</strong></span> <span class='ocrx_word' id='word_1_991' title='bbox 3231 5521 3326 5565; x_wconf 89' lang='lat' dir='ltr'><strong>aut</strong></span> <span class='ocrx_word' id='word_1_992' title='bbox 3361 5508 3501 5569; x_wconf 82' lang='lat' dir='ltr'><strong>alter</strong></span> 
     </span>
    </p>
   </div>
   <div class='ocr_carea' id='block_1_147' title="bbox 1923 5579 3502 5653">
    <p class='ocr_par' dir='ltr' id='par_1_147' title="bbox 1923 5579 3502 5653">
     <span class='ocr_line' id='line_1_147' title="bbox 1923 5579 3502 5653; baseline 0.004 -21"><span class='ocrx_word' id='word_1_993' title='bbox 1923 5580 2149 5653; x_wconf 89' lang='lat' dir='ltr'><strong>Iucus_i_u</strong></span> <span class='ocrx_word' id='word_1_994' title='bbox 2180 5580 2281 5632; x_wconf 87' lang='lat' dir='ltr'><strong>hoc</strong></span> <span class='ocrx_word' id='word_1_995' title='bbox 2322 5579 2484 5640; x_wconf 88' lang='lat' dir='ltr'><strong>libro,</strong></span> <span class='ocrx_word' id='word_1_996' title='bbox 2525 5580 2617 5653; x_wconf 77' lang='lat' dir='ltr'><strong>qui</strong></span> <span class='ocrx_word' id='word_1_997' title='bbox 2650 5582 2878 5653; x_wconf 74' lang='lat' dir='ltr'><strong>requirit</strong></span> <span class='ocrx_word' id='word_1_998' title='bbox 2906 5582 3194 5635; x_wconf 84' lang='lat' dir='ltr'><strong>candidum</strong></span> <span class='ocrx_word' id='word_1_999' title='bbox 3228 5583 3502 5653; x_wconf 83' lang='lat' dir='ltr'><strong>interpre-</strong></span> 
     </span>
    </p>
   </div>
   <div class='ocr_carea' id='block_1_148' title="bbox 1926 5647 3498 5722">
    <p class='ocr_par' dir='ltr' id='par_1_148' title="bbox 1926 5647 3498 5722">
     <span class='ocr_line' id='line_1_148' title="bbox 1926 5647 3498 5722; baseline 0.006 -23"><span class='ocrx_word' id='word_1_1000' title='bbox 1926 5647 2235 5722; x_wconf 45' lang='lat' dir='ltr'><strong>lclll:Ul|US</strong></span> <span class='ocrx_word' id='word_1_1001' title='bbox 2263 5658 2345 5722; x_wconf 75' lang='lat' dir='ltr'><strong>est</strong></span> <span class='ocrx_word' id='word_1_1002' title='bbox 2370 5663 2493 5716; x_wconf 88' lang='lat' dir='ltr'><strong>cap.</strong></span> <span class='ocrx_word' id='word_1_1003' title='bbox 2521 5648 2609 5712; x_wconf 72' lang='lat'><strong>49,</strong></span> <span class='ocrx_word' id='word_1_1004' title='bbox 2649 5652 2737 5703; x_wconf 90' lang='lat' dir='ltr'><strong>ubi</strong></span> <span class='ocrx_word' id='word_1_1005' title='bbox 2764 5651 2979 5705; x_wconf 87' lang='lat' dir='ltr'><strong>videtur</strong></span> <span class='ocrx_word' id='word_1_1006' title='bbox 3008 5655 3214 5706; x_wconf 84' lang='lat' dir='ltr'><strong>sentire</strong></span> <span class='ocrx_word' id='word_1_1007' title='bbox 3240 5647 3498 5722; x_wconf 66' lang='lat' dir='ltr'><strong>qiiod&#39;so-</strong></span> 
     </span>
    </p>
   </div>
   <div class='ocr_carea' id='block_1_149' title="bbox 1926 5718 3493 5791">
    <p class='ocr_par' dir='ltr' id='par_1_149' title="bbox 1926 5718 3493 5791">
     <span class='ocr_line' id='line_1_149' title="bbox 1926 5718 3493 5791; baseline 0.005 -20"><span class='ocrx_word' id='word_1_1008' title='bbox 1926 5720 2008 5791; x_wconf 78' lang='lat' dir='ltr'><strong>lus</strong></span> <span class='ocrx_word' id='word_1_1009' title='bbox 2040 5718 2219 5791; x_wconf 67' lang='lat' dir='ltr'><strong>Pater</strong></span> <span class='ocrx_word' id='word_1_1010' title='bbox 2254 5720 2484 5791; x_wconf 76' lang='lat' dir='ltr'><strong>sciverit</strong></span> <span class='ocrx_word' id='word_1_1011' title='bbox 2508 5722 2649 5773; x_wconf 89' lang='lat' dir='ltr'><strong>diem</strong></span> <span class='ocrx_word' id='word_1_1012' title='bbox 2690 5730 2743 5773; x_wconf 90' lang='lat' dir='ltr'><strong>et</strong></span> <span class='ocrx_word' id='word_1_1013' title='bbox 2771 5722 2987 5791; x_wconf 88' lang='lat' dir='ltr'><strong>horam,</strong></span> <span class='ocrx_word' id='word_1_1014' title='bbox 3022 5718 3311 5791; x_wconf 62' lang='lat' dir='ltr'><strong>ignorauit:</strong></span> <span class='ocrx_word' id='word_1_1015' title='bbox 3335 5723 3493 5780; x_wconf 74' lang='lat' dir='ltr'><strong>Filio.</strong></span> 
     </span>
    </p>
   </div>
   <div class='ocr_carea' id='block_1_150' title="bbox 1933 5788 3498 5861">
    <p class='ocr_par' dir='ltr' id='par_1_150' title="bbox 1933 5788 3498 5861">
     <span class='ocr_line' id='line_1_150' title="bbox 1933 5788 3498 5861; baseline 0.003 -21"><span class='ocrx_word' id='word_1_1016' title='bbox 1933 5789 2101 5841; x_wconf 83' lang='lat' dir='ltr'><strong>Verba</strong></span> <span class='ocrx_word' id='word_1_1017' title='bbox 2123 5790 2179 5841; x_wconf 77' lang='lat' dir='ltr'><strong>S.</strong></span> <span class='ocrx_word' id='word_1_1018' title='bbox 2206 5788 2389 5861; x_wconf 65' lang='lat' dir='ltr'><strong>Irenafi</strong></span> <span class='ocrx_word' id='word_1_1019' title='bbox 2403 5788 2740 5861; x_wconf 82' lang='lat' dir='ltr'><strong>subscribam</strong></span> <span class='ocrx_word' id='word_1_1020' title='bbox 2761 5810 2772 5843; x_wconf 95' lang='lat'><strong>:</strong></span> <span class='ocrx_word' id='word_1_1021' title='bbox 2791 5788 3237 5861; x_wconf 63' lang='grc' dir='ltr'><strong>Ωιιίιηιιοᾲηὶιίεητ</strong></span> <span class='ocrx_word' id='word_1_1022' title='bbox 3252 5804 3300 5845; x_wconf 69' lang='grc' dir='ltr'>(ιι</span> <span class='ocrx_word' id='word_1_1023' title='bbox 3325 5795 3498 5846; x_wconf 82' lang='lat' dir='ltr'><strong>Domi-</strong></span> 
     </span>
    </p>
   </div>
   <div class='ocr_carea' id='block_1_151' title="bbox 1928 5858 3496 5929">
    <p class='ocr_par' dir='ltr' id='par_1_151' title="bbox 1928 5858 3496 5929">
     <span class='ocr_line' id='line_1_151' title="bbox 1928 5858 3496 5929; baseline 0.006 -20"><span class='ocrx_word' id='word_1_1024' title='bbox 1928 5875 2024 5910; x_wconf 78' lang='lat' dir='ltr'><strong>tius</strong></span> <span class='ocrx_word' id='word_1_1025' title='bbox 2076 5860 2203 5928; x_wconf 71' lang='lat' dir='ltr'><strong>ipse,</strong></span> <span class='ocrx_word' id='word_1_1026' title='bbox 2265 5858 2432 5913; x_wconf 72' lang='lat' dir='ltr'><strong>Filius</strong></span> <span class='ocrx_word' id='word_1_1027' title='bbox 2464 5860 2583 5928; x_wconf 59' lang='grc' dir='ltr'>ηιξ,</span> <span class='ocrx_word' id='word_1_1028' title='bbox 2613 5877 2779 5929; x_wconf 77' lang='lat' dir='ltr'><strong>ipsum</strong></span> <span class='ocrx_word' id='word_1_1029' title='bbox 2816 5858 3192 5929; x_wconf 42' lang='lat' dir='ltr'><strong>jiidirti&#39;ttiirm</strong></span> <span class='ocrx_word' id='word_1_1030' title='bbox 3225 5872 3272 5917; x_wconf 74' lang='lat' dir='ltr'><strong>et</strong></span> <span class='ocrx_word' id='word_1_1031' title='bbox 3314 5865 3496 5918; x_wconf 76' lang='lat' dir='ltr'><strong>horum</strong></span> 
     </span>
    </p>
   </div>
  </div>
