3878 6348
324 334 343 341 ’⁴
360 327 489 385 1351

1546 327 2057 386 PROLEGOMENA
2101 327 2460 388 VARIORUM

3485 336 3609 390 {33:1

360 445 519 501 initio
552 459 580 498 a
615 459 701 499 me
730 444 990 515 praefixae,
1024 445 1225 516 quibus
1260 453 1445 513 aperte
1467 459 1543 516 ac
1571 447 1811 503 breviter
1837 463 1937 501 au-
1975 451 2021 507 Α
2053 446 2144 499 ille
2184 462 2414 513 serpens
2453 447 2544 516 qui
2566 445 2679 513 jam
2718 446 2927 515 pridem
2977 447 3175 503 talibus
3204 449 3428 516 organis
3451 466 3608 505 vexa-

358 516 532 587 ctoris
560 514 819 587 mensae
850 514 1053 587 scopas
1081 514 1411 571 declaratur.
1461 515 1716 572 Numeris
1748 518 1933 571 omnia

360 584 609 641 distinxi.
645 584 845 642 ‘Locos
893 584 1194 653 Scriptum
1244 601 1384 653 quos
1428 587 1590 649 citat,
1644 588 1829 641 notavi
1870 587 1935 640 ad

362 656 716 725 marginem:
756 670 823 711 ac
868 656 1064 713 menda
1106 671 1229 725 qua:
1272 664 1669 719 occurrerunt,
1723 657 1939 712 collatis

356 724 766 789 exemplaribus
811 735 867 781 et
909 726 1045 780 locis
1083 724 1268 795 ipsius,
1301 728 1580 789 auctoris,
1626 727 1934 781 emendavi.

359 795 674 849 Sectionem
710 796 952 865 capitum
988 805 1233 850 veterum
1282 805 1506 850 secutus
1549 812 1666 849 sum
1709 797 1761 850 in
1797 812 1936 865 qna-

360 874 488 919 tuor
520 866 714 921 libris:
748 882 869 934 qua:
899 874 1050 920 certe
1078 880 1178 919 nec
1219 866 1291 919 ita
1340 866 1512 919 divisa
1566 866 1635 920 ab
1689 877 1932 930 auctore,

359 949 461 990 nec
486 935 699 1005 abipso
728 950 973 990 summas
1008 936 1199 991 iisdem
1234 936 1585 1004 praescriptas
1622 950 1747 990 esse
1778 939 1933 992 arbi-

360 1013 501 1060 tror.
530 1003 663 1060 Nam
715 1006 980 1060 lectiones
1031 1019 1407 1074 smpenumero
1450 1003 1731 1061 breviores
1782 1018 1930 1071 sunt,

356 1091 420 1146 ac
450 1076 791 1146 interrupta.
826 1084 917 1129 aut
952 1076 1117 1129 etiam
1169 1075 1445 1143 longiores
1479 1091 1495 1141 ;
1538 1092 1765 1130 summae
1802 1092 1933 1133 vero

357 1144 631 1199 interdum
668 1144 770 1199 aut
800 1160 912 1199 rem
952 1161 1058 1199 non
1096 1146 1395 1213 attingunt,
1421 1155 1515 1199 aut
1564 1146 1706 1215 quod
1743 1148 1935 1214 praeci-

356 1229 519 1282 puum
553 1225 638 1269 est
684 1218 1129 1284 praetermittunt.
1171 1215 1435 1282 Quintum
1488 1231 1652 1285 porro
1709 1216 1928 1281 librum,

354 1300 520 1355 quem
552 1300 717 1340 nemo
746 1288 1011 1341 hactenus
1039 1286 1325 1348 diviserat,
1344 1286 1568 1340 distinxi
1604 1300 1699 1354 per
1725 1287 1928 1355 capita,

354 1354 576 1418 quibus,
610 1366 669 1409 ttt
693 1355 833 1420 aliis,
854 1371 1096 1410 summas
1122 1372 1303 1411 rerum
1324 1364 1379 1409 et
1404 1354 1809 1410 sententiarum
1835 1358 1930 1410 ad-

354 1424 489 1477 ddi.
539 1425 666 1480 Mihi
706 1439 838 1481 sane
882 1426 1061 1480 omnia
1109 1424 1296 1482 sedulo
1342 1426 1698 1493 expendenda
1735 1441 1797 1481 ac
1828 1442 1930 1481 ειυ-

354 1492 476 1566 pius
510 1496 796 1566 relegenda
827 1504 879 1550 et
911 1498 1277 1551 examinanda
1329 1492 1572 1566 fuerunt,
1618 1506 1674 1549 ut
1703 1495 1927 1566 planum

354 1564 797 1637 facerem,‘nunc
836 1567 966 1636 quid
1005 1569 1058 1622 in
1109 1567 1281 1622 tantis
1335 1565 1440 1620 illis
1479 1564 1732 1620 errorum
1781 1567 1930 1637 laby-

353 1633 556 1689 rinth's
580 1636 681 1690 sibi
714 1633 912 1692 vellent
945 1637 1210 1701 haeretici,
1254 1652 1400 1689 nunc
1445 1637 1647 1704 quibus
1704 1633 1930 1691 rationi-

353 1708 452 1757 hus
476 1705 598 1774 pius
628 1708 713 1761 vir
757 1723 947 1761 eorum
996 1707 1253 1771 dogmata
1291 1706 1570 1761 refutaret.
1617 1706 1772 1773 Quod
1834 1723 1928 1760 ex-

351 1774 605 1857 quirendi
639 1777 857 1857 tmdium
887 1777 1271 1857 quindevorare
1298 1786 1595 1857 nequeunt,
1623 1776 1766 1857 hami
1820 1777 1925 1831 mi-
1959 1803 2002 1857 Β

354 1846 532 1915 ιοιέὶιι
569 1848 728 1915 hujus
772 1864 835 1901 ac
869 1847 1129 1902 similium
1180 1856 1469 1901 auctorum
1524 1847 1781 1910 lectione,
1818 1864 1922 1902 non

353 1914 605 1986 nultum,
635 1914 732 1971 nec
771 1917 861 1971 diu
900 1916 1153 1986 progredi
1189 1934 1204 1970 :
1243 1931 1419 1984 neque
1448 1918 1701 1972 nucleum
1735 1919 1924 1983 edere,

350 1984 476 2051 quia
517 2001 710 2040 nucem
747 2003 853 2040 non
892 1984 1173 2052 frangunt.
1201 1986 1503 2040 Atnemini
1542 1988 1791 2041 studioso
1824 2003 1925 2041 un-

348 2069 514 2119 quam
551 2056 1253 2111 constititfructuslaboris
1275 2056 1382 2117 sui,
1420 2056 1524 2111 nisi
1565 2059 1613 2110 ei
1652 2057 1741 2123 qui
1781 2059 1921 2110 τιςςί-

349 2124 538 2195 duert
581 2136 907 2181 constanter
964 2128 1015 2179 in
1044 2141 1108 2179 eo
1149 2127 1548 2195 perseveravit.
1590 2125 1719 2180 Mihi
1772 2137 1923 2181 certe

348 2193 696 2266 gratissimus
728 2195 829 2251 luit
860 2198 1036 2259 labor,
1072 2193 1215 2265 quod
1242 2210 1304 2249 ea
1338 2196 1601 2265 colligens
1636 2212 1761 2266 qua:
1785 2214 1922 2265 prac-

348 2263 504 2331 cipua
525 2277 683 2336 sunt,
716 2277 877 2336 atque
911 2269 961 2320 in
994 2263 1204 2320 summa
1234 2268 1410 2336 capita
1466 2263 1713 2334 redigeus
1738 2308 1752 2331 ,
1787 2263 1922 2335 spe-

354 2334 595 2387 raverim
626 2351 713 2390 me
760 2334 834 2391 ita
881 2338 1141 2392 lectorem
1186 2335 1437 2389 molestia
1484 2334 1916 2400 sublevaturum,

350 2410 408 2475 ut
433 2418 610 2472 neque
651 2408 993 2470 obscuritas,
1035 2420 1211 2475 neque
1259 2404 1551 2462 difficultas
1607 2407 1759 2459 illum
1804 2406 1920 2473 jam

349 2471 633 2529 deterrere
657 2489 749 2529 aut
798 2478 1080 2532 retardare
1123 2471 1329 2544 posset;
1381 2475 1488 2530 Nec
1533 2492 1642 2541 me,
1682 2485 1741 2529 ut
1772 2471 1919 2529 arbi-

354 2553 641 2617 tt'or,_spes
689 2546 842 2600 fallet
886 2547 1156 2617 apudeos
1203 2548 1293 2613 qui
1346 2545 1571 2617 propius
1608 2547 1913 2607 attendeut,

347 2613 683 2685 candidaque
708 2628 763 2670 et
790 2613 1004 2671 sincere
1026 2613 1370 2685 judicabant.
1388 2616 1644 2670 Testatur
1699 2619 1918 2671 abunde

348 2683 878 2757 lrenatus’quantum
915 2683 1117 2757 negotii
1167 2686 1473 2757 exhibitura
1516 2687 1619 2755 ipsi
1656 2687 1822 2740 fuerit
1862 2688 1915 2740 in

348 2756 603 2811 rruetidis
632 2764 798 2826 atque
827 2755 1172 2828 proferendis
1219 2755 1571 2828 inhmedium
1610 2759 1912 2821 erroribus,

341 2837 480 2891 quos
511 2834 618 2881 tam
656 2824 839 2883 astute
874 2826 1234 2882 Valentiniani
1270 2824 1690 2881 dissimulabant
1737 2841 1800 2881 ac
1835 2836 1916 2880 tc-

344 2895 560 2963 gebant,
592 2906 651 2952 ut
702 2900 862 2968 pauci
913 2899 1205 2952 admodum
1258 2895 1624 2968 intelligerent
1652 2897 1781 2967 quid
1817 2898 1915 2968 do-

344 2976 551 3036 cerent,
581 2977 636 3021 et
666 2967 863 3036 quibus
914 2968 1217 3022 rationibus
1257 2967 1581 3021 niterentur.
1614 2968 1768 3021 Nunc
1812 2967 1914 3036 igi-

344 3034 533 3109 tur_iis
577 3034 945 3109 intelligendis
983 3053 1105 3107 qme
1152 3039 1233 3091 vir
1266 3046 1449 3109 tantus
1492 3051 1688 3107 magno
1725 3034 1915 3109 labore

341 3105 488 3157 eruit
516 3120 580 3160 ac
629 3105 855 3173 detexit,
884 3105 1027 3163 haud
1069 3109 1265 3161 mirum
1294 3118 1374 3161 est
1396 3105 1509 3173 jam
1545 3105 1773 3161 sublatis
1805 3108 1913 3163 illis

342 3174 655 3248 erroribus,
689 3187 743 3248 et
772 3180 956 3233 multis
1003 3178 1213 3234 saeculis
1242 3179 1471 3241 exactis,
1509 3193 1537 3229 a
1570 3178 1726 3233 nobis
1779 3195 1913 3248 quo-

340 3255 449 3320 que
480 3244 726 3320 nonnihil
756 3248 1017 3320 laborari.
1045 3250 1151 3302 Sed
1183 3250 1337 3320 nobis
1370 3247 1525 3320 illius
1541 3244 1811 3311 studium,
1834 3250 1913 3302 vi-

340 3309 581 3389 gilantia
601 3326 655 3368 et
703 3317 928 3372 solertia
973 3318 1235 3372 imitanda
1266 3326 1436 3389 -snnt.
1484 3316 1711 3389 Tantam
1759 3309 1912 3373 certe

342 3380 674 3455 diligentiam
725 3399 781 3442 et
830 3389 1192 3455 sagacitatem
1235 3387 1482 3441 adhibuit
1524 3387 1578 3440 in
1637 3391 1912 3442 sectanuis

340 3452 587 3522 vestigiis
628 3470 692 3509 ac
742 3452 1023 3528 gressibus
1068 3458 1387 3528 immanium
1440 3456 1707 3528 ejusmodi
1763 3458 1909 3511 fera-

343 3533 487 3595 rum,
529 3532 723 3595 utnon
750 3526 932 3581 solum
974 3526 1401 3595 deprehenderit
1433 3543 1623 3580 earum
1660 3527 1907 3591 latibula,

341 3592 437 3644 sed
471 3608 566 3647 eas
592 3594 717 3652 inde
741 3598 888 3651 velut
913 3612 941 3649 e
966 3592 1154 3653 lus—tris
1193 3607 1247 3649 ct
1298 3596 1551 3659 saltibus,
1606 3598 1660 3651 in
1703 3599 1910 3652 medios

341 3673 606 3736 agroset
648 3678 889 3735 apertam
937 3667 1112 3722 lucem
1159 3667 1380 3733 ejecerit
1413 3703 1429 3728 ,
1474 3677 1635 3735 atque
1677 3668 1749 3720 ita
1785 3682 1911 3736 prn-

339 3735 579 3801 duxerit,
623 3747 682 3791 ut
733 3754 907 3808 neque
953 3740 1126 3793 latere
1169 3751 1349 3805 neque
1396 3736 1627 3806 amplius
1680 3735 1915 3791 incautis

339 3816 540 3876 nocere
570 3820 815 3875 possent.
846 3810 964 3876 Quo
1018 3808 1267 3876 exemplo
1313 3821 1410 3861 nos
1451 3809 1708 3862 admonet
1745 3822 1911 3875 quam

335 3873 525 3929 sedulo
569 3873 766 3934 cavere
819 3873 1053 3934 debeant
1104 3873 1363 3948 gregibus
1417 3878 1532 3930 suis
1584 3873 1822 3948 episcopi
1854 3888 1909 3930 et

338 3954 613 4017 pastores,
662 3964 729 4002 ne
781 3950 1053 4017 pestilenti
1109 3948 1298 4001 taliqu
1345 3956 1661 4015 serpentum
1701 3962 1914 4001 veneno

335 4014 669 4074 inliciautur.
703 4014 988 4079 Falluntur
1017 4020 1164 4073 enim
1198 4014 1554 4087 vehementer
1596 4019 1687 4084 qui
1715 4028 1907 4087 putant

336 4092 585 4156 veterum
617 4090 830 4142 illarum
867 4090 1146 4144 lia-reseou
1180 4086 1607 4156 descriptionem
1656 4104 1720 4141 ac
1756 4088 1905 4142 refu-

338 4154 597 4210 tationem
631 4160 767 4213 nihil
799 4161 864 4217 ad
897 4175 997 4217 nos
1019 4204 1032 4227 ,
1067 4169 1161 4213 aut
1212 4154 1457 4225 tempora
1507 4171 1690 4211 nostra
1737 4161 1911 4227 perti-

334 4239 486 4298 nere.
518 4229 598 4281 Ac
632 4228 836 4284 frustra
875 4231 1179 4289 obtendunt
1214 4240 1321 4281 tam
1366 4228 1633 4283 absurdos
1682 4241 1736 4282 et
1780 4245 1907 4298 pro-

333 4294 575 4359 digiosos
622 4299 792 4356 fuisse
843 4302 963 4356 illus
1014 4315 1233 4355 errores
1262 4338 1277 4363 ,
1327 4309 1383 4352 ut
1433 4312 1592 4352 nemo
1650 4294 1796 4353 nunc
1842 4299 1908 4353 iis

331 4366 652 4424 adhaesurus
676 4371 765 4429 sit.
802 4371 909 4426 Nec
940 4371 1085 4426 enim
1130 4375 1311 4424 minus
1351 4369 1608 4433 absurda,
1654 4385 1756 4422 nec
1802 4370 1904 4423 mi-

332 4449 435 4490 nus
467 4450 781 4510 portentosa
829 4444 1085 4510 dogmata
1135 4451 1326 4494 nostro
1376 4451 1625 4510 tempore
1682 4440 1904 4493 invexe-

332 4514 461 4582 runt
487 4508 708 4565 fanatici
754 4508 975 4582 quidam
1027 4512 1317 4582 homines,
1369 4524 1470 4563 nec
1495 4508 1502 4582 ί
1521 4509 1736 4562 minore
1782 4519 1901 4582 astu

329 4576 669 4634 seduxerunt
701 4576 1015 4638 illitteratus
1059 4589 1113 4636 et
1145 4581 1427 4649 simplices
1457 4581 1639 4643 viros,
1674 4594 1774 4634 nec
1805 4581 1907 4632 mi-

331 4661 465 4719 uore
496 4653 798 4719 pertinacia
828 4656 1043 4707 veritati
1078 4652 1435 4707 obstiterunt.
1487 4651 1683 4703 Annon
1720 4652 1904 4719 quoti-

328 4717 415 4793 die
443 4717 726 4777 cernimus
761 4724 961 4793 quibus
996 4722 1230 4778 fallaciis
1276 4732 1332 4774 et
1388 4720 1673 4793 fraudibus
1722 4717 1907 4774 utatur

328 4790 503 4861 bjalali
544 4794 611 4849 ad
668 4790 1019 4849 renovandas
1053 4794 1291 4846 haereses
1317 4832 1331 4855 ,
1378 4801 1433 4845 et
1470 4791 1720 4860 specioso
1770 4805 1907 4861 quo-

327 4857 452 4937 datu
484 4860 609 4918 fuco
638 4864 718 4921 sic
746 4866 1177 4937 interpolandas,
1211 4872 1269 4917 ut
1316 4857 1593 4933 nunquam
1627 4857 1905 4915 exstitisse

328 4929 659 4989 \‘idcautur?
892 4929 908 4937 ⁷
982 4948 991 4953 ‘

398 5002 533 5065 Quis
572 5022 676 5077 non
713 5008 861 5061 videt
892 5023 987 5062 eos
1021 5007 1112 5077 qui
1148 5021 1292 5061 nunc
1330 5004 1590 5069 divinam,
1626 5015 1772 5057 nunc
1803 5003 1903 5077 lin-

322 5082 541 5144 matiam
582 5076 782 5131 Christi
836 5074 1087 5132 naturain
1133 5078 1291 5130 hodie
1326 5082 1675 5144 oppugnant,
1706 5090 1769 5127 ex
1804 5074 1896 5127 iis-

323 5143 449 5193 dem
479 5145 691 5202 lacunis
721 5156 778 5202 et
807 5150 1011 5203 cloacis
1045 5150 1204 5202 fieees
1235 5143 1368 5201 suas
1402 5143 1667 5197 hausisse
1693 5145 1716 5197 ?
1750 5148 1901 5198 Ana-

322 5209 684 5288 baptistarum
737 5232 901 5288 porro
961 5221 1133 5274 nostri
1200 5220 1462 5287 temporis
1518 5228 1668 5288 secta
1734 5230 1898 5288 quam

327 5283 497 5336 multa
534 5296 644 5338 tum
678 5283 1011 5344 in'doctrina
1043 5301 1154 5343 tum
1183 5291 1234 5342 iu
1264 5283 1460 5341 ritibus
1503 5286 1701 5339 similia
1735 5283 1902 5338 habet

324 5366 452 5431 cum
487 5358 763 5431 veteribus
791 5361 901 5414 illis
921 5361 1216 5423 haereticis,
1249 5374 1410 5431 quos
1444 5368 1625 5409 tamen
1660 5358 1900 5431 fortasse

322 5437 394 5477 ne
415 5426 484 5479 de
533 5428 753 5483 nomine
800 5432 1021 5497 quidem
1074 5426 1340 5500 agnovit?
1373 5427 1569 5481 Verum
1638 5427 1898 5495 antiquus

391 5564 472 5637 (l)
505 5564 598 5619 Sic
648 5569 981 5624 exstinctum
1037 5587 1064 5623 a
1138 5568 1473 5624 Calvinianis
1536 5563 1893 5632 Evangeliutn

322 5649 477 5690 vocat
500 5636 852 5695 Calvinianus
890 5642 1157 5696 minister.

394 5707 613 5778 (2)1Vou
659 5710 860 5779 scripta
893 5712 1181 5773 dttulattat,
1213 5714 1306 5764 sed
1352 5719 1406 5764 ct
1451 5712 1614 5767 etiam
1670 5713 1889 5779 tradita,

327 5786 383 5835 ut
414 5779 527 5837 sola
558 5781 700 5837 tcr;ii
730 5780 917 5837 lrenzci
947 5782 1067 5840 libri
1102 5783 1332 5840 lectione
1361 5794 1533 5851 patet.

1942 3142 1986 3202 C

1935 4480 1979 4534 D

2049 517 2128 570 vit
2164 516 2467 571 Ecclesiam
2503 516 2626 580 Dei,
2652 526 2704 571 et
2738 517 3015 585 Evangedi
3049 535 3267 572 rursum
3301 522 3609 585 retardavit,

2049 603 2159 641 non
2193 586 2373 641 minus
2400 602 2568 657 quam
2602 586 2730 641 olim
2755 586 2984 642 callidus
3016 598 3071 642 et
3106 588 3260 643 vafer
3302 602 3382 645 est
3418 592 3485 643 ad
3525 608 3610 645 cx-

2046 657 2297 728 citandos
2336 656 2469 711 tales
2497 657 2708 728 pugiles
2736 668 2791 711 et
2826 660 3213 727 agonothetas.
3259 662 3460 723 quibus
3502 661 3611 715 illos

2044 725 2378 798 supplantet2
2411 728 2501 793 qui
2530 725 2592 781 se
2621 736 2805 795 optata
2861 725 3143 798 Evangelii
3196 730 3317 782 luce
3364 731 3610 796 indignos

2042 797 2309 865 praebent.
2347 795 2481 861 Quis
2532 807 2751 865 putaret
2799 795 3040 867 unquam
3095 801 3211 853 fore
3260 810 3320 852 ut
3372 795 3611 855 homines

2041 867 2437 937 degener-arent
2471 867 2523 920 in
2551 870 2745 934 brutas
2778 870 3036 936 pecudes,
3071 878 3164 922 aut
3208 871 3395 937 potius
3440 882 3611 923 verte-

2043 946 2233 988 rentur
2263 935 2315 989 in
2361 947 2629 999 tuonstra,
2660 935 2788 1006 quas
2817 953 3036 992 onmem
3067 935 3310 993 ferarum
3362 940 3608 994 immani-

2041 1014 2249 1077 tatem,
2298 1006 2696 1077 turpitudinem
2752 1022 2815 1061 ac
2871 1008 3188 1075 spurcitiem
3243 1010 3609 1077 superarent?

2037 1074 2192 1148 Quali
2223 1075 2368 1148 enim
2412 1076 2631 1148 nomine
2656 1078 3049 1146 appellabimus
3071 1093 3187 1141 eos,
3217 1074 3431 1148 quisic
3460 1095 3603 1134 nsum

2042 1146 2278 1197 rationis
2312 1146 2688 1213 exstinguunt,
2740 1157 2797 1200 nt
2836 1148 3028 1201 tollant
3062 1146 3355 1203 discrimen
3406 1150 3529 1204 boni
3557 1163 3606 1204 et

2037 1215 2295 1269 mali?Et
2329 1232 2452 1269 cum
2510 1216 2860 1287 impurissimi
2911 1227 2965 1272 et
3014 1219 3336 1287 nequissimi
3374 1220 3602 1282 fuerint,

2034 1296 2235 1354 negant
2256 1295 2523 1357 tamense
2549 1286 2713 1341 ullius
2738 1288 3063 1357 impuritatis
3091 1286 3184 1343 aut
3206 1290 3472 1357 nequitia:
3494 1306 3605 1345 reos

2034 1367 2192 1427 esse;
2233 1356 2323 1426 qui
2358 1355 2637 1427 nefandas
2661 1355 3009 1424 cupiditates,
3044 1355 3337 1423 libidines,
3385 1358 3601 1427 ﬂagitia,

2033 1424 2375 1479 scelera‘sua
2408 1426 2518 1481 Deo
2554 1426 2799 1479 tribuunt
2827 1450 2839 1482 ;
2872 1436 2926 1481 et
2959 1443 3081 1482 cum
3108 1430 3343 1482 maxime
3373 1424 3605 1483 indulse-

2035 1495 2148 1548 rint
2209 1494 2496 1550 alfectibus
2537 1496 2761 1561 carnis,
2822 1508 2985 1565 atque
3039 1498 3089 1550 in
3141 1499 3292 1552 omni
3349 1499 3601 1551 vitiorum

2030 1580 2183 1619 coeno
2208 1581 2269 1621 se
2300 1565 2691 1633 provolverint,
2711 1565 2924 1633 jactant
2953 1582 3012 1622 se
3040 1582 3161 1623 esse
3189 1568 3513 1636 spirituales
3542 1584 3598 1622 ac

2034 1636 2303 1702 perfectos
2336 1654 2349 1689 :
2379 1650 2475 1690 eos
2518 1650 2649 1689 vero
2684 1638 2775 1705 qui
2822 1638 3127 1702 sobrietati,
3166 1640 3521 1692 continentiae
3552 1651 3599 1691 et

2035 1707 2260 1773 pttritali
2299 1706 2539 1769 student,
2579 1715 2833 1774 tanquam
2859 1708 3022 1762 rudes
3057 1718 3112 1762 et
3162 1709 3365 1761 idiotas
3416 1710 3601 1762 sanuis

2032 1786 2084 1829 et
2118 1776 2365 1830 ludibriis
2403 1786 2691 1843 proterunt
2736 1786 2789 1830 et
2818 1778 3136 1845 proculcant
3162 1778 3186 1831 ?
3213 1779 3282 1832 At
3320 1778 3467 1832 tales
3513 1795 3599 1833 uo-

2031 1856 2145 1900 stro
2182 1856 2433 1916 tempore,
2465 1847 2795 1916 exstiterunt
2847 1846 3093 1916 (utinam
3146 1862 3276 1902 vero
3321 1863 3395 1901 ne
3432 1850 3597 1903 adhuc

2030 1914 2285 1985 exstent)
2311 1915 2502 1987 quales
2530 1915 2767 1987 fremens
2807 1914 2963 1985 primi
2998 1917 3119 1972 libri
3172 1919 3359 1987 capite
3406 1921 3594 1987 primo.

2031 2001 2192 2058 nouo,
2237 1986 2718 2058 vigesi_ino_tertio,
2747 1996 2802 2040 et
2834 1988 3113 2049 trigesimo
3162 1986 3356 2058 quinto
3385 1986 3589 2058 descri-

2029 2057 2127 2129 bit.
2160 2054 2313 2122 Quid
2333 2055 2476 2111 enim
2507 2054 2677 2129 Satau
2720 2066 3039 2112 renascente
3059 2054 3457 2129 Evangeliotl)
3492 2076 3598 2114 mo-

2027 2126 2155 2180 litus
2189 2140 2297 2181 non
2331 2134 2413 2178 est
2436 2165 2451 2188 ,
2492 2135 2549 2177 ut
2578 2126 2697 2192 ejus
2727 2140 2947 2180 cursum
2989 2136 3259 2183 averteret
3290 2139 3389 2181 aut
3430 2126 3598 2182 retar-

2026 2196 2224 2251 daret?
2251 2195 2460 2262 Quibus
2504 2207 2688 2249 autem
2738 2199 2904 2251 armis
2943 2207 2997 2253 et
3031 2199 3299 2252 machinis
3334 2198 3414 2251 illi
3458 2201 3599 2253 obsi-

2025 2268 2276 2320 stendmu
2340 2266 2432 2327 sit,
2465 2265 2585 2333 pius
2640 2267 2729 2321 hic
2778 2269 3071 2336 episcopus
3124 2269 3332 2337 aliique
3385 2271 3596 2337 antiqui

2025 2338 2280 2391 doctores
2324 2349 2424 2388 nos
2471 2336 2719 2404 exemplo
2770 2352 2869 2391 suo
2914 2340 3237 2393 docuerunt.
3282 2336 3419 2391 Sola
3457 2336 3593 2391 enim

2025 2415 2266 2475 pugnant
2303 2404 2511 2479 Christi
2562 2406 3045 2479 apostolorumque
3091 2409 3336 2461 doctrina
3362 2408 3446 2479 (Ξ)
3482 2428 3493 2462 :
3532 2410 3593 2461 ad

2024 2492 2185 2543 quam
2220 2475 2403 2528 omnia
2444 2476 2721 2543 dogmata,
2747 2475 3070 2532 traditiones
3104 2492 3167 2531 ac
3201 2479 3337 2531 ritus
3373 2475 3597 2532 'exauii-

2025 2542 2178 2599 nant.
2216 2543 2353 2598 Nam
2391 2542 2836 2611 quodjactabant
2879 2546 3119 2601 haeretici
3150 2586 3165 2608 ,
3201 2556 3259 2600 ut
3292 2548 3460 2602 hodie
3503 2564 3593 2601 su-

2024 2616 2404 2681 perstitionum
2447 2615 2692 2686 fautores
2731 2631 2795 2668 ac
2836 2618 3091 2685 patroni,
3126 2632 3187 2671 se
3219 2620 3288 2671 ah
3327 2619 3593 2686 apostolis

2022 2694 2333 2754 commenta
2370 2684 2649 2754 etideliria
2684 2699 2781 2738 sua
2813 2684 3110 2754 accepisse,
3149 2686 3335 2741 statim
3364 2684 3437 2741 ex
3475 2688 3591 2740 illo-

2025 2769 2143 2808 rum
2174 2753 2392 2823 scriptis
2428 2753 2588 2807 facile
2619 2753 2906 2808 refutatur.
2940 2753 3094 2822 Quod
3128 2758 3292 2810 etiam
3327 2758 3597 2811 adversus

2023 2838 2215 2878 omnes
2247 2832 2712 2892 conSpurcatores
2742 2824 3025 2894 religionis
3056 2827 3393 2881 Christiana:
3440 2827 3594 2881 nobis

2020 2895 2260 2965 arbitror
2277 2908 2398 2965 esse
2424 2893 2754 2949 faciendum.
2772 2896 2824 2948 Id
2852 2893 2983 2949 vero
3002 2898 3199 2964 sacpius
3222 2909 3492 2965 expertus
3512 2914 3590 2959 es,

2024 2965 2105 3017 vir
2135 2962 2459 3035 clarissime,
2491 2975 2546 3017 et
2581 2966 2761 3035 reipsa
2812 2962 3208 3032 comprobasti,
3244 2962 3471 3035 quoties
3498 2968 3589 3019 tibi

2022 3034 2293 3103 negotium
2316 3034 2431 3103 fuit
2463 3050 2591 3087 cum
2621 3033 2877 3089 fanaticis
2904 3045 2957 3087 et
3002 3033 3312 3103 prchractis
3346 3037 3589 3091 hornini-

2022 3102 2147 3168 bus,
2179 3104 2269 3171 qui
2310 3102 2590 3157 Ecclesias
2625 3116 2842 3159 vestras
2872 3102 3090 3161 assidue
3118 3108 3445 3161 turbabant.
3482 3106 3593 3161 Hoc

2017 3188 2120 3244 ego
2148 3189 2342 3243 magna
2378 3188 2442 3227 ex
2478 3182 2635 3245 parte
2662 3176 2850 3229 testari
2883 3189 3125 3244 possum,
3146 3179 3236 3244 qui
3275 3179 3395 3245 ipse
3419 3177 3591 3238 adfui,

2019 3246 2149 3310 vidi,
2187 3258 2247 3298 ac
2282 3244 2672 3313 perspexi'qua
2723 3260 2850 3299 cura
2898 3256 2953 3297 et
2988 3246 3275 3315 vigilantia
3304 3244 3591 3301 Ecclesia-

2018 3331 2161 3380 rum,
2197 3316 2623 3386 quibusprazes,
2653 3317 2773 3382 paci
2795 3316 3135 3379 consuleres,
3159 3329 3374 3386 quanto
3409 3316 3591 3369 studio

2019 3395 2129 3438 tum
2165 3388 2234 3439 ab
2268 3384 2448 3452 impiis
2484 3384 2697 3447 ritibus,
2726 3395 2841 3439 tum
2880 3386 2948 3438 ab
2981 3384 3263 3439 erroribus
3301 3386 3590 3455 anabapti-

2014 3466 2222 3509 starqu
2248 3456 2339 3524 qui
2370 3455 2721 3523 irrepserant,
2761 3469 3128 3523 repurgares:
3158 3472 3265 3524 qua
3292 3457 3591 3511 sedulitate

2017 3540 2243 3588 pacares
2278 3525 2465 3577 turbas
2498 3532 2554 3577 et
2601 3525 2826 3578 dissidia
2852 3565 2866 3589 ,
2921 3529 3038 3578 sive
3080 3526 3224 3580 inter
3280 3536 3443 3589 tuos,
3476 3525 3592 3579 sive

2016 3597 2158 3649 inter
2180 3605 2395 3649 exteros
2442 3605 2629 3648 exorta
2681 3604 2884 3650 essent.
2934 3595 3067 3649 Nam
3122 3609 3393 3664 quantum
3449 3597 3500 3649 in
3534 3604 3589 3649 te

2013 3664 2138 3735 fuit,
2179 3664 2592 3734 peregrinorum
2629 3664 2919 3735 Ecclesias
2960 3682 3082 3735 qua:
3123 3666 3362 3720 Loudiui
3410 3666 3585 3721 Elis:-

2014 3733 2194 3789 betbze
2236 3735 2437 3804 reginae
2470 3733 2738 3789 beneﬂcio
2770 3733 3018 3791 collectis
3054 3744 3202 3800 sunt,
3238 3752 3349 3791 non
3376 3746 3585 3789 tantum

2016 3806 2150 3858 foris
2192 3815 2373 3859 sartas
2403 3814 2456 3858 et
2484 3814 2656 3858 textas
2682 3808 2939 3871 servasti,
2969 3807 3062 3861 sed
3095 3806 3240 3860 intus
3274 3824 3304 3860 a
3340 3816 3514 3871 metu,
3554 3821 3583 3856 a

2013 3876 2239 3930 dissidia
2269 3885 2324 3928 et
2347 3875 2617 3929 divisione
2641 3876 2920 3931 reddidisti
2952 3878 3246 3930 immunes.
3269 3876 3583 3931 Cohibaisti

2014 3946 2344 3999 temerarios
2388 3946 2636 4000 homines
2682 3956 2735 3999 et
2770 3945 2994 4015 cupidos
3048 3961 3234 4000 rerum
3290 3961 3581 4005 novarum.

2013 4016 2326 4083 repressisti
2356 4016 2654 4069 insolentes
2686 4025 2741 4070 et
2790 4016 3135 4085 pra-fractos,
3166 4017 3431 4070 domuisti
3476 4015 3585 4068 ela-

2012 4094 2119 4147 tos,
2155 4086 2407 4139 innoxios
2438 4095 2643 4139 tutatus
2665 4101 2745 4150 es,
2772 4088 2974 4142 sedasti
3014 4088 3161 4156 rixas
3193 4098 3249 4140 et
3270 4085 3459 4154 jurgia
3484 4086 3581 4156 (ὅ),

2011 4157 2244 4223 denique
2276 4165 2328 4209 te
2361 4170 2490 4208 vere
2524 4156 2782 4209 lremeum
2826 4168 2879 4210 et
2928 4155 3352 4225 tranquillitatis
3404 4155 3584 4209 fautu-

2011 4241 2123 4279 rem
2177 4226 2478 4294 praebuisti.
2528 4225 2651 4279 Hinc
2693 4241 2793 4295 ego
2835 4230 3117 4295 prmterire
3163 4228 3431 4291 silentio,
3489 4233 3583 4281 aut

2008 4296 2364 4351 dissimulare
2414 4296 2620 4363 absque
2662 4297 2859 4363 ingrati
2912 4297 3080 4350 animi
3114 4297 3247 4351 vitio
3292 4312 3405 4351 non
3454 4312 3581 4366 pos-

2008 4381 2168 4437 sem:
2229 4381 2352 4420 cum
2418 4372 2691 4420 maximus
2742 4367 2955 4420 illarum
3008 4368 3413 4431 molestiarum,
3446 4381 3582 4437 quas

2009 4436 2303 4504 aliquando
2334 4438 2664 4491 nostratium
2699 4451 2863 4490 causa
2898 4438 3099 4503 tulisti,
3136 4437 3352 4491 fructus
3393 4436 3580 4491 adfine

2010 4507 2254 4561 redierit.
2283 4506 2415 4559 Nam
2458 4516 2516 4560 ‘ct
2551 4511 2796 4576 purgatis
2833 4509 2901 4561 ab
2947 4509 3228 4561 erroribus
3276 4522 3447 4576 opera
3490 4517 3574 4560 tua

2010 4578 2425 4645 peregrinorum
2481 4577 2770 4643 Ecclesiis,
2819 4588 2872 4631 ct
2942 4580 3149 4632 sedatis
3208 4581 3391 4631 turbis
3446 4595 3580 4648 quas

2009 4648 2161 4699 multi
2197 4648 2594 4709 excitaverant,
2629 4659 2687 4701 et
2732 4650 2916 4715 quiete
2950 4650 3158 4715 majore
3188 4660 3245 4701 et
3278 4665 3417 4717 pace
3450 4653 3579 4702 hbe-

2011 4718 2155 4769 riore
2187 4718 2327 4784 apud
2360 4732 2454 4770 vos
2492 4717 2570 4769 usi
2602 4733 2808 4775 sumus.
2839 4718 3032 4773 Merito
3070 4720 3235 4785 igitur
3286 4729 3340 4770 te
3376 4718 3580 4771 Irener

2009 4802 2290 4856 comparo,
2321 4802 2483 4856 quem
2511 4787 2697 4840 iisdem
2738 4791 2790 4839 in
2841 4790 3076 4857 negotiis
3112 4789 3409 4857 diligenter
3454 4790 3579 4841 imi-

2010 4867 2153 4910 latus
2180 4873 2238 4911 es
2274 4873 2286 4908 :
2327 4868 2491 4926 atque
2519 4860 2723 4924 Optimo
2748 4858 2875 4926 jure
2922 4858 3016 4912 tibi
3048 4857 3215 4911 oliero
3270 4870 3495 4912 nostras
3526 4860 3575 4911 in

2006 4927 2124 4995 ejus
2158 4929 2358 4983 librum
2404 4927 2621 4995 vigilias
2653 4938 2705 4982 et
2756 4927 3209 4993 lucubrationes,
3260 4943 3388 4997 qua:
3435 4930 3575 4998 grati

2006 5014 2135 5066 erga
2173 5009 2225 5051 te
2252 5011 2307 5054 et
2342 4999 2598 5051 memoris
2628 4999 2795 5051 animi
2846 5002 2951 5052 mei
2981 5010 3149 5054 testes
3181 5014 3305 5053 esse
3340 5002 3572 5066 possint.

2008 5066 2140 5119 Nam
2175 5084 2298 5122 cum
2330 5079 2383 5123 te
2413 5067 2777 5121 Ecclesiarum
2816 5077 3125 5123 nostrarum
3172 5080 3471 5139 patronum
3523 5080 3575 5121 et

2009 5148 2245 5193 tutorem
2277 5139 2580 5209 praebueris
2618 5140 2879 5193 adversus
2923 5142 3141 5194 Satame
3193 5151 3249 5194 et
3300 5140 3571 5208 pestilen-

2007 5210 2141 5261 tiutu
2174 5208 2451 5263 hominum
2486 5208 2746 5274 insidias,
2797 5210 2885 5279 qui
2936 5221 3067 5264 tunc
3116 5212 3415 5279 perniciem
3468 5212 3574 5265 illis

2005 5279 2399 5345 moliebantur,
2442 5292 2659 5348 acquum
2689 5289 2773 5333 est
2820 5295 2943 5336 meo
2981 5290 3036 5335 et
3086 5283 3415 5335 nostratium
3475 5296 3573 5335 uo-

2006 5351 2151 5405 mine
2182 5352 2276 5403 tibi
2314 5351 2520 5421 gratias
2551 5351 2663 5418 agi,
2703 5360 2867 5418 atque
2914 5354 3079 5406 etiam
3133 5353 3574 5406 Londiueusibus

2006 5423 2130 5489 tuis,
2172 5436 2403 5489 quorum
2437 5423 2861 5487 humanitatem,
2898 5424 3316 5478 beneﬁcentiam
3342 5435 3397 5478 et
3438 5424 3575 5476 libe-

2075 5563 2149 5636 (5)
2195 5572 2367 5629 Quam
2401 5565 2543 5619 belle
2574 5565 2719 5639 rixas
2767 5580 2955 5639 omnes
2989 5566 3042 5620 in
3073 5567 3265 5639 Anglia
3288 5569 3571 5623 scdaVerit

2006 5636 2493 5712 Qt'itttlallu_s,_qiue
2520 5636 2777 5706 deinceps
2801 5637 2849 5689 itt
2887 5642 2989 5693 hoc
3025 5636 3187 5709 regno
3215 5652 3435 5712 peracta
3470 5654 3566 5693 tuo.

1997 5708 2194 5774 vimus,
2229 5708 2459 5761 leliciter
2488 5712 2737 5781 probant.
