3878 6348
200 383 323 439 1355
390 403 399 415 ’

1447 369 1510 423 IN
1557 369 1815 425 ιιιΕΝΛει
1856 369 2127 426 LIBROS.

3306 372 3443 428 1834

200 497 452 554 raiitatem
478 533 493 556 ,
528 500 587 545 ut
617 498 765 544 tuam
795 503 920 558 erga
974 486 1230 558 profugos
1267 494 1432 555 atque
1481 495 1753 558 extorres,
1787 494 1829 549 Α
1860 496 1914 558 et
1940 500 2118 558 meum
2153 485 2207 540 in
2235 491 2512 558 nostrates
2541 485 2802 558 studium,
2834 493 2888 541 et
2924 484 3165 558 pericula
3197 502 3316 557 quae
3344 503 3436 543 as-

198 582 306 623 cunt
330 560 461 630 apud
496 577 587 616 vos
615 570 823 624 essent,
843 557 1239 630 adversissimo
1272 566 1521 625 tempore
1544 557 1744 630 saepius

197 628 387 704 experti
442 646 647 687 sumus.
702 630 835 685 Eam
915 629 1017 704 hoc
1083 640 1334 704 tempore
1368 641 1501 704 “non
1570 628 1745 704 mino-

202 695 301 761 rein
330 717 449 758 esse
491 703 650 755 audio
678 720 691 756 :
722 716 828 770 quo
862 700 1086 770 nomine
1116 695 1214 770 nos
1238 696 1335 770 tibi
1368 696 1581 770 illisque
1628 695 1745 763 plu-

202 779 379 829 rimum
407 772 601 826 debere
626 766 973 828 confitemur.
1017 767 1087 825 Ut
1124 768 1402 823 Dominus
1455 766 1609 821 vobis
1663 780 1747 819 re-

200 846 400 914 pendat,
433 842 697 911 dotesqne
724 857 853 895 suas
882 841 934 895 in
972 842 1301 914 tegtnisqne_
1327 839 1617 907 adangeat,
1642 852 1744 904 ego

199 909 344 988 quam
383 909 629 988 maitimis
686 927 907 982 possum
937 912 1083 988 votis
1126 909 1341 978 postulo
1390 918 1553 988 atque
1597 915 1745 988 opto.

200 986 267 1040 Te
294 998 412 1037 vero
436 984 662 1037 obsecro
688 980 856 1051 atque
905 982 1177 1045 obtestor,
1210 980 1505 1051 utqualem
1544 987 1595 1051 te
1627 980 1743 1051 jam

202 1051 478 1124 pratstitisti
512 1054 717 1108 nostris
742 1049 1077 1124 hominibus,
1099 1061 1224 1124 tum
1273 1050 1525 1124 fovendis
1554 1049 1743 1124 bonis,

203 1119 301 1179 tum
331 1124 475 1177 malis
504 1123 850 1185 coercendis,
878 1131 994 1175 tam
1037 1120 1203 1175 etiam
1254 1119 1745 1191 reprimendis___la-

201 1195 448 1271 otiosiset
474 1194 731 1271 studiosis
763 1206 947 1246 rerum
982 1206 1246 1271 novarum
1269 1234 1283 1257 ,
1318 1188 1739 1271 uti-tranquillus
1768 1192 1771 1193 ⁷

202 1263 489 1320 Ερριθειοιεε
556 1262 699 1317 illius
754 1269 930 1316 status
1002 1263 1147 1317 inter
1218 1260 1490 1330 procellas
1555 1260 1740 1328 ipsas,

203 1333 430 1401 quamvis
460 1334 512 1386 itt
541 1333 718 1387 medio
758 1331 918 1396 mari,
950 1340 1286 1409 servaretur,
1323 1331 1491 1409 talem
1515 1343 1740 1409 quoque

206 1416 252 1458 te
280 1406 327 1457 in
352 1414 619 1473 posterum
649 1411 897 1473 przestes,
924 1417 1024 1473 nec
1058 1403 1206 1473 sinas
1232 1410 1282 1473 te
1308 1401 1472 1473 ullius
1515 1401 1742 1473 ingrati-

208 1470 370 1528 Iudine
400 1482 490 1527 aut
515 1470 859 1543 malignitate
900 1472 1185 1526 dimoveri.
1225 1470 1381 1543 Quod
1432 1471 1649 1524 tametsi
1692 1478 1744 1521 te

201 1553 376 1615 Sponte
407 1554 491 1600 tua
532 1541 747 1600 abunde
783 1541 1053 1598 facturum
1106 1556 1214 1597 non
1249 1542 1493 1597 dubitem
1520 1581 1533 1606 ,
1560 1550 1742 1594 tamen

1858 557 2015 612 sidue
2056 556 2393 622 impendent,
2425 570 2511 609 me
2554 555 2851 611 sollicitum
2894 557 3154 620 reddttnt,
3186 555 3443 625 idemque

1852 628 2019 682 etiam
2048 636 2212 695 atque
2239 626 2404 680 etiam
2442 634 2631 691 petere
2660 638 2883 695 cogunt.
2926 626 3039 680 lloc
3086 628 3249 681 etiam
3286 642 3441 696 rogo,

1853 707 1912 752 ut
1937 712 2045 767 quo
2089 697 2254 750 animi
2283 711 2411 765 erga
2448 707 2498 750 te
2521 696 2717 767 all'ectn
2753 697 2855 751 hoc
2876 697 3264 766 qualecunque
3306 712 3446 767 prx-

1852 765 2060 821 lndi'nm
2102 781 2167 821 ac
2206 767 2483 832 specimen
2532 765 2757 835 majoris
2805 768 2872 836 (si
2912 765 3183 823 Dominus
3208 765 3442 832 dederit)

1854 838 2035 907 aperis
2064 836 2159 891 tibi
2197 836 2370 891 oﬂcro
2398 877 2413 900 ,
2449 837 2642 891 eodem
2694 836 2965 903 accipias,
3003 852 3103 892 nec
3156 852 3243 892 me
3293 836 3443 889 aliud

1854 916 2133 978 Spectasse
2163 916 2350 978 putes,
2374 920 2536 978 qnam
2573 914 2640 978 ut
2667 921 2962 978 memorem
3016 915 3071 962 et
3105 916 3317 978 gratum
3345 920 3444 978 ine

1860 975 1953 1059 tibi
1983 978 2284 1059 praebeam.
2315 977 2371 1047 6
2407 975 2551 1059 Bene
2589 976 2683 1059 tibi
2722 986 3021 1059 precantur
3046 975 3441 1059 quampluritni

1856 1050 1947 1118 qui
1983 1049 2092 1118 huc
2128 1062 2186 1101 se
2213 1055 2540 1115 receperunt
2566 1047 2761 1118 optimi
2793 1047 2919 1113 viri,
2974 1050 3026 1101 in
3064 1047 3364 1116 primisque
3392 1056 3446 1101 te

1858 1116 2059 1189 salutat
2087 1117 2226 1189 Beza
2260 1124 2464 1179 noster,
2492 1116 2662 1189 cujus
2680 1119 3082 1189 consuetudine
3115 1118 3447 1189 ethbcnevoe

1851 1188 2020 1242 lentia
2055 1187 2137 1242 sic
2171 1202 2409 1247 recreor,
2446 1195 2504 1239 ut
2532 1186 2663 1240 mihi
2689 1188 2799 1254 jam
2828 1187 2999 1241 levius
3041 1186 3301 1241 exsilium
3337 1187 3443 1239 hoc

1847 1259 2118 1312 redditum
2153 1258 2247 1311 sit.
2304 1256 2448 1311 Bene
2490 1256 2643 1321 vale,
2675 1257 2881 1325 optimc
2931 1266 2987 1312 et
3036 1256 3443 1325 observantiss.

1847 1330 1950 1383 vir.
1984 1327 2246 1384 Dominus
2269 1325 2428 1382 Jesus
2454 1323 2724 1382 Christus
2758 1328 2853 1381 tibi
2905 1338 3170 1397 perpetuo
3227 1323 3442 1386 faveat,

1852 1400 1943 1452 diu
1979 1408 2030 1452 te
2067 1398 2396 1454 incolumem
2424 1406 2626 1457 servet,
2665 1398 2881 1464 tuisque
2910 1396 3190 1451 laberibus
3213 1405 3269 1450 et
3292 1397 3442 1449 curis

1850 1468 2158 1525 benedicat.
2192 1468 2443 1535 Geuevm,
2479 1468 2656 1538 pridie
2697 1468 2825 1521 Kal.
2860 1466 3167 1525 Februarii.
3212 1481 3441 1522 manu.

1003 1751 1522 1844 JOANNIS
1590 1744 2005 1839 JACOBI
2086 1745 2583 1835 GRYNZEI

258 1881 521 1961 Epistola
558 1881 1038 1966 nuncupatoria
1064 1882 1139 1942 ad
1173 1880 1567 1966 Bernerdum
1601 1877 1925 1966 Brandum
1962 1874 3123 1966 Desileensisreipublictetribunum
3154 1871 3364 1955 plebis

777 1955 1187 2039 primarium,
1222 1959 1291 2021 in
1335 1976 1463 2040 qua
1496 1975 1631 2021 suas
1659 1955 1886 2020 lremei
1920 1955 2227 2016 editionis
2260 1955 2571 2017 rationem
2610 1955 2838 2017 reddit.

265 2062 367 2117 Etsi
404 2075 598 2132 graves
652 2059 971 2129 cumprimis
1031 2075 1212 2116 causae
1243 2060 1486 2125 luerunt,
1524 2068 1751 2131 propter
1782 2065 1824 2119 Β
1853 2056 2166 2132 vivendum
2191 2056 2285 2132 sit,
2321 2057 2657 2132 consideres.
2694 2058 2846 2113 llanc
2876 2074 3063 2132 vocem
3109 2058 3273 2132 Indus
3304 2076 3447 2116 non-

205 2149 325 2202 qnas
369 2131 612 2187 vetustas
666 2133 902 2202 erudita,
959 2146 1158 2202 magno
1194 2131 1485 2202 applausu
1516 2139 1574 2202 et
1619 2145 1751 2185 con-

207 2200 348 2259 sensu
398 2202 622 2265 recepit.
678 2200 1111 2270 approbavitquc
1160 2200 1380 2268 elegans
1436 2200 1565 2254 illud
1617 2214 1751 2270 apo-

206 2270 682 2344 phtbegrna:[‘vr3_0t
718 2269 967 2332 σεαυτόν,
1014 2270 1204 2344 Nosce
1239 2271 1460 2339 teipsum
1486 2282 1597 2344 ;‘et_
1633 2269 1751 2344 am:

207 2339 544 2414 phicty'oues,
618 2340 847 2414 Platone
906 2350 1085 2414 teste,
1150 2340 1283 2394 illud
1341 2355 1441 2409 pro
1504 2339 1751 2410 Delphici

208 2411 370 2480 templi
404 2414 613 2467 roribus
660 2411 1071 2465 tnscribendum
1102 2424 1223 2465 esse
1269 2419 1645 2473 censuerunt,
1685 2426 1754 2465 eo

208 2483 332 2552 quod
368 2482 642 2552 videretur
673 2480 740 2533 de
763 2482 877 2535 suis
908 2481 1064 2552 bonis
1086 2489 1140 2535 et
1171 2480 1328 2534 malis
1386 2495 1753 2552 unumquem-

208 2548 298 2621 que
341 2550 645 2605 mortalium
694 2548 1187 2614 commonefacere,
1234 2551 1509 2619 superbiae
1548 2550 1755 2619 pariter

209 2621 635 2691 etdesperationi
672 2621 915 2691 mederi,
957 2621 1314 2691 immodicum
1354 2634 1598 2691 amorem
1645 2621 1751 2683 sui,

210 2688 551 2761 ﬁduciamque
608 2690 821 2755 tollere,
854 2700 908 2744 et
957 2692 1024 2743 ad
1087 2688 1409 2746 modestiam
1465 2690 1755 2746 universos

210 2763 393 2816 hortari
424 2778 435 2814 :
468 2776 577 2815 non
609 2770 789 2815 tamen
827 2761 1009 2814 minus
1045 2775 1240 2829 graves
1277 2773 1459 2816 causa:
1489 2768 1757 2823 sunt,cur

208 2831 336 2885 aliud
361 2833 490 2885 adeo
520 2830 604 2884 illi
655 2840 983 2900 cognatum,
1017 2840 1077 2883 ut
1110 2841 1368 2885 neutrum
1415 2830 1536 2885 sine
1578 2829 1756 2884 altero

212 2910 341 2956 recte
384 2900 607 2971 intelligi
655 2901 859 2969 possit,
908 2916 1015 2955 non
1062 2908 1268 2955 lantmn
1318 2900 1605 2971 addamus,
1659 2900 1755 2955 sed

210 2972 354 3024 etiam
383 2969 655 3040 ambabus
675 2970 925 3040 manibus
954 2979 1008 3024 et
1035 2980 1417 3040 _toto_pectore
1459 2969 1756 3040 amplecta-

201 3039 792 3106 'tnur,videlicetl‘~n7aﬂt
820 3039 913 3093 τὸν
946 3038 1100 3106 Θεόν,
1130 3038 1301 3096 Nosce
1334 3040 1528 3095 Deum.
1559 3038 1753 3094 Veram

210 3111 340 3181 enim
365 3120 417 3181 et
452 3110 683 3181 solidam
722 3111 1046 3179 sapientiam
1092 3113 1145 3165 in
1170 3111 1263 3165 Dei
1285 3111 1474 3181 Optimi
1502 3110 1753 3176 maximi,

212 3189 259 3251 ct
279 3179 496 3234 hominis
520 3181 588 3251 ad
614 3179 733 3248 ejus
758 3181 1053 3250 imaginem
1084 3182 1289 3251 conditi
1315 3179 1629 3251 cognitione
1661 3194 1757 3249 po—

215 3248 377 3313 sitam,
408 3264 506 3304 nec
534 3249 766 3303 alteram
793 3248 911 3305 sine
941 3250 1110 3303 altera
1143 3250 1357 3321 plenam
1390 3248 1550 3314 'esse,
1574 3248 1753 3305 velex

211 3334 268 3372 eo
284 3321 451 3401 colligi
470 3321 842 3401 potest_,‘quod
871 3322 1066 3401 divina:
1095 3321 1289 3401 litterae
1318 3322 1755 3401 testantttrlideo

1857 2126 1992 2205 nihil
2020 2127 2309 2205 subridens
2340 2126 2574 2205 eleganti
2613 2129 2714 2183 hac
2751 2130 3024 2205 sententia
3056 2131 3276 2205 excepit
3304 2134 3447 2205 :_Mlj

1854 2196 2112 2273 otivaeliati
2144 2214 2266 2273 ῖινα
2296 2196 2365 2251 τὰ
2400 2195 2715 2273 ἀνθρώπινα
2747 2198 3006 2265 κατιδεῖν,
3055 2195 3358 2273 ἀγιέᾳὸῦντά
3385 2195 3450 2273 τέ

1854 2266 1925 2321 τὰ
1973 2267 2112 2331 θεῖα,
2162 2267 2267 2322 hoc
2317 2279 2421 2335 est,
2481 2266 2568 2324 res
2625 2270 2892 2325 humanas
2927 2266 3447 2327 nemo'divinaru'm

1859 2339 2085 2411 ignarus
2130 2353 2312 2411 rerum
2344 2350 2491 2411 recte
2526 2341 2836 2411 perspicere
2878 2347 2932 2395 et
2983 2355 3321 2411 cognoscere
3355 2359 3453 2411 po-

1860 2417 1989 2462 test.
2042 2406 2332 2462 Judicabat
2385 2406 2539 2464 enini
2581 2406 2891 2464 doetrinam
2934 2406 3173 2465 ethicam
3230 2406 3449 2467 inanem

1855 2475 2190 2553 esse_ludt_tm
2225 2477 2593 2553 ingeniorum,
2626 2489 2682 2553 et
2710 2479 3062 2553 hypocriseos
3096 2482 3274 2553 seem
3303 2500 3448 2553 φαρ-

1860 2546 2056 2617 μακὸν,
2081 2547 2124 2600 si
2158 2560 2227 2617 ea
2253 2546 2376 2602 cum
2404 2548 2504 2617 Dei
2532 2546 2807 2604 luculenta
2842 2549 3121 2616 agnitione
3145 2546 3201 2605 εἰ
3230 2546 3453 2607 sincero

1862 2616 2010 2671 cultu
2047 2631 2156 2670 non
2186 2616 2258 2671 sit
2290 2616 2608 2685 conjuncta.
2660 2618 2799 2673 Sunt
2843 2619 2988 2674 enim
3023 2634 3209 2676 revera
3255 2623 3453 2678 otiosae

1859 2696 1913 2758 et
1943 2686 2164 2742 inutiles
2187 2688 2748 2758 commonefactiones
2774 2688 2840 2743 de
2873 2690 3113 2744 hominis
3149 2692 3350 2758 oliicio,
3384 2694 3454 2748 de

1858 2756 2119 2828 virtutum
2147 2756 2568 2828 pulchritudine,
2598 2760 2664 2814 de
2690 2758 2948 2813 vitiorum
2976 2756 3455 2828 turpitudine,de—

1861 2827 2025 2908 nique
2054 2826 2122 2908 de
2151 2827 2406 2908 omnibns
2438 2828 2850 2908 vitreﬁhumanae
2884 2826 3082 2908 muniis
3104 2833 3451 2908 etpartibus,

1860 2895 1905 2951 si
1934 2895 2149 2950 interim
2173 2912 2326 2953 mens
2353 2897 2537 2970 ignara
2554 2897 2648 2970 Dei
2672 2909 2726 2954 et
2745 2898 3040 2970 voluntatis
3070 2895 3193 2967 ejus
3215 2895 3453 2970 seipsani

1861 2973 2121 3037 tanquam
2147 2982 2345 3022 numen
2369 2967 2588 3037 aliquod
2621 2968 2925 3023 admiretur
2954 2981 3009 3024 et
3040 2972 3209 3035 colat,
3244 2967 3343 3026 nec
3366 2988 3454 3031 se—

1861 3035 1943 3090 rio
1964 3037 2184 3109 cogitet,
2216 3047 2281 3109 et
2308 3037 2449 3107 quod
2463 3035 2550 3093 Vsit
2580 3039 2739 3103 Deus,
2765 3048 2819 3091 et
2840 3039 3015 3109 qualis
3050 3042 3154 3107 sit,
3194 3042 3455 3101 videlicet

1861 3105 2231 3179 omnipotens,
2270 3105 2470 3171 bonus,
2500 3119 2707 3173 castus,
2738 3105 3079 3175 misericors,
3099 3105 3304 3179 justus,
3334 3113 3455 3170 vin-

1862 3174 1965 3251 dex
2001 3174 2305 3243 scelerum;
2336 3190 2390 3251 et
2416 3179 2563 3251 quod
2585 3179 2673 3234 hic
2694 3195 2913 3249 quoque
2927 3180 3071 3237 Deus
3100 3174 3205 3237 nos
3235 3174 3456 3251 quoque

1864 3244 2059 3311 bonos,
2084 3257 2297 3321 castos,
2343 3244 2659 3321 benignos,
2689 3244 2889 3321 iustos,
2919 3265 3127 3321 osores
3180 3244 3451 3310 scelerum

1863 3330 1984 3391 esse
2017 3316 2165 3372 velit.
2198 3317 2325 3391 Ideo
2357 3320 2409 3374 in
2454 3316 2704 3374 hominis
2728 3318 3026 3391 Christiani
3076 3322 3463 3391 institutione,

214 3404 300 3461 nos
319 3386 557 3461 homines
582 3406 613 3461 ξι
646 3386 753 3461 Deo
787 3391 1040 3461 conditos
1067 3401 1119 3444 et
1150 3392 1482 3461 redemptos,
1506 3404 1563 3446 ut
1590 3392 1756 3461 Deum
1788 3399 1829 3456 ί]
1865 3386 2037 3461 prima
2065 3397 2129 3461 _et
2158 3389 2429 3461 pracipua
2456 3404 2585 3461 cura
2621 3402 2744 3461 esse
2773 3389 2955 3454 debet,
2981 3401 3039 3445 ut
3065 3401 3268 3447 tenera:
3300 3386 3461 3452 men-1

211 3456 406 3513 Patrem
435 3458 656 3514 Domini
692 3461 861 3513 nostri
894 3457 1019 3514 Jesu
1054 3461 1281 3528 CllriSli,
1314 3456 1422 3517 una
1452 3456 1577 3516 eum
1618 3460 1758 3516 Filio

214 3528 467 3598 unigenito
518 3528 651 3600 Jesu
722 3530 941 3584 Christo
996 3539 1051 3584 et
1115 3530 1324 3600 Spiritu
1385 3540 1577 3586 sancto
1632 3548 1758 3586 vere

213 3611 574 3670 agnoscamus,
604 3598 949 3664 invocemus,
983 3609 1035 3654 et
1078 3598 1182 3654 non
1232 3610 1442 3656 tantum
1493 3602 1545 3655 in
1600 3603 1758 3670 hujus

213 3669 322 3723 vitae
347 3670 560 3737 militia,
594 3670 689 3723 sed
721 3670 889 3725 etiam
932 3670 984 3723 in
1015 3671 1162 3725 omni
1192 3672 1501 3726 aeternitate
1524 3669 1760 3728 celebre-

214 3739 492 3812 musaldeo
526 3739 806 3812 nihil_est_
835 3740 1232 3812 dubiumvere
1274 3742 1565 3812 Origenem
1614 3743 1761 3796 Ada-

211 3809 451 3880 mantium
478 3810 527 3863 in
565 3809 731 3864 tertio
767 3809 967 3863 Contra
996 3810 1205 3864 Celsum
1239 3809 1409 3875 libro}
1435 3812 1503 3866 de
1542 3812 1763 3880 sapien-

212 3875 274 3929 tia
303 3882 698 3945 pronuntiasse,
724 3894 847 3935 esse
875 3895 994 3934 eam
1032 3880 1337 3935 divinarum
1369 3875 1763 3936 humanarum-

211 3961 303 4017 que
332 3963 503 4002 rerum
554 3958 611 4002 et
658 3964 950 4004 causarum
1000 3951 1453 4017 scientiamLaut,
1498 3960 1556 4006 ιιι
1600 3967 1759 4007 sacra

212 4016 466 4097 Scriptura
503 4017 721 4097 deﬁnit,
761 4020 965 4097 divinze
998 4022 1257 4097 potentiae
1292 4016 1580 4097 vaporem,
1607 4036 1761 4097 ema-

211 4086 459 4141 natioaem
495 4090 779 4161 _sincerarn
820 4086 1210 4161 omnipotentis
1255 4086 1466 4159 gloriae,
1502 4086 1760 4161 spleitdoo

212 4169 320 4232 rem
342 4158 661 4232 sempiterni
706 4159 947 4232 luminis,
973 4158 1267 4232 speculum
1294 4163 1509 4217 virtutis
1533 4158 1630 4217 Dei
1664 4179 1763 4232 pu-

213 4227 490 4302 rissimum,
516 4229 892 4302 bonitatisque
931 4227 1048 4302 ejus
1084 4231 1376 4301 imaginem
1418 4227 1760 4302 expressam.

210 4292 425 4372 Lipparet
469 4292 653 4353 autem
689 4292 1039 4372 philosophos
1073 4292 1372 4372 quosdam,
1420 4292 1535 4372 qui,
1575 4312 1635 4357 ut
1683 4306 1762 4360 ait

209 4361 387 4444 Paulus
410 4361 710 4444 apostolus,
744 4361 1036 4444 invisibilia
1066 4361 1183 4435 Dei,
1224 4372 1325 4426 hoc
1357 4361 1453 4428 est'
1498 4361 1759 4430 aeternam

208 4439 313 4501 ejus
345 4439 769 4513 potentiamuac
814 4440 1193 4513 divinitatem,
1247 4451 1302 4497 et
1360 4444 1467 4498 alia
1523 4459 1643 4513 qua:
1693 4461 1762 4501 ex

210 4508 464 4585 creatione
510 4509 736 4585 mundi,
796 4510 925 4564 dum
981 4525 1078 4580 per
1125 4527 1299 4585 opera
1364 4508 1760 4585 intelliguntur,

211 4577 565 4643 pervidentur,
601 4580 807 4652 rectius
852 4577 1015 4650 quam
1052 4577 1245 4652 vulgus
1269 4577 1766 4640 hominum‘obser-

209 4655 482 4725 vaverunt,
531 4651 750 4725 tametsi
807 4662 1038 4725 mentes
1059 4651 1250 4706 eorum
1295 4653 1476 4725 densa
1530 4654 1764 4724 caligine

212 4717 505 4789 ignorantia:
541 4733 686 4773 verae
716 4721 980 4775 doctrinie
1009 4722 1074 4776 de
1103 4723 1366 4788 essentia,
1393 4736 1459 4789 et,
1487 4717 1763 4780 volun'tate

210 4783 292 4865 Dei
326 4797 599 4857 occupatae
624 4800 841 4855 essent,
869 4806 970 4845 nec
998 4792 1132 4860 ipsis
1172 4783 1463 4864 quidquam
1502 4797 1566 4850 de
1607 4796 1763 4865 lapsu

211 4856 485 4936 primorum
550 4869 838 4928 parentum
901 4870 956 4915 et
1018 4856 1337 4936 iristissinia
1402 4856 1763 4936 corruptione

212 4934 399 5005 naturae
437 4927 691 5005 humanae
717 4941 1032 5005 constaret;
1084 4934 1138 4986 in
1169 4948 1232 5005 ea
1271 4944 1456 4990 tamen
1486 4927 1760 4992 sententia

211 4994 380 5078 inisse,
409 5007 466 5051 ut
506 5000 793 5069 sapientiae
834 4994 1160 5078 candidatis,
1202 5004 1533 5078 Dei_suique
1574 5008 1761 5078 COgni-

211 5072 393 5145 tionem
426 5073 1070 5147 prorsusunecessariam
1122 5089 1245 5129 esse
1296 5072 1582 5133 ducei'ent.
1631 5072 1761 5147 Ejus

213 5135 280 5188 rei
321 5135 456 5191 nunc
501 5140 787 5215 n0n__libet
831 5142 998 5195 multa
1046 5158 1376 5200 coacervare
1426 5135 1771 5215 testimonia,

212 5221 322 5260 cum
368 5222 531 5261 unum
590 5212 720 5267 illud
780 5214 1020 5267 conlatis
1077 5215 1392 5271 hominibus
1440 5212 1765 5275 satisfacere

209 5283 573 5355 queat,__quod
626 5282 688 5355 in?
720 5282 1021 5355 undecimo
1066 5284 1204 5338 libro
1256 5286 1329 5340 De
1377 5289 1763 5355 praeparatione

209 5348 487 5427 ιραηρςιὶεα
529 5352 800 5408 Eusebius
833 5365 1195 5421 cognomento
1244 5348 1555 5427 Pamphilus
1586 5359 1760 5412 addu-

210 5420 528 5494 cit._Narrat
577 5420 1088 5494 gymnosophistam
1131 5420 1421 5494 quemdam
1472 5444 1539 5483 ex
1608 5428 1761 5483 ludia

212 5490 488 5553 profectum
556 5490 628 5547 in'
674 5495 808 5547 urbe
852 5490 1049 5547 'Attica
1110 5490 1231 5550 eum
1278 5499 1504 5553 Socrate
1554 5501 1619 5553 de
1673 5515 1763 5554 sa-

213 5558 642 5639 pientiazstudio
668 5564 997 5639 collocutum
1054 5570 1317 5639 esscain
1378 5585 1444 5624 eo
1496 5570 1765 5639 colloquio

214 5641 320 5709 cum
366 5631 523 5709 Indus
559 5634 933 5709 qumsivisset.
988 5651 1093 5704 qua
1145 5638 1353 5693 ratione
1390 5642 1607 5709 sapiens
1653 5631 1767 5695 lieri

216 5704 415 5766 posset?
445 5706 724 5774 respondit
756 5706 1034 5773 Socrates,
1076 5710 1119 5763 si
1155 5724 1264 5779 qua
1318 5704 1527 5768 ratio-ne
1563 5711 1768 5767 homini

267 5841 435 5913 'Vitlc
472 5856 628 5917 supra
697 5864 815 5919 pag.
866 5847 949 5902 38.
1036 5842 1047 5847 ’

1868 3466 1950 3533 tes
1984 3456 2297 3533 imbuantur
2331 3460 2485 3533 hisce
2519 3458 2790 3533 ἀξιώμασι
2833 3460 3091 3533 _e_t_veluti
3142 3462 3457 3533 principiis.

1863 3524 2104 3602 Primum
2135 3538 2240 3602 est,
2270 3529 2521 3585 homines
2559 3524 2679 3583 ideo
2706 3529 2913 3602 conditi
2945 3545 3000 3602 et
3028 3524 3292 3602 redémpti
3323 3524 3455 3592 sunt

1864 3605 1923 3648 nt
1961 3596 2125 3650 Deum
2178 3597 2418 3663 Patrem,
2449 3616 2555 3655 una
2601 3615 2724 3655 cum
2762 3598 2898 3654 Filio
2950 3598 3077 3656 Jesu
3132 3596 3352 3659 Christo
3399 3616 3456 3663 et

1865 3664 2073 3745 Spiritu
2109 3680 2302 3745 sancto
2350 3679 2652 3745 agnoscant
2698 3681 2752 3745 et
2801 3670 3003 3727 colant.
3052 3672 3301 3727 Alterum
3345 3688 3452 3745 est,

1864 3737 1933 3808 de
1972 3737 2081 3791 Deo
2118 3747 2172 3791 et
2208 3737 2487 3795 voluntate
2517 3741 2635 3807 ejus
2667 3742 2746 3794 sic
2790 3752 2871 3794 est
2901 3745 3276 3808 statuendum,
3308 3737 3455 3804 sicui.

1864 3806 1911 3861 is
1944 3822 2002 3861 se
2035 3810 2482 3878 voluntatemque
2514 3806 2670 3864 suam
2703 3810 3008 3864 illustribus
3039 3806 3372 3872 testimoniis
3397 3829 3451 3872 et

1864 3890 2126 3949 CXpi‘eSSO
2160 3882 2324 3949 verbo
2364 3880 2641 3949 patefecit.
2680 3879 2770 3934 Sic
2803 3888 2897 3949 aut
2940 3880 3079 3935 Deus
3112 3893 3357 3941 aeternus
3390 3903 3455 3942 se

1865 3947 2022 4022 nobis
2056 3947 2337 4022 patefecit,
2368 3947 2426 4002 ut
2449 3950 2610 4018 juxta
2647 3952 2834 4022 magni
2872 3948 3056 4022 Basilii
3092 3958 3451 4022 sententiam,

1866 4014 2135 4083 baptizari
2170 4034 2269 4073 nos
2305 4014 2556 4087 oporteat
2612 4014 2773 4074 sicut'
2812 4021 3159 4088 accepimus;
3220 4014 3454 4083 credere

1867 4095 2051 4162 autent
2086 4088 2644 4162 sicut_haptizan_tnr;
2699 4089 3015 4162 glorilicare
3061 4104 3263 4162 autem,
3307 4099 3453 4155 sicut

1865 4157 2165 4229 credimus,
2218 4156 2459 4222 Patrem,
2496 4156 2725 4224 Filium,
2765 4170 2820 4214 et
2857 4158 3124 4229 Spiritum
3177 4156 3447 4223 sanctum.

1868 4223 1995 4301 Herc
2024 4241 2147 4301 cum
2193 4230 2473 4298 prophetis
2519 4239 2579 4301 et
2620 4223 3092 4301 apestolis'cordi
3141 4247 3349 4301 essent,
3384 4240 3451 4292 de

1867 4295 2161 4363 sapientia,
2194 4295 2307 4353 hoc
2346 4308 2429 4354 est
2472 4301 2535 4354 de
2567 4295 2676 4354 Deo
2712 4316 2840 4355 vero
2875 4310 2931 4355 ct
2965 4300 3032 4355 de
3077 4303 3297 4360 homine
3335 4295 3449 4362 're-

1868 4367 2116 4443 ctissime
2168 4369 2602 4443 gravissimeque
2632 4382 2927 4426 senserunt
2979 4379 3036 4425 et
3089 4375 3446 4443 scripserunt.

1868 4435 2071 4512 Eorum
2119 4435 2369 4512 vestigiis
2410 4435 2651 4512 [renitens
2680 4455 2898 4512 quoque
2935 4452 3123 4496 noster
3163 4435 3449 4512 insistens,

1868 4507 1936 4580 in
1957 4508 2040 4563 his
2066 4507 2306 4580 quinque
2330 4511 2484 4566 libris
2519 4507 2981 4580 multa'praiclare
3008 4513 3072 4567 de
3116 4513 3225 4569 Deo
3259 4532 3367 4571 uno
3396 4507 3453 4574 ei

1872 4579 2036 4651 trino,
2070 4584 2136 4651 de
2172 4579 2404 4636 heminis
2432 4591 2578 4647 ortu,
2610 4579 2789 4651 lapsu,
2822 4584 3193 4651 corruptione,
3230 4589 3450 4642 restitu-

1873 4650 2040 4714 tione,
2091 4649 2284 4706 litteris
2320 4649 2708 4721 metnoriwque
2760 4649 3064 4708 mandavit.
3110 4655 3305 4710 Exstat
3356 4674 3448 4714 att-

1873 4727 1979 4772 tem
2000 4722 2067 4793 in
2099 4723 2275 4791 primo
2311 4722 2449 4778 libro
2483 4722 2672 4777 lrcmei
2704 4723 3006 4793 symbolum
3040 4725 3166 4792 (hac
3197 4742 3331 4781 voce
3366 4744 3453 4784 ve-

1870 4796 1957 4843 tus
1996 4791 2236 4847 Ecclesia
2266 4795 2485 4848 brevem
2528 4803 2584 4849 et
2621 4791 2981 4848 orthodoxam
3017 4791 3082 4849 de
3124 4795 3231 4850 Deo
3259 4808 3315 4851 et
3362 4799 3453 4853 ho-

1872 4860 2019 4915 mine
2065 4864 2471 4935 confessionem
2516 4863 2793 4935 appellare
2822 4866 2983 4918 solita
3017 4864 3123 4935 est)
3153 4868 3301 4933 quod
3342 4886 3449 4925 non

1871 4937 2079 5006 tantum
2107 4947 2172 5006 eo
2201 4934 2481 4989 ascribere
2505 4934 2677 5006 libet,
2711 4944 2769 4988 ut
2822 4935 3016 4989 habeat
3064 4934 3235 4991 lector
3264 4939 3451 5006 φιλέλ-

1869 4999 1967 5070 λην
1998 5002 2141 5071 quod
2167 5019 2292 5058 cum
2340 5019 2460 5072 cap.
2491 5005 2526 5058 2
2552 5004 2646 5058 lib.
2690 5021 2704 5058 I
2734 5006 3006 5071 conferat,
3041 5021 3234 5062 verum
3276 4999 3449 5065 etiam

1868 5074 1995 5138 quia
2043 5075 2347 5129 doctrinam
2402 5075 2767 5131 EcC‘lcsiarum
2810 5088 3120 5131 nostrarum
3174 5079 3226 5132 ιιι
3290 5079 3453 5135 υΙῘθιιι

1870 5141 1974 5215 hac
2021 5145 2207 5197 mundi
2251 5157 2487 5215 senecta
2525 5160 2555 5199 a
2604 5146 2761 5200 nobis
2795 5156 3069 5215 receptam
3098 5157 3151 5201 et
3196 5152 3451 5204 traditam

1871 5212 2001 5286 olim
2070 5228 2286 5284 quoque
2340 5216 2395 5269 in
2450 5214 2713 5271 Ecclesiis
2772 5212 3099 5286 Germaniae,
3154 5219 3340 5275 Galliae
3398 5233 3455 5276 et

1873 5280 2171 5360 Hispani-af,
2195 5280 2390 5360 irenaei
2418 5295 2599 5352 aetate,
2640 5288 2742 5341 hoc
2778 5296 2881 5350 est,
2916 5290 3060 5342 circa
3084 5280 3299 5344 'anuum
3330 5303 3454 5360 post.

1872 5362 2059 5407 natum
2094 5356 2374 5410 Christum
2403 5371 2617 5411 cuxxv
2660 5372 2858 5425 magno
2883 5374 3155 5415 consensu
3194 5356 3451 5415 tradi—tam

1869 5438 1991 5503 esse
2010 5425 2133 5503 inde
2149 5427 2407 5503 colligere
2430 5427 2573 5503 licet.
2591 5427 2767 5503 Yerba
2791 5427 2908 5496 ejus
2926 5430 3039 5503 lucc
3061 5445 3219 5484 sunt:
3268 5431 3332 5484 'H
3354 5432 3454 5503 μὲν

1871 5492 1981 5566 γὰρ
2016 5492 2330 5569 Ἐκκλησίᾶ,
2367 5506 2476 5553 etc.
2525 5498 2781 5569 ‘rOpera:
2820 5492 3065 5568 pretium
3118 5512 3298 5557 autem
3344 5492 3452 5557 non

1878 5570 2098 5636 vulgare
2129 5568 2295 5623 fuerit
2338 5569 2389 5622 in
2433 5568 2704 5623 vestibulo
2745 5570 2904 5639 hujus
2940 5577 3123 5640 operis
3168 5572 3239 5625 ob
3265 5574 3455 5629 oculos

1877 5653 2079 5706 ponere
2152 5641 2373 5693 brevem
2448 5639 2745 5695 antithesin
2810 5639 3071 5696 sanaret
3127 5644 3454 5699 orthodoxae

1878 5711 2161 5781 doctrinae,
2193 5720 2247 5765 et
2280 5712 2642 5766 humanorum
2687 5722 3122 5769 commentorum
3165 5731 3229 5770 ac
3278 5715 3453 5771 haere-
