3878 6348
387 301 526 361 1339

1540 300 2053 358 PROLECOMENA
2098 298 2457 355 VARIORUM

3527 287 3661 342 13m

372 421 596 483 fructu,
641 419 905 477 Ecclesiae
942 432 998 476 ct
1028 421 1341 491 reipublica:
1374 422 1652 477 tribunitia
1687 430 1960 489 potestate
1990 424 2037 478 Α
2070 420 2282 475 Brando
2314 429 2542 487 parente
2572 429 2675 473 ture
2707 417 3061 491 przestautite.
3094 431 3158 473 ea
3191 415 3407 476 omnia.
3441 410 3541 491 Dei

377 503 443 547 et
490 492 816 545 auctoritate
863 493 1083 562 polles),
1140 493 1448 559 vigilantia,
1504 491 1630 554 ﬁde,
1681 491 1956 562 consiliis,

375 562 651 617 industria
680 604 694 625 ,
736 561 874 616 vera
908 564 1073 616 animi
1122 562 1495 630 magnitudine
1546 572 1600 615 et
1648 561 1956 616 constantia

371 647 646 700 nusquam
686 633 813 686 dees
841 648 854 685 :
879 632 1212 686 academiam
1235 646 1358 686 vero
1391 632 1783 694 Basileensem,
1814 646 1960 686 sem-

371 703 651 773 pilertttlttt
705 713 763 773 et
810 702 1244 773 incomparabile
1301 704 1502 773 regium
1550 702 1727 773 urbis
1763 710 1960 773 vestrae

374 769 565 834 decus,
600 775 651 826 in
681 772 837 841 cujus
862 772 1074 840 gremio
1098 782 1151 824 et
1183 769 1471 841 complexu
1492 812 1506 835 ,
1547 772 1849 827 liberalium
1877 769 1960 823 di-

373 842 757 908 sciplinarum,
790 843 991 896 veteris
1039 842 1306 904 historiae.
1357 842 1686 907 linguarum.
1721 852 1777 895 et
1815 841 1955 908 juris

372 912 554 964 riVilis
583 912 977 977 cegnitionem,
1008 928 1277 975 usumque
1301 928 1557 978 magnum
1590 913 1687 965 tibi
1727 926 1956 979 compa-

374 983 585 1043 ravisti,
621 991 802 1049 postea
834 998 997 1050 quam
1030 983 1343 1049 reipublicae
1373 982 1741 1049 gubernacula
1771 983 1958 1035 mode-

376 1052 544 1104 randa
568 1053 880 1116 suscepisti,
917 1067 1105 1105 amore
1131 1061 1186 1105 et
1214 1052 1522 1120 patrocinio
1572 1063 1686 1115 tuo,
1738 1052 1953 1121 profes-

373 1136 527 1173 sores
559 1137 689 1173 vero
719 1122 959 1174 onmium
993 1122 1243 1175 ordinum
1272 1132 1327 1175 et
1360 1122 1681 1175 facultatum
1714 1124 1953 1176 benevo-

376 1191 541 1243 lentia
575 1201 629 1244 et
658 1190 990 1245 liberalitate
1013 1207 1074 1245 ea
1117 1193 1485 1260 prosequeris,
1513 1208 1616 1259 qua
1644 1192 1791 1260 digni
1825 1201 1956 1246 sunt

373 1262 474 1314 viri
521 1262 763 1328 ingenio,
813 1262 1124 1327 virtutibus,
1163 1262 1454 1330 sapientia,
1500 1274 1555 1316 et
1598 1264 1745 1315 omni
1784 1277 1955 1316 orna-

374 1340 684 1384 mentorum
730 1346 929 1398 genere
980 1332 1449 1399 pra'stautissimi.
1513 1331 1635 1384 llaec
1692 1332 1951 1385 nimirum

373 1415 536 1455 causa
570 1410 654 1454 est
690 1410 910 1467 propter
949 1417 1135 1470 quam,
1174 1400 1315 1470 sicut
1349 1402 1477 1456 olim
1508 1402 1731 1456 Darium
1761 1401 1955 1456 Persa-

372 1484 493 1523 rum
568 1485 749 1538 regem
792 1469 975 1523 ferunt
1025 1482 1104 1524 tot
1172 1469 1417 1540 Zopyrus
1471 1470 1774 1540 optavisse,
1817 1481 1955 1540 quot

372 1554 543 1611 grana
594 1540 646 1611 in
688 1540 920 1611 l’uuieis
952 1543 1113 1595 malis
1143 1542 1566 1611 conspiciuntur
1597 1556 1613 1595 :
1648 1542 1721 1594 ita
1760 1542 1951 1611 optimi

372 1608 574 1677 quique
601 1609 698 1662 viri
728 1620 782 1681 et
832 1613 971 1681 apud
1000 1626 1115 1675 vos,
1146 1620 1198 1664 et
1228 1608 1511 1665 in'vicinia
1550 1612 1768 1681 inclyta:
1796 1608 1955 1665 urbis

373 1690 590 1740 vestrm,
636 1679 834 1733 multos
877 1680 1205 1735 Tlteodoros
1257 1692 1309 1735 et
1352 1679 1677 1735 Bernardos
1706 1681 1954 1735 Braudos

2070 491 2265 545 tit-ﬂcio
2289 480 2582 561 singulari,
2611 480 2827 543 abunde
2860 492 2911 543 in
2938 487 3069 553 tilio,
3092 502 3199 542 non
3233 493 3455 561 tantum
3491 480 3665 561 facul-

2066 570 2264 624 tatum,
2315 551 2410 614 sed
2462 551 2629 634 etiam
2676 561 2936 634 virtutum
2994 551 3360 634 Paternarum
3402 551 3659 634 .haretle.

2065 640 2417 698 compensata
2449 646 2576 704 esse
2616 629 2940 704 intelligant,
2994 630 3273 695 Deumque
3301 629 3580 704 optimum
3610 634 3661 675 et

2065 695 2363 755 maximum
2385 701 2686 764 celebrent,
2715 695 2856 768 quod
2880 708 3165 771 eperatua
3187 705 3242 749 et
3263 695 3504 771 aliorum
3536 707 3663 771 gra-

2062 772 2411 824 vissimorum
2447 763 2825 834 virorutufac
2876 763 2928 822 iii
2986 769 3180 835 primis
3230 764 3417 818 afﬁnis
3468 763 3549 835 tui
3596 763 3658 817 ί).

2064 841 2285 895 llenriei
2328 842 2497 903 Petri,
2549 842 2650 895 viri
2702 842 2767 895 de
2810 840 3091 906 republica
3132 847 3345 897 vestra,
3393 843 3455 906 et
3491 834 3563 885 de
3602 848 3660 885 re

2062 912 2332 985 litteraria
2365 902 2829 985 prteelarenteriti
2861 902 3207 985 {mutantem
3236 902 3532 985 εὐγριξίαις,
3570 917 3661 956 so-

2061 982 2316 1037 rietatettt
2341 973 2395 1036 εἰ
2415 983 2873 1053 tranquillitatem
2894 973 3470 1053 politicam,_judieia,
3493 973 3657 1053 leges,

2061 1054 2260 1125 civium
2289 1047 2664 1115 concordiam,
2692 1052 2842 1125 urbis
2872 1047 3059 1113 decus,
3081 1059 3145 1125 et
3182 1048 3533 1125 libertatem,

2058 1124 2226 1178 etiam
2267 1125 2616 1177 sanctissima
2665 1122 2845 1176 studia
2885 1131 2940 1175 et
2983 1120 3217 1188 optimas
3256 1126 3410 1169 artes
3442 1120 3500 1167 in
3531 1120 3650 1188 qui-

2060 1196 2160 1249 bus
2194 1205 2344 1260 grata
2397 1194 2462 1247 de
2509 1196 2617 1247 Deo
2659 1193 2801 1246 fama
2843 1186 3033 1260 sparsa
3066 1198 3165 1247 est.
3208 1188 3429 1260 fovere,
3468 1186 3654 1237 modo-

2060 1255 2218 1329 rari;
2246 1265 2408 1326 tueri,
2459 1264 2609 1318 velut
2656 1255 2976 1332 pra‘claram
3026 1260 3329 1332 quamdam
3362 1255 3651 1332 Spartani,

2057 1324 2277 1401 dignam
2329 1324 2522 1402 inqua
2554 1324 2871 1388 exornanda
2908 1324 3057 1405 boui
3092 1330 3227 1405 viri_
3251 1326 3552 1405 laburﬁent.‘
3588 1324 3652 1374 ad

2059 1397 2448 1475 posteritatem'
2474 1406 2850 1475 transmittere
2866 1401 3163 1475 Adignatnr.
3181 1398 3355 1475 axit
3392 1397 3659 1475 Dominus

2059 1464 2243 1528 noster
2272 1474 2435 1529 Jesus
2460 1474 2733 1540 Christus,
2764 1470 2823 1525 ἰιι
2865 1464 2984 1525 haec
3025 1468 3340 1542 reipublica:
3376 1476 3434 1519 et
3474 1464 3657 1542 Eccl};-

2058 1547 2151 1599 sia:
2184 1545 2323 1598 bona
2356 1556 2408 1599 et
2438 1533 2761 1600 ornamenta
2797 1543 3049 1595 diuturna
3081 1533 3237 1612 sint,
3267 1546 3326 1592 et
3366 1553 3497 1589 eum
3538 1533 3663 1612 aliis.

2094 1615 2280 1675 olitiis,
2331 1615 2653 1677 acatlemiis.
2683 1626 2738 1668 ct
2780 1613 2981 1667 Christi
3012 1610 3274 1663 Ecclesiis
3309 1610 3652 1662 communia.

2094 1632 2280 1675 tiltltIS,
2331 1632 2653 1677 acattemtts.
2683 1632 2738 1668 Cl.
2780 1632 2981 1667 bllrlitl
3012 1632 3274 1663 ILCCICSIIS
3309 1632 3652 1662 cuulmuuta.

2058 1632 2201 1739 Bene
2240 1685 2382 1746 vale,
2419 1694 2743 1755 perpetuum
2778 1684 3107 1755 patritetute
3135 1688 3560 1755 ornamentum,
3604 1682 3657 1725 et

372 1744 596 1837 Βθθίίίξαξ
615 1760 809 1803 νεείνίὲ
836 1751 1011 1837 “Inoo
1047 1760 1255 1805 εθιοτηο
1279 1761 1718 1837 εφηρνθοθηῑηεύ
1756 1751 1937 1832 (“ﬁmi
1976 1776 2016 1827 Β
2052 1761 2312 1815 Irenaeum
2348 1744 2610 1837 opiitu'tun
2637 1744 2960 1837 scriptorem
2984 1750 3039 1803 in
3071 1750 3343 1837 [al-Iliiiaklll
3376 1748 3654 1837 ﬁdenti-que

370 1820 716 1890 gratulentur
743 1820 883 1888 quod
913 1836 975 1873 ea
1006 1837 1126 1889 quae
1156 1822 1530 1890 superioribus
1558 1823 1718 1875 annis
1752 1821 1934 1881 reipu-

282 1892 290 1898 '
371 1887 531 1941 blica':
584 1887 884 1943 Bttsileettsi
939 1887 1324 1949 decesserunt.
1380 1890 1636 1945 defuncto
1687 1892 1788 1945 hac
1828 1892 1934 1944 vita

368 1958 558 2025 patria:
589 1969 743 2028 patre
766 1967 819 2013 et
841 1961 1062 2015 consule
1097 1961 1524 2029 prudentissimo
1562 1961 1624 2015 D.
1656 1960 1941 2017 Theodoro

2050 1813 2195 1885 tuam
2223 1813 2466 1896 εὐτυχὶῖδς
2484 1835 2537 1880 et
2560 1813 2926 1881 sereno-vultu
2955 1821 3242 1889 suscipito.
3270 1817 3494 1886 Scripsi
3533 1813 3659 1867 Kal-

2053 1898 2254 1969 Aprilis
2289 1912 2518 1952 IDLxxt.

1565 2185 1981 2276 JACOBI
2064 2188 2438 2275 BlLLII

569 2337 658 2397 De
682 2353 793 2396 sua
822 2337 1111 2414 priorum
1145 2338 1218 2398 18
1250 2333 1374 2419 (2|)
1408 2339 1635 2402 lrenaai
1667 2340 1948 2482 capitam
1995 2343 2416 2431 translatione
2439 2386 2457 2412 ,
2498 2340 2769 2419 suisque
2804 2341 2868 2404 in
2916 2338 3137 2401 eadem
3171 2334 3448 2396 scltoliis

1810 2438 1844 2481 ει
1896 2432 2190 2482 monitio.

1810 2432 2190 2483 ειαιιιοηιιιο.

444 2515 554 2569 Etsi
589 2523 802 2568 veteres
839 2515 1156 2571 Grmcorum
1186 2518 1562 2587 theologorum
1596 2518 1948 2588 interpretes,

373 2600 567 2655 magna
610 2600 675 2638 ex
724 2595 904 2654 parte,
950 2589 1075 2640 dum
1110 2590 1335 2641 verbum
1368 2590 1533 2641 verbo
1576 2589 1807 2643 reddere
1834 2600 1951 2642 stu-

373 2660 524 2717 tlettt,
558 2670 665 2708 non
698 2658 835 2727 satis
865 2657 1149 2727 eleganter
1192 2659 1335 2726 quod
1371 2657 1558 2713 volunt
1606 2660 1946 2727 exprimunt,

372 2726 482 2779 imo
520 2727 684 2781 etiam
740 2725 1064 2797 plerumque
1117 2725 1305 2782 Graeca
1366 2744 1471 2780 non
1523 2725 1944 2797 assequuntur:

372 2805 553 2850 tamen
581 2810 675 2849 eos
716 2795 800 2850 vel
842 2797 943 2851 hoc
970 2814 1078 2851 uno
1109 2799 1328 2852 nomine
1371 2812 1480 2851 non
1511 2795 1737 2866 prorsus
1788 2814 1949 2867 repu-

368 2868 605 2937 diandns
629 2876 685 2918 et
712 2869 1088 2935 aspernandos
1119 2883 1240 2921 esse
1266 2883 1482 2937 semper
1510 2868 1774 2933 iudicavi,
1800 2867 1948 2936 quod

368 2935 798 3009 innumerabiles
827 2937 1093 3000 maculas,
1124 2953 1246 3007 qua:
1281 2935 1744 3009 typographorum
1779 2938 1949 3008 negli-

365 3009 548 3073 gentia
588 3007 825 3072 optimos
859 3022 1105 3075 quosque
1131 3007 1388 3061 aut-tores
1418 3018 1782 3076 occuparunt,
1814 3007 1947 3062 cou-

368 3076 529 3130 sultis
556 3076 665 3130 illis
707 3079 1113 3146 promptissime
1142 3079 1309 3132 tlcleri
1361 3092 1520 3147 posse
1547 3091 1790 3148 persaepe
1823 3094 1945 3133 sum

367 3158 650 3218 expertus.
691 3148 805 3211 Qua
851 3149 1071 3218 quidem
1122 3148 1175 3201 in
1221 3150 1512 3213 sententia,
1556 3149 1599 3202 si
1647 3150 1692 3204 is
1728 3164 1946 3218 quoque

367 3213 584 3288 fuisset,
622 3218 713 3288 qui
730 3213 1043 3288 ‘octojlet-ini
1079 3218 1191 3270 haec
1225 3220 1398 3287 prima
1448 3219 1509 3272 ι).
1543 3218 1727 3273 Ιτθιιεεὶ
1749 3213 1942 3288 ’(ἰιιὶἱιιι

369 3298 479 3339 non
511 3286 584 3339 ita
620 3282 830 3353 pridem
859 3283 1156 3340 Latinitate
1188 3282 1432 3353 donavit,
1474 3304 1583 3343 non
1622 3300 1731 3343 tam
1765 3282 1943 3359 turpin

2065 2530 2148 2575 ter
2199 2533 2254 2576 et
2306 2520 2573 2586 ﬂagitiose
2626 2530 2704 2575 tot
2756 2518 2890 2574 locis
2946 2519 3129 2586 lapsus
3191 2516 3441 2586 fuisset:
3499 2518 3661 2583 idque

2065 2538 2148 2575 ter
2199 2538 2254 2576 et
2306 2538 2369 2575 ua
2416 2538 2573 2576 tuose
2626 2538 2704 2575 ιοι
2756 2538 2890 2574 IOCIS
2946 2538 3129 2586 lapsus
3191 2538 3441 2569 Itttsset:
3499 2538 3655 2583 tuque

2062 2593 2248 2661 potius
2280 2538 2601 2655 stutiuisset,
2644 2602 2703 2644 ut
2736 2605 2801 2644 ex
2837 2590 3144 2661 emendatis
3190 2585 3410 2640 Latinis
3454 2588 3655 2661 depra—

2060 2657 2183 2714 vata
2220 2662 2431 2723 Greca,
2465 2676 2627 2730 quam
2656 2676 2722 2715 ex
2768 2660 3047 2728 corruptis
3097 2657 3306 2730 Graecis
3356 2658 3651 2730 eruenda}:

2057 2731 2252 2785 Latina
2301 2727 2630 2800 corrigeret.
2661 2730 2816 2797 Quod
2860 2727 3117 2799 quoniam
3168 2728 3355 2780 facere
3386 2727 3649 2795 neglexit,

2059 2816 2160 2871 ego
2184 2803 2369 2855 amico
2401 2802 2643 2864 cuidam,
2670 2811 2729 2853 ut
2757 2815 2817 2855 ea
2853 2802 3030 2853 denuo
3060 2808 3332 2853 verterem
3369 2814 3399 2847 a
3438 2814 3531 2849 me
3556 2811 3653 2863 po-

2059 2871 2311 2933 sudanti,
2349 2873 2490 2925 hanc
2512 2872 2954 2940 qualemcunque
2982 2882 3203 2940 operam
3229 2871 3517 2940 denegare
3549 2883 3649 2917 non

2058 2942 2232 3009 potui.
2270 2938 2599 2996 Brevissima
2639 2941 2805 2994 etiam
2835 2939 3043 2994 scholia
3084 2938 3285 3004 adjeci,
3329 2953 3398 2991 ex
3434 2939 3651 3004 quibus

2059 3012 2320 3080 proclive,
2354 3011 2406 3066 ni
2445 3011 2623 3077 fallor,
2653 3012 2760 3065 erit
2793 3010 3119 3077 intelligere,
3160 3022 3246 3080 me
3296 3022 3410 3080 non
3443 3017 3658 3080 temere

2060 3075 2225 3134 inulta
2260 3083 2423 3149 paulo
2460 3075 2621 3136 aliter
2668 3090 2834 3148 atque
2868 3075 3010 3148 apud
3040 3079 3407 3147 Epiphanium
3442 3075 3650 3130 haben-

2060 3159 2167 3222 tur,
2216 3152 2586 3222 interpretari.
2650 3150 2803 3219 Vale,
2852 3149 3172 3207 Christiane
3218 3149 3418 3211 lector,
3467 3156 3531 3201 et
3568 3150 3661 3201 his

2053 3221 2259 3278 fruere.

1225 3512 1846 3602 FRANCISCI
1928 3510 2766 3600 FEUARDENTII

761 3661 1193 3724 Commonitio
1225 3664 1298 3725 ad
1343 3662 1613 3727 lectores
1643 3663 1721 3726 de
1745 3682 1863 3727 sua
1891 3665 2185 3744 quinque
2223 3663 2535 3726 librorum
2572 3662 2645 3724 D.
2676 3660 2903 3724 lrenmi
2939 3659 3250 3723 editione.

438 3785 519 3840 En
570 3783 1096 3858 beatissitni__l?atris
1124 3793 1177 3840 et
1201 3787 1461 3857 martyris
1495 3787 1679 3842 lrenaei
1704 3787 1947 3858 quinque

364 3858 562 3918 libros,
601 3857 780 3909 denuo
811 3855 1056 3926 collatos,
1093 3855 1441 3919 emendatos,
1478 3868 1535 3912 et
1581 3855 1947 3926 locupletatus

365 3943 502 3981 nova
536 3926 797 3990 editione,
832 3924 886 3977 iu
927 3926 1201 3993 publicam
1248 3930 1617 3983 studiosorum
1652 3924 1946 3982 utilitatem

364 3996 691 4049 emittimus.
728 3995 877 4061 Quos
918 3997 1019 4049 etsi
1064 3997 1285 4064 quidam
1334 4000 1517 4052 adhuc
1567 3999 1944 4060 subdubitent.

363 4066 557 4138 Graece
605 4066 674 4119 ab
726 4075 949 4119 aut-tore
988 4066 1288 4134 eleganter,
1328 4069 1489 4138 idque
1526 4079 1651 4123 ante
1698 4069 1843 4122 mille
1892 4076 1947 4122 et

366 4136 797 4199 quadringentos
831 4150 1023 4199 annos,
1070 4136 1435 4205 conscriptos,
1466 4145 1521 4192 et
1553 4138 1604 4191 itt
1631 4154 1744 4193 rem
1781 4140 1946 4194 totius

366 4207 626 4260 Ecclesia:
653 4205 938 4259 catholica}
974 4205 1216 4273 vulgatos
1249 4207 1437 4270 fuisse,
1473 4224 1580 4261 non
1633 4210 1946 4263 dubitamus

365 4285 548 4330 tamen
581 4276 640 4348 id
660 4276 869 4329 cunctis
896 4290 1219 4344 persuasum
1255 4278 1345 4339 iri,
1376 4280 1465 4347 qui
1501 4288 1579 4332 tot
1609 4280 1764 4347 longa
1793 4293 1946 4348 egre-

404 4349 562 4414 iaque
618 4344 948 4415 fragmenta,
1010 4362 1130 4415 quae
1181 4365 1247 4401 ex
1290 4344 1617 4415 Epiphanio,
1673 4349 1695 4402 Ι

405 4362 562 4414 taque
618 4362 948 4415 Iragmenta.
1051 4363 1130 4401 nte
1181 4365 1247 4401 ex
1290 4362 1617 4418 Lptpuamo,
1673 4362 1947 4409 Luscino,

364 4362 737 4479 giteodoreto,
774 4427 827 4469 et
857 4415 981 4470 aliis
1010 4362 1203 4473 Ertece
1248 4424 1313 4471 ad
1363 4420 1585 4473 verbum
1618 4434 1683 4472 ex
1726 4429 1951 4473 auctore

366 4488 697 4553 transcripta
742 4496 797 4539 et
830 4488 1053 4554 scriptis
1087 4488 1198 4540 suis
1228 4491 1500 4556 quondam
1549 4489 1778 4552 inserta,
1818 4498 1874 4542 et
1920 4504 1950 4541 a

367 4559 527 4610 nobis
554 4557 878 4625 opportunis
905 4557 1041 4609 locis
1062 4558 1309 4621 recitata,
1336 4574 1403 4611 ac
1430 4558 1578 4613 velut
1618 4559 1953 4627 posdiun’nio

364 4628 541 4680 eidem
577 4628 849 4697 restituta,
880 4627 1107 4697 attentis
1139 4630 1334 4683 animis
1356 4630 1742 4697 expenderiut.
1773 4629 1950 4683 Acce-

366 4700 443 4749 dit
480 4696 857 4765 gravissimum
892 4695 953 4749 D.
991 4697 1306 4768 Hieronymi
1367 4695 1740 4754 teStituonium
1771 4702 1823 4761 ⁸,
1859 4699 1951 4768 qui

364 4768 574 4819 Gl':l‘CtS
603 4767 869 4819 libroruin
908 4769 1360 4835 inscriptionibus
1391 4773 1459 4823 ab
1492 4780 1716 4822 auctore
1747 4767 1906 4824 editis
1934 4808 1951 4831 .

370 4848 421 4909 et
476 4855 502 4887 :t
550 4838 931 4909 superioribus
960 4837 1216 4909 l'atribus
1254 4840 1518 4909 probatis,
1574 4840 1829 4909 Ἑλέγχοω
1858 4840 1953 4894 καὶ

361 4905 678 4977 ἀνατροπῆς
690 4907 791 4979 τῆς
807 4907 1163 4978 ψευδωνύμου
1177 4906 1429 4977 γνώσεως
1446 4909 1624 4979 βιϐλία
1647 4905 1829 4974 estea,
1852 4911 1953 4964 lle-

362 4977 727 5041 prehcitstonis
752 4977 827 5029 ιιι
874 4977 1157 5031 eversionis
1194 4981 1328 5046 [also
1370 4977 1663 5033 noininatw
1703 4982 1944 5034 scientia:

364 5046 488 5097 libri
535 5048 787 5115 quinque,
844 5047 1078 5118 aliisque
1133 5061 1415 5118 permotus
1472 5052 1774 5106 rationibus
1827 5066 1950 5105 eum

369 5119 508 5167 inter
542 5118 838 5184 scriptores
867 5117 1088 5171 Gl‘:l'COS
1121 5117 1465 5180 annunteral,
1505 5131 1558 5175 et
1595 5121 1784 5176 διξερε
1807 5122 1949 5175 scri-

364 5187 535 5254 psisse
561 5203 665 5239 non
698 5190 881 5260 anthig
910 5200 945 5242 t.
979 5189 1257 5260 Accedunt
1289 5192 1502 5258 phrasis
1536 5192 1694 5260 plane
1735 5191 1950 5257 Grreca,

367 5261 397 5308 ii
425 5259 975 5329 uttnierte_tlictiunes,
1006 5259 1299 5328 [ortumque
1330 5259 1580 5329 loquendi
1612 5262 1823 5316 Latinis
1846 5279 1950 5315 non

365 5330 616 5390 usitatae;
654 5326 829 5401 Cratci
884 5340 1137 5383 auctores
1189 5326 1296 5383 tam
1328 5326 1496 5384 divini
1530 5350 1692 5401 quam
1729 5333 1949 5386 humani

366 5412 605 5469 giersa-pe
630 5399 697 5469 ad
724 5399 946 5451 verbum
978 5401 1152 5462 citati,
1186 5417 1460 5469 nunquam
1487 5399 1616 5458 vero
1649 5404 1856 5466 Latini;
1893 5414 1953 5456 ut

366 5466 531 5521 etiam
564 5484 592 5519 ιι
627 5466 833 5521 Graecis
880 5469 1193 5536 frequenter
1225 5466 1445 5535 citetur,
1488 5490 1611 5527 raro
1651 5491 1678 5526 a
1714 5474 1947 5527 Latinis.

366 5540 666 5593 'l'estantur
701 5538 1209 5611 denique_nonnulli
1242 5543 1312 5611 pii
1341 5552 1396 5595 et
1428 5544 1571 5597 docti
1603 5545 1701 5596 viri
1727 5562 1785 5599 se
1804 5545 1949 5598 Grie-

361 5627 483 5664 Ultll
515 5610 795 5677 exemplar
837 5612 888 5661 in
921 5607 1213 5665 Venetiana
1242 5607 1586 5668 bibliotheca
1624 5614 1679 5684 9
1706 5615 1943 5685 legisse;

429 5748 446 5776 '
500 5746 711 5802 Comm.
751 5746 799 5801 in
859 5764 977 5818 cap.
1032 5762 1194 5802 xxxvi
1266 5748 1456 5804 ιπερὶ.

1051 4363 1130 4401 nte
1181 4365 1247 4401 ex
1290 4348 1617 4418 Epiphanio,
1673 4349 1947 4409 Eusebio,
1982 4351 2026 4404 D
2057 4362 2177 4401 esse
2220 4365 2233 4401 :

2058 3786 2151 3840 alii
2183 3800 2401 3855 quoque
2441 3784 2493 3837 in
2518 3782 2780 3839 Vaticana
2809 3781 2986 3855 visum
3016 3780 3232 3835 ferunt:
3284 3795 3415 3849 qua:
3466 3788 3646 3835 tamen

2056 3857 2128 3912 ibi
2155 3852 2339 3923 postea
2372 3854 2574 3907 frustra
2610 3855 2837 3923 quaesita
2869 3852 2999 3921 sint,

2130 3922 2204 3980 De
2238 3929 2415 3992 primo
2444 3922 2647 3978 horurii‘
2672 3924 2932 3979 librorum
2960 3923 3256 3989 interprete
3286 3922 3535 3975 nondum
3560 3935 3645 3992 sa.

2060 3998 2127 4052 tis
2172 3990 2305 4049 mihi
2343 4005 2570 4063 apparet
2600 3995 2729 4062 quid
2763 4008 2859 4063 pro
2890 4002 3042 4063 certo
3072 4002 3340 4063 statuam.
3370 4007 3501 4044 euut
3529 3990 3644 4044 nul-

2058 4068 2141 4120 lus
2174 4069 2239 4117 ad
2279 4068 2380 4120 hoc
2420 4062 2597 4133 usque
2626 4062 2837 4133 tempus
2865 4062 3049 4126 illum,
3078 4062 3227 4129 quod
3259 4062 3467 4125 sciant,
3501 4063 3641 4114 indi-

2059 4137 2288 4191 caverit.
2319 4137 2373 4189 Si
2398 4135 2464 4189 de
2490 4150 2548 4188 re
2580 4144 2686 4187 tant
2711 4136 2945 4202 ancipite
2970 4145 3025 4185 et
3044 4133 3281 4187 obscura
3317 4133 3639 4202 sententiain

2057 4207 2201 4261 ferre
2230 4206 2485 4272 licuerit,
2537 4206 2671 4258 citra
2711 4200 3029 4271 cujusquam
3076 4203 3245 4255 animi
3282 4200 3638 4256 oﬂ'ettsiOnetn

2059 4276 2251 4331 lubens
2280 4274 2563 4338 aﬂirtnem,
2605 4284 2887 4327 auctorem
2922 4282 2977 4326 et
3004 4273 3362 4339 interpretem
3392 4272 3639 4324 eumdem

2288 4346 2381 4414 qui
2430 4347 2573 4414 quod
2617 4343 2813 4414 Graece
2868 4344 3248 4411 pereleganter
3301 4350 3388 4414 et!
3402 4343 3641 4414 scienter

2062 4419 2239 4486 primo
2274 4412 2583 4485 scripserit,
2615 4413 2808 4486 Latine
2842 4424 3188 4486 postea,non
3226 4413 3345 4480 pari
3379 4412 3512 4465 licet
3534 4425 3641 4464 ser-

2059 4483 2238 4542 inuitis
2276 4483 2535 4540 felicitate
2566 4497 2613 4539 et
2657 4484 2863 4551 lepore,
2900 4483 3134 4543 Latinis,
3169 4484 3313 4535 inter
3350 4496 3496 4550 quos
3524 4494 3640 4535 ver-

2062 4559 2309 4622 sabatur,
2346 4554 2736 4624 impertiverit.
2769 4553 2989 4618 Quidni,
3025 4569 3149 4608 cum
3179 4561 3235 4606 et
3266 4551 3637 4606 Tertullianus

2054 4628 2229 4681 eidem
2262 4627 2375 4681 fere
2401 4622 2625 4695 aéqualis
2661 4622 2852 4678 Crmeo
2893 4624 3197 4693 Latinoque
3238 4630 3639 4695 sermonestyf

2059 4698 2167 4751 ltnn
2205 4692 2552 4752 exercuerit?
2576 4695 2906 4753 Athanasius
2941 4692 3175 4764 quoque,
3202 4707 3269 4746 ac
3300 4693 3528 4760 plurimi
3554 4692 3633 4743 alii

2059 4770 2341 4836 religionis
2398 4777 2595 4824 nostra:
2664 4780 2957 4835 proceres,
3012 4764 3479 4836 utraqtte___lingua
3536 4776 3633 4814 non

2058 4833 2227 4907 pauca
2265 4838 2575 4892 ediderint-1’
2616 4833 2705 4890 Sic
2743 4836 2886 4907 enim
2917 4845 2972 4907 et
3013 4833 3513 4907 borum_librorum
3548 4846 3635 4883 au-

2058 4904 2285 4963 ctoritas
2316 4908 2462 4961 nulla
2492 4921 2645 4977 parte
2675 4906 2987 4967 vacillabit;
3028 4904 3250 4977 sederit
3288 4918 3512 4977 semper
3540 4916 3635 4977 att-

2058 4982 2268 5049 gustior
2301 4990 2355 5031 et
2400 4972 2608 5049 lirtnior
2645 4994 2659 5032 :
2698 4988 2752 5030 et
2788 4977 2935 5049 quo_d
2959 4976 3024 5029 de
3057 4976 3240 5049 seipso
3274 4975 3371 5049 ait,
3404 4975 3551 5043 quod
3582 4972 3630 5023 in

2059 5044 2286 5103 barbara
2336 5050 2515 5118 lingua
2546 5048 2695 5119 (nam
2732 5047 2845 5101 sola
2877 5044 3064 5102 Crteea
3094 5047 3143 5119 ei
3189 5047 3378 5119 nativa
3423 5056 3481 5099 ct
3515 5058 3631 5113 pro-

2061 5121 2176 5192 pria
2205 5120 2343 5192 erat)
2387 5117 2530 5174 inter
2556 5117 2752 5174 Celtas
2790 5120 3030 5192 degens,
3076 5117 3370 5186 plurimam
3414 5127 3628 5192 operam

2058 5186 2375 5254 collocaret,
2402 5191 2643 5259 apertius
2680 5186 2896 5243 evadet.
2931 5187 3040 5241 Nec
3067 5204 3255 5255 parum
3301 5186 3628 5259 sententiam

2059 5260 2219 5331 istam
2249 5258 2596 5323 conlirntant,
2622 5261 2730 5314 duo
2760 5259 2916 5331 citati
2949 5274 3044 5327 per
3070 5262 3129 5310 υ.
3161 5258 3629 5331 Attgttstitiutttex

2058 5330 2161 5385 hoc
2187 5343 2407 5386 auctore
2434 5333 2557 5392 loci.
2592 5334 2781 5384 eadem
2811 5329 2944 5396 fere,
2970 5345 3089 5398 qua-
3121 5332 3388 5382 ltaeteuus
3413 5328 3627 5397 prodiit.

2059 5404 2427 5456 vetustissima
2449 5414 2597 5456 certe
2623 5400 2999 5454 translatione.
3018 5409 3114 5453 Aut
3145 5398 3396 5468 profecto
3413 5400 3631 5468 presbyf

2059 5481 2233 5543 terum
2282 5476 2571 5543 quemdam
2613 5475 2677 5525 ad
2710 5486 2927 5524 manuni
2976 5466 3208 5524 tremens
3257 5471 3491 5543 Itttbml,
3543 5466 3626 5535 qui

2056 5542 2173 5609 ejus
2194 5541 2347 5612 jussu
2384 5546 2449 5598 de
2487 5545 2651 5597 verbo
2681 5547 2747 5596 ad
2781 5545 3002 5597 verbum
3033 5558 3242 5604 coram,
3273 5541 3483 5597 Latina:
3511 5552 3627 5596 ora-

2060 5617 2221 5669 tionis
2245 5615 2533 5684 splendut'e
2568 5616 2913 5686 artiiieioque
2945 5615 3211 5684 neglecto,
3250 5615 3621 5670 transtulerit:
