3878 6348
152 374 297 428 1545

1440 367 1508 426 IN
1540 368 1797 424 ΙΒΕΝᾸΞΙ
1837 368 2104 425 LIBROS.

3288 383 3425 440 15ιὸ

147 495 245 567 qui
277 502 469 567 pnsum
500 490 842 567 personatam
872 488 987 558 ejus
1015 490 1365 567 divinumque
1396 490 1737 567 maiestatem
1771 496 1817 553 Α
1848 505 1877 545 a
1915 490 2096 562 Moyse
2128 489 2465 560 patefactum
2504 500 2598 546 aut
2622 493 2852 567 relatum
2879 496 3076 553 fueral.
3105 500 3258 567 Quod
3290 506 3429 561 adeo

149 561 209 619 in
236 561 603 633 qnzcstionem
638 562 1002 633 adduxerunt.
1035 562 1260 626 Verum,
1294 576 1393 615 nec
1427 561 1586 615 facile
1612 578 1742 614 cott—

149 631 429 714 _ces§erim_
471 634 573 714 eis
607 634 764 714 quod.
810 631 1177 713 criminantur
1221 649 1236 684 :
1280 632 1737 714 quandoquidem

150 706 277 773 ipso
303 704 489 773 statim
518 701 641 757 libri
684 701 844 773 primi
873 701 1051 773 capite
1087 702 1327 773 secundo
1352 703 1600 773 scribens
1630 701 1739 755 Ire-

156 770 335 837 nmus,
364 772 669 830 Ecclesiam
702 771 1037 826 catholicam
1072 770 1141 825 ab
1169 771 1431 840 apostolis
1463 774 1741 840 accepisse

152 860 282 899 eam
316 844 503 905 ﬁdem,
532 858 654 909 qum
682 840 844 895 estin
880 855 1048 894 unmn
1079 840 1244 894 Deum
1268 881 1284 903 ,
1324 839 1539 894 Patrem
1576 839 1741 895 uimi-

152 930 279 967 rum
309 912 777 980 omnipotentem;
814 919 871 965 et
921 912 972 964 in
1024 926 1190 963 unum
1236 909 1419 964 Jesnm
1466 909 1739 966 Christum

151 983 358 1038 Filium
393 981 547 1050 ejus;
584 990 636 1035 et
668 980 724 1035 in
758 980 1027 1050 Spiritum
1070 981 1481 1050 sanctum,_qni
1529 980 1742 1037 locutus

149 1062 242 1108 est
277 1069 377 1121 per
403 1047 701 1121 prophetas
737 1072 748 1104 :
786 1047 881 1103 Dei
918 1050 1138 1121 nomine
1170 1062 1324 1117 mque
1348 1047 1643 1121 Spiritum,
1676 1068 1740 1107 ac

150 1119 382 1177 Patrem
405 1119 462 1177 et
499 1119 693 1175 Filium
725 1119 1166 1190 comprehendit,
1187 1119 1480 1190 appellat,
1518 1122 1741 1190 proﬁte-

149 1203 267 1247 tur.
299 1193 526 1253 Deinde,
564 1198 762 1243 cuncta
796 1189 887 1242 Dei
920 1203 1081 1256 opera
1108 1189 1291 1243 eidem
1320 1230 1335 1254 ,
1371 1199 1427 1242 ut
1463 1189 1738 1257 diximus,

154 1264 436 1327 tribuens,
474 1260 797 1328 cumprimis
824 1270 1007 1313 autem
1041 1258 1440 1315 incarnationis
1468 1261 1625 1315 Verbi
1657 1264 1741 1315 di-

150 1334 503 1387 vinissimum
534 1329 851 1400 mysterium
880 1328 1052 1400 :_satis
1080 1328 1315 1382 dilucide
1346 1340 1399 1384 et
1422 1340 1743 1387 constanter

152 1402 313 1456 illum
347 1403 513 1455 Deum
540 1398 661 1454 esse
690 1398 942 1468 agnoscit
970 1406 1021 1450 et
1057 1400 1338 1466 prmdicat.

226 1472 363 1527 lmle
392 1470 643 1526 criminis
679 1470 797 1524 loco
824 1477 1034 1537 ponunt
1063 1469 1308 1524 Irenzco:
1346 1468 1430 1525 Ita
1469 1472 1690 1525 obscure
1717 1512 1735 1537 ,

146 1553 197 1596 et
241 1542 489 1609 perplexe
529 1556 633 1593 non
670 1555 793 1609 raro
838 1537 1089 1593 vocabulo
1137 1537 1325 1604 Verbi,
1372 1557 1462 1594 seu
1504 1542 1598 1594 τοῦ
1633 1542 1739 1595 Λό-

146 1608 279 1681 γού,
316 1613 504 1675 utitur,
533 1619 587 1663 ut
627 1608 872 1681 videatur
895 1610 1302 1681 noutperspicue
1338 1610 1479 1681 inter
1518 1610 1739 1665 Verbum

147 1677 527 1744 substantiale,
556 1689 604 1731 et
635 1678 845 1734 verbum
879 1677 1055 1731 vocale
1075 1694 1163 1750 seu
1188 1679 1293 1750 oris
1317 1680 1644 1750 distinguere
1671 1683 1737 1737 '°.

152 1752 327 1807 Vobis
358 1751 599 1805 videtur.
646 1763 781 1817 quos
819 1749 1112 1802 excawavit
1148 1748 1359 1802 malitia
1384 1789 1398 1811 ,
1429 1748 1740 1806 et'malediv

1845 575 2033 635 verum
2059 570 2502 635 et‘certuutteSI,
2535 573 2592 635 ut
2622 575 2678 620 et
2710 565 2809 635 ipsi
2857 565 3240 627 haeresiarchas
3260 576 3421 630 Com.

1846 631 1899 703 in
1931 630 2210 703 Genesim,
2237 641 2291 687 et
2315 632 2402 687 alii
2432 634 2632 702 passim
2658 634 2709 689 in
2730 630 2850 693 suis
2882 638 3017 695 locis
3044 646 3429 703 communibus

1846 700 1985 753 ultro
2017 698 2316 756 fateantur.

1917 768 2229 847 Subjici‘unt
2262 771 2456 827 illico:
2495 772 2625 847 Tale
2648 776 2906 847 quiddam
2952 786 3031 831 est
3056 823 3070 847 ,
3114 784 3254 847 quod
3292 785 3426 840 idem

1846 838 2085 918 {renatus
2118 840 2211 893 lib.
2245 856 2299 906 v,
2326 859 2390 918 αξ
2410 838 2712 918 traditione
2741 844 2947 900 Justini
2975 838 3138 918 (quod
3170 863 3217 905 et
3251 838 3425 907 Ense;

1846 909 1972 984 liius.
2006 910 2099 984 lib.
2152 924 2231 984 tv,
2274 927 2321 964 c.
2373 913 2457 977 18,
2504 914 2724 984 indicat)
2769 918 2945 983 sentit,
2982 909 3257 973 diabolum
3305 934 3429 979 ante

1845 976 2041 1058 ς’ίήτὶπὶ
2096 981 2398 1058 adventum,
2462 1000 2567 1058 non
2596 976 2764 1058 fuisse
2817 976 3008 1040 ausum
3063 976 3428 1058 blasphemare

1847 1047 2036 1111 Deum,
2060 1050 2185 1118 quia
2217 1053 2448 1105 nonduut
2494 1047 2697 1108 sciverit
2731 1057 3125 1111 damnationem
3150 1047 3322 1115 suam.
3369 1063 3424 1116 Id

1848 1132 1952 1170 non
1987 1121 2149 1190 modo
2169 1117 2415 1175 Justinus
2440 1136 2503 1176 ac
2547 1122 2800 1190 Iremcns,
2824 1125 3108 1181 fortissimi
3141 1129 3250 1183 duo
3281 1146 3424 1185 mar-

1850 1197 2022 1267 tyres,
2049 1189 2222 1267 sedet
2253 1190 2906 1267 Clentettspettorigeues
2926 1237 2940 1258 ,
2964 1206 3036 1267 et
3063 1198 3423 1267 Epiphanius,

1847 1258 2125 1326 multoque
2145 1260 2328 1336 plures
2352 1261 2711 1336 illustrissimi
2742 1258 2816 1319 ἐι
2856 1258 3232 1336 antiquissimi
3284 1258 3425 1324 seri;

1848 1337 2032 1402 ptores
2062 1328 2427 1402 ecclesiastici
2461 1342 2753 1386 senserunt
2794 1346 2849 1389 et
2894 1328 3229 1402 docuerunt,
3274 1350 3334 1392 ut
3371 1342 3423 1394 in

1853 1396 1950 1451 lib.
1989 1412 2043 1463 ν,
2072 1397 2223 1473 c._26
2247 1402 2781 1473 ,_cons_ignavimus:
2821 1420 3051 1473 quorum
3093 1396 3422 1463 sententiam

1845 1481 1970 1544 eum
1996 1469 2247 1544 nondum
2271 1470 2435 1544 (quod
2462 1469 2613 1526 nunc
2660 1469 3027 1544 meminerim)
3077 1479 3423 1533 damnaverit

1846 1535 2089 1590 Ecclesia
2143 1535 2412 1594 catholica
2442 1577 2459 1603 ,
2529 1556 2629 1595 nec
2672 1558 2773 1597 nos
2829 1535 3089 1600 damnare
3138 1548 3419 1603 debemus.

1843 1603 2011 1681 Multa
2040 1606 2185 1661 enim
2209 1606 2424 1681 judicia
2448 1610 2628 1681 divina
2674 1612 2947 1668 daemones
2979 1614 3280 1681 latuerunt,
3326 1619 3422 1674 de-

1855 1674 2168 1744 stinataque
2196 1678 2384 1758 sibiOin
2414 1679 2714 1735 inferorum
2742 1682 2874 1758 locis
2906 1694 3107 1738 acterna
3150 1674 3416 1758 supplicia

1845 1760 2007 1821 supra
2033 1760 2193 1821 quam
2227 1748 2328 1802 diei
2359 1758 2537 1821 potest
2566 1765 2785 1821 semper
2819 1753 3162 1808 horruerunt
3184 1748 3293 1819 ,ἰὶι
3330 1758 3421 1811 iu-

150 1822 320 1877 rendi
365 1822 544 1873 rabies
577 1814 685 1888 egit
707 1818 771 1888 _in
818 1832 1085 1886 praeceps.
1131 1817 1290 1872 Puris
1321 1829 1504 1874 autem
1544 1824 1741 1876 animis
1772 1831 1814 1885 Β
1845 1814 2029 1868 dicant
2056 1815 2142 1869 iSIi
2169 1814 2655 1888 corum—clamores
2690 1814 2706 1874 Ξ
2736 1822 2879 1887 Quid
2919 1824 3111 1877 venisti
3143 1814 3269 1879 ante
3292 1837 3422 1880 tem-

150 1900 349 1947 contra
379 1933 393 1954 ,
432 1886 649 1959 videtur
692 1886 982 1959 Gnosticos
1029 1888 1352 1959 nominatim
1398 1905 1738 1959 coarguere,

149 1960 301 2030 quod
342 1958 439 2011 τοῦ
475 1959 674 2027 λόγου,
723 1958 774 2010 id
818 1967 933 2030 est,
968 1957 1309 2013 humanioris
1357 1957 1633 2030 sermonis
1675 1978 1739 2017 ac

147 2027 313 2085 verbi
345 2030 616 2085 internum
646 2027 1083 2094 conceptionem,
1115 2041 1280 2095 quam
1325 2028 1738 2086 sull'oeationcm

150 2100 422 2171 appellat,
452 2097 945 2171 success_iva_mque_
970 2096 1330 2171 prolationem
1356 2137 1371 2161 ,
1406 2112 1741 2171 evanescen-

152 2166 315 2235 ti'am,
340 2171 602 2241 aliasque
634 2166 897 2241 plurimas
934 2166 1404 2241 imperfectiones,
1441 2168 1527 2241 τῷ
1550 2170 1737 2241 Λόγῳ,

152 2242 209 2293 id
270 2250 360 2294 est
414 2240 506 2294 Dei
550 2236 725 2293 Verbo
770 2236 1067 2293 tribuerent
1098 2254 1111 2291 :
1138 2237 1279 2305 quod
1319 2252 1441 2295 cum
1489 2236 1563 2293 sit
1599 2236 1740 2296 Deus

150 2310 415 2379 simplex,
452 2304 868 2376 incompositus,
903 2315 959 2361 et
982 2304 1227 2379 omnium
1260 2308 1625 2379 accidentium
1648 2326 1742 2366 ex-

150 2375 308 2449 pers,
343 2384 601 2450 totusest
625 2375 813 2450 tinens,
850 2385 993 2450 totus
1015 2375 1233 2445 Logos,
1278 2378 1383 2450 boc
1416 2377 1555 2450 idem
1585 2382 1737 2450 cogi-

152 2446 283 2504 tans
314 2449 460 2518 quod
489 2446 758 2518 loquitur,
786 2455 839 2500 et
874 2446 1102 2515 loquens
1143 2448 1288 2518 quod
1326 2448 1551 2518 cogitat.
1591 2446 1738 2505 Con-

151 2514 583 2573 cludit'autem':
627 2514 734 2587 Vos
763 2514 1613 2587 generationem(Verbi'divini)
1657 2522 1740 2574 di-

155 2591 426 2651 vinantes,
461 2596 511 2642 et
552 2586 691 2658 verbi
715 2585 997 2658 hominum
1018 2602 1111 2651 per
1140 2585 1598 2658 linguamfactam
1620 2606 1741 2658 pro-

154 2660 412 2713 lationem
448 2656 823 2729 transferentes
851 2655 908 2708 in
958 2652 1333 2729 Verbumjjei,
1366 2652 1511 2725 juste
1538 2652 1740 2729 detegi-

154 2730 286 2783 mini
326 2729 468 2797 quod
495 2741 659 2794 neque
680 2725 937 2797 humana,
978 2740 1142 2797 neque
1168 2725 1740 2797 divinatioveritisfl‘lt

155 2798 319 2867 paulo
338 2792 488 2866 post,
521 2792 934 2867 quaerentibus:
972 2792 1248 2867 Quomodo
1285 2793 1471 2867 Filius
1494 2798 1738 2865 prolatus

154 2864 232 2921 est
266 2884 299 2921 a
342 2864 553 2923 Patre?
583 2865 859 2935 sapienter
898 2865 1236 2932 respondet:
1276 2866 1373 2935 ιι
1429 2864 1739 2923 Generatio-

156 2952 273 2990 nem
301 2938 417 3003 eius
441 2932 848 3003 inenarrabilem
886 2935 1223 2988 exsistentem
1262 2932 1411 2989 :i'eiiw
1440 2940 1605 3001 novit,
1634 2954 1739 2992 non

167 3001 507 3071 Valentinus,
540 3019 643 3057 non
668 3001 914 3057 Marcion
936 3043 952 3068 ,
993 3018 1096 3073 non
1133 3005 1343 3073 angeli,
1374 3022 1477 3059 non
1514 3009 1741 3062 archan-

147 3077 278 3143 geli,
318 3076 423 3129 nisi
461 3073 605 3129 solus
633 3074 722 3139 qui
751 3073 1014 3140 generavit
1052 3072 1240 3143 Pater,
1270 3084 1318 3128 et
1353 3077 1442 3143 qui
1475 3086 1630 3130 natus
1660 3089 1737 3131 est

1847 1900 1945 1958 pus
1983 1897 2337 1958 torquerenos
2358 1888 2382 1940 .9
2403 1884 2464 1939 Si
2485 1884 2627 1952 ejicis
2654 1884 2771 1952 nos,
2794 1891 2936 1944 mitte
2958 1908 3049 1945 nos
3070 1892 3120 1945 in
3142 1906 3324 1958 porcos
3353 1895 3413 1948 “‘.

1848 1954 2326 2031 llogabantniltum
2372 1973 2434 2010 ne
2476 1958 2901 2031 irnperaretrillis
2957 1972 3010 2013 ut
3064 1954 3425 2031 in'abyssum

1845 2024 1985 2095 irent
2007 2023 2070 2075 ιθ.
2120 2024 2186 2077 Et
2218 2024 2413 2095 l’etrus
2443 2023 2632 2095 aperte
2683 2030 2817 2083 dicit
2848 2033 3113 2084 da'mones
3161 2023 3422 2087 rescrt'ari

1843 2094 2181 2171 cruciandos.
2202 2094 2345 2171 _Quis
2379 2094 2488 2171 tam
2512 2098 2699 2171 abdita
2738 2098 2940 2171 judicia
2969 2099 3211 2171 perfecte
3244 2117 3420 2171 pene-

1845 2162 2050 2237 travit?
2079 2163 2348 2237 Denique,
2382 2166 2617 2237 plurima
2655 2162 2796 2221 inter
2831 2162 2981 2223 viros
3015 2170 3209 2223 doctos
3239 2162 3423 2226 adhuc

1845 2232 2051 2301 inquiri
2076 2272 2090 2293 ,
2133 2238 2188 2286 et
2212 2232 2672 2307 _varie'disputari
2707 2248 2936 2304 possunt
2973 2239 3039 2293 de
3084 2242 3423 2296 cacodtcmo-

1847 2316 1989 2379 undi
2016 2303 2279 2372 peccatis,
2312 2303 3114 2379 lapsut'seientia,ignorantia
3140 2348 3155 2374 ,
3203 2319 3257 2363 et
3288 2326 3422 2379 sup-

1842 2371 2023 2445 pliciis
2056 2393 2068 2427 :
2113 2388 2237 2442 qua:
2268 2371 2392 2445 cum
2428 2373 2497 2428 ad
2532 2376 2654 2429 lldei
2687 2371 2978 2433 catholica:
3024 2371 3150 2445 jam
3196 2371 3419 2433 deﬁnita

1843 2442 2020 2519 capita
2044 2456 2150 2519 non
2180 2442 2511 2511 pertineant,
2545 2445 2796 2519 damnari
2831 2456 2936 2502 n'on
2964 2442 3170 2503 debent
3193 2450 3285 2519 qui
3317 2450 3420 2503 ali-

1846 2518 1928 2564 ter
1952 2517 2007 2563 et
2029 2510 2189 2565 aliter
2221 2523 2384 2567 antea
2407 2515 2705 2570 senserint.

1914 2580 2313 2655 Accusationes
2364 2582 2445 2655 sic
2504 2596 2903 2655 persequuntur
2953 2603 2967 2639 :
3025 2584 3265 2643 Irena'us
3319 2604 3423 2641 non

1844 2650 2157 2723 sineerrore
2194 2652 2352 2723 dixit,
2380 2652 2471 2706 lib.
2500 2650 2574 2717 iv,
2612 2650 2731 2723 cap.
2764 2654 2857 2719 75,
2888 2656 3148 2711 hominem
3176 2674 3278 2711 non
3312 2673 3423 2709 esse

1843 2720 2114 2793 conditum
2139 2736 2170 2774 ιι
2199 2720 2318 2793 Deo
2357 2720 2769 2793 perfectumaEt
2812 2734 2996 2792 postea
3032 2745 3045 2780 :
3094 2726 3169 2780 De
3209 2725 3421 2779 homme

1844 2789 2288 2863 videtur_sentire,
2314 2789 2465 2861 quasi
2494 2809 2595 2847 non
2620 2795 2688 2846 sit
2732 2789 3000 2863 perfectus
3036 2814 3067 2848 a
3095 2796 3201 2848 Deo
3231 2797 3422 2848 condi—

1844 2859 2010 2914 tus".
2048 2857 2449 2934 Ferfectionem
2491 2857 3140 2934 omnem'essentialem,
3184 2879 3309 2934 qum
3364 2865 3419 2917 in

1843 2930 2097 2996 corporis
2124 2940 2179 2983 ct
2205 2932 2403 2985 anima:
2435 2932 2716 2986 rationalis
2746 2934 2991 2987 unitione
3020 2930 3295 2998 consistit,
3322 2936 3422 2989 lio»

1844 2998 2050 3053 minem
2084 3013 2114 3051 a
2168 3000 2280 3055 Deo
2319 3001 2475 3056 initio
2508 3003 2764 3057 habuisse
2816 3004 3051 3059 lreumus
3102 3013 3422 3059 constanter

1844 3068 2109 3142 praedicat
2140 3088 2155 3123 :
2193 3071 2619 3142 accidentariam
2655 3088 2782 3127 vero
2822 3083 2931 3126 tam
2979 3088 3105 3128 vere
3133 3085 3419 3142 pernegat,

151 3139 333 3200 Filius
382 3145 447 3197 ιι.
492 3145 685 3218 Αηῃολη
724 3139 809 3197 bis
842 3143 979 3197 satis
1019 3139 1300 3218 explicate
1328 3139 1736 3218 distributoque
1766 3157 1811 3218 ο
1845 3146 1904 3190 ut
1932 3140 2156 3218 impium
2188 3141 2262 3218 sit
2290 3140 2452 3218 aliter
2468 3142 2673 3218 sentire
2709 3143 2791 3197 vel
2823 3139 3243 3218 dicere._Probat
3274 3139 3421 3199 enim

151 3216 426 3278 Verbum,
460 3212 607 3280 quod
636 3211 776 3265 Deus
803 3220 907 3273 est.
944 3220 1000 3265 et
1029 3214 1391 3269 substantiale
1416 3229 1512 3282 per
1532 3229 1593 3269 se
1615 3211 1741 3273 sub-

147 3285 336 3357 sistit,
372 3300 401 3336 a
439 3282 606 3336 verbo
642 3282 759 3334 oris
801 3282 1023 3357 humani
1061 3285 1407 3357 prodeunte,
1441 3285 1741 3357 statimque

149 3355 205 3409 in
242 3367 411 3409 auras
446 3361 815 3422 evanescente
845 3351 1165 3422 distinguit?
1188 3354 1435 3417 Accedit,
1464 3357 1609 3422 quod
1629 3351 1737 3413 non

147 3439 280 3478 raro
326 3420 623 3493 proﬁtetur
667 3418 905 3475 \‘erbum
934 3418 1090 3493 quod
1131 3422 1276 3476 Deus
1318 3430 1439 3490 est,
1467 3418 1576 3478 non
1617 3440 1742 3483 esse

144 3490 401 3548 creatum
444 3490 526 3546 vel
564 3490 807 3551 factum;
850 3491 945 3542 sed
985 3504 1202 3561 semper
1243 3493 1352 3546 Deo
1385 3494 1530 3548 Patri
1569 3510 1739 3552 coex-

147 3563 389 3624 stitisse,
420 3575 484 3615 ac
514 3575 642 3631 cum
664 3574 733 3615 eo
760 3568 955 3631 cuncta
983 3561 1296 3618 condidisse
1323 3579 1338 3617 :
1364 3563 1563 3631 quibus
1599 3565 1739 3622 Ver-

146 3634 280 3686 bum
313 3629 704 3693 substantiale,
730 3629 992 3699 divinum,
1040 3644 1103 3684 ac
1133 3629 1496 3699 permanens,
1538 3636 1673 3692 satis
1707 3654 1738 3693 a

144 3702 297 3756 ﬂuxo
328 3702 647 3769 caducoque
677 3698 846 3753 verbo
874 3709 1062 3753 nostro
1089 3698 1326 3755 secernit
1354 3703 1418 3758 ".

214 3770 341 3825 1am
374 3768 753 3843 adparentem
782 3768 1037 3843 suum,id
1085 3779 1168 3823 cst
1195 3771 1446 3843 spiritum
1486 3771 1741 3843 blasphe-

144 3844 273 3896 mia:
294 3840 643 3901 accedentes,
677 3838 868 3891 aiunt:
895 3838 1130 3894 Irenteus
1162 3841 1316 3894 sentit
1338 3838 1738 3901 diabolum'tum

144 3915 365 3964 demum
394 3910 612 3975 coepisse
639 3907 770 3972 labi,
798 3923 917 3961 cum
938 3910 1200 3961 hominem
1225 3911 1463 3964 seduxit.
1490 3910 1583 3966 Sic
1600 3916 1737 3967 enim

141 3981 347 4050 sentire
371 3980 579 4050 ridetur
613 3978 704 4050 lib.
741 3990 815 4040 tv,
848 3992 899 4030 c.
932 3976 1083 4030 78".
1116 3978 1226 4032 lmo
1248 3993 1389 4050 _vero
1422 3996 1487 4035 ex
1537 3983 1737 4050 ipsius-

145 4059 261 4104 met
290 4047 482 4104 Irentci
522 4046 706 4102 verbis
736 4055 901 4115 patet,
933 4060 1028 4100 vos
1088 4062 1211 4102 vere
1240 4046 1623 4114 6ta6dloogfid
1654 4062 1739 4108 est

142 4119 584 4173 calumniatores
614 4132 922 4185 pravusque
955 4116 1223 4171 delatores
1260 4135 1400 4175 esse.
1436 4121 1554 4174 Non
1587 4123 1735 4177 enim

142 4192 246 4249 ait,
280 4199 392 4242 tam
432 4188 644 4239 demum
665 4186 886 4257 cwpisse
918 4186 1047 4252 labi,
1075 4203 1192 4241 cum
1209 4189 1473 4244 hominem
1501 4193 1735 4257 seduxit,

142 4271 203 4311 nt
245 4274 342 4311 vos
380 4257 517 4311 falso
546 4256 864 4326 conlingitis
894 4260 1032 4310 :.scd
1080 4273 1146 4310 ea:
1188 4266 1313 4312 tunc
1353 4269 1652 4327 apostatam
1687 4256 1735 4315 et

140 4328 423 4381 inimicum
445 4327 686 4399 factum,
715 4342 779 4382 ex
804 4345 906 4399 quo
935 4326 1121 4399 zelavit
1142 4330 1352 4397 plasma
1384 4326 1502 4385 Dei.
1527 4329 1737 4386 Zelavit

142 4414 317 4467 porro
354 4408 409 4450 et
442 4396 637 4451 invidit
668 4396 910 4454 hominis
936 4412 966 4449 a
1008 4396 1117 4452 Deo
1142 4396 1398 4465 plasmati
1426 4412 1481 4455 et
1524 4402 1732 4456 conditi

138 4467 398 4522 felicitati
447 4469 761 4535 priusquam
804 4484 927 4524 eum
958 4473 1390 4537 aggrederetur,
1432 4482 1487 4525 et
1533 4472 1587 4526 in
1624 4474 1732 4525 rui-

139 4553 269 4591 nam
310 4552 435 4591 cum
472 4539 819 4609 suasionibus
846 4538 958 4593 suis
984 4538 1371 4605 praecipitaret.
1397 4538 1589 4609 Igitur,
1620 4541 1724 4596 Ire-

139 4609 247 4662 naei
272 4607 568 4673 sententia,
593 4610 841 4681 diabolus
865 4625 894 4662 a
920 4609 1032 4663 Deo
1055 4608 1353 4675 defecerat,
1381 4607 1442 4664 et
1468 4627 1725 4681 nequam,

139 4683 547 4746 damnatusque
578 4680 805 4747 spiritus
846 4687 996 4741 erat,
1030 4687 1323 4746 antequam
1360 4682 1415 4734 in
1447 4680 1723 4737 hominem

138 4748 438 4811 invadens,
462 4766 585 4805 eum
611 4764 708 4818 per
732 4751 993 4805 feminam
1023 4750 1333 4805 scducerct.
1680 4790 1683 4799 η

211 4821 285 4873 At
321 4821 411 4874 ille
450 4821 646 4883 sensit,
691 4831 802 4874 tum
836 4822 997 4873 etiam
1024 4822 1257 4890 primum
1304 4820 1646 4876 maledictum
1674 4840 1699 4877 e

137 4892 409 4957 abjectnm
440 4906 570 4954 esse,
606 4906 725 4945 cum
750 4890 952 4945 scilicet
985 4901 1100 4959 post
1131 4890 1361 4946 hominis
1400 4892 1609 4956 lapsum
1638 4894 1724 4946 di—

136 4970 278 5013 teret
324 4960 465 5013 Deus
500 4978 519 5015 :
556 4961 743 5016 Semen
780 4961 1019 5014 mulieris
1069 4973 1297 5015 conteret
1340 4970 1499 5030 caput
1547 4973 1718 5019 litum.

140 5031 276 5100 Item
312 5048 326 5084 :
366 5032 687 5085 Maledictus
721 5033 845 5097 eris,
868 5042 975 5086 etc.
1009 5031 1099 5085 Sic
1130 5034 1267 5085 enim
1298 5034 1494 5087 sentire
1516 5033 1723 5086 videtur

133 5102 235 5155 lib.
271 5118 347 5166 tv,
378 5118 495 5167 cap.
521 5103 589 5157 78
612 5102 673 5153 "‘.
703 5101 813 5157 Nec
840 5103 943 5155 ista
964 5104 1137 5157 sensit
1158 5114 1250 5156 aut
1274 5105 1457 5157 docuit
1482 5118 1721 5170 unquam

138 5172 405 5235 lremcus,
433 5182 490 5225 ut
521 5172 999 5227 comminiscimini
1037 5190 1050 5226 :
1085 5176 1180 5227 sed
1216 5174 1384 5227 voluit
1426 5174 1721 5238 duntaxat,

137 5241 382 5305 fraudes,
402 5242 635 5304 scelera,
664 5242 921 5306 consilia,
938 5259 1000 5295 ac
1017 5246 1246 5311 proinde
1276 5244 1718 5298 maledictionem

135 5311 663 5382 dantnatimtemque
702 5312 899 5365 diaboli
936 5324 1049 5366 tum
1085 5318 1317 5382 primum
1359 5314 1518 5368 nobis
1550 5319 1718 5367 verbo

138 5381 234 5434 Dei
258 5383 622 5447 manifestari,
653 5398 774 5436 cum
807 5384 1039 5440 refertur
1078 5381 1107 5437 a
1160 5386 1268 5437 Deo
1312 5385 1634 5439 maledictus
1662 5393 1717 5437 ct

137 5455 503 5523 proscriptus.
525 5451 667 5505 Nihil
691 5453 839 5507 enim
871 5455 935 5507 de
964 5456 1046 5509 bts
1073 5460 1201 5509 ante
1231 5455 1471 5509 hominis
1503 5461 1715 5523 lapsum

208 5665 253 5694 ¹⁰
290 5665 449 5719 Ccnt.
478 5665 535 5731 2,
571 5666 675 5721 col.
708 5665 835 5719 9.9.7.
890 5669 927 5699 “
962 5668 1079 5721 Lib.
1122 5684 1180 5725 Il.
1211 5682 1263 5720 c.
1297 5666 1387 5730 47,
1428 5666 1518 5733 48,
1580 5666 1674 5721 49.

208 5754 233 5787 ν.
298 5752 372 5789 Iv.
405 5751 455 5788 c.
504 5739 590 5789 17.
671 5738 710 5767 ⁸³
758 5740 914 5789 (ἒς-ιιι.
976 5740 1030 5789 ‘2.
1063 5742 1169 5789 col.
1214 5738 1302 5789 56.
1383 5737 1425 5767 “’
1466 5741 1619 5789 lieni.
1680 5736 1733 5789 Ξ.

1844 5666 1956 5720 Lib.
2013 5622 2056 5728 ιζ
2103 5678 2152 5715 c.
2184 5662 2284 5727 l9;
2326 5662 2420 5715 lib.
2476 5675 2611 5721 tt,c.
2671 5660 2782 5727 45;
2837 5659 2933 5713 lib.
2974 5675 3052 5721 ttt,
3105 5673 3154 5713 e.
3186 5656 3219 5711 li
3248 5665 3301 5707 et
3336 5654 3402 5715 9;

1844 5739 1903 5789 ›Ι.
1945 5735 2031 5787 56.
2115 5735 2156 5763 ¹⁵
2195 5732 2391 5785 Μνιιιῑι.
2420 5747 2538 5789 wn.
2564 5733 2654 5789 ‘29.
2686 5733 2775 5786 5|.
2857 5732 2899 5761 ¹⁶
2933 5729 3061 5787 an.
3127 5743 3252 5789 vttt,
3314 5725 3402 5776 31.

1485 5755 1619 5789 .ent.
1680 5755 1733 5799 Ζ,
1799 5755 1903 5789 cot.
1945 5755 2031 5787 oo.

137 5731 233 5787 lib.
298 5752 372 5797 Iv,
405 5751 455 5788 c.
504 5739 590 5791 17.
671 5738 710 5767 ⁸³
758 5740 914 5792 Grut.
976 5740 1030 5794 ‘2.
1063 5742 1169 5791 Col.
1214 5738 1302 5791 56.

139 5805 180 5833 ’⁷
212 5808 369 5861 Cum.
395 5809 452 5872 ‘2,
488 5808 593 5864 col.
618 5807 687 5861 56
708 5819 757 5861 et
789 5810 916 5860 217.
997 5812 1038 5839 “’
1065 5810 1197 5863 Gen.
1238 5823 1276 5872 t,
1310 5810 1397 5861 3i.

1482 5810 1523 5839 ‘9
1554 5809 1668 5861 Col.
1705 5809 1792 5861 57.

1844 3209 2052 3279 apertis
2086 3208 2409 3276 Scripturis,
2437 3212 2723 3279 exemplis,
2754 3222 2809 3266 et
2838 3212 3162 3276 rationibus,
3196 3230 3301 3268 non
3326 3228 3423 3268 so-

1846 3276 1957 3354 lum
1984 3280 2292 3354 ltominetn,
2320 3282 2415 3334 sed
2446 3290 2500 3354 et
2526 3276 2743 3335 omnem
2776 3292 3090 3354 creaturam
3120 3322 3136 3349 ,
3164 3297 3285 3336 cum
3326 3298 3422 3354 per

1845 3348 2151 3432 inﬁnitum.
2174 3350 2343 3432 distet
2386 3349 2743 3432 aJCreatore,
2779 3352 3030 3432 plurimis
3078 3348 3135 3406 et
3165 3348 3425 3432 maximis

1844 3418 2356 3486 imperfectionibus
2388 3420 2551 3473 etiam
2598 3423 2670 3474 ab
2724 3418 2882 3475 initio
2932 3422 3324 3476 circumdatam
3362 3432 3421 3477 et.

1844 3487 2169 3558 implicitum
2201 3503 2346 3543 esse.
2380 3487 2447 3544 Et
2481 3499 2541 3543 ut
2569 3491 2636 3545 de
2673 3491 2893 3546 nomine
2923 3492 3039 3547 solo
3063 3490 3331 3557 dicamus,
3355 3506 3427 3547 ex

1843 3558 2109 3630 vilissimo
2143 3567 2305 3614 terrm
2332 3559 2464 3615 limo
2494 3561 2751 3630 conditus
2781 3571 2861 3616 est
2890 3600 2904 3626 ,
2942 3571 3138 3630 potens
3176 3562 3377 3615 tentari
3406 3600 3424 3624 ,

1843 3629 2013 3694 vinci,
2048 3643 2303 3700 peccare,
2333 3630 2496 3692 tnori,
2529 3629 2829 3700 damnari:
2856 3629 2978 3700 quae
3020 3631 3207 3699 procul
3253 3632 3421 3684 dubio

1845 3702 2101 3769 marium:
2131 3708 2261 3754 sunt
2297 3700 2765 3767 itnperfectiones.
2794 3699 2905 3755 Nec
2935 3702 3035 3754 ista
3062 3710 3305 3769 pugnant
3337 3701 3421 3769 (ut

1844 3767 2070 3840 fingitis)
2140 3784 2266 3840 cum
2321 3766 2409 3822 bis
2452 3770 2751 3823 creatiunis
2789 3771 2975 3840 verbis
3030 3766 3226 3840 {Vidit
3279 3766 3421 3840 Deus

1842 3847 2030 3889 cuncta
2053 3837 2174 3907 quae
2196 3838 2415 3904 fecerat,
2453 3850 2501 3891 et
2529 3848 2677 3891 erant
2713 3839 2861 3892 valde
2887 3839 3022 3892 bona
3038 3837 3079 3868 ⁸⁸
3114 3855 3127 3891 :
3160 3838 3421 3906 quoniam

1842 3907 1959 3977 bare
2002 3910 2069 3960 de
2130 3907 2475 3961 naturalibus
2524 3916 2578 3960 et
2613 3908 2867 3977 gratuitis
2888 3908 3045 3965 bonis
3082 3908 3225 3961 dicta
3270 3919 3420 3973 sunt,

1838 3974 2037 4046 quibus
2064 3978 2228 4030 homo
2259 3977 2310 4029 in
2330 3977 2565 4046 justitia,
2596 3974 2933 4042 innocentia,
2964 3978 3205 4032 omnium
3234 3993 3420 4032 rerum

1839 4044 2072 4117 scicntia
2106 4044 2362 4117 conditus
2392 4046 2693 4100 abundavit
2734 4064 2747 4100 :
2785 4062 2889 4101 non
2922 4049 3093 4117 ipsius
3133 4046 3258 4103 vita:
3298 4050 3421 4102 ani-

1842 4114 1999 4185 malis
2028 4114 2491 4185 imper-lectiones,
2512 4126 2602 4169 aut
2629 4117 2795 4170 animi
2814 4121 2881 4171 ad
2909 4114 3107 4172 benum
3139 4128 3193 4170 ct
3215 4118 3418 4172 malum

1841 4184 2146 4240 libertatem
2170 4196 2224 4239 et
2252 4186 2542 4241 ﬂexibilem
2576 4196 2777 4240 sortem
2812 4187 3029 4249 tollunt,
3059 4188 3114 4241 in
3140 4200 3249 4255 qua
3283 4203 3418 4241 con-

1839 4255 2063 4311 stitutus
2113 4256 2237 4310 fuit.
2292 4257 2409 4311 Non
2438 4265 2587 4310 errat
2610 4271 2740 4325 ergo
2784 4256 2847 4312 Β.
2881 4258 3120 4313 [renatus
3154 4272 3277 4310 eum
3307 4257 3413 4311 hoc

1839 4325 2006 4378 sentit
2038 4344 2052 4380 :
2079 4331 2172 4381 sed
2205 4342 2301 4381 vos
2328 4340 2425 4395 per
2452 4326 2773 4381 sceleratam
2809 4325 3168 4380 maledicendi
3206 4328 3415 4380 rabiem

1841 4395 1891 4447 in
1920 4397 2077 4450 tetris
2100 4396 2382 4451 erroribus
2412 4396 2731 4465 versamini,
2758 4396 2979 4465 quando
3010 4396 3125 4451 lucc
3152 4404 3207 4447 et
3239 4398 3415 4449 consi-

1841 4465 1991 4518 milia
2043 4468 2096 4521 iu
2129 4467 2337 4521 sanctis
2376 4464 2631 4519 Ecclesia:
2670 4464 2925 4521 Patribus
2977 4469 3031 4521 in
3072 4466 3418 4521 consistoriis

1841 4537 2039 4593 vestris
2070 4538 2283 4603 roditis,
2314 4536 2586 4591 inlibcllis
2618 4536 2903 4608 vellicatis,
2940 4538 3138 4608 ubique
3156 4537 3410 4608 carpitis,

1839 4616 1897 4660 ut
1925 4608 2027 4678 soli
2062 4617 2214 4662 recte
2238 4622 2431 4678 sapere
2461 4607 2775 4659 videamini.

1902 4676 2074 4731 Aiunt
2110 4676 2326 4732 rursum
2358 4693 2377 4732 :
2400 4677 2637 4730 Irenwus
2672 4676 2833 4728 sensit
2866 4677 3124 4729 hominem
3174 4691 3277 4728 non
3302 4691 3416 4729 esse

1834 4748 2107 4804 conditum
2159 4754 2228 4800 ad
2270 4750 2553 4816 imaginem
2586 4745 2685 4800 Dei
2710 4746 2774 4796 ¹⁹.
2825 4746 3078 4816 Magnum
3126 4754 3181 4799 ct
3230 4745 3413 4816 impu-

1837 4822 1975 4873 dens
2002 4830 2088 4873 est
2119 4815 2487 4879 mendacium,
2516 4816 2733 4887 quando
2756 4815 2974 4886 quidem
3002 4817 3211 4887 scribat
3239 4831 3253 4867 :
3286 4815 3411 4868 Non

1828 4890 2014 4960 e/fugit
2051 4890 2231 4960 {illam
2279 4884 2644 4960 manusADet,
2689 4884 2925 4960 adt—quas
2970 4889 3140 4938 Pater
3182 4884 3415 4960 loquens

1830 4957 1956 5013 dicit
1995 4974 2010 5011 :
2040 4958 2329 5012 Faciamus
2354 4958 2619 5010 hominem
2648 4957 2717 5009 ad
2751 4958 3037 5025 imaginem
3063 4966 3110 5007 et
3145 4957 3411 5007 similitu-

1830 5033 2004 5083 dinem
2022 5040 2279 5084 nostram.
2297 5028 2361 5083 Et
2385 5028 2588 5081 iterum
2607 5041 2621 5079 :
2642 5026 2707 5078 Et
2726 5038 2937 5094 propter
2962 5026 3125 5078 hocin
3154 5026 3281 5092 line,
3308 5040 3413 5077 non

1830 5116 1895 5154 ex
1927 5102 2197 5155 voluntate
2224 5100 2424 5165 carnis,
2456 5113 2620 5167 neque
2648 5112 2713 5149 ea:
2736 5098 3006 5167 uoluntate
3043 5096 3164 5159 viri,
3194 5096 3301 5167 Ascd
3348 5111 3412 5148 es

1829 5171 2156 5237 beneplacito
2213 5168 2424 5229 Patris,
2474 5165 2663 5219 manus
2693 5166 2812 5234 ejus
2866 5166 3033 5237 uiuum
3081 5165 3411 5232 perfecerunt

1827 5236 2118 5305 hominem,
2144 5250 2199 5293 ut
2227 5239 2321 5307 [iat
2354 5239 2524 5289 Adam
2548 5238 2847 5307 secundum
2870 5236 3153 5307 imaginem
3178 5246 3225 5286 et
3260 5236 3409 5287 simt-

1826 5312 2107 5364 litudinent
2147 5305 2262 5363 Dei.
2296 5310 2362 5361 Et
2392 5307 2555 5375 paulo
2587 5316 2709 5375 post
2741 5322 2754 5359 :
2809 5305 3054 5358 Christus
3089 5310 3408 5357 restauravit

1824 5397 1922 5435 suo
1953 5382 2225 5449 plasmati,
2252 5380 2394 5449 quod
2421 5378 2621 5449 dictum
2666 5384 2743 5428 est
2769 5391 2789 5427 :
2821 5375 2887 5449 In
2914 5377 3176 5449 principio
3204 5376 3407 5449 factum

1824 5444 2089 5505 hominem
2117 5444 2401 5504 secundum
2431 5448 2710 5516 imaginem
2729 5456 2776 5500 et
2800 5446 3199 5498 similitudinem
3223 5444 3317 5498 Dei
3336 5448 3404 5499 ³⁸⁵.

2115 5735 2156 5763 ¹⁵
2195 5725 2391 5785 Μιίιῑι.
2420 5747 2538 5795 \‘llt,
2564 5733 2654 5795 ‘29,
2686 5725 2776 5786 5|.
2857 5732 2899 5761 ιδ
2933 5729 3061 5787 an.
3127 5743 3215 5782 vttt
3240 5768 3252 5790 ,
3314 5725 3405 5776 31.

1876 5808 1919 5836 ³ο
1950 5808 2068 5858 Lib.
2107 5819 2154 5868 v,
2189 5819 2237 5856 c.
2274 5806 2319 5869 l,
2352 5804 2383 5854 ὲ
2416 5814 2468 5855 et
2500 5808 2552 5853 ti.
