3878 6348
461 381 596 437 1⁸547

1615 378 2129 437 ΠΙΟΙΕΟΟΜΕΝᾹ
2168 379 2529 436 VARIORUM

3606 388 3727 441 15ιέ

463 506 691 560 Tantum
724 504 910 571 itaque
950 502 1106 558 docet
1143 502 1270 556 alibi
1320 512 1507 557 noster
1542 501 1798 569 Iretuutts,
1837 503 2030 571 imagi-
2063 502 2107 559 Α
2137 502 2199 556 de
2228 511 2484 569 potestate
2526 501 2883 571 humanarum
2930 502 3120 554 uirium
3154 501 3525 571 ratiocinatttr
3560 517 3654 571 τίει
3682 505 3727 553 in

467 593 582 629 .tt‘ltl
614 574 707 628 Dei
748 585 970 644 peccato
1006 574 1298 641 plurimum
1343 574 1710 644 turpiﬁcatam
1759 587 1813 629 et
1852 574 2032 627 defor-

466 658 665 699 matam
721 643 928 702 fuisse.
986 645 1159 713 gratia
1210 659 1340 696 vero
1391 643 1596 698 Christi
1649 646 2035 710 reformatant;

466 719 604 787 quod
643 716 832 786 dogma
873 714 1031 787 phme
1074 715 1572 787 apostolicumest.

534 783 771 851 Pergunt
797 785 1037 838 insanire
1068 796 1116 837 et
1143 783 1465 837 calumniari
1492 784 1767 840 dicentes:
1796 785 1867 838 De
1900 786 2036 839 intav

466 862 579 928 ﬁne
610 856 703 909 Dei
729 854 1335 928 admodumpericulose
1365 853 1602 928 hepteris
1636 854 2033 928 loquituracum

464 921 690 995 afﬁrmat
721 926 774 977 in
837 925 931 976 lib.
950 924 1148 995 Vrillnd
1175 924 1372 995 dictum
1412 939 1427 976 :
1454 921 1743 977 Faciamus
1772 927 2034 979 hominem

464 994 530 1049 ad
560 998 842 1061 imaginem
873 1004 919 1046 et
967 994 1369 1046 similitudinem
1406 1004 1665 1052 nostram,
1720 998 2035 1061 pertinuisse

464 1071 535 1119 ad
568 1066 858 1127 Christum,
891 1065 977 1132 qui
1010 1074 1151 1116 certo
1176 1073 1405 1131 tempore
1432 1064 1587 1134 homo
1619 1064 1755 1130 ﬁeri,
1787 1065 2036 1134 illamque

462 1137 747 1205 imaginem
776 1143 1159 1199 reprtusentare
1189 1133 1510 1205 debuerit“.
1539 1135 1603 1188 Et
1628 1149 1695 1187 ue
1726 1136 1860 1205 satis
1889 1133 2035 1189 esset

462 1203 630 1261 semel
675 1204 994 1258 criminatus
1035 1218 1177 1266 esse,
1217 1218 1432 1256 rursum
1465 1203 1619 1257 aiunt
1656 1222 1667 1256 :
1717 1203 1790 1255 De
1819 1205 2033 1257 homine

463 1278 670 1331 videtur
722 1275 946 1333 sentire,
995 1276 1134 1342 quod
1170 1274 1424 1325 sententia
1472 1274 1535 1326 de
1580 1289 1639 1327 eo
1677 1273 1919 1342 faciendo
1965 1274 2034 1328 at!

462 1348 745 1414 imaginem
779 1344 893 1408 Dei,
929 1334 1195 1396 Christum
1239 1343 1578 1414 significarit.
1622 1334 1825 1411 Ei'qnis
1854 1344 2032 1397 homi-

466 1412 592 1470 num
626 1415 1065 1469 Christianorum
1122 1413 1298 1465 nescit
1337 1412 1579 1465 omnium
1612 1414 1949 1479 potissimam
1982 1422 2036 1467 et

462 1484 887 1550 pulcherrimam
938 1483 1192 1546 imaginis
1239 1482 1328 1534 Dei
1388 1482 1656 1534 rationem
1704 1483 1755 1536 in
1815 1484 2032 1536 homine

464 1556 685 1611 Christo
716 1554 1000 1608 relueere?
1026 1551 1089 1606 Et
1116 1561 1401 1619 propterea
1433 1568 1459 1602 a
1491 1550 1660 1605 Paulo
1690 1567 1785 1619 per
1805 1562 2035 1604 antono-

465 1626 691 1679 masiam
751 1623 1063 1691 appellari,
1124 1622 1416 1690 imaginem
1478 1620 1569 1675 Dei
1628 1622 1919 1675 invisibilis
1943 1623 2034 1676 "'3

461 1695 617 1761 Item,
653 1694 999 1762 splendorem
1032 1692 1218 1762 plurim
1243 1730 1257 1751 ,
1300 1704 1355 1743 et
1395 1691 1777 1745 characterem
1808 1706 1900 1745 seu
1934 1708 2031 1745 es-

461 1761 709 1831 pressam
749 1763 1047 1831 imaginem
1096 1761 1418 1817 substantia:
1447 1762 1662 1828 ejus”?
1689 1762 1840 1823 Item,
1870 1761 2033 1815 Chri-

2141 589 2253 625 ettm
2285 572 2599 623 sententiam
2628 570 2794 621 multa
2824 571 3224 637 prophetarum,
3252 570 3481 632 Christi,
3503 582 3552 621 et
3582 570 3726 623 Ρωιῆ

2140 643 2281 693 dicta
2336 642 2643 707 detorquet,
2702 642 3145 703 quemadmodum
3200 643 3255 694 in
3310 651 3427 693 toto
3477 657 3600 702 cap.
3648 642 3727 701 72,

2140 713 2231 763 tib.
2259 726 2333 774 tv,
2364 711 2538 763 videre
2572 720 2664 761 est.
2697 708 2808 761 Non
2836 710 3011 763 solum
3043 712 3137 771 ibi,
3174 713 3347 763 sedet
3369 728 3421 763 c.
3449 711 3506 769 9.
3532 712 3627 774 ΞΕ),
3650 714 3726 773 7i,

2139 790 2193 834 ct
2216 780 2262 831 aI
2292 781 2340 832 hi
2371 782 2571 848 passim
2596 778 2925 833 ﬁrmissimis
2951 779 3368 846 Scripturarum
3400 782 3726 836 testimoniis

2138 851 2363 903 evincit.
2398 850 2671 902 hominem
2692 848 2863 902 libero
2897 850 3128 902 arbitrio
3151 850 3565 902 eommtmi’tum
3594 866 3723 915 esse,

2140 931 2193 974 et
2240 921 2307 989 ah
2342 920 2489 972 omni
2525 918 2811 972 coactione
2848 920 2928 973 sic
2964 929 3280 989 esetuptum
3307 959 3324 981 ,
3377 921 3485 989 12
3525 930 3583 972 ut
3631 939 3722 975 non

2139 988 2350 1052 credat,
2406 1004 2510 1059 non
2553 998 2772 1054 speret,
2806 1003 2912 1059 non
2957 988 3147 1056 diligat
3180 990 3355 1043 Deum
3388 988 3506 1042 ’vel
3552 996 3722 1059 proxi-

2141 1074 2286 1113 mmn
2321 1058 2423 1112 nisi
2467 1059 2632 1120 velit;
2679 1073 2783 1110 non
2822 1058 3194 1125 hlaSphemet,
3235 1075 3344 1110 non
3384 1075 3414 1111 a
3461 1060 3723 1113 (idedcli-

2139 1130 2270 1189 eiat,
2306 1145 2411 1181 non
2440 1128 2681 1189 occidat,
2713 1144 2820 1181 non
2854 1129 3181 1188 mazchetur,
3219 1144 3330 1181 non
3361 1131 3605 1189 foretur,
3634 1132 3721 1183 nisi

2138 1201 2306 1263 velit;
2343 1200 2503 1264 idque
2535 1197 2878 1251 sanctissime
2910 1198 3233 1265 comprobat
3258 1200 3541 1253 adversus
3564 1200 3724 1253 Simo-

2139 1268 2332 1323 nianos
2370 1278 2423 1320 et
2451 1266 2823 1328 Marcionitas,
2854 1276 3041 1334 postea
3073 1269 3124 1320 in
3162 1267 3496 1321 Maniclueis
3524 1280 3578 1321 et
3604 1268 3725 1323 Pris-

2139 1337 2476 1399 cillianistis,
2509 1337 2744 1405 denique
2777 1339 2829 1388 in
2864 1337 3017 1389 vobis
3051 1335 3411 1404 Lntheranis,
3448 1338 3719 1392 Calvinia.

2139 1410 2246 1469 nis.
2277 1417 2333 1461 et
2356 1406 2653 1461 Libertinis
2685 1408 2788 1460 hoc
2816 1407 3019 1459 sarculo
3055 1418 3446 1461 renaseentes.
3484 1411 3569 1461 Ad
3606 1411 3724 1469 hac.

2140 1478 2267 1531 huic
2298 1478 2548 1531 humana:
2574 1476 2757 1530 libera!
2782 1476 3049 1529 voluntati
3075 1480 3182 1529 tam
3211 1481 3728 1534 necessariumesse

2137 1548 2336 1601 divinae
2358 1546 2881 1616 gratimprtesidium
2909 1555 2966 1599 et
2996 1547 3261 1599 auxilium
3294 1557 3505 1601 contra
3534 1548 3727 1603 futuros

2140 1617 2462 1688 Pelagianos
2508 1626 2812 1688 asseverat,
2860 1629 3023 1684 quam
3061 1625 3222 1688 terra:
3255 1617 3400 1688 solis
3451 1619 3642 1680 calor,
3674 1635 3725 1673 sc

2137 1684 2380 1759 caelestis
2407 1686 2587 1754 pluvia
2618 1684 2918 1759 uitii-nctus
2947 1700 3078 1739 suos
3094 1687 3231 1759 edat
3253 1686 3299 1718 “
3328 1704 3353 1759 ε
3383 1691 3725 1759 quandoqui-

2138 1760 2258 1809 dem
2314 1757 2435 1810 siuo
2482 1770 2545 1809 ea
2588 1755 2723 1809 nihil
2778 1756 2904 1809 boni
2963 1755 3235 1824 possimus
3320 1755 3553 1823 facere,
3637 1755 3727 1813 nec

464 1824 606 1887 stum
660 1849 780 1886 esse
836 1824 1128 1900 imaginem
1159 1874 1172 1895 ,
1228 1824 1502 1885 hominem
1555 1847 1687 1885 vero
1740 1832 2029 1899 imaginem
2067 1844 2107 1898 Β
2137 1827 2354 1896 quidem
2389 1824 2681 1900 enicat-iter
2704 1824 3239 1900 cogitareacvellef‘.
3275 1825 3376 1900 Dei
3408 1840 3730 1900 cooperato-

461 1903 663 1959 Christi
683 1903 761 1956 “1'
794 1903 917 1957 Vult
954 1904 1137 1970 itaque
1161 1900 1247 1953 vir
1272 1900 1630 1967 apostolicus,
1656 1901 1801 1954 hanc
1838 1901 1928 1953 Dei
1970 1917 2034 1956 ac.

461 1974 665 2027 tiliristi
696 1973 816 2026 Filii
846 1972 961 2036 ejus
995 1972 1291 2038 perfectam
1320 1971 1613 2039 imaginem
1640 2010 1655 2033 ,
1688 1986 1785 2037 per
1828 1973 2035 2023 adven-

464 2055 551 2095 tus
599 2043 801 2097 Christi
851 2042 1113 2095 beneﬁcia
1158 2040 1315 2109 longe
1355 2039 1778 2107 splendidiorem
1826 2048 1879 2092 et
1915 2041 2036 2092 illu-

460 2112 716 2166 striorem
754 2113 805 2164 in
842 2111 1003 2164 nobis
1040 2111 1236 2163 factam
1276 2124 1396 2163 esse
1437 2126 1451 2163 :
1484 2110 1724 2163 Omnium
1758 2124 1888 2161 vero
1914 2110 2035 2162 illu-

460 2183 786 2235 strissimam
821 2180 935 2233 fore
991 2178 1208 2242 quando
1246 2179 1419 2231 eidem
1465 2178 1674 2232 similes
1719 2180 1925 2233 erimus
1952 2179 2032 2233 .in

460 2247 716 2319 gloria":
740 2244 957 2316 quando
976 2246 1102 2300 item
1121 2247 1366 2319 revelata
1403 2247 1544 2319 facie
1567 2248 1792 2319 gloriam
1822 2248 2036 2304 Domini

461 2316 845 2387 speculantes.
901 2320 953 2373 in
1004 2318 1248 2387 eamdem
1286 2316 1575 2386 imaginem
1613 2316 2035 2387 transIormabi-

462 2386 638 2442 mura
673 2389 920 2442 claritate
947 2390 1000 2439 in
1048 2386 1391 2449 claritatem,
1434 2393 1691 2452 tanquam
1743 2396 1773 2435 a
1824 2386 2035 2444 Domini

458 2460 652 2525 spiritu
674 2455 1412 2525 ".Hocipsummanifestam
1442 2454 1546 2507 ista
1575 2457 1641 2509 de
1666 2455 1887 2510 Christo
1918 2458 2036 2524 ejus

457 2529 623 2581 verba
656 2546 669 2582 :
700 2528 1010 2593 Conformat
1039 2541 1155 2585 nos,
1188 2533 1237 2577 et
1270 2533 1478 2591 coaptat
1507 2526 1576 2576 ad
1600 2527 1784 2588 vitam,
1810 2538 1860 2579 et
1887 2529 2033 2581 adest

457 2596 707 2663 plasmati
738 2613 833 2649 suo
854 2635 869 2659 ,
903 2605 948 2649 et
983 2593 1190 2661 per/icit
1224 2593 1358 2647 illud
1410 2596 1699 2647 secundum
1748 2596 2034 2664 imaginem

455 2675 505 2717 et
533 2666 931 2720 similitudinem
967 2665 1058 2717 Dei
1075 2664 1142 2728 ⁸⁷,
1170 2671 1280 2720 etc.

531 2737 595 2788 Et
642 2735 989 2805 proﬁcientes
1048 2736 1098 2787 in
1141 2732 1654 2805 pejnsradiiciunt:
1700 2733 2017 2805 Egnatii-unt

453 2803 710 2874 quiddam
740 2806 868 2867 edit,
905 2805 1044 2873 quod
1089 2806 1274 2874 asserit
1300 2803 1393 2855 lib.
1425 2816 1501 2874 tv,
1523 2818 1570 2874 c.
1598 2803 1687 2870 50,
1720 2803 1900 2859 Enoch
1930 2810 2025 2861 Ito-

456 2872 649 2929 minem
677 2876 969 2942 placentem
1005 2875 1133 2938 Deo,
1161 2873 1420 2945 legatione
1445 2872 1546 2945 Dei
1576 2875 1645 2924 ad
1668 2877 1888 2945 angelos
1908 2879 2034 2945 [uno

444 2951 601 2996 ’ctnnt
636 2962 744 2999 esse
760 2946 823 3015 Ψ.
857 2946 975 3015 lmo
999 2959 1119 3007 vos,
1147 2944 1393 3015 homines
1416 2942 1543 2996 caeci
1568 2959 1631 2996 ac
1661 2942 2033 3015 fut-etttes,t|tti

462 3030 568 3065 non
600 3014 879 3087 attenditis
928 3014 1088 3087 illium
1111 3013 1465 3087 Septuaginta
1497 3022 1782 3087 secutum,
1809 3013 2036 3087 a_ugelos

454 3084 758 3153 appellasse
796 3086 935 3139 tilias
978 3083 1109 3137 Seth
1137 3122 1152 3149 ,
1183 3084 1248 3137 ad
1292 3098 1430 3152 quos
1475 3086 1799 3137 amandatus
1826 3083 2034 3153 Enoeh,

454 3156 747 3231 conciones
778 3154 1060 3231 habuit_tle
1085 3153 1268 3231 futuro
1292 3153 1523 3223 judicio,
1554 3163 1607 3231 et
1638 3157 2036 3231 pcnnjs‘rcpro-
2062 3174 2105 3231 ο

456 3224 671 3289 borum;
701 3234 761 3278 ιιι
785 3238 879 3277 eos
903 3239 930 3275 a
959 3222 1303 3278 Cainitarutn
1326 3222 1622 3287 consortio,
1647 3224 1892 3292 perﬁdia,
1919 3242 2036 3281 sre-

456 3292 663 3364 leribus
682 3332 697 3355 ,
731 3294 931 3360 quibus
960 3294 1220 3360 paulatim
1252 3293 1643 3364 assuescebaut
1672 3303 1727 3347 et
1757 3294 2030 3364 deprava-

452 3360 680 3427 bantur,
711 3364 776 3415 ad
811 3364 902 3415 Dei
942 3364 1195 3416 timorem
1226 3371 1283 3415 et
1311 3362 1517 3415 cultum
1557 3360 1866 3417 revocarei.
1892 3368 2033 3419 Con-

449 3431 675 3486 cionum
724 3431 843 3500 ejus
887 3431 1315 3485 illustrissimam
1352 3432 1515 3498 plane
1550 3434 2031 3500 etigravissitnam

452 3511 665 3568 partem
686 3499 1069 3573 epistolteksuu:
1095 3502 1328 3573 inseruit
1367 3499 1776 3573 beatussludas
1814 3516 2035 3573 aposto-

453 3572 537 3643 lus
570 3586 584 3622 :
611 3585 772 3643 quam
800 3586 899 3643 nos
920 3570 1339 3643 Commentariis
1362 3569 1738 3643 exposuimtts,
1760 3569 2034 3643 simulque

455 3640 528 3691 ita
578 3642 819 3695 sensisse
864 3642 1171 3705 Pastorem,
1207 3640 1569 3711 Clementem,
1604 3639 2029 3711 Tertullianuiu,

452 3712 764 3778 Urigenem,
805 3711 1050 3780 aliosque
1077 3721 1288 3765 veteres
1315 3710 1674 3780 ostendimus.

524 3778 973 3850 l’rogrediuntur
997 3782 1228 3833 ulterius
1268 3780 1514 3833 dicentes
1547 3796 1560 3831 :
1596 3778 1797 3832 Eodem
1831 3794 2031 3848 spectat

449 3854 589 3921 quod
638 3852 862 3921 afﬁrmat
913 3851 1003 3903 ltb.
1055 3866 1128 3916 tv,
1174 3867 1222 3904 ε.
1268 3850 1372 3912 70,
1430 3850 1664 3902 homines
1706 3854 2032 3916 temporibus

453 3920 634 3986 Noah,
664 3924 774 3973 Deo
806 3921 1136 3989 fructiﬁcare
1165 3937 1266 3973 non
1303 3921 1578 3988 potuisse:
1608 3921 1726 3971 ideo
1760 3924 1900 3989 quod
1928 3941 2028 3975 an-

447 3992 549 4057 geli
577 3999 989 4059 transgressores
1013 4000 1184 4044 essent
1215 3993 1279 4043 iis
1303 3991 1561 4042 commisti
1588 3991 1653 4042 ⁸³.
1681 3990 1820 4056 Quid
1852 4001 2029 4046 autem

452 4066 554 4113 hoc
588 4061 793 4113 certius
821 4073 985 4129 atque
1010 4061 1234 4114 verius?
1263 4063 1459 4113 Annon
1488 4075 1608 4113 cum
1657 4062 1945 4129 multiplici
1974 4076 2031 4116 et

449 4130 773 4195 gravissima
819 4132 1066 4197 entpbasi
1116 4132 1184 4184 de
1212 4131 1317 4183 illis
1360 4132 1700 4198 temporibus
1744 4131 1797 4183 in
1833 4131 2029 4186 Genesi

449 4201 678 4263 dicitur,
714 4210 768 4253 et
796 4202 1090 4255 identidem
1124 4200 1358 4256 refertur
1396 4204 1621 4253 multam
1661 4198 1831 4255 fuisse
1859 4202 2030 4255 homi-

447 4286 576 4323 num
618 4270 883 4325 malitiam
904 4286 1067 4339 snper
1097 4281 1334 4332 terram;
1361 4283 1613 4324 cunctam
1638 4270 2028 4338 cogitationem

449 4342 671 4393 immani
698 4344 881 4396 cordis
926 4343 1189 4394 intentam
1225 4341 1395 4394 fuisse
1426 4343 1491 4393 ad
1525 4340 1761 4406 malum;
1809 4357 2026 4394 omnem

447 4425 668 4464 carnem
684 4412 993 4479 corrupisse
1010 4412 1150 4464 viam
1166 4425 1343 4475 suam;
1363 4420 1565 4464 terram
1586 4410 1785 4477 repleta
1797 4427 1845 4463 ιιι
1865 4412 2029 4464 luisse

447 4480 739 4551 iniquitate
758 4482 841 4535 ὀἳ
868 4482 1072 4550 Ecquis
1100 4482 1385 4551 ambigere
1417 4488 1616 4548 potest,
1647 4489 1724 4530 tot
1762 4490 2024 4551 tantaque

442 4546 646 4620 ﬂagitia
677 4546 1149 4623 transgressuorum
1184 4546 1503 4623 angelorum
1543 4546 2023 4623 tentationibus'ct

445 4619 803 4675 suasionibus
836 4619 1150 4676 'eonnnissa
1202 4620 1412 4673 fuisse?
1464 4619 1570 4674 Sed
1619 4620 1885 4683 diabolus,
1937 4623 2021 4676 in-

443 4691 664 4761 quiunt,
696 4702 770 4745 est
801 4692 967 4745 hostis
993 4703 1275 4761 perpetuus
1312 4691 1606 4754 hominum,
1628 4705 1833 4758 semper
1865 4708 2026 4746 excu-

443 4763 597 4826 bans,
621 4777 683 4815 ac
709 4762 1022 4815 circumiens
1052 4772 1106 4814 ut
1135 4762 1215 4814 leo
1251 4762 1486 4830 rugiens,
1516 4771 1562 4814 et
1594 4761 1819 4814 insidias
1843 4766 2021 4831 generi

442 4831 675 4885 humano
703 4833 947 4886 moliens.
968 4832 1115 4886 Istud
1146 4846 1312 4900 porro
1347 4833 1468 4899 quis
1507 4832 1710 4899 negat?
1744 4830 1858 4886 Non
1892 4848 2021 4901 pro-

446 4903 587 4955 fecto
611 4900 875 4967 Irenaus,
904 4904 995 4971 qui
1025 4903 1143 4970 ejus
1176 4912 1297 4955 astu
1328 4904 1536 4970 prunos
1566 4909 1824 4969 parentes
1855 4900 2019 4957 dece-

444 4982 566 5040 ptos
607 4988 761 5041 a-que
807 4981 1125 5028 constanter
1162 4973 1453 5040 pradicat;
1506 4986 1571 5024 ac
1617 4974 1867 5027 eumdem
1918 4977 2019 5029 sub

445 5043 631 5095 mundi
664 5046 828 5097 tinem
855 5044 1198 5105 Autiehristo
1224 5081 1239 5107 ,
1277 5052 1332 5095 et
1363 5041 1631 5096 ministris
1670 5056 1735 5096 ac
1764 5043 2017 5098 satelliti-

444 5109 545 5185 bus
567 5113 686 5181 ejus
714 5116 978 5185 adversus
1004 5112 1322 5185 iEcclesiam
1355 5112 1682 5167 catholicam
1721 5113 1870 5167 omni
1914 5129 2019 5185 ope

442 5180 757 5236 adfuturum
788 5184 1068 5240 scribit".
1096 5226 1101 5231 ι

516 5248 851 5307 hisectantur
873 5254 1049 5323 illum,
1079 5253 1218 5325 quod
1249 5268 1349 5309 suo
1374 5252 1604 5324 judicio,
1635 5268 1738 5307 non
1769 5253 2018 5309 distincte

526 5416 571 5450 ³⁸
598 5416 714 5471 Col.
749 5417 836 5470 δῖ.
930 5418 974 5447 ¹¹
1001 5415 1212 5471 Coloss.
1246 5432 1283 5477 ι,
1321 5417 1404 5471 lii.
1499 5416 1543 5448 "
1574 5414 1731 5470 Hebr.
1770 5430 1807 5474 t,
1843 5414 1896 5465 3.

455 5488 502 5521 ⁸⁷
536 5486 652 5540 Lib.
688 5502 739 5551 v,
769 5503 817 5540 c.
854 5487 932 5539 I6.
1014 5487 1056 5517 ’⁸
1082 5486 1199 5540 Col.
1226 5486 1328 5550 56;
1363 5484 1558 5540 Genes.
1588 5501 1659 5538 vt.

458 5558 504 5590 ³³
535 5556 572 5608 Il
603 5555 726 5610 Cor.
759 5572 837 5619 ιιι,
996 5554 1038 5586 ³⁸
1070 5554 1086 5607 I
1117 5554 1241 5608 Cor.
1282 5572 1361 5617 ιιι,
1395 5556 1445 5610 9.
1522 5556 1566 5586 ³⁵
1599 5553 1718 5607 Col.
1755 5553 1821 5608 58
1846 5562 1900 5606 et
1927 5552 2016 5606 59.

459 5627 626 5680 Marc.
663 5641 714 5686 ι’,
747 5625 845 5687 34;
890 5623 1019 5677 Luc.
1056 5641 1146 5682 vn.
1176 5626 1263 5688 50,
1298 5636 1401 5679 etc.
1500 5625 1565 5656 δ’δ’
1602 5623 1787 5677 Matth.
1823 5639 1909 5683 xv,
1938 5621 2028 5676 98.

460 5698 504 5729 δ’
544 5694 663 5749 Gal.
697 5711 768 5751 vt.
804 5694 866 5746 I0
964 5694 1007 5724 “
1053 5694 1091 5748 Il
1131 5694 1323 5748 Thess.
1363 5711 1442 5757 ιιι,
1479 5694 1561 5748 I5.
1639 5693 1681 5724 ⁸⁸
1713 5693 1810 5747 Isa.
1846 5710 1883 5754 ι,
1922 5691 2005 5745 I7.

460 5765 647 5818 Matth.
682 5780 812 5817 ssn.
844 5763 910 5814 57
938 5783 950 5824 ;
983 5762 1144 5820 Marc.
1183 5779 1275 5827 sit,
1313 5766 1410 5827 5|;
1453 5763 1576 5818 Luc.
1618 5780 1668 5829 κ,
1705 5763 1792 5818 9.7.

458 5836 588 5890 Luc.
624 5833 890 5895 “111,20.

1986 5413 2032 5444 ’⁸
2063 5411 2107 5465 11
2141 5411 2268 5467 Cor.
2299 5428 2388 5476 tv;
2426 5410 2587 5465 Rom.
2622 5427 2723 5467 vn.

1734 5485 1778 5515 ’9
1807 5483 1922 5536 Col.
1968 5481 2053 5535 526.
2134 5482 2177 5512 ”
2210 5481 2404 5536 Gencs.
2435 5497 2508 5537 vr.
2543 5498 2565 5533 ι

1755 5553 1821 5608 58
1846 5562 1900 5606 et
1927 5552 2016 5606 59.
2096 5552 2140 5583 ⁸⁶
2167 5549 2325 5603 Joan.
2366 5566 2442 5613 v1,
2477 5549 2565 5605 68.

2082 5691 2125 5723 "
2154 5690 2296 5746 Psal.
2340 5706 2536 5753 cxxsv,
2576 5690 2666 5745 26.

1872 5764 1912 5795 ⁸⁸
1945 5760 2113 5815 Exod.
2149 5777 2236 5823 xx,
2284 5761 2387 5827 12;
2424 5762 2575 5815 Deut.
2608 5778 2659 5827 v,
2700 5758 2799 5823 I6;
2840 5759 3021 5814 Matth.
3060 5776 3150 5818 xi".
3184 5759 3241 5821 -i;
3284 5756 3445 5810 Marc.
3484 5773 3575 5823 vn,
3610 5762 3704 5817 ttt;

2142 1894 2228 1951 res
2274 1911 2461 1968 sumus
2480 1895 2547 1968 ³ξ.
2594 1894 2709 1948 Non
2739 1904 2823 1949 est
2864 1904 2979 1953 hinc
3002 1895 3276 1950 sulIicieus
3322 1899 3728 1968 distributaque

2140 1958 2525 2020 ratiocinatio?

2211 2036 2400 2105 Iniquo
2436 2035 2592 2088 valde
2628 2033 2813 2088 animo
2844 2034 3057 2096 lerunt,
3087 2035 3228 2103 quod
3272 2051 3384 2089 non
3438 2045 3655 2089 tantum
3683 2055 3728 2089 tl

2139 2107 2404 2174 operibus,
2427 2105 2518 2174 sed
2540 2107 2696 2157 etiam
2716 2106 2766 2156 in
2789 2105 2914 2171 fide,
2944 2105 3189 2169 liberum,
3212 2117 3263 2159 et
3293 2122 3417 2160 sua:
3447 2110 3722 2173 potrstatis

2137 2173 2420 2229 arbitrium
2449 2173 2647 2226 homini
2675 2191 2705 2224 ιι
2753 2174 2978 2227 Domino
3026 2186 3291 2227 seruatum
3332 2177 3490 2228 dicat
3508 2176 3580 2229 ³³.
3629 2178 3725 2231 Sed

2141 2246 2243 2299 hoc
2280 2245 2459 2313 ipsum
2496 2246 2686 2312 probat
2739 2257 2803 2297 ex
2852 2245 2936 2297 his
2988 2243 3112 2297 Filii
3164 2244 3261 2296 Dei
3315 2248 3391 2298 ad
3442 2248 3720 2313 apostolos

2139 2312 2321 2369 verbis
2346 2333 2358 2368 :
2393 2312 2647 2382 Nunquid
2668 2322 2717 2366 et
2744 2331 2828 2366 vos
2855 2314 3008 2367 vultis
3041 2313 3184 2367 abire
3203 2314 3289 2366 "3
3307 2312 3580 2369 nimirum
3607 2332 3718 2371 cum

2141 2385 2437 2440 incredulis
2472 2384 2845 2452 Capernaitis,
2881 2394 2935 2439 et
2975 2384 3301 2452 quibusdam
3333 2392 3617 2451 apostatis
3652 2388 3715 2438 ab

2137 2470 2203 2509 eo
2253 2454 2636 2509 deﬁcientibus
2678 2471 2693 2507 :
2744 2453 2923 2522 palam
2955 2454 3277 2519 ostendens,
3312 2458 3596 2518 credere,
3645 2457 3719 2508 vel

2141 2539 2246 2578 non
2282 2524 2530 2589 credere,
2567 2523 2903 2578 liberrimum
2934 2539 3077 2578 esse.
3114 2522 3724 2585 Deinde,conlirtnatet

2142 2596 2227 2651 his
2257 2594 2598 2662 ejusdemad
2634 2593 2771 2647 alios
2804 2594 2985 2648 verbis
3011 2611 3025 2648 :
3057 2592 3365 2647 Secundum
3387 2596 3557 2661 ﬁdem
3587 2607 3724 2647 tatam

2137 2664 2230 2732 ﬁat
2273 2661 2461 2732 tibi”;
2498 2661 2663 2716 Fides
2696 2674 2787 2732 tua
2821 2672 2870 2715 te
2907 2670 3104 2715 salvam
3135 2662 3317 2729 fecit“
3351 2680 3367 2714 :
3415 2665 3619 2731 Magne
3655 2676 3724 2718 est

2136 2729 2268 2800 ﬁdes
2297 2743 2388 2785 tua
2416 2729 2723 2797 "‘:quibus
2736 2730 2994 2783 docemur
3017 2732 3178 2785 tidem
3213 2744 3272 2785 et
3303 2729 3557 2787 nostram
3586 2750 3722 2798 esse,

2136 2811 2364 2871 propter
2386 2802 2614 2855 liberum
2649 2802 2946 2871 voluntatis
2967 2816 3334 2871 consensum;
3364 2813 3421 2856 et
3449 2804 3727 2857 nihilomi-

2138 2869 2242 2926 nus
2279 2870 2598 2939 prun-larum
2628 2871 2829 2924 douttm
2859 2869 2975 2931 Dei,
3003 2886 3121 2924 eam
3144 2885 3240 2936 per
3266 2870 3541 2937 Spiritqu
3569 2889 3723 2925 suum

2138 2942 2415 2995 mentibus
2463 2940 2666 2994 nostris
2708 2939 3021 3001 oﬂ‘erentis.
3072 2939 3359 3003 largientis
3411 2953 3465 2994 et
3527 2945 3727 2995 conlir~

2139 3011 2363 3081 mantis.
2398 3010 2590 3064 lsthzee
2638 3011 2907 3081 duntaxat
2949 3025 3011 3062 ex
3048 3010 3353 3079 Angnsdno
3387 3026 3541 3065 nunc
3585 3014 3723 3081 adji-

2139 3082 2225 3134 cio
2259 3098 2273 3133 :
2303 3078 2518 3133 Intrare
2539 3080 2813 3133 ecclesiam
2847 3081 3123 3148 quisquam
3144 3078 3328 3147 potest
3359 3081 3551 3133 nolens
3572 3099 3595 3145 ;
3639 3078 3726 3132 ac.

2138 3150 2321 3204 cedere
2349 3161 2511 3218 potest
2546 3154 2612 3201 ad
2651 3150 2821 3202 altare
2852 3149 3071 3213 nolens;
3103 3152 3337 3216 accipere
3381 3163 3724 3203 sacramenta

2139 3229 2309 3289 potest
2332 3220 2550 3282 nolens;
2582 3221 2793 3273 credere
2816 3235 2916 3271 non
2941 3229 3131 3287 potest,
3163 3220 3266 3272 nisi
3291 3219 3491 3273 uolens.
3512 3221 3727 3274 Caetera

2139 3293 2411 3359 capitibus
2437 3292 2666 3358 signatis
2694 3290 3128 3343 observavimus.

2211 3355 2565 3428 Indignanfur
2588 3359 2750 3412 etiam
2788 3359 3107 3424 plurimum,
3135 3357 3277 3426 quod
3307 3358 3418 3412 ait:
3439 3355 3725 3426 Pmphetc

2136 3440 2182 3481 et
2203 3431 2424 3497 apostoli
2450 3430 2803 3481 hortabantur
2838 3430 3076 3481 homines
3102 3428 3371 3496 justitiam
3400 3428 3591 3495 agere,
3627 3432 3721 3481 bo-

2137 3515 2261 3551 num
2289 3515 2492 3569 quoque
2511 3500 2745 3567 operari,
2774 3500 2898 3566 quia
2929 3501 2983 3551 in
3008 3500 3158 3551 nobis
3183 3498 3280 3549 hoc
3302 3498 3393 3569 sit.
3418 3501 3610 3552 Situm
3646 3509 3727 3555 est

2138 3568 2336 3637 plane,
2386 3571 2754 3636 praeveniente
2788 3578 2843 3622 et
2882 3578 3217 3637 cooperante
3284 3568 3473 3637 divina
3511 3574 3723 3637 gratia,

2137 3636 2277 3692 sicut
2318 3638 2516 3692 Paulus
2544 3639 2609 3692 de
2637 3652 2695 3691 se
2741 3638 2856 3705 ipso
2891 3636 3170 3692 aSseverat
3211 3655 3225 3691 :
3266 3636 3456 3690 Omnia
3495 3636 3723 3705 posse»:

2136 3708 2191 3760 in
2216 3726 2274 3761 eo
2303 3711 2391 3778 qui
2416 3723 2496 3760 me
2526 3708 2870 3775 confortat”.
2898 3708 3029 3761 Plus
3054 3708 3293 3778 omnibus
3312 3707 3579 3760 laboravi.
3606 3710 3725 3761 ,ὶόιι

2135 3792 2246 3845 ego.
2293 3777 2549 3831 uitnirum
2601 3780 2778 3841 solus,
2829 3780 2919 3831 sed
2950 3781 3124 3846 gratia
3162 3777 3255 3829 Dei
3310 3794 3512 3830 mecum
3535 3779 3607 3830 δ’.
3664 3782 3725 3832 Et.

2135 3850 2261 3900 alibi
2300 3851 2439 3901 bona
2464 3864 2627 3917 opera
2662 3862 2760 3901 sua
2802 3863 3156 3911 enumerans,
3194 3849 3269 3899 ait
3309 3846 3566 3899 :Bonam
3607 3866 3725 3903 cer-

2135 3926 2309 3970 tamen
2336 3920 2551 3982 ccrtavi,
2578 3933 2792 3971 cursum
2824 3917 3206 3979 consummari,
3236 3918 3391 3983 ﬁdem
3420 3921 3637 3972 servari
3660 3922 3721 3980 “.

2134 3998 2240 4039 ctc.
2276 3991 2352 4041 Ad
2392 3990 2529 4042 alios
2563 4005 2692 4042 vero
2719 3989 2833 4040 ait:
2873 3986 3011 4039 Dum
3047 3996 3251 4054 tempus
3286 3986 3566 4049 habemus,
3602 4008 3725 4053 ape-

2136 4073 2310 4109 remur
2351 4059 2543 4111 bonum
2588 4059 2655 4111 ad
2695 4074 2873 4110 omnes
2893 4058 2960 4110 δ’.
3018 4056 3225 4109 Bonum
3273 4057 3568 4125 facientes,
3620 4078 3721 4114 non

2133 4127 2523 4199 tte/ieiunius”,
2569 4138 2696 4199 etc._
2721 4126 2979 4199 Profecto
3025 4128 3170 4179 enim
3215 4140 3549 4180 crrawrunt
3598 4146 3723 4199 pm-

2134 4197 2313 4263 phetag
2344 4201 2588 4252 dicentes
2623 4217 2636 4252 :
2674 4197 2869 4250 Discite
2921 4199 3224 4264 benefacere
3250 4236 3265 4259 ,
3300 4199 3575 4250 subvenite
3600 4197 3718 4267 ὀί)-

2133 4282 2333 4340 presso,
2360 4269 2577 4340 liberate
2600 4270 2808 4323 viduam
2829 4266 2894 4328 ³⁵⁸.
2928 4277 3058 4329 etc.,
3094 4277 3428 4340 erraverunt
3458 4278 3512 4321 et
3537 4272 3715 4340 angeli

2135 4338 2442 4403 inquieutes
2476 4356 2488 4391 :
2525 4339 2673 4392 Bona
2700 4351 2773 4389 est
2799 4340 2971 4391 oratio
3003 4353 3119 4389 cum
3148 4335 3502 4405 cleemosynu.
3528 4335 3713 4407 (λυῆῥο

2138 4408 2321 4458 temini
2348 4409 2454 4462 Deo
2482 4410 2594 4463 coeli
2616 4409 2683 4473 ⁸⁵,
2712 4417 2844 4471 cte.,
2873 4424 2920 4461 et
2939 4408 3072 4460 ravi.
3098 4409 3262 4459 etiam
3281 4407 3560 4467 Christus,
3582 4426 3719 4477 pue-

2134 4478 2342 4542 cipiens
2371 4495 2385 4530 :
2417 4481 2698 4541 Attentite,
2731 4494 2792 4531 ne
2814 4479 3080 4547 justitiam
3109 4487 3329 4529 vestram
3366 4480 3589 4539 {aetatis
3631 4498 3714 4533 co-

2058 4529 2100 4581 D
2133 4529 2245 4597 ra'm
2276 4529 2577 4602 hominibus
2598 4529 2835 4615 “,V'etc:
2861 4529 3069 4602 erravit
3098 4547 3335 4615 denique
3366 4529 3513 4602 Deus
3552 4529 3711 4602 liene-

2126 4617 2308 4671 dictus
2338 4622 2390 4672 in
2426 4618 2628 4672 sazcula
2651 4658 2666 4682 ,
2709 4629 2858 4671 tanta
2886 4620 3219 4670 auctoritate
3247 4620 3607 4687 etgravitate
3633 4623 3714 4688 ju-

2128 4688 2312 4759 betts:
2350 4689 2554 4759 Diliges
2604 4689 2885 4743 Dominum
2916 4688 3084 4740 Deum
3114 4696 3261 4738 tuum
3301 4704 3371 4741 ex
3414 4699 3525 4741 toto
3558 4694 3713 4742 corde

2125 4763 2216 4808 tuo
2244 4758 2309 4823 ³⁵⁷,
2341 4772 2446 4812 etc.
2475 4759 2695 4812 Honora
2717 4772 2921 4829 patrem
2951 4768 3099 4811 tuum
3145 4769 3192 4809 et
3221 4772 3453 4812 matrem
3477 4762 3540 4822 ",
3585 4769 3711 4821 εις-ι

2124 4828 2175 4899 si
2209 4842 2306 4896 per
2334 4845 2581 4883 errorem
2624 4828 2808 4899 lapsus
2848 4842 2931 4883 est
2961 4831 3199 4881 Irenmus
3235 4831 3494 4882 scribens
3519 4869 3537 4889 ,
3586 4845 3708 4897 pro-

2124 4896 2320 4962 phetas
2342 4910 2395 4952 et
2422 4896 2695 4969 apostolos
2722 4902 2788 4952 ad
2813 4899 3084 4966 justitiam
3122 4910 3175 4951 et
3200 4900 3345 4953 bona
3378 4915 3549 4969 opera
3578 4896 3704 4955 hor-

2126 4976 2284 5038 tatos,
2320 4977 2461 5038 quod
2490 4972 2540 5023 id
2572 4970 2624 5023 in
2658 4970 2816 5023 nobis
2845 4971 3009 5023 situm
3044 4971 3138 5022 sit.

2195 5037 2502 5094 Fastidiose
2557 5055 2771 5093 rursum
2824 5041 3265 5110 stomachantttr,
3320 5055 3382 5093 eo
3422 5041 3567 5110 quod
3599 5044 3706 5101 ait,

2123 5105 2399 5178 inquiunt,
2420 5110 2513 5164 lib.
2542 5125 2617 5175 tv,
2648 5125 2700 5164 c.
2728 5110 2830 5164 ’ὀοε
2864 5108 3053 5163 Patres
3068 5120 3198 5179 ante
3222 5105 3712 5179 tegemp'roaulga-

2119 5188 2228 5231 tam
2260 5180 2441 5251 justas
2471 5181 2639 5250 [uisse
2671 5178 2781 5251 lege
2802 5190 3032 5251 naturae.
3062 5178 3247 5232 Pritno
3278 5178 3507 5250 egregie
3539 5178 3710 5249 inqu)-

2122 5250 2272 5305 nunt
2294 5252 2643 5307 sanctissimo
2672 5250 2847 5306 Patri.
2887 5250 3003 5305 Non
3058 5252 3203 5306 ettim
3276 5260 3357 5304 ait
3406 5265 3497 5306 eos
3545 5256 3711 5320 [sine

3298 5408 3345 5440 ²⁸
3384 5406 3425 5460 Il
3456 5406 3588 5460 Cor.
3629 5423 3707 5461 ιιι.

3256 5479 3302 5509 ⁸⁸
3330 5476 3489 5531 Joan.
3529 5492 3620 5531 xv.
3655 5477 3708 5528 9.

3200 5547 3246 5579 ³⁸
3275 5547 3464 5601 Matth.
3502 5564 3575 5605 Ix.
3603 5548 3706 5606 εὶς

3243 5618 3283 5648 ⁸⁸
3314 5618 3350 5670 II
3377 5617 3519 5669 Tim.
3553 5633 3626 5673 tv,
3656 5617 3705 5668 Ἰ.

3278 5689 3317 5718 ⁸⁷
3354 5687 3507 5740 Deut.
3541 5704 3615 5745 ιι.
3641 5688 3705 5745 5;

2810 5412 2855 5444 ’³
2884 5410 2903 5465 I
2932 5409 3088 5465 Joan.
3117 5424 3199 5465 ιιι.

2718 5481 2759 5513 ³⁸
2794 5481 2911 5535 Lib.
2953 5498 3012 5536 ιιι
3042 5488 3094 5532 et
3127 5496 3178 5532 v.

2648 5551 2690 5583 ³⁷
2720 5550 2905 5604 Matth.
2940 5568 3015 5611 Ix,
3036 5551 3128 5604 29.

2645 5622 2690 5653 ιθ
2726 5621 2739 5673 ι
2774 5622 2900 5674 Cor.
2938 5637 3026 5685 xv,
3063 5620 3147 5673 ιο.

2745 5691 2788 5721 ⁸⁸
2829 5689 3015 5743 Matth.
3047 5706 3117 5745 vt.
3147 5691 3196 5743 I.

2134 5482 2177 5512 ³⁸
2210 5479 2404 5536 Cenes.
2435 5497 2508 5537 vr.
2543 5497 2639 5535 vu.

2121 5621 2163 5651 "
2203 5618 2337 5674 Pliil.
2374 5636 2445 5683 tv,
2474 5621 2558 5675 I3.
