3878 6348
396 441 421 497 1
431 440 537 496 363

1734 434 2089 492 VARIORUM
2130 434 2338 492 ΝΟΤᾹΞ

3510 429 3629 485 12561

394 552 525 621 Irgii
576 548 973 621 Lincolniensis
1010 549 1177 614 socio,
1221 549 1313 618 qui
1356 548 1677 621 glossarium
1727 548 2052 621 Grtet'ttm'A
2085 549 2325 621 monitis,
2383 558 2438 621 et
2494 547 2829 621 pereruditis
2870 547 2922 603 in
2972 546 3180 601 Novum
3223 543 3629 621 ΔΤεξειειιιιετιιιπη

398 618 674 690 integrum
714 620 845 682 fere,
883 635 968 674 me
1009 629 1260 690 rogante,
1297 618 1574 690 conficere
1601 619 1744 690 haud
1778 634 1975 686 grava-

397 699 492 745 tus
522 688 627 753 est,
662 691 803 758 quod
830 690 895 743 ad
931 688 1309 757 prolegomena
1341 689 1735 742 conscribenda
1768 701 1977 756 tempo-

399 761 483 814 ris
528 760 779 829 prmliniti
826 760 1074 826 angustia
1124 772 1208 829 me
1254 758 1518 829 adigeret.
1570 759 1837 829 Caeterum
1880 772 1975 827 per

399 827 714 884 universum
756 829 860 882 hoc
901 842 1057 895 epos,
1107 827 1194 879 lllti
1233 828 1432 880 duhius
1466 829 1786 894 quandoque
1823 828 1975 890 ha‘si,

398 899 701 967 przesertim
731 899 875 952 circa
904 898 1018 950 loca
1048 898 1295 967 quazdam
1329 895 1646 963 Scripturae,
1679 898 1745 952 ab
1775 897 1976 949 Irena~o

399 966 561 1034 paulo
591 968 752 1022 aliter
779 983 842 1022 ac
884 982 982 1021 nos
1017 980 1078 1019 ea
1115 966 1363 1033 legimus,
1392 968 1579 1025 citata.
1613 967 1974 1020 honoratissi-

395 1053 546 1094 tnum
568 1036 835 1091 fautorem
869 1052 1044 1089 meum
1074 1036 1133 1087 It.
1156 1034 1422 1088 Joannem
1462 1036 1708 1099 Mtlliutn,
1738 1037 1798 1090 S.
1823 1037 1976 1088 theo-

393 1105 554 1177 logiae
612 1106 979 1176 professorem
1036 1105 1411 1159 doctissimum
1479 1106 1765 1170 consului,
1817 1105 1975 1174 cujus

2083 615 2522 674 adnotationibus
2556 634 2640 672 me
2690 619 2831 671 haud
2874 632 3066 686 parum
3119 615 3412 686 profecisse
3461 630 3631 685 gratus

2083 690 2357 753 proliteor.
2390 688 2535 741 Inter
2558 698 2781 741 exteros
2813 685 3002 740 unicus
3035 686 3163 739 mihi
3192 685 3550 741 nominandus
3570 690 3628 744 ll.

2080 758 2142 811 Ρ.
2173 757 2399 810 Michael
2437 758 2700 824 Lequien,
2731 756 2939 809 ordinis
2972 755 3399 815 Pra‘dicatnrum
3437 756 3630 812 theolo.

2080 842 2177 895 gus
2238 827 2586 885 Parisiensis:
2645 825 2801 893 cujus
2864 827 3136 878 inusitatae
3189 825 3257 895 ad
3311 838 3484 895 meam
3530 843 3631 878 om-

2079 894 2311 962 nemque
2342 911 2453 950 rem
2488 897 2808 950 litterariam
2836 894 3129 960 iuvandam
3160 894 3436 946 alacritati
3478 896 3630 949 debeo

2078 967 2281 1026 omnia,
2316 979 2653 1032 quzecunque
2688 981 2715 1017 a
2746 963 3042 1018 Gallicanis
3069 964 3349 1016 codicibus
3381 964 3628 1029 descripta

2079 1044 2171 1085 aut
2205 1037 2492 1087 emendata
2527 1036 2673 1089 dedi.
2710 1032 2871 1086 Hisce
2909 1034 3091 1101 igitur,
3140 1032 3404 1085 benevole
3454 1035 3624 1097 lector,

2078 1113 2253 1169 utere,
2286 1114 2340 1158 et
2374 1104 2544 1158 Deum
2581 1118 2680 1172 pro
2710 1118 2824 1155 mea
2857 1103 3029 1156 salute
3059 1117 3175 1156 ora.

1521 1253 3596 1281 Μ

1325 1360 2169 1556 VARIQRUM
2266 1426 2728 1552 NOTAE

494 1690 639 1802 IN
717 1684 1221 1804 LIBROS
1301 1682 1419 1795 S.
1521 1681 2055 1797 ΙΒΕΝᾸΕΙ
2134 1679 2713 1794 CONTRA
2790 1678 3526 1794 HZERESES.

1334 2079 1525 2167 ‘IN-
1577 2079 2036 2167 LIBRUM
2116 2077 2639 2193 PRIMUM.

506 2266 676 2351 (Quae
705 2268 1069 2329 indicantur
1093 2269 1470 2347 paginarum
1500 2265 1846 2327 mtmerales
1875 2276 2059 2340 notae,
2088 2267 2377 2327 lectorem
2411 2267 2493 2329 ad
2522 2283 2811 2328 numeros
2832 2276 3123 2328 revocant
3164 2284 3322 2347 quo:
3347 2265 3520 2345 typis

1496 2366 1915 2435 crassioribus
1953 2368 2160 2427 textui
2192 2366 2615 2445 inseruimus.)

1950 2537 2020 2557 φι-

379 2682 462 2734 Ea:
510 2679 936 2735 adnotationibus
988 2678 1200 2751 Nicolai
1260 2679 1486 2736 Gallosii
1544 2683 1598 2735 in
1646 2684 1949 2751 proremium
1987 2686 2027 2744 Β
2060 2682 2345 2751 imperitos
2370 2692 2423 2736 et
2472 2683 2693 2737 minime
2742 2681 2913 2735 malos
2958 2681 3187 2751 incitant
3229 2678 3298 2729 ad
3351 2678 3625 2747 inquiren-

1066 2750 1186 2802 libri
1217 2766 1254 2802 ι.

449 2818 586 2885 Pag.
646 2819 700 2875 1.
736 2817 1030 2883 Quatenus.
1085 2818 1399 2874 Mendosum
1440 2820 1683 2874 codicem
1730 2821 1953 2875 traduc-

377 2889 483 2944 tori
528 2888 701 2943 fuisse
755 2888 1019 2955 oportuit,
1055 2889 1146 2954 qui
1182 2903 1280 2957 pro
1321 2889 1412 2943 ἐπί
1452 2890 1581 2956 legit
1627 2890 1766 2942 ἐπεί.
1800 2889 1953 2945 Unde

378 2961 542 3013 etiam
572 2958 786 3027 longum
809 2957 1166 3027 hyperbatum
1190 2966 1244 3010 et
1263 2959 1687 3013 ἁνανταπόδοτον
1708 2969 1951 3014 secutum

378 3036 481 3083 est.
524 3024 685 3081 Nunc
701 3024 914 3081 sublata
940 3026 1178 3080 litterula
1229 3043 1356 3090 una,
1386 3044 1577 3083 sensus
1602 3030 1697 3084 tibi
1714 3030 1954 3084 redditur

377 3098 615 3167 planior.
638 3095 897 3167 Quamvis
915 3095 1068 3167 enim
1101 3098 1443 3167 exolvereth
1457 3100 1527 3151 sit
1550 3098 1746 3162 oratio,
1770 3109 1950 3154 tamen

378 3165 433 3220 Μ.
465 3165 720 3221 distincte
746 3165 960 3232 singula
995 3166 1251 3227 secernit,
1287 3178 1338 3221 et
1374 3165 1538 3222 e‘lIicit
1574 3177 1633 3221 ut
1660 3168 1955 3223 anteriori-

376 3236 481 3289 hns
513 3234 819 3303 posteriora
854 3244 978 3303 apte
1020 3234 1405 3301 respondeant.
1449 3235 1585 3290 Hinc
1617 3237 1773 3292 facile
1812 3251 1953 3292 con-

373 3302 537 3371 jicies
577 3303 840 3358 Irenaeum
874 3302 1074 3355 librum
1109 3318 1265 3357 suum
1300 3320 1405 3358 non
1441 3308 1777 3361 convertisse
1806 3324 1820 3360 :
1855 3324 1953 3363 nec

380 3373 527 3426 enim
580 3372 897 3444 in_vocu_la
965 3371 1079 3425 falli
1132 3374 1424 3444 potuisset,
1491 3390 1827 3444 quaecunque
1876 3378 1951 3433 illi

378 3441 712 3514 exemplaria
766 3440 979 3514 objecta
1020 3450 1230 3514 essent.
1287 3440 1413 3514 Non
1470 3440 1553 3497 eét
1600 3440 1764 3514 igitqu
1809 3447 1951 3514 quod

377 3509 604 3581 mireris
646 3519 753 3563 tam
783 3509 951 3581 multa
972 3511 1235 3581 obscura,
1264 3512 1521 3581 perplexa
1547 3521 1602 3567 et
1622 3509 1858 3568 'confus'a
1897 3517 1951 3569 in

379 3589 495 3634 toto
523 3577 946 3651 libroreperiri.
972 3577 1108 3633 Nam
1132 3577 1495 3651 prtcterquam
1526 3583 1667 3651 quod
1695 3585 1954 3639 mendoso

378 3646 682 3721 exemplari
719 3646 1070 3721 interpretem
1101 3646 1257 3704 usum
1286 3646 1407 3705 esse
1433 3646 1618 3721 aperte
1640 3662 1880 3718 constat,
1909 3655 1956 3709 is

377 3732 510 3772 sane
544 3715 931 3790 Graecushfuit,
974 3734 1149 3790 neque
1182 3721 1318 3790 satis
1359 3715 1529 3774 tenuit
1569 3715 1951 3790 proprietatem

376 3798 430 3841 et
464 3785 1231 3859 puritatemiinguzeLatinae,
1262 3789 1425 3859 idque
1448 3790 1532 3846 vel
1557 3785 1621 3845 ex
1649 3785 1764 3845 s'olo
1786 3793 1954 3847 verbo

378 3856 845 3931 παραπέμπεσθαι-ι
876 3858 1035 3912 facile
1068 3856 1384 3931 perspicies.
1419 3859 1551 3931 Nam
1584 3861 1712 3915 illud
1743 3865 1954 3931 accepit

378 3925 478 3994 pro
506 3925 723 3998 rejicere
753 3925 834 3980 vel
865 3925 1099 3998 aversari
1126 3942 1144 3979 :
1173 3943 1271 3997 pro
1297 3944 1405 3998 quo
1428 3929 1700 3997 refutandi
1729 3925 1951 3986 verbum

2057 2749 2205 2806 dum.
2236 2752 2372 2816 Quis
2395 2753 2539 2806 enim
2567 2763 2710 2807 vetet
2739 2751 3014 2819 inquirere
3038 2750 3104 2802 de
3129 2749 3195 2819 iis
3216 2761 3341 2818 qua:
3368 2764 3472 2819 nos
3497 2752 3624 2801 scire

2055 2821 2310 2887 Oportet?
2341 2820 2651 2874 Prmsertim
2694 2817 2820 2874 cum
2852 2820 3000 2874 dicat
3028 2818 3279 2873 Christus
3324 2834 3339 2869 :
3377 2817 3620 2883 Quaerite,

2055 2898 2105 2942 et
2152 2890 2424 2943 invenietis
2442 2891 2533 2944 ⁶⁰’.
2568 2890 2673 2944 Sed
2704 2888 2847 2943 nulla
2888 2888 3151 2957 probabili
3204 2887 3621 2957 rationeexcu-

2056 2972 2177 3012 sare
2212 2967 2463 3027 possunt,
2503 2961 2647 3027 quod
2684 2955 2988 3027 inquirendi
3026 2958 3242 3010 modum
3276 2955 3618 3027 escedeittes.

2093 3025 2288 3097 erdtint
2351 3043 2470 3090 eos,
2523 3025 2665 3097 quos
2722 3025 2787 3082 ad
2834 3028 3168 3097 impietatem
3223 3033 3277 3079 et
3331 3025 3623 3079 horrendas

2097 3096 2421 3167 lasphemias
2448 3096 2748 3167 impellunt.

2127 3163 2254 3237 Pag.
2287 3167 2340 3220 5.
2372 3163 2641 3237 Ωιιὶηῗηοη
2670 3182 2847 3237 omnes
2874 3166 3138 3237 cerebrum
3162 3164 3378 3237 trahent.
3410 3163 3622 3237 Legiiur

2057 3236 2109 3289 in
2154 3232 2379 3298 Grteco,
2425 3236 2548 3288 ἐπεὶ
2611 3236 2684 3306 μὴ
2750 3235 2950 3297 πάντες
3000 3235 3091 3288 τὸν
3154 3234 3461 3302 ἐγκέφαλον
3514 3232 3620 3297 €5,5-

2054 3306 2343 3368 πτύκασιν,
2375 3306 2426 3359 id
2459 3314 2564 3368 est,
2593 3323 2697 3358 non
2720 3322 2894 3358 omnes
2933 3306 3199 3358 cerebrum
3242 3318 3564 3368 exspirarunt
3605 3316 3622 3353 :

2054 3375 2145 3429 τὸν
2174 3374 2471 3443 ἐγκέφαλον
2510 3374 2863 3439 ὲξεπτυκέναι
2908 3376 3107 3429 dicitur
3152 3375 3220 3428 de
3261 3375 3352 3437 iis,
3398 3387 3619 3441 quorum

2056 3445 2339 3498 cerebrum
2376 3460 2479 3497 non
2525 3445 2817 3513 impeditur
2860 3444 3057 3497 crassis
3102 3443 3619 3513 humoribus,quo-

2057 3514 2237 3568 minus
2284 3529 2397 3567 rem
2453 3511 2713 3567 latentem
2770 3512 3173 3581 implexamque
3217 3521 3273 3581 et
3318 3511 3620 3581 involutam

2056 3592 2252 3638 eruant
2281 3598 2343 3637 ac
2370 3583 2661 3637 denudent.
2694 3582 2792 3648 Qui
2825 3579 3057 3651 denique
3080 3579 3180 3635 nec
3204 3579 3457 3634 elleboro
3486 3580 3620 3633 indi-

2057 3660 2186 3721 gent
2233 3667 2332 3706 nec
2378 3651 2935 3722 apophlegmatismis,
2984 3660 3044 3704 ut
3093 3652 3381 3722 cerebrum
3428 3664 3620 3722 expur-

2057 3720 2204 3790 gent,
2248 3722 2285 3773 ii
2323 3720 2428 3775 dici
2471 3731 2697 3790 possunt
2733 3722 3018 3790 cerebrum
3066 3720 3354 3788 exspuisse
3380 3759 3398 3784 ,
3451 3720 3518 3790 id
3548 3727 3623 3790 est

2057 3787 2316 3860 purgasse
2355 3802 2407 3845 et
2435 3787 2746 3860 defzecasse.
2786 3789 3018 3860 Ductum
3053 3787 3268 3843 videtur
3305 3805 3342 3860 _a
3377 3787 3618 3860 medicis.

2055 3857 2431 3930 qui'grarata
2461 3859 2783 3930 humoribus
2826 3859 3003 3928 capita
3055 3869 3164 3912 tum
3209 3857 3476 3930 errhinis,
3520 3868 3621 3911 tua

2056 3928 2469 3985 aliis'rcmediis
2496 3928 2743 3996 pituitam
2774 3937 2830 3983 et
2857 3936 3015 3995 sputa
3043 3929 3407 3982 edncentihus
3437 3942 3620 3995 repur-

379 3997 693 4075 ttsurpavit;
732 3996 877 4075 quod
904 4004 1079 4075 tamen
1116 3996 1259 4075 in;ea
1288 3996 1694 4075 signifieatiune
1731 4003 1951 4075 proprie
1979 4010 2021 4067 α
2055 4013 2184 4069 gare
2223 3998 2418 4075 solent.
2464 3998 2587 4075 Haec
2623 3999 2787 4075 igitur
2819 3997 3082 4065 profunda
3113 3996 3618 4075 Xaleittiniattorum

379 4066 557 4139 accipi
625 4080 731 4118 non
796 4074 996 4139 potest.
1063 4066 1568 4124 Intellexit'autem
1642 4066 1951 4139 traductor,

377 4133 639 4207 quosdam
659 4135 894 4207 essequi
926 4136 1284 4207 adversantur
1308 4139 1549 4206 veritati,
1571 4153 1800 4207 eamque
1823 4133 1952 4207 reji;

377 4204 549 4270 ciunt,
582 4211 641 4277 ut
663 4202 886 4277 _Gallice
919 4204 1074 4273 vulgo
1105 4207 1290 4261 dicere
1319 4202 1557 4262 solemus
1595 4210 1662 4263 de
1704 4202 1769 4262 eo
1808 4202 1952 4277 quod

377 4288 504 4347 uon_
534 4273 868 4347 admittitur,
941 4289 1216 4347 renvoyer,
1243 4278 1329 4347 _At
1369 4279 1590 4347 proprie
1634 4273 1951 4345 accipienda

378 4350 464 4395 est
492 4342 609 4414 haec
639 4342 907 4414 dictiode
952 4344 1018 4397 iis
1047 4342 1138 4412 qui
1186 4343 1319 4400 falso
1350 4342 1611 4414 praetextu
1652 4348 1707 4401 in
1754 4342 1956 4402 verita-

378 4422 488 4486 tem
516 4412 688 4479 ipsam
714 4413 901 4486 emissi
922 4423 1069 4486 sunt.
1096 4414 1206 4486 Nec
1226 4412 1544 4484 simpliciter
1565 4418 1717 4483 dicit,
1740 4432 1953 4486 πεμπο-

379 4480 612 4602 Ξιένους,
663 4484 788 4550 quia
844 4483 1044 4535 nullam
1100 4480 1410 4538 missionem
1464 4496 1555 4540 attt
1613 4480 1949 4541 vocationem

401 4552 678 4602 eailimam
725 4552 927 4602 habent
969 4553 1088 4602 I'alsi
1131 4553 1409 4602 doctores.
1452 4559 1545 4602 sed
1581 4574 1949 4602 παραπεμπο-

401 4552 678 4629 egitimam
725 4552 927 4629 habent
969 4553 1088 4607 l'alsi
1123 4553 1409 4629 doctores,
1452 4559 1545 4629 sed
1581 4574 1952 4629 παραπεμπο-

383 4623 598 4690 μένους,
628 4623 770 4689 quod
804 4632 1000 4688 praeter
1033 4623 1298 4676 rationem
1327 4634 1382 4676 et
1409 4623 1713 4681 ordinem'a
1748 4623 1949 4680 Satana

378 4701 435 4743 et
470 4690 588 4758 ejus
625 4692 849 4745 asseclis
890 4692 1073 4745 emissi
1106 4702 1288 4745 essent
1320 4710 1332 4744 :
1381 4704 1437 4746 ut
1477 4697 1638 4749 etiam
1676 4698 1816 4750 idem
1865 4698 1953 4750 hic

284 4808 285 4811 η
378 4760 725 4834 auctordicit
754 4775 850 4815 eos
874 4760 1313 4832 παραδιδάσκειν,
1342 4767 1483 4831 quod
1506 4777 1701 4834 printer
1726 4764 1950 4820 verbum

383 4829 475 4884 Dei
506 4829 643 4903 falsa
674 4841 727 4886 et
749 4829 1008 4885 ementita
1039 4829 1409 4903 annuntient:
1436 4829 1887 4903 quemadmodum
1920 4851 1950 4889 a

383 4901 742 4972 Demosthene
757 4900 1205 4972 νπαραπρεσϐεία,
1237 4902 1368 4955 falsa
1393 4900 1727 4959 et—emenlita
1753 4905 1953 4972 legatio

382 4969 706 5042 appellatur.
739 4969 914 5042 Atque
952 4969 1066 5026 hac
1094 4973 1312 5041 quidem
1338 4975 1405 5027 ab
1435 4974 1590 5027 initio
1622 4976 1738 5042 ipso
1766 4969 1954 5028 admo-

381 5054 514 5092 nere
544 5040 709 5115 volui,
737 5052 795 5115 ut
824 5041 1031 5115 reliqua
1056 5040 1367 5115 ex’pcndant
1388 5040 1674 5111 diligenter
1696 5045 1948 5108 lectores,

380 5122 500 5175 quae
530 5110 575 5162 si
618 5110 753 5165 mihi
793 5111 1002 5180 singula
1037 5111 1404 5165 etmmcranda
1448 5110 1612 5182 atque
1643 5116 1949 5168 adnotanda

380 5187 583 5242 essent,
621 5192 731 5260 tum
766 5195 940 5235 essent
978 5182 1262 5260 prolixior,
1306 5190 1419 5237 tum
1452 5184 1619 5236 etiam
1654 5184 1952 5260 dejudit-io

380 5262 567 5323 eorum
609 5252 708 5323 qui
741 5266 846 5323 non
883 5252 1105 5323 omnino
1140 5254 1438 5323 oscitantes
1467 5263 1523 5307 et
1557 5255 1733 5323 supini
1767 5268 1949 5318 erunt,

2061 4067 2337 4137 inysteria,
2370 4083 2476 4123 non
2511 4068 2580 4121 ab
2612 4067 2865 4121 omnibus
2890 4067 3273 4137 comprehendi
3306 4082 3471 4135 posse
3501 4067 3621 4119 dicit

2055 4136 2314 4203 Irenzeus,
2357 4141 2500 4206 quod
2542 4151 2649 4191 non
2691 4151 2880 4190 omnes
2919 4136 3137 4189 solertia
3190 4151 3255 4189 ac
3291 4137 3621 4204 perspicaci:

2055 4208 2268 4277 μνωόὶιί
2313 4209 2441 4261 sint.
2486 4208 2677 4261 Posset
2720 4207 2885 4260 etiam
2931 4207 2984 4259 in
3031 4210 3370 4259 contrariam
3422 4217 3621 4273 partem

2057 4277 2229 4345 accipi
2266 4277 2317 4330 in
2357 4291 2450 4331 eos
2486 4278 2577 4346 qui
2616 4277 2777 4329 nimis
2810 4277 3081 4344 exquisite
3107 4288 3436 4344 purgantur,
3470 4277 3542 4328 ita
3569 4286 3622 4327 ut

2056 4362 2160 4400 non
2188 4346 2360 4400 solum
2387 4347 2689 4415 superﬂuos
2714 4347 2986 4410 humores,
3018 4348 3109 4398 sed
3135 4346 3424 4399 cerebrum
3459 4348 3620 4415 ipsum

2055 4426 2327 4485 exspuunt
2356 4426 2411 4471 et
2445 4413 2686 4486 ejiciant.
2723 4416 2799 4468 Ita
2830 4430 3030 4468 sensus
3065 4424 3233 4486 esset,
3275 4430 3385 4467 non
3415 4413 3621 4467 admitti

2055 4489 2124 4539 ab
2153 4484 2403 4540 omnibus
2448 4484 2635 4541 delirio
2680 4494 2734 4538 et
2779 4494 3025 4553 portenta
3059 4484 3275 4537 illorqu
3321 4486 3617 4547 hominum,

2054 4558 2181 4625 quia
2215 4558 2427 4610 tametsi
2476 4554 2641 4608 rudes
2676 4556 2921 4623 plerique
2964 4554 3271 4618 videantur,
3317 4564 3501 4606 tamen
3539 4568 3620 4625 ce-

2055 4624 2217 4679 rebro
2264 4641 2366 4679 non
2410 4635 2614 4678 carent.
2661 4627 2727 4678 Et
2766 4625 3019 4677 convenit
3062 4625 3438 4691 proverbium,
3475 4624 3623 4690 ὲγχέο

2055 4695 2220 4761 φαλον
2249 4695 2348 4749 οὐκ
2376 4694 2507 4766 ἔχει.
2546 4697 2623 4748 Ac
2656 4704 2805 4766 certe
2832 4702 3049 4761 praestat
3079 4694 3241 4766 paulo
3258 4694 3618 4766 crassiorem.

2054 4781 2215 4834 quam
2245 4768 2314 4819 ita
2348 4764 2604 4819 solertem
2632 4779 2756 4819 esse
2788 4764 2842 4817 in
2870 4766 3029 4816 rebus
3060 4764 3412 4831 perniciosis,
3447 4773 3504 4816 et
3530 4764 3619 4815 hoc

2057 4836 2215 4890 modo
2262 4835 2600 4906 ἁεροϐατεῖν,
2638 4845 2697 4887 ut
2733 4848 2908 4902 neque
2946 4834 3163 4906 coelum,
3215 4847 3402 4906 neque
3432 4842 3619 4906 terram

2054 4902 2467 4973 attingas.'5ed
2525 4907 2760 4973 priorem
2807 4904 3199 4970 expositionem
3250 4903 3407 4971 sequi
3465 4902 3618 4963 malo,

2053 4979 2196 5042 quod
2230 4977 2512 5043 proposito
2538 4974 2724 5028 Iremci
2751 4975 2944 5027 melius
3005 4973 3303 5043 convenire
3343 4973 3605 5027 videatur.

2302 5041 2517 5100 Scholia
2544 5043 2695 5097 Billii
2726 5045 2777 5096 in
2806 5043 3112 5112 prowmium
3150 5041 3370 5095 Irena’i.

2126 5113 2255 5186 Pag.
2294 5116 2649 5186 Lﬂuoniant
2682 5111 2944 5186 nonnulli.
2979 5112 3154 5165 (ἔνωρί
3187 5112 3520 5179 exemplaris
3550 5111 3618 5186 vi:

2056 5181 2227 5246 tiuan
2267 5202 2296 5238 a
2349 5184 2589 5239 Gallasio
2642 5198 2747 5237 non
2805 5184 3269 5244 animadversum,
3322 5185 3522 5235 densas
3570 5181 3615 5233 ei

2055 5257 2279 5309 nebulas
2326 5255 2577 5309 ollundit.
2630 5253 2939 5321 Legendqu
2988 5254 3134 5305 enim
3187 5260 3272 5304 est
3323 5251 3467 5315 ἐπεί,
3516 5267 3615 5305 non

378 5317 598 5394 viderer
644 5319 884 5394 ‘uimium
930 5320 1204 5394 Adillidere.
1260 5322 1447 5388 Itaque
1502 5324 1588 5376 illa
1624 5317 1770 5393 'qua:
1834 5317 1951 5377 ani-4
1983 5336 2026 5391 Ι)
2054 5322 2166 5387 ὲπί,
2206 5336 2262 5378 ιιι
2302 5325 2459 5379 facile
2503 5317 2812 5394 perspiciet,
2847 5323 2941 5390 qui
2989 5323 3212 5391 propius
3262 5323 3617 5394 animumat-

381 5385 766 5458 tttadversione
795 5390 1042 5458 digniora
1080 5401 1261 5454 erunt,
1296 5385 1503 5446 tantum
1537 5385 1827 5449 adnotabo.

408 5456 582 5537 “Pag.
614 5456 669 5512 Ξ.
700 5456 999 5516 Suadenter
1022 5462 1099 5513 illi
1127 5464 1356 5537 quidem.
1382 5463 1477 5516 Est
1500 5465 1588 5518 hic
1613 5464 1829 5537 elegans
1856 5479 1952 5517 an-

383 5529 630 5601 tithesis,
699 5542 1033 5601 quamhnon
1080 5532 1376 5601 expressit
1431 5544 1583 5588 vetus
1648 5529 1950 5601 inlerprm,

381 5595 667 5661 πειθανὼς,
716 5597 1057 5662 Ἀπειθὰνως.
1079 5595 1214 5653 Idem
1232 5613 1307 5655 est
1333 5617 1396 5655 ac
1420 5604 1462 5657 si
1487 5605 1693 5659 diceret
1717 5619 1729 5657 :
1755 5595 1955 5659 Proba;

381 5667 476 5724 bili
504 5668 717 5737 quidem
738 5668 948 5723 ratione
970 5671 1068 5724 niti
1089 5672 1259 5725 videri
1284 5684 1533 5742 possunt,
1560 5676 1682 5730 dum
1707 5676 1954 5734 homines

451 5820 522 5862 ςο·
551 5818 740 5882 manu.
779 5834 872 5890 vn,
910 5822 973 5890 7;
1009 5822 1141 5880 Luc.
1184 5841 1262 5897 xl,
1292 5827 1348 5885 9.

2062 5397 2315 5449 ten'derit.
2381 5393 2722 5464 Letigissiuta
2787 5402 2967 5445 autent
3001 5404 3138 5464 gest
3178 5394 3298 5447 hate
3357 5393 3617 5464 periodus,

2060 5475 2246 5533 utpote
2276 5467 2327 5519 iu
2347 5461 2522 5533 quant
2539 5467 2703 5517 multa
2734 5464 2971 5533 Irenteus
3000 5462 3309 5517 inculcarit.
3358 5461 3620 5533 Potuisset

2062 5531 2205 5588 enim
2242 5531 2480 5590 breviter
2515 5536 2585 5587 ita
2616 5535 2797 5588 dicere
2827 5551 2841 5587 :
2878 5531 3141 5595 Quoniam
3174 5532 3417 5584 nonnulli
3461 5532 3617 5597 [oleas

2061 5607 2332 5661 doctrinas
2365 5605 2631 5667 invehunt,
2666 5621 2754 5657 eos
2795 5605 2887 5656 tibi
2919 5605 3231 5655 indicandas
3261 5603 3417 5664 duxi,
3454 5609 3506 5651 ut
3536 5615 3619 5651 ea:

2061 5677 2147 5741 iis,
2179 5678 2267 5744 qui
2309 5688 2477 5732 tecum
2519 5685 2812 5730 versantur.
2855 5673 3156 5743 perspicuas
3196 5674 3394 5743 facias,
3438 5674 3619 5739 desque
