3906 6366
228 396 255 453 ί
265 394 370 450 -189

343 509 414 581 ει
444 510 602 566 sileas
632 527 832 575 moueo,
854 511 1115 581 jubeoque
1149 512 1448 565 tremiscere
1470 524 1691 575 montes,

342 580 409 635 Et
452 581 656 651 mugire
678 581 870 647 solum,
908 598 1190 652 manesque
1226 582 1370 635 exire
1395 582 1667 650 sepulcris.

229 719 485 786 Nugatur
502 719 667 774 etiam
685 720 928 775 Serenus
948 718 1271 773 Samonicus
1289 718 1354 772 de
1368 718 1586 772 nomine
1607 737 1623 768 ι
1651 719 1816 771 Abra-

230 788 504 851 cadabra,
553 808 573 842 s
623 798 683 843 ut
730 797 783 845 et
815 788 905 842 alii
954 789 1020 843 de
1058 806 1077 841 t
1108 788 1381 850 Aratitba,
1412 807 1429 840 ι
1466 787 1641 842 etc."
1675 787 1816 842 Vero

233 860 407 927 igitur
433 858 609 912 simile
626 868 731 922 est,
767 868 977 913 astutos
1001 858 1136 913 istos
1166 857 1591 926 praestigiatores
1625 857 1813 912 istluec

235 930 456 996 magica
491 937 546 981 et
575 929 809 983 barbara
854 929 1031 992 magis
1078 937 1353 995 portenta,
1399 942 1563 995 quam
1593 927 1811 982 nomina

230 998 487 1060 ﬁnxisse,
518 1008 573 1051 et
610 1014 803 1066 magno
833 996 1125 1065 supercilio
1160 996 1484 1059 inculcasse,
1519 996 1585 1050 ad
1616 997 1813 1051 conci-

226 1068 436 1121 tandos
465 1066 796 1137 simplicium
838 1068 1072 1132 animos,
1110 1074 1168 1120 ut
1211 1080 1565 1137 cuuimagno
1590 1077 1812 1133 stupore

230 1137 558 1207 angustiora
577 1135 588 1137 “
619 1144 877 1207 putarent
907 1151 1027 1205 quae
1056 1151 1161 1189 non
1191 1135 1555 1207 intelligerent
1580 1153 1595 1202 ;
1625 1145 1681 1189 et
1708 1136 1812 1207 daa-

232 1220 428 1260 tnoues
452 1206 574 1260 ictis
618 1205 793 1275 pactis
821 1208 1142 1261 assistentes
1178 1206 1243 1259 ad
1292 1206 1486 1260 horum
1516 1205 1810 1259 vocabulo-

232 1290 362 1329 rum
398 1277 893 1344 pronuntiationes,
926 1290 1046 1345 qua}
1076 1275 1423 1345 postulabant
1463 1275 1635 1345 magis
1673 1290 1814 1343 prae.

237 1343 475 1409 starent,
509 1353 569 1399 ut
603 1346 857 1411 superius
899 1346 965 1400 de
996 1343 1162 1400 Marci
1194 1358 1350 1400 cinna
1390 1343 1573 1399 habes
1596 1359 1716 1413 cap.
1753 1345 1808 1398 9.

232 1413 393 1479 Quod
424 1417 469 1469 si
500 1430 620 1485 qua:
656 1416 746 1485 hic
793 1415 981 1481 habes,
1029 1413 1261 1469 Hebraea
1294 1414 1577 1485 vocariab
1608 1414 1811 1485 Irench

233 1498 457 1551 urgeas,
490 1482 861 1554 responderim
892 1498 997 1539 non
1031 1499 1249 1549 exsuo,
1276 1485 1368 1538 sed
1395 1482 1812 1554 Valentiniano-

233 1568 358 1623 rnm
388 1568 550 1607 sensu
583 1553 707 1608 esse
732 1554 1171 1623 intelligendum,
1201 1569 1325 1608 cum
1354 1554 1406 1607 id
1438 1568 1601 1604 unum
1634 1553 1812 1607 conli-

231 1622 431 1691 denter
457 1631 511 1679 et
545 1637 673 1678 vere
720 1620 937 1691 possiuf
975 1620 1268 1689 afﬁrmare,
1310 1637 1371 1676 ea
1406 1636 1598 1690 nempe
1633 1637 1733 1676 nec
1777 1636 1823 1675 at

228 1690 450 1761 Graeca,
479 1706 578 1747 nec
606 1693 674 1747 ab
710 1690 954 1760 Hebraea,
993 1691 1309 1759 Cbatdaica,
1345 1691 1509 1761 Syra,
1549 1701 1639 1746 aut
1673 1694 1807 1745 Ara-

231 1759 356 1832 bica
390 1760 576 1830 lingua
607 1764 773 1832 petita
806 1759 947 1818 esse.

1524 389 1590 445 lN
1630 390 1761 448 LIB.
1798 391 1814 444 l
1855 390 1912 446 S.
1954 390 2231 446 IRENEI.

1843 519 1889 573 Α
1919 522 1975 566 ει
2027 513 2123 569 lib.
2161 527 2219 566 ιιι
2261 516 2450 577 itecog.
2497 516 2553 564 et
2606 509 2768 577 epist.
2802 507 2835 561 3
2872 524 2886 572 ;
2940 504 3162 578 Dionys.
3212 508 3479 578 Areopag.

3345 394 3484 449 “90

1920 583 2101 636 lib.De
2131 582 2313 635 eccles.
2342 573 2565 643 lucrum,
2589 573 2697 633 cf?
2721 588 2776 631 et
2804 578 2835 630 7
2860 594 2873 637 ;
2899 573 3094 630 auctor
3113 573 3313 641 Quasi.
3340 573 3480 645 apud

1918 652 2189 706 .Instinnm
2241 659 2553 719 martyrem.
2600 656 2789 719 quaest.
2824 646 2966 712 157;
3008 646 3337 719 Theoiihilus
3372 649 3484 701 An-

1921 722 2206 775 tiochenus
2238 718 2331 773 lib.
2362 717 2470 773 {ad
2497 717 2847 787 Autolycum;
2875 724 2929 787 et
2960 717 3051 787 qui
3082 726 3481 787 postea‘vute-

1920 800 2045 843 runt
2075 790 2125 843 in
2152 788 2394 853 Oriente,
2418 782 2675 856 Origenﬂ'
2717 786 2808 856 lib.
2836 786 2945 856 vin
2978 782 3150 856 Epist.
3180 786 3245 839 ad
3280 782 3479 856 Rom.;

1917 860 2203 929 Clirysost.
2236 860 2393 929 item.
2427 854 2576 929 12in
2609 855 2630 909 l
2662 856 2727 929 ad
2764 854 3010 929 Corinth.
3044 866 3097 909 et
3131 855 3317 909 ltomil.
3348 855 3479 929 Qad

1918 924 2124 984 Coloss.
2166 945 2181 993 ;
2235 926 2466 982 Basilius
2514 925 2609 981 lib.
2660 925 2734 979 De
2778 924 2983 993 Spiritu
3022 935 3224 988 sancto,
3281 940 3329 980 c.
3366 924 3476 989 27;

1916 997 2294 1052 Nazianzenus
2311 998 2564 1052 oratione
2595 997 2647 1050 in
2676 1005 2925 1049 sanctum
2954 994 3245 1062 baptisma.
3269 995 3477 1048 Addam

1916 1080 1973 1120 et
2006 1066 2213 1121 Latina:
2242 1066 2497 1122 Ecclesia:
2527 1063 2738 1130 Patres,
2772 1062 3093 1116 Tertullian.
3127 1063 3222 1115 lib.
3266 1063 3336 1115 De
3358 1080 3476 1115 car-

1916 1137 2000 1191 nis
2027 1136 2425 1203 resurrectione,
2461 1134 2556 1190 lib.
2584 1133 2819 1203 tContra
2852 1130 3024 1203 δίαινε.
3052 1143 3107 1186 ει
3133 1133 3229 1186 lib.
3259 1131 3334 1203 De
3386 1133 3480 1185 ba-

1913 1208 2096 1275 ptism.
2124 1200 2497 1277 gCyprianuni
2518 1204 2680 1277 epist.
2712 1202 2859 1277 uad
2888 1200 3206 1256 Januarium
3249 1218 3265 1266 ;
3299 1202 3478 1255 Arnu-

1912 1272 2063 1331 bium
2113 1272 2516 1331 Commentariis
2563 1274 2617 1327 in
2664 1272 2801 1342 psal.
2854 1286 3103 1342 tv,ixxn,
3142 1286 3349 1335 antt,
3389 1285 3476 1336 xc,

1914 1360 2100 1400 cxxxn
2151 1352 2219 1413 et,
2256 1359 2496 1413 custv;
2559 1341 2814 1413 Optatum
2870 1341 3239 1413 Milevitanum
3287 1341 3380 1413 lib.
3416 1355 3475 1405 ιι,

1914 1431 1998 1479 ιιι,
2021 1424 2073 1469 ει
2097 1430 2169 1469 vn
2186 1412 2383 1469 Contra
2404 1410 2819 1468 Parmeuianum
2843 1427 2864 1476 ;
2904 1411 3263 1480 Augustinum
3293 1410 3387 1465 lib.
3411 1426 3478 1464 sv

1914 1484 1991 1538 De
2035 1483 2251 1549 Trinit.,
2299 1499 2419 1552 cap.
2467 1483 2557 1545 16,
2599 1492 2654 1538 et
2701 1482 2796 1552 lib.
2840 1495 2893 1536 tv
2928 1479 3223 1552 De’symb”
3257 1495 3308 1552 (ιἒ
3344 1482 3395 1546 1,
3426 1490 3481 1534 ει

1914 1563 2146 1609 tractatu
2176 1552 2245 1605 Μ
2276 1553 2330 1608 in
2359 1549 2622 1609 Joannem
2651 1569 2666 1617 ;
2709 1549 3078 1605 Ambrosium'
3102 1552 3195 1605 lib.
3232 1567 3249 1605 ι
3279 1549 3355 1604 De
3388 1565 3479 1603 sa-

1912 1623 2223 1693 cramentis,
2244 1638 2365 1693 cap.
2398 1625 2423 1678 1
2452 1624 2553 1693 et'i
2583 1621 3018 1693 ;llicronymum
3052 1620 3265 1693 ρεαιορ.
3295 1630 3478 1674 contra

1910 1690 2147 1761 Lucifer.
2180 1690 2497 1761 Haec—paulo
2526 1692 2701 1747 fusius
2738 1690 3002 1761 adnotare
3049 1691 3227 1754 libuit,
3264 1700 3323 1743 ιιι
3362 1706 3480 1761 om-

1911 1760 2070 1815 nibus
2103 1760 2434 1827 innoteseat,
2466 1770 2668 1829 quanta
2709 1760 2910 1829 pietate
2945 1773 3001 1815 et
3032 1761 3354 1816 sinceritate
3380 1760 3480 1813 du-

305 1829 579 1903 Regnasti2
607 1829 705 1903 'lta
757 1832 888 1900 legit
917 1838 1074 1887 vetus
1122 1831 1243 1903 cod.
1282 1830 1471 1886 Graece
1513 1841 1596 1886 εει
1622 1830 1807 1884 ὲὸασῐ-
1838 1848 1881 1903 Β
1911 1842 2110 1903 cantur
2143 1831 2395 1900 rbapsodi
2440 1833 2513 1886 illi
2547 1830 3069 1903 Magdeburgenses,
3099 1830 3189 1899 qui
3219 1830 3348 1884 istos
3375 1846 3479 1883 un—

226 1898 431 1964 λευσσις
456 1916 471 1966 ;
497 1898 1011 1969 (ἰεΙενὶιῐιιιεὶιειιιιε
1042 1902 1261 1953 renasci.

301 1969 435 2041 Pag.
465 1970 554 2025 96.
607 1970 819 2041 Ungunt
864 1979 1132 2024 sacratum
1184 1969 1542 2041 Opobalsama.
1589 1970 1802 2027 Gradus

225 2040 495 2108 quosdam
530 2054 650 2095 esse
695 2039 761 2094 ad
811 2041 1171 2109 impietatem,
1209 2039 1526 2109 nullumque
1578 2052 1802 2107 repente

228 2110 525 2177 pessimum
557 2111 697 2176 ﬁeri,
726 2109 812 2165 vel
845 2108 901 2164 in
930 2110 1014 2164 his
1051 2108 1324 2163 Gnosticis
1368 2119 1612 2177 apparet.
1642 2110 1798 2166 Licet

224 2180 379 2231 enim
438 2180 606 2233 multa
660 2183 726 2235 de
774 2181 947 2234 sacris
979 2177 1203 2233 Litteris
1244 2189 1679 2247 corrumperent,
1712 2181 1795 2235 in-

227 2247 394 2301 fanda
422 2258 825 2317 perpetrarent,
859 2248 1240 2317 horrendaque
1282 2251 1335 2300 in
1382 2249 1547 2301 Deum
1584 2264 1803 2304 evome-

224 2326 395 2380 rent,
429 2318 786 2373 nihilominus
826 2318 1249 2386 protestationes
1294 2325 1349 2371 et
1386 2317 1704 2373 illinitiones
1747 2320 1798 2373 in

225 2387 560 2453 baptizando
588 2387 890 2443 Catholicis
939 2388 1165 2443 usitatas
1207 2386 1618 2455 observabant;
1667 2388 1801 2444 adeo

226 2456 436 2509 rituum
470 2456 685 2511 illorum
724 2458 939 2511 traditio
970 2472 1067 2524 per
1096 2457 1415 2511 universum
1448 2457 1634 2510 orbem
1670 2473 1802 2526 apo-

220 2526 387 2578 stolis
420 2526 760 2581 tradentibus
811 2527 1144 2580 invaluerat.
1188 2526 1297 2579 Nec
1348 2542 1412 2580 eo
1446 2528 1665 2581 nomine
1698 2533 1801 2582 hoc

221 2595 374 2657 loco,
403 2596 485 2649 vel
518 2595 571 2650 in
602 2598 991 2664 sequentibus,
1034 2596 1156 2650 illos
1185 2597 1406 2650 damnat
1444 2594 1711 2661 lrenams;
1746 2598 1799 2653 id

219 2672 378 2737 certe
403 2680 515 2737 Anon
543 2668 785 2736 segniter
816 2666 1086 2732 facturus,
1119 2666 1164 2721 si
1190 2667 1243 2720 in
1277 2666 1379 2721 hoc
1405 2666 1475 2720 ab
1502 2666 1797 2737 apostolica

222 2733 525 2787 traditione
560 2733 947 2791 declinassent.

297 2804 400 2867 Qui
451 2813 630 2859 autem
683 2807 844 2859 ritum
877 2806 1024 2861 hunc
1060 2821 1091 2861 e
1122 2806 1299 2861 medio
1331 2806 1626 2861 tollendum
1669 2821 1803 2861 con-

220 2873 498 2946 tendunt,
552 2887 619 2928 eo
666 2876 908 2941 nomine,
949 2877 1093 2946 quod
1135 2875 1204 2930 ab
1248 2877 1557 2940 hatreticis,
1612 2877 1801 2944 iniquo

215 2944 390 2996 etiam
425 2944 551 3007 line,
590 2944 982 3014 usurparetur,
1003 2955 1339 3016 praepostere
1379 2955 1435 3000 et
1464 2946 1628 3014 impie
1656 2946 1801 3014 judi-

216 3021 375 3082 cant,
398 3026 523 3066 cum
547 3022 600 3067 et
624 3028 843 3082 aquam,
879 3024 934 3070 et
967 3018 1339 3070 communium
1368 3016 1650 3071 nobiscum
1685 3030 1800 3071 ver—

216 3080 417 3135 borum
451 3080 691 3204 partem;
724 3084 1073 3155 reliquasque
1104 3085 1521 3154 Evangeliorum
1553 3086 1800 3153 particu-

215 3151 328 3204 las.
354 3151 445 3204 aui
488 3167 549 3204 us
573 3155 885 3204 utebantur.
907 3158 1095 3204 eadem
1125 3170 1287 3204 onera
1309 3155 1612 3204 auferrent.
1641 3150 1790 3204 «Non

248 3165 328 3214 as,
354 3166 445 3220 qui

215 3222 487 3293 enituest
528 3224 846 3278 detestanda
877 3225 1372 3280 sanctimonialium
1417 3223 1732 3293 virginitas,
1772 3244 1792 3277 ι

217 3290 304 3344 ait
335 3291 672 3361 Augustinus
695 3294 760 3357 ³⁸,
793 3312 811 3343 ι
845 3296 971 3361 quia
1018 3306 1072 3349 ει
1108 3294 1354 3349 Vestales
1398 3290 1639 3364 virgines
1686 3295 1799 3349 fue-

219 3368 399 3427 runt;
444 3376 552 3434 nec
581 3364 1027 3434 reprehendenda
1061 3365 1329 3419 sacrificia
1382 3373 1620 3434 patrum,
1669 3367 1795 3432 quia

211 3438 277 3482 et
313 3428 593 3515 sacrificia
623 3428 1158 3515 gentiumoiiuerunt;
1203 3435 1329 3515 quia
1367 3428 1468 3487 etsi
1506 3428 1637 3515 usus
1662 3428 1798 3503 qua-

215 3500 472 3578 rumdam
528 3500 712 3578 rerum
760 3503 960 3578 similis
1006 3518 1131 3578 esse
1181 3500 1618 3578 videturunobis
1672 3500 1795 3559 cum

212 3568 495 3637 gentibus,
535 3587 555 3621 ι
585 3572 742 3638 addo,
782 3582 838 3626 et
870 3573 1164 3637 haereticis,
1198 3590 1219 3625 ι
1252 3582 1309 3627 ιιι
1345 3572 1477 3637 cibi,
1506 3583 1687 3641 potus,
1717 3582 1796 3628 te-

212 3642 959 3710 ciorum,vestimentorum,
1002 3643 1341 3697 lavacrorum
1372 3658 1388 3708 ;
1428 3642 1585 3710 longe
1618 3651 1792 3698 tamen

211 3707 387 3780 aliter
424 3708 509 3764 bis
543 3712 732 3775 utitur,
764 3712 855 3780 qui
898 3707 963 3765 ad
1003 3714 1167 3765 alium
1211 3712 1373 3766 liuent
1414 3707 1604 3767 earum
1635 3727 1791 3768 usum

213 3775 437 3853 reteri;
475 3785 531 3834 et
566 3780 747 3845 aliter,
779 3775 882 3851 'qui
924 3796 997 3837 ex
1030 3782 1117 3838 bis
1158 3782 1266 3839 Deo
1305 3783 1510 3852 gratias
1550 3783 1685 3853 agit,
1728 3785 1795 3838 de

209 3861 329 3917 quo
369 3846 501 3903 falsa
544 3866 651 3905 non
690 3846 884 3907 credit.
934 3870 962 3904 ι

289 3914 586 3983 Caeterum,
628 3922 805 3976 sacris
839 3922 944 3977 olei
988 3930 1044 3976 et
1080 3921 1402 3978 chrismatis
1440 3920 1793 3978 unctionibus

212 3987 274 4041 in
314 3987 592 4055 baptismo
615 3992 699 4062 _ab
753 3992 1065 4061 apostolicis
1119 3992 1454 4062 temporibus
1508 3991 1795 4060 tripliciter

213 4070 377 4109 usam
435 4071 559 4113 esse
614 4057 919 4132 Ecclesium
979 4057 1303 4132 colligimus.
1365 4061 1547 4114 Primo
1570 4057 1596 4123 ,“
1645 4064 1791 4132 circa

208 4140 412 4195 aquas,
440 4143 460 4178 ι
486 4140 621 4197 quas
643 4131 937 4198 pontifex,»
970 4131 1191 4185 auctare
1216 4132 1473 4201 Dionysio
1493 4131 1695 4197 Areop.
1720 4131 1787 4197 ’°,

218 4212 240 4247 s
274 4205 467 4250 saneta
506 4212 671 4265 prece
707 4214 772 4254 ac
828 4201 1175 4256 invocatione
1227 4201 1642 4265 sanetillcabat,
1699 4203 1791 4255 καὶ

207 4265 497 4344 captatam?
541 4270 939 4344 πᾳνᾳγιστὰτου
980 4270 1151 4344 μύρου
1194 4268 1558 4344 στᾳυροειδέσι
1605 4270 1792 4340 χύσεσι

209 4334 513 4412 uelamina;
535 4334 754 4412 αὐτό,’ἱ.
783 4355 837 4412 ε.
872 4350 953 4395 ιει·
981 4334 1175 4395 ἰιιέειε
1213 4342 1279 4394 ad
1320 4334 1497 4412 erucis
1535 4334 1787 4412 elligiem,

209 4406 638 4480 sanctissimum
669 4409 900 4464 fundens
941 4422 1306 4480 unguentum,
1362 4408 1483 4462 illas
1512 4406 1649 4480 hoe
1679 4415 1786 4465 ritu

1909 1902 2073 1968 gendi
2129 1915 2319 1957 sacros
2370 1903 2508 1956 ritus
2557 1902 2934 1954 haereticorum
2987 1910 3218 1962 tantum,
3266 1910 3320 1953 et
3370 1915 3477 1953 non

1909 1970 2301 2042 catholicorum
2344 1982 2400 2028 et
2441 1969 2862 2042 apostolicorum
2914 1968 3155 2025 virorum
3188 1968 3352 2025 fuisse
3383 1984 3478 2023 au-

1904 2039 2035 2095 dent
2068 2055 2336 2096 asserere.

1978 2110 2207 2175 Quidam
2244 2121 2420 2165 autem
2469 2126 2678 2165 eorum.
2729 2109 2873 2177 Ergo
2921 2108 3156 2180 primum
3187 2108 3477 2163 sanctissi-

1904 2194 2164 2248 mumque
2214 2180 2649 2248 regenerationis
2673 2247 2676 2248 ν
2702 2192 2901 2233 nostra:
2926 2179 2933 2180 “
2954 2179 3297 2248 mysterium,
3328 2179 3475 2248 quod

1903 2259 1990 2304 est
2022 2247 2311 2320 baptisma,
2348 2265 2448 2320 per
2483 2250 2618 2304 istos
2651 2247 2943 2305 Guosticos
2972 2247 3205 2320 satanas
3235 2247 3383 2320 omni
3407 2262 3477 2320 ex

1903 2328 2062 2440 parte
2099 2318 2425 2374 labefactare
2459 2320 2798 2400 conabatur;
2848 2320 3068 2387 quando
3112 2318 3188 2371 illi
3220 2318 3478 2398 verba-il:-

1926 2403 2009 2440 tus
2062 2387 2250 2440 forma:
2299 2404 2329 2440 a
2365 2388 2587 2440 Christo
2625 2390 2822 2440 tradita
2877 2388 3333 2440 corrumpebant.
3383 2397 3473 2440 tstt

1926 2389 2009 2443 ius
2062 2387 2250 2443 forma:
2299 2404 2329 2443 a
2365 2388 2587 2443 Christo
2625 2390 2822 2443 tradita
2870 2386 3333 2457 corrumpebant,
3383 2386 3473 2457 isti

1906 2471 2037 2512 vero
2086 2466 2140 2511 et
2199 2459 2449 2527 proxime
2498 2468 2788 2526 sequentes
2835 2458 3007 2525 ipsam
3058 2456 3367 2521 materiam,
3423 2456 3475 2509 id

1904 2537 1988 2597 est
2029 2526 2255 2595 aquam,
2309 2527 2533 2582 omnino
2568 2528 2943 2597 negligendam
2996 2541 3117 2581 esse
3155 2526 3475 2581 censebant.

1904 2595 2020 2650 lloc
2052 2597 2193 2650 idem
2218 2597 2543 2666 diabolimnn
2578 2595 2738 2666 plane
2761 2606 3095 2666 stratagema
3130 2597 3297 2650 etiam
3331 2609 3475 2666 nunc

1904 2680 2003 2734 per
2071 2666 2401 2736 posteriores
2480 2664 2843 2736 Hugnosticos
2923 2664 3183 2736 reparare
3245 2664 3473 2736 nititur,

1904 2737 2123 2804 quando
2159 2750 2253 2805 per
2284 2734 2591 2805 Brentium;
2634 2734 2856 2800 Bezam,
2904 2744 2957 2789 et
3000 2735 3211 2790 similes
3258 2734 3470 2805 suadet,

1903 2802 1979 2858 uti
2009 2802 2172 2859 certa'
2196 2805 2484 2859 verborum
2514 2804 2710 2868 forma,
2759 2807 3028 2873 magicum
3064 2819 3184 2859 esse
3211 2820 3226 2869 ;
3258 2815 3314 2856 et
3347 2802 3465 2855 nul-

1905 2874 2014 2927 lum
2042 2874 2185 2929 aliud
2212 2888 2331 2930 esse
2358 2874 2582 2939 verbum
2613 2883 3105 2944 sacramentorum,
3138 2888 3300 2944 quam
3329 2873 3473 2940 quod

1906 2958 1935 2996 a
1971 2944 2219 2999 ministro
2245 2959 2344 3013 pro
2385 2954 2643 3013 suggestu
2682 2945 2994 3015 expellitur.
3052 2943 3164 3015 Per
3187 2943 3473 3015 Calvinum

1905 3023 2086 3068 autem
2123 3016 2309 3078 tradit,
2333 3029 2529 3083 aquam
2560 3030 2667 3068 non
2693 3013 2814 3069 esse
2836 3015 3051 3083 penitus
3072 3013 3469 3068 ncesssariam:

1906 3098 2009 3137 nec
2036 3085 2314 3139 Christum
2352 3086 2419 3139 de
2464 3084 2555 3138 illa
2587 3085 2828 3139 dixisse:
2881 3103 2899 3136 ι
2944 3083 3057 3138 Nisi
3096 3086 3219 3151 quis
3247 3092 3472 3136 renatus

488 3167 559 3229 us_
573 3150 885 3229 utebantur,
907 3150 1095 3229 eadem
1125 3150 1287 3229 opera
1309 3150 1614 3229 auferrent,
1641 3150 1790 3209 «Non
1827 3171 1870 3229 ο
1904 3151 2069 3229 fuerit
2104 3169 2169 3229 εξ
2197 3168 2360 3229 aqua,
2390 3173 2407 3205 ι
2444 3163 2551 3210 etc.
2586 3152 2905 3229 uocantem
2930 3150 3132 3229 ,didicii
3153 3170 3181 3205 a
3209 3151 3469 3217 Lutltero,

1902 3224 1994 3291 qui
2026 3239 2054 3276 a
2090 3226 2201 3277 suis
2230 3226 2623 3292 interrogatus,
2672 3225 2716 3278 si
2752 3223 2943 3278 liceret
2987 3224 3269 3292 baptizare
3320 3234 3472 3275 cere-

1901 3292 2060 3357 visia,
2092 3302 2186 3347 aut
2220 3295 2395 3355 lacte,
2433 3291 2645 3347 tandem
2682 3294 2964 3361 respondit
2991 3291 3035 3327 ³⁸
3068 3311 3081 3346 :
3136 3310 3162 3343 ι
3197 3292 3471 3359 Qudquid

1900 3361 2155 3416 balneum
2182 3364 2287 3416 dici
2313 3372 2509 3432 potest,
2541 3364 2606 3417 ad
2629 3362 2961 3432 baptismum
2995 3365 3331 3432 conveniens
3361 3370 3467 3416 est.

1901 3432 1958 3485 Si
1989 3446 2094 3485 non
2128 3433 2272 3487 adsit
2298 3431 2460 3501 aqua,
2492 3447 2613 3487 cum
2645 3431 2717 3487 sit
2746 3433 3035 3495 cerevisia,
3059 3433 3139 3486 vel
3175 3433 3257 3485 lae
3283 3431 3336 3485 in
3361 3444 3470 3496 m-

1901 3502 2175 3571 cessitate,
2192 3503 2282 3571 vel
2312 3503 2573 3571 quidquid
2602 3504 2892 3557 habueris:
2920 3503 3055 3557 nihil
3087 3503 3138 3556 in
3167 3502 3285 3571 hoc
3305 3503 3469 3555 situm

1900 3581 2002 3624 est.
2042 3589 2061 3622 ι
2101 3570 2282 3626 llabes
2318 3570 2719 3641 ergo’veterum
2741 3573 3127 3627 Gnosticorum
3160 3570 3473 3639 impietatcs

1902 3650 2119 3695 renatas
2174 3644 2225 3695 in
2284 3642 2635 3697 novissimis:
2691 3644 2827 3697 adeo
2860 3657 3083 3712 semper
3128 3643 3234 3697 sibi
3270 3641 3466 3695 similis

1899 3723 1981 3764 est
2015 3711 2250 3765 Satanas
2276 3714 2519 3765 onmium
2545 3713 2956 3766 mendaciorum
2987 3711 3215 3780 parens.

1969 3782 2074 3833 Alii
2113 3782 2224 3834 Ittec
2271 3782 2446 3834 omnia
2487 3790 2807 3835 recusantes.
2861 3779 3190 3837 Seductores
3218 3779 3470 3835 homines

1897 3851 2165 3918 prolicere
2198 3851 2250 3904 in
2282 3850 2457 3918 pejus,
2493 3860 2550 3906 et
2599 3851 2691 3919 qui
2736 3851 2790 3904 in
2837 3850 3095 3907 sordibus
3124 3849 3466 3912 volutantur,

1897 3920 1950 3990 in
1982 3920 2097 3990 dies
2124 3918 2295 3990 multo
2327 3920 2501 3989 magis
2532 3920 2874 3989 sordescere,
2899 3930 3090 3990 aperte
3118 3921 3321 3975 indicat
3353 3922 3469 3974 hzcc

1897 3988 2085 4059 classis
2112 3987 2512 4053 Gnosticoru'm,
2562 4004 2682 4059 quae
2714 3987 3089 4055 caeremonias,
3141 4004 3359 4059 aquam,
3412 4001 3468 4043 et

1897 4058 2060 4131 verba
2088 4059 2231 4112 sacri
2260 4059 2514 4131 baptismi
2546 4063 2734 4114 eadem
2754 4074 2922 4131 epera
2943 4059 3056 4131 68
3091 4058 3267 4130 reiicit
3294 4068 3354 4113 ut
3381 4060 3465 4112 in-

1896 4127 2078 4200 digna,
2107 4141 2228 4196 qua:
2252 4127 2508 4198 mysteria
2534 4143 2721 4200 eorum
2750 4127 3043 4183 invisibilia
3066 4127 3463 4200 signiﬁcarent.

1894 4195 1975 4269 iiIi
1998 4195 2161 4269 porro
2186 4195 2337 4262 sunt,
2365 4214 2501 4269 quos
2528 4198 2869 4269 Epiphanius
2896 4208 3052 4254 vocat
3079 4195 3461 4262 Archouticos,

1897 4265 2273 4322 Theodoretus
2317 4265 3032 4338 et‘NicetasAscodrugos,
3083 4279 3139 4324 et
3191 4269 3466 4324 Ascodru-

1896 4338 2060 4409 pilas,
2088 4339 2295 4409 quibus
2322 4338 2645 4409 Euthymius
2674 4340 2822 4393 addit
2853 4338 3222 4409 Pauliciauos.
3256 4339 3323 4391 lli
3374 4347 3463 4391 et-

1893 4408 2037 4487 enim
2065 4407 2246 4460 divina
2283 4407 2560 4487 mysteria,
2592 4417 2646 4462 et
2674 4408 3130 4487 donanspiritalia,
3153 4409 3316 4463 rebus
3340 4408 3467 4485 visi-

209 4474 458 4559 perﬁg'il.
520 4494 540 4528 ι
606 4476 900 4559 Secundo!
961 4474 1086 4549 ριῖει
1153 4479 1660 4537 θυτεηυηιὶαιὶιηιεε
1737 4494 1790 4559 ει
1824 4476 2145 4559 Dbilibus_;
2190 4487 2243 4559 et
2292 4474 2641 4546 incorporea,
2690 4474 3056 4559 sensib'tlibus
3088 4480 3465 4559 etcerporeis

208 4545 598 4620 gsorcismos,
640 4562 771 4620 cum
805 4550 894 4620 vel
933 4545 1062 4620 toto
1095 4563 1362 4620 corpore,
1407 4558 1467 4620 ut
1514 4559 1597 4605 est
1648 4552 1791 4620 apud

209 4614 574 4685 Dionysium,
624 4625 682 4672 et
733 4617 993 4692 Cyrillum
1034 4614 1507 4692 ierosolymit.”,
1561 4614 1793 4692 veli'pe-

206 4692 375 4759 αξιοι-ε
413 4691 660 4759 tantum,
703 4696 760 4740 et
784 4688 1033 4758 Scapulis
1072 4688 1459 4759 baptiiatidunt
1517 4688 1795 4758 angebant

207 4752 359 4833 oieo,
378 4754 519 4823 quod
541 4752 663 4810 inde
683 4752 1199 4833 catechumenoruin
1220 4767 1466 4833 vocatur.
1490 4752 1792 4823 Postremo,

209 4823 541 4899 chrismate,
574 4827 793 4899 expoleo
823 4839 1076 4899 et‘succo
1111 4828 1341 4884 balsami
1369 4833 1699 4899 composito,
1727 4834 1797 4885 ad

209 4892 383 4972 regia:
408 4896 828 4972 etsacerdotalis
857 4897 1043 4972 gloria:
1066 4899 1330 4972 unitatem
1359 4892 1790 4972 exprimendam,

207 4961 296 5039 ait
319 4961 630 5039 Cyprianus
648 4965 734 5039 3°,
776 4967 831 5039 in
861 4961 1069 5023 vertice
1105 4961 1469 5039 signabantur
1505 4961 1786 5039 baptizati;

206 5031 299 5110 Ab
329 5032 613 5110 apostolis,
636 5033 860 5110 _Spir_itu_
882 5045 1073 5091 sancto
1101 5031 1346 5110 doctore,
1385 5031 1667 5110 universas
1694 5056 1790 5110 per

208 5101 404 5154 orbem
437 5100 732 5168 Ecclesias,
765 5106 817 5159 in
849 5106 993 5162 hunc
1021 5122 1191 5177 usque
1230 5100 1373 5177 diem
1398 5108 1498 5162 hos
1527 5110 1661 5164 ritus
1694 5100 1789 5164 ac-

206 5180 408 5252 ceptos
445 5182 760 5252 constanter
788 5175 1202 5252 retinuisseget
1238 5180 1305 5232 ad
1338 5175 1575 5245 Spiritus
1612 5181 1784 5252 sancti

208 5242 359 5319 dona
386 5242 743 5319 signiﬁcanda
786 5245 873 5300 his
900 5260 1026 5319 usas
1072 5246 1265 5319 fuisse,
1300 5242 1481 5319 tes—tes
1507 5259 1657 5314 sunt,
1694 5250 1787 5319 qui

206 5313 628 5384 primoﬂsazculo
672 5315 740 5384 a_b
765 5316 1049 5384 apostolis,
1099 5317 1179 5371 vel
1206 5332 1328 5372 cum
1369 5317 1575 5373 eisdem
1619 5313 1772 5374 vixe-

208 5379 849 5455 I'lllll._(_l_lemens_ﬂom.
896 5385 990 5440 lib.
1030 5379 1145 5454 Vm,
1173 5387 1251 5441 De
1297 5389 1512 5441 constit.
1556 5400 1741 5455 apost.
1768 5428 1783 5454 ,

204 5462 336 5517 Cap.
376 5449 466 5515 15,
503 5452 592 5518 16,
622 5452 704 5520 l7,
731 5465 786 5510 ct
818 5455 911 5510 lib.
941 5470 1037 5525 vn,
1066 5449 1186 5527 cap.
1219 5457 1312 5525 25,
1342 5457 1434 5522 28,
1461 5457 1550 5524 41,
1577 5449 1667 5524 42,
1690 5449 1784 5526 44,

282 5648 502 5727 f‘__Vlde
561 5651 870 5727 Horatiqm,
932 5659 979 5713 sl
1036 5660 1195 5727 velis,

205 5720 257 5752 ⁸⁸
281 5718 400 5774 Lib.
441 5736 511 5777 xx
535 5735 725 5779 contra
759 5718 974 5789 Faust.,
1008 5744 1058 5783 c.
1091 5721 1182 5786 ﬁt.

205 5792 475 5848 unctione
504 5793 841 5853 chrismatis.

1898 4547 2171 4619 signanda,
2195 4557 2250 4599 et
2267 4551 2741 4603 commemoranda
2761 4564 2883 4604 esse
2904 4549 3173 4619 negabant
3195 4566 3209 4603 :
3238 4549 3467 4617 proinde

1899 4631 1999 4670 nec
2029 4617 2395 4686 baptismatis,
2429 4633 2529 4678 nec
2581 4618 2812 4674 aliorum
2868 4617 3247 4689 Spectabilium
3282 4632 3469 4672 sacra-

1898 4695 2209 4740 mentorum
2277 4703 2435 4742 usum
2499 4689 2874 4744 admittebant.
2934 4690 2992 4743 ln
3042 4691 3142 4743 hos
3194 4688 3464 4743 acerrime

1899 4755 2178 4829 disputant
2204 4755 2425 4812 Nicetas
2466 4766 2520 4813 et
2552 4758 2897 4829 Euthymius.
2939 4760 3293 4814 ltecentiores
3315 4757 3465 4812 Gno-

1897 4825 2205 4903 sticostne
2241 4843 2273 4882 ιι
2316 4828 2484 4883 tantis
2515 4825 2762 4898 patribus
2812 4831 3229 4903 degenerarent,
3272 4831 3464 4903 eadem

1898 4895 2231 4952 fecunditate
2275 4895 2530 4968 errorem'
2567 4912 2633 4953 ex
2686 4895 3103 4955 errorc'serere
3156 4900 3463 4968 ingelnisctt

1897 4975 2145 5039 uosuum
2179 4970 2460 5023 saeculum.
2506 4967 2797 5039 Postquam
2846 4970 2989 5023 enim
3036 4967 3253 5025 sacrum
3283 4968 3463 5022 oleum

1895 5048 2024 5109 cum
2061 5037 2194 5109 sale,
2244 5039 2435 5102 saliva,
2476 5037 3169 5107 aque'consecratioucm,
3226 5040 3462 5109 symboli

1892 5103 2331 5172 professionem,
2379 5103 2924 5173 abrenuntiationes,
2983 5119 3037 5165 et
3100 5103 3460 5172 esore'ismos,

1892 5175 2090 5242 quibus
2153 5187 2370 5231 arcetur
2437 5178 2709 5244 Satanas,
2756 5195 2787 5233 e
2844 5180 3025 5235 medio
3069 5179 3460 5234 sustulerunt:

1886 5244 2012 5366 iiii;
2032 5248 2271 5366 pslrvulis
2298 5247 2536 5303 ﬁdelium
2564 5250 2684 5304 sine
2713 5250 3040 5320 baptismate
3073 5253 3307 5306 salutem
3343 5249 3463 5318 pol-

2017 5335 2029 5366 l
2129 5355 2144 5366 .

1910 5325 2144 5370 tcentur.

1960 5385 2068 5437 Alii
2108 5396 2229 5440 sunt
2269 5390 2363 5462 qui
2398 5395 2654 5442 mortuos.
2697 5387 2866 5457 Hujus
2885 5387 3001 5462 loci
3038 5403 3255 5445 sensum
3284 5391 3459 5462 expli-

1886 5465 1994 5520 cat,
2015 5464 2070 5511 et
2091 5460 2532 5514 emendationem
2551 5473 2617 5513 ex
2647 5468 2758 5515 vet.
2795 5459 2919 5517 cod.
2948 5464 3192 5529 agnoscit
3222 5459 3461 5533 Epipha-

1246 5661 1403 5747 libro.
1434 5678 1467 5747 ,ι
1538 5662 1752 5747 scum,
1797 5668 1963 5747 satira
2019 5666 2093 5725 8:
2124 5666 2419 5747 Hpmerum
2453 5669 2757 5747 in_0dyss.;
2819 5673 3193 5740 Theocritum,
3221 5684 3275 5730 et
3300 5676 3457 5731 alios.

1308 5733 1353 5808 ξ’
1373 5732 1506 5808 _l_.ib.
1543 5735 1610 5788 de
1643 5736 1786 5808 eral:
1813 5734 1993 5808 υἱεῖς,
2015 5752 2135 5808 cap.
2162 5738 2216 5793 2.

954 5801 999 5832 ³⁹
1035 5799 1193 5857 Tom.
1225 5802 1269 5857 ιι
1296 5803 1532 5881 _Colloq.,
1559 5818 1687 5875 pag.
1728 5805 1827 5860 150
1853 5817 1903 5861 ει
1936 5805 2057 5862 ibi.

2320 5740 2363 5772 "
2392 5740 2447 5795 In
2483 5740 2669 5801 Caice.
2693 5746 2730 5802 2
2761 5759 2987 5819 mystag.
3096 5747 3139 5779 ³⁸
3169 5748 3360 5803 Seruio
3396 5752 3456 5800 de
