3906 6366
518 372 657 428 1507

1825 376 2186 434 VARIORUM
2225 375 2431 434 NOTAE

3612 376 3735 434 1500

516 492 719 566 blicum
750 508 909 566 usum
946 494 1378 549 venerandarum
1412 494 1708 564 imaginum
1744 494 1885 550 inter
1917 496 2073 550 Cliri-
2106 502 2150 556 Α
2182 511 2365 550 coram
2427 497 2720 549 universali
2794 499 3001 566 synodo
3078 497 3295 549 Nirirua
3377 494 3726 547 conﬁrmaro.

515 565 720 617 stianos
749 562 913 617 fuisse
943 567 1211 618 evincam.

587 634 639 690 l.
670 632 1021 687 Nicodemum
1057 635 1226 695 illum.
1258 635 1350 701 qui
1398 643 1560 687 noctu
1611 632 1844 702 primum
1894 634 2076 690 Jesum

514 705 789 763 convenit,
839 712 888 755 et
930 704 1173 769 ejusdem
1206 715 1392 772 postea
1425 719 1625 772 corpus
1650 704 1924 769 passionis
1955 722 2079 760 cru-

514 774 749 827 clatibtts
787 772 1049 825 laniatum
1078 816 1092 836 ,
1124 776 1191 828 de
1241 788 1405 827 cruce
1438 775 1729 843 deposuit,
1783 792 1801 819 ι
1841 778 2078 843 propriis

513 844 766 898 inanibus
792 844 1034 896 cruciﬁxi
1060 844 1349 911 imaginem
1377 846 1479 896 sibi
1504 841 1850 907 cll'orinaSSe,
1874 865 1890 895 ι
1931 841 2077 898 eain-

512 928 619 978 que
642 924 768 966 ante
792 922 1015 965 mortem
1043 914 1327 966 Gamalieli
1355 914 1642 966 tradidisse
1666 916 2076 975 asservandain,

513 993 569 1035 et
596 985 734 1037 liuuc
763 981 968 1053 Jacolio
994 1000 1006 1041 ;
1039 983 1304 1037 Iacobum
1344 982 1582 1035 Simeoni
1611 999 1624 1045 ;
1681 982 1949 1053 iSIuinque
1974 986 2075 1038 sibi

514 1054 828 1107 succedenti
860 1052 1118 1105 Ζιιρριιτιιο
1144 1070 1157 1115 ;
1183 1052 1369 1117 sicque
1395 1053 1651 1117 deinceps
1678 1052 2075 1118 conservatam,

512 1123 865 1190 quoadusque
892 1122 1063 1175 Judmi
1107 1124 1159 1175 in
1211 1122 1444 1191 Berytlio
1477 1121 1649 1189 Syri:e
1685 1125 1841 1179 urbe.
1885 1126 2069 1177 omnia

510 1192 781 1260 passionis
815 1193 1102 1246 Dominicm
1132 1193 1326 1259 probra
1360 1193 1410 1244 in
1440 1193 1686 1245 eamdem
1725 1204 2077 1257 renovarunt,

511 1262 758 1321 pluribus
794 1263 916 1314 inde
950 1263 1263 1316 consecutis
1300 1262 1606 1326 miraculis;
1666 1261 2077 1322 elegantissimo

510 1330 651 1384 libro
683 1341 811 1385 ante
843 1330 978 1385 1260
1004 1347 1177 1383 annos
1211 1330 1394 1385 docuit
1428 1346 1657 1396 magnus
1708 1332 1797 1383 ille
1829 1334 2075 1385 Athana-

510 1401 625 1455 sius
658 1404 733 1454 “z
788 1418 946 1468 quem
985 1402 1281 1469 perlectum
1326 1412 1453 1452 ante
1491 1415 1664 1469 annos
1698 1403 2077 1469 octingentos,

510 1474 752 1525 omnium
781 1468 1006 1524 Patrum
1039 1470 1315 1540 sulfragiis
1367 1468 1584 1537 excepit
1636 1468 1959 1525 universalis
1989 1473 2081 1526 Ni-

510 1556 657 1595 cena
686 1542 946 1611 synodus.

579 1614 633 1665 2.
667 1608 956 1677 superstes
980 1612 1155 1665 adhuc
1185 1624 1304 1663 cum
1339 1608 1597 1677 apostolis
1635 1611 2081 1678 peregrinabatur

509 1681 781 1741 Christus,
808 1697 931 1734 cum
967 1683 1159 1735 mulier
1189 1681 1299 1743 illa,
1326 1695 1484 1747 quam
1518 1696 1545 1731 a
1572 1678 1835 1746 proﬂuvio
1858 1683 2081 1747 sangui-

516 1754 602 1805 nis
628 1761 938 1816 curaverat,
972 1752 1024 1804 iii
1057 1752 1304 1805 Caesarea
1347 1749 1653 1803 Palmstinze
1678 1750 1729 1801 in
1761 1764 2083 1805 monumen-

2255 566 2546 619 Persaruin
2578 569 2741 619 etiam
2768 583 2945 634 regem
2979 569 3165 620 eadem
3198 575 3523 629 tempestate
3550 567 3726 617 causa

2181 647 2236 689 et
2285 635 2471 688 Matris
2501 636 2622 702 ejus
2657 636 2857 703 ﬁguras
2893 639 3169 702 accepisse
3210 636 3429 701 siilijicit
3489 634 3729 700 Niceplo—

2183 722 2275 759 rus
2302 705 2367 758 ³⁸.
2400 704 2540 771 Quin
2574 717 2625 760 et
2659 706 2873 759 beatum
2908 707 3107 759 Lucam
3136 705 3539 767 evangelistam
3565 704 3615 755 Β.
3640 705 3731 757 Viro

2181 776 2345 841 ginis,
2384 792 2544 842 quam
2604 776 2671 829 de
2706 776 2843 829 facie
2875 786 3120 831 noverat.
3153 774 3429 841 simulque
3474 775 3729 826 beatorum

2189 845 2330 897 Petri
2361 856 2415 897 et
2457 845 2605 897 Pauli
2645 847 2908 911 imagines
2940 847 3273 911 depinxisse.
3310 858 3433 907 quae
3458 843 3733 897 Pulcheriaé

2181 914 2545 980 imperatricis
2592 916 2808 971 saeculo.
2848 917 3026 969 adhuc
3056 914 3535 983 Constantinopoli
3569 928 3734 967 serva-

2183 985 2404 1043 bantur.
2440 1000 2543 1037 non
2579 986 2745 1037 semel
2779 987 3035 1037 allirmat.

2252 1054 2554 1116 Postremo,
2585 1056 2712 1120 quis
2756 1058 2799 1106 si
2847 1055 2984 1107 vela
3025 1054 3211 1107 limine
3258 1054 3630 1107 venerandam
3654 1071 3736 1107 aiio

2184 1124 2491 1189 tiquitatem
2538 1125 2878 1185 Salutaverit,
2919 1126 3093 1176 nescit
3118 1124 3297 1177 crucis
3352 1125 3651 1179 Dominicz
3672 1128 3734 1179 si-

2182 1209 2347 1260 gnum
2382 1204 2435 1245 ct
2463 1192 2712 1260 ﬁguram.
2753 1209 3019 1259 usumque
3051 1194 3186 1259 ejus,
3223 1193 3489 1257 apostolis
3524 1198 3737 1249 etChri-

2181 1263 2376 1314 stianis
2409 1264 2661 1315 omnibus
2692 1264 3195 1331 frequentissimum
3228 1263 3436 1315 fuisse?
3470 1264 3734 1332 Dioiiysius

2181 1332 2505 1397 Areopagita
2582 1334 2746 1384 unico
2802 1334 2941 1386 libre
3002 1333 3075 1385 De
3130 1334 3500 1386 ecclesiastica
3561 1338 3731 1389 hieran

2180 1402 2352 1473 octies
2390 1402 2531 1453 illius
2564 1401 3193 1473 meminit._Nicodeinus
3219 1404 3269 1455 in
3304 1401 3523 1456 Ilistor.
3554 1407 3615 1456 de
3639 1422 3739 1473 pas-

2179 1471 2324 1524 sione
2347 1482 2391 1525 et
2423 1473 2800 1524 resurrectione
2827 1471 3140 1531 Saluatoris,
3176 1481 3279 1525 ter.
3336 1474 3553 1527 Alnlias
3578 1471 3736 1527 decem

2179 1550 2234 1592 et
2264 1551 2386 1613 octo
2423 1540 2576 1601 locis,
2610 1541 2851 1607 ejusdem
2881 1545 3234 1613 expressioiie
3277 1544 3565 1613 apostolos
3612 1545 3737 1597 uti:

2184 1609 2479 1677 perfecisse
2515 1612 2778 1681 miracula
2816 1622 3079 1664 recenset.
3132 1609 3381 1665 Justinus
3419 1612 3479 1662 in
3519 1613 3737 1681 Dialogo.

2181 1694 2249 1748 ex
2295 1681 2506 1748 Veteris
2550 1678 2887 1733 Testamenti
2946 1681 3113 1734 variis
3160 1681 3388 1748 ﬁguris,
3437 1692 3498 1735 et
3530 1681 3583 1733 in
3611 1678 3739 1735 calce

2188 1745 2401 1816 Apolog.
2441 1749 2495 1814 2,
2532 1751 2583 1802 iii
2628 1750 2871 1802 omnium
2911 1766 3092 1802 rerum
3132 1745 3450 1804 creatarum
3480 1752 3741 1805 ordinibus

510 1830 623 1874 tum
672 1821 881 1888 accepti
937 1821 1185 1875 beneﬁcii
1252 1819 1428 1883 illius,
1480 1839 1497 1869 ι
1540 1820 1827 1888 imaginem
1879 1836 2076 1873 aeream
2110 1835 2153 1889 Β
2183 1816 2441 1889 ellictam,
2470 1831 2729 1889 accurate
2761 1820 2939 1889 docet.
2995 1820 3165 1884 Quem
3193 1835 3337 1873 nunc
3394 1820 3576 1873 latent
3622 1836 3740 1887 pra--

508 1891 688 1957 palam
725 1892 939 1953 erexit,
1002 1910 1020 1942 ι
1059 1906 1219 1959 quam
1252 1889 1545 1959 Eusebius
1586 1891 1634 1959 ξ’
1698 1888 1807 1959 illic
1849 1906 1866 1939 t
1903 1891 2080 1945 adhuc

509 1970 745 2028 stantem
770 1958 1374 2028 conspexit,’simulque
1414 1959 1547 2011 alias
1582 1958 1722 2011 Petri
1759 1968 1814 2010 et
1868 1958 2017 2013 Pauli
2050 1976 2079 2013 a

506 2026 841 2083 Christianis
892 2026 1146 2097 religiose
1195 2026 1530 2083 conservari.
1570 2047 1589 2077 ι
1640 2028 1750 2081 lmo
1814 2038 2082 2082 testantur

507 2098 749 2152 historiae
784 2098 1072 2151 Eusebium
1100 2099 1352 2165 proxime
1380 2110 1581 2152 secutae
1612 2098 1682 2161 ’³,
1722 2098 1843 2151 illas
1875 2098 2078 2153 Christi

506 2179 564 2222 et
597 2169 1015 2224 heinorrlioissaa
1066 2177 1308 2232 statuas,
1345 2169 1409 2221 ad
1465 2178 1705 2236 tempora
1763 2183 1933 2237 usque
1986 2169 2081 2223 Ju-

506 2237 926 2306 lianiApostalaa
962 2239 1355 2309 permansisse;
1390 2238 1505 2304 qui,
1536 2237 2079 2309 utilconoclastaruin

506 2322 668 2361 avum
703 2307 1494 2367 decebat.'siciitChristianae
1543 2308 1700 2369 lidei,
1757 2307 1828 2360 ita
1878 2308 2079 2363 Christi

505 2386 560 2431 et
583 2387 896 2431 sanetoriim
934 2378 1265 2446 imaginibus
1297 2378 1497 2431 bellum
1529 2376 1821 2430 indixerat.

575 2448 631 2500 3.
664 2447 887 2500 Accedit
946 2446 1317 2516 apostolorum
1379 2446 1619 2513 ipsorum
1673 2448 1991 2516 constitutio
2023 2448 2076 2502 in

504 2516 711 2589 synodo
759 2515 1347 2589 Aulim-liena,cujus
1372 2532 1581 2589 summa
1622 2515 1743 2569 talis
1784 2529 1917 2589 est;
1943 2519 2079 2589 Περὶ

500 2584 596 2639 τοῦ
628 2585 701 2655 μὴ
746 2585 1047 2639 πλανᾶσθαι
1076 2587 1202 2650 τοὺς
1240 2586 1578 2655 σωζομένους
1627 2589 1706 2648 εἰς
1738 2584 1809 2638 τὰ
1848 2584 2075 2641 εἴδωὶὰ·

500 2656 658 2735 ἀλλὰ,
686 2655 1070 2735 ὰντεικογςζειν
1126 2656 1222 2735 τῂν
1262 2655 1588 2735 ρεοενδρξκοέ
1641 2657 1936 2735 (ξχρανςεονὲ
1968 2675 2079 2735 χεέ-

504 2727 787 2800 ροποᾼίησεον
827 2727 1069 2800 rem).an
1095 2725 1189 2779 τοῦ
1238 2725 1517 2800 amomo-1
1551 2725 1685 2800 Θεοιῖ
1717 2725 1724 2727 ⁷
1744 2729 1839 2800 ita}
1900 2725 2079 2800 Σώὲῆ-

505 2795 596 2867 por;
624 2795 780 2882 fuith
824 2795 1286 2882 ’,Ιηάρῦχρεςτοᾷ
1320 2795 1562 2882 χοὶ,ςᾶιῖ
1608 2795 1769 2882 9ιὺτοῦ
1812 2795 2079 2882 Bap-andi}-

498 2865 608 2921 ’ξων
637 2865 862 2937 ἀντικρὺ
889 2865 998 2920 τῶν
1024 2865 1257 2920 εἰδώλων
1293 2868 1385 2919 καὶ
1432 2865 1719 2930 Ἰουδαίων,
1746 2877 1852 2923 etc.
1878 2865 1947 2921 ‘Id
1976 2876 2075 2931 est,

507 2957 526 2987 r
564 2953 669 2993 non
703 2938 904 2991 debere
945 2948 1193 2991 serratos
1225 2938 1369 2990 circa
1402 2937 1539 2988 idola
1575 2950 1799 2998 errare;
1858 2938 1952 2989 sed
1980 2952 2077 3004 pro

502 3009 583 3063 eis
614 3008 1101 3062 incontaminaiam
1134 3008 1243 3060 veri
1274 3007 1363 3058 Dei
1396 3005 1554 3059 simul
1585 3015 1639 3058 et
1667 3006 1920 3069 hominis,
1959 3007 2076 3059 Sal-

501 3078 821 3145 vatorisque
851 3079 1019 3130 nostri
1060 3075 1186 3130 Jesu
1221 3076 1450 3140 Christi,
1487 3085 1542 3129 et
1568 3090 1851 3129 servorum
1882 3077 2072 3142 ipsius.

502 3148 759 3202 manibus
804 3145 1140 3200 efformatam
1181 3146 1513 3214 imaginem,
1577 3154 1764 3198 contra
1822 3145 1963 3199 idola
2017 3156 2071 3199 et
2101 3157 2145 3215 ο

498 3217 716 3273 Indicos
748 3218 980 3285 erigere,
1021 3234 1039 3267 ι
1075 3226 1180 3269 etc.
1205 3216 1329 3269 Tria
1360 3231 1489 3269 vero
1528 3216 1612 3268 hic
1639 3216 1840 3268 diserte
1884 3226 2070 3269 notata

500 3290 690 3342 habes.
726 3286 992 3355 Primum,
1025 3286 1229 3339 Christi
1286 3285 1498 3338 Domini
1543 3296 1595 3337 et
1646 3300 1928 3338 servorum
1956 3287 2073 3355 ejus

499 3357 750 3410 manibus
781 3354 1144 3408 clforinandas
1177 3370 1301 3408 esse
1349 3356 1650 3423 imagines;
1700 3356 1915 3419 deinde,
1955 3354 2071 3409 ido-

499 3427 675 3478 lorum
710 3425 1011 3495 districtum
1064 3424 1529 3495 prohibitionem;
1577 3435 1886 3492 postremo,
1946 3441 2074 3495 gen-

502 3496 635 3548 tium
667 3494 1008 3547 idolomauiie
1039 3504 1089 3547 et
1125 3492 1436 3547 .luilzeoruin
1490 3495 1867 3562 superstitioni
1904 3492 2074 3561 oppo-

498 3564 705 3619 nendas
736 3577 859 3617 eSse
894 3564 1095 3616 Christi
1142 3574 1196 3616 et
1236 3570 1548 3617 sanctorum
1599 3564 1886 3631 imagines.
1920 3564 2073 3619 llnnc

498 3643 680 3687 autem
715 3633 1076 3702 apostolicum
1112 3648 1402 3693 canoucm,
1434 3649 1755 3702 germanum
1783 3647 1926 3698 esse,
1961 3649 2070 3688 non

498 3718 713 3767 recens,
744 3718 882 3755 unus
906 3713 959 3757 et
988 3703 1127 3756 alter
1152 3703 1202 3754 in
1227 3705 1423 3770 angulo
1450 3703 1755 3766 allirmant;
1783 3704 1874 3756 sed
1905 3719 2071 3772 prope

498 3773 950 3837 innumerabiles,
993 3775 1082 3841 qui
1126 3774 1179 3827 in
1211 3774 1427 3841 publico
1481 3774 1644 3826 totius
1678 3775 1829 3827 orbis
1857 3775 2073 3827 theatro

498 3853 626 3898 ante
652 3843 996 3912 octingentos
1032 3859 1203 3913 annos
1235 3852 1605 3896 convenerunt
1632 3843 1843 3905 Patres,
1866 3846 2073 3913 synodo

496 3913 717 3967 Nicaena
776 3911 1099 3980 posteriore.
1154 3911 1267 3967 Hoc
1312 3928 1528 3981 quoque
1579 3929 1789 3967 canone
1853 3911 2073 3966 innixus

500 3983 736 4037 Basilius
764 3982 1012 4053 Magnus,
1045 3994 1170 4037 ante
1201 3983 1339 4035 1270
1364 3984 1597 4036 asseruit
1626 3984 1694 4047 “,
1731 4001 1747 4032 ι
1774 3984 2069 4053 imaginum

499 4068 653 4106 usum
678 4054 745 4108 ab
780 4054 1045 4122 apostolis
1075 4067 1403 4115 emanasse;
1438 4071 1456 4103 ι
1498 4053 1771 4122 simulque
1804 4070 1868 4107 eo
1894 4054 2073 4107 adhuc

497 4124 774 4191 antiquior
813 4124 1075 4176 Eusebius
1104 4124 1173 4185 ’⁸,
1209 4141 1227 4173 ‹
1262 4137 1291 4174 a
1324 4123 1619 4191 majoribus
1650 4124 1916 4192 prodiisse
1942 4139 2073 4176 con-

496 4196 763 4258 lirmaus;
809 4212 826 4244 ι
859 4205 913 4246 et
945 4193 1259 4263 Pamphilus
1292 4206 1501 4262 martyr
1539 4202 1769 4261 utroque
1798 4194 2067 4261 superior,

499 4264 641 4317 hanc
690 4264 1061 4331 apostolorum
1125 4264 1572 4316 constitutionem
1601 4302 1616 4326 ,
1667 4278 1789 4316 cum
1824 4263 2072 4331 pluribus

497 4334 708 4399 aliis,se
731 4336 781 4388 in
804 4334 1057 4403 Origenis
1082 4334 1409 4387 biblimheca
1431 4335 1699 4401 reperisse
1734 4342 1964 4403 testatur
2001 4333 2067 4387 “.

564 4404 621 4458 4.
649 4400 985 4475 Subjungaiu
1023 4404 1339 4475 Daniasceni
1368 4403 1435 4467 ’⁷,
1478 4400 1791 4475 Evagrii",
1825 4412 1879 4455 et
1907 4400 2070 4457 Nice-

495 4476 650 4544 pliori
678 4476 722 4506 ²⁹
756 4472 823 4529 ex
864 4472 1104 4527 arcliivis
1138 4472 1355 4527 Edessa:
1390 4473 1631 4544 civitatis
1684 4472 2062 4541 deproniptam

496 4542 891 4607 narrationem,
926 4547 991 4598 de
1027 4558 1150 4609 rege
1184 4544 1453 4614 Abagaro,
1509 4542 1645 4595 alias
1676 4546 1914 4613 Augaro,
1972 4545 2061 4611 qui

494 4617 639 4668 fama
686 4617 1028 4670 curationum
1067 4615 1271 4667 Christi
1306 4624 1617 4683 permotus.
1672 4624 2065 4681 consequenda:

494 4687 745 4739 sanitatis
785 4701 934 4756 ergo,
974 4685 1239 4738 Anan‘iam
1293 4697 1574 4756 cursorem
1616 4686 1937 4756 expeditum
1997 4684 2063 4736 ad

494 4770 616 4809 cuin
654 4758 821 4810 misit.
854 4754 959 4810 Sed
989 4771 1109 4810 cum
1145 4768 1241 4821 pro
1272 4755 1411 4807 votis
1444 4768 1530 4806 res
1555 4754 1777 4806 minime
1806 4756 2065 4808 succede-

495 4836 576 4879 ret
604 4827 733 4895 regi,
776 4837 832 4879 ut
872 4826 1141 4880 desiderio
1181 4840 1287 4890 quo
1321 4823 1633 4895 ﬂagrabat,
1662 4825 1743 4877 vel
1783 4840 1848 4877 ex
1904 4835 2061 4893 parte

492 4894 696 4951 faceret
727 4899 883 4961 satis,
926 4899 1184 4964 pictorem
1219 4895 1479 4947 eximium
1518 4894 1692 4957 misit,
1736 4896 1824 4962 qui
1858 4895 2059 4949 Christi

491 4967 683 5021 faciem
719 4966 946 5020 elIictain
980 4975 1258 5031 accurate,
1312 4965 1553 5019 allerret.
1600 4968 1665 5018 At
1698 4982 1819 5017 cum
1879 4968 2054 5033 piczor

488 5036 559 5090 ob
586 5038 929 5105 splendorem
972 5038 1171 5099 vultus,
1204 5052 1339 5105 Opus
1389 5053 1492 5089 non
1525 5046 1707 5105 posset
1736 5039 2051 5099 absolvere;

491 5106 743 5159 Salvator
779 5124 797 5157 ι
828 5110 1034 5159 textum
1070 5106 1273 5159 lineum
1307 5108 1484 5174 petiit,
1539 5110 1589 5159 in
1622 5121 1793 5172 coque
1825 5119 2051 5173 expres-

489 5191 604 5229 sam
634 5176 789 5231 l‘acici
823 5178 1115 5245 imaginem
1144 5178 1208 5231 ad
1241 5193 1420 5242 regem
1453 5179 1616 5230 misit.
1650 5196 1665 5225 ι
1702 5176 1851 5228 llanc
1877 5176 2056 5228 adhuc

488 5260 584 5298 sua
634 5256 827 5310 a'tate,
891 5263 995 5300 non
1052 5249 1170 5300 sine
1210 5248 1389 5313 populi
1449 5249 1796 5300 veneratione
1838 5246 2055 5298 Edessa:

492 5319 886 5383 conspexisse,
968 5317 1078 5373 Lco
1152 5316 1800 5386 Constantinopoliianus
1877 5317 2057 5372 lector

558 5456 601 5488 “
631 5454 748 5511 Lib.
792 5464 859 5512 de
910 5472 1055 5526 pass.
1089 5459 1343 5527 imaginis
1400 5459 1610 5513 Domini
1655 5461 1823 5513 nostri
1880 5459 2004 5512 Jesu
2066 5454 2290 5510 Christi.

489 5525 795 5596 Bostrensis
825 5524 1019 5596 epist,
1053 5524 1290 5582 oratfde
1322 5530 1547 5582 muliere
1577 5532 1891 5593 laborante;
1926 5530 2267 5582 Sozomenus
2296 5525 2392 5578 lib.
2440 5542 2467 5574 ν
2502 5524 2667 5582 llist..
2696 5540 2818 5589 cap.
2847 5524 2940 5576 20.

1142 5598 1187 5668 '7‘
1218 5598 1518 5653 Turriaiius
1550 5603 1644 5653 lib.
1677 5618 1716 5663 i,
1747 5618 1843 5668 pro
1880 5616 2002 5652 c.in.
2036 5608 2236 5668 apost.,
2280 5611 2417 5668 c-ap._
2444 5596 2537 5647 25.

487 5611 562 5650 vn
607 5595 767 5660 llist.,
812 5595 933 5665 cap.
980 5597 1059 5650 l4.

485 5667 533 5699 “
558 5665 679 5719 Lib.
713 5682 765 5720 iv
802 5666 1033 5732 Histor.,
1075 5684 1122 5722 c.
1150 5667 1240 5722 26.

486 5752 603 5803 cap.
642 5739 696 5790 2.
773 5739 815 5767 ³¹
844 5739 965 5792 Lib.
1000 5754 1013 5791 i
1046 5740 1110 5793 de
1135 5754 1401 5794 consensu
1432 5756 1627 5809 evang.
1652 5780 1664 5799 .
1692 5756 1817 5809 cap.

485 5805 857 5879 Pelagianam,
890 5824 939 5867 c.
970 5812 1023 5875 2;
1057 5810 1145 5865 lib.
1178 5825 1215 5863 it
1247 5813 1311 5865 de
1340 5812 1480 5865 visit.
1528 5812 1692 5878 inlir.,
1724 5830 1771 5866 c.
1804 5811 1853 5864 ὅ.

1319 5670 1363 5699 ²⁹
1390 5670 1507 5722 Lib.
1538 5687 1574 5724 ll
1606 5670 1766 5735 llist.,
1801 5686 1919 5738 cap.
1952 5670 2004 5722 7.

773 5738 815 5767 ³¹
844 5738 965 5792 Lib.
1000 5754 1013 5791 i
1046 5740 1110 5793 de
1135 5754 1401 5794 consensu
1432 5756 1627 5809 evang.
1652 5780 1664 5799 .
1692 5734 1817 5809 cap.
1866 5734 1957 5805 it);
1998 5741 2072 5793 lib

773 5826 857 5863 ltll.
890 5824 939 5863 c.
970 5812 1023 5863 2;
1057 5810 1145 5863 lib.
1178 5825 1215 5863 ii
1247 5813 1311 5863 de
1340 5812 1480 5863 visit.
1528 5812 1692 5863 inlir..
1724 5830 1771 5863 c.
1804 5811 1853 5863 ὅ.
1937 5810 1980 5843 ³³
2017 5811 2072 5863 ὃς

2186 5753 2244 5790 ιιι
2294 5746 2485 5789 contra
2530 5734 2743 5802 Faust.,
2776 5753 2900 5804 cap.
2932 5736 3019 5790 73.

2186 5846 2194 5861 .
2231 5811 2263 5859 τι
2299 5809 2363 5860 de
2395 5808 2451 5861 5.
2486 5806 2674 5863 Steph.
2756 5806 2798 5836 ³⁸
2831 5807 3003 5863 Elitsl.

2061 5824 2194 5863 erm.
2231 5822 2263 5859 ’.ι
2299 5822 2363 5860 de
2395 5822 2451 5861 δ.
2486 5822 2674 5876 Stepa.

2186 1886 2332 1939 clara
2367 1889 2583 1958 Ignatii,
2619 1888 2912 1950 Martialis,
2945 1889 3288 1952 Tertulliani,
3317 1886 3743 1958 Cypriani,0rio

2186 1959 2360 2021 genis,
2395 1957 2683 2019 Lactantii,
2716 1959 3035 2021 Athanasii,
3091 1961 3157 2011 de
3208 1957 3546 2027 ﬁguratione
3588 1964 3744 2015 crocis

2186 2028 2388 2080 verba?
2431 2028 2852 2092 Apertissiinum
2885 2043 3015 2096 ergo
3046 2040 3128 2082 est
3158 2029 3363 2083 Christi
3395 2042 3459 2082 ct
3491 2032 3743 2098 apostolo-

2186 2108 2305 2149 rum
2337 2112 2450 2149 ἱενο
2481 2111 2759 2165 sacrarum
2793 2099 3086 2165 imaginum
3132 2115 3286 2151 usum
3317 2098 3519 2152 fuisse.

2254 2165 2498 2219 Alterum
2534 2164 2684 2236 l‘alsze
2722 2164 3042 2220 asscrtiouis
3079 2177 3265 2236 caput,
3322 2183 3437 2232 quo
3472 2170 3626 2222 aiunt
3662 2186 3745 2223 nec

2184 2236 2385 2291 veteris
2423 2235 2678 2289 Ecclesia:
2723 2237 3011 2305 exemplis,
3041 2252 3140 2289 nec
3194 2238 3513 2303 priscorum
3546 2239 3744 2292 Palmm

2186 2306 2529 2375 testimoniis
2570 2307 2865 2375 imaginum
2922 2322 3077 2360 usuin
3104 2307 3425 2360 conﬁrmari
3465 2324 3649 2375 posse,
3690 2327 3746 2364 et

2184 2375 2391 2447 Calvini
2452 2374 2955 2447 ollicina’prodiit;
3007 2376 3099 2444 qui
3168 2377 3327 2429 annis
3367 2374 3683 2447 quingentis
3721 2397 3746 2432 :i

2182 2446 2425 2507 Christo,
2465 2444 2666 2511 quibus
2709 2446 2890 2499 adhuc
2922 2445 3149 2499 ﬂorebat
3181 2444 3465 2511 religio'et
3503 2444 3749 2501 sincerior

2185 2514 2432 2569 doctrina
2469 2515 2708 2582 vigebat,
2739 2515 3050 2569 Christiana
3092 2516 3287 2582 templa
3316 2518 3390 2569 ab
3425 2518 3751 2585 imaginibus

2184 2599 2352 2638 vacua
2386 2584 2553 2637 fuisse
2585 2585 2827 2638 scribere
2877 2601 2981 2637 non
3014 2585 3272 2655 erubuit;
3323 2601 3439 2655 quo
3479 2584 3749 2641 mendacio

2184 2654 2316 2707 nihil
2350 2655 2718 2720 impudentius
2757 2655 2859 2707 dici
2894 2664 3089 2722 potest.
3135 2653 3421 2720 Siquidem
3466 2667 3601 2710 ante
3630 2659 3747 2710 “Od

2184 2738 2355 2777 annos
2387 2724 2609 2792 scripsit
2654 2724 2983 2792 Augustinus
3009 2724 3074 2787 ³¹,
3132 2741 3149 2773 t
3186 2725 3438 2790 pluribus
3472 2726 3613 2780 locis
3656 2727 3746 2781 Pc-

2186 2802 2327 2846 trum
2358 2800 2413 2845 et
2445 2790 2671 2863 Paulum
2708 2790 2810 2845 una
2845 2810 2964 2847 cuni
3003 2794 3224 2848 Christo
3272 2795 3555 2863 depictos,
3593 2798 3743 2850 etiam

2182 2878 2419 2983 paganos
2473 2862 2705 2926 vidisse;
2743 2872 2796 2915 et
2826 2863 3059 2916 Abrahae
3090 2874 3284 2929 sponte
3324 2862 3507 2918 lilium
3569 2866 3748 2921 immo-

2202 2933 2343 2983 :intis
2377 2930 2557 2983 nobile
2601 2931 2826 2983 factum.
2858 2942 2935 2983 tot
2965 2934 3162 2983 linguis
3212 2945 3533 2983 cantatum-
3590 2948 3646 2983 et
3686 2946 3748 2983 tot

2202 2930 2343 2984 antis
2377 2930 2557 2983 nobile
2601 2931 2826 2994 factum,
2858 2942 2935 2984 tot
2965 2934 3162 2999 linguis
3212 2945 3533 2995 cantatum,
3590 2948 3646 2990 et
3686 2946 3753 2989 tot

2182 3000 2312 3054 locis
2343 3002 2569 3068 pictum,
2602 3010 2658 3052 ut
2692 3018 2852 3055 aures
2881 3012 2933 3055 et
2961 3004 3147 3055 oculos
3177 3004 3659 3059 dissimulantium
3691 3007 3756 3058 le-

2181 3072 2336 3143 rirct.
2381 3072 2617 3143 insuper
2655 3072 2847 3125 Atiilllll
2881 3082 2935 3126 ct
2990 3073 3111 3126 Eva:
3148 3072 3296 3127 loliis
3350 3079 3755 3143 contegentiuui

2182 3140 2718 3212 pudemla,admisso
2774 3151 3015 3210 peccato,
3064 3143 3306 3211 picturas
3352 3140 3697 3212 prostitisse.
3733 3165 3751 3196 ι

2178 3208 2323 3264 Idem
2365 3212 2724 3285 apertissimis
2744 3208 2955 3285 verbis,
2996 3232 3024 3285 _t
3064 3208 3373 3285 Doniiiiicae
3408 3215 3602 3269 crucis
3630 3208 3756 3285 tige-

2181 3296 2317 3355 i'ain,
2366 3280 2712 3355 hominisque
2735 3282 2871 3355 inibi
2902 3280 3153 3355 patientis
3182 3280 3404 3355 allixaiu
3443 3280 3755 3355 imaginem,

2179 3350 2547 3423 adcriicilisi
2593 3352 2805 3423 Domini
2861 3354 3030 3405 nostri
3078 3350 3754 3423 recordatioueuifetp-

2177 3419 2432 3495 gritaiitis
2481 3420 2605 3474 lidei
2659 3421 3398 3495 excitationem,humiliter
3447 3419 3756 3495 complecti,

2178 3489 2495 3559 suppliciter
2533 3494 2779 3551 venerari
2813 3510 2829 3540 ι
2868 3492 3061 3544 suadet
3092 3490 3156 3542 ³³.

2249 3559 2393 3612 Ideni
2421 3572 2730 3633 postremo,
2768 3560 2979 3633 publica
3005 3562 3069 3614 de
3127 3561 3185 3613 Β.
3221 3560 3512 3630 Stephano
3569 3574 3757 3633 marty-

2178 3630 2319 3683 rium
2352 3630 2641 3692 subeunte,
2668 3632 2735 3682 ad
2759 3631 3012 3698 populum
3039 3646 3197 3683 suum
3229 3634 3509 3687 conciOiie
3540 3635 3670 3686 dicit
3696 3630 3752 3687 πε

2182 3718 2199 3751 ι
2237 3700 2427 3752 l’assio
2464 3700 2594 3769 ejus
2648 3699 2881 3769 insignis
2911 3711 3016 3763 est,
3050 3703 3395 3768 multumque
3456 3704 3757 3769 mirabilis;

2178 3771 2321 3842 hanc
2354 3768 2514 3823 modo
2542 3770 2609 3823 de
2642 3770 2781 3842 libro
2826 3772 3062 3823 Actuum
3106 3783 3292 3840 apOSI.
3336 3788 3468 3825 cuin
3496 3768 3759 3842 legeretur

2177 3841 2486 3893 auliviinus
2536 3854 2638 3892 non
2670 3840 2888 3901 solum,
2939 3843 3030 3893 sed
3071 3848 3234 3894 etiam
3287 3844 3473 3896 oculis
3500 3840 3757 3910 spectari-

2178 3924 2315 3962 nius.
2354 3928 2373 3960 ι
2404 3910 2611 3974 Quibus
2649 3920 2836 3977 aperte
2865 3912 3136 3979 signiﬁcat
3166 3926 3272 3964 non
3310 3913 3479 3965 modo
3508 3915 3757 3968 historias

2176 3988 2490 4033 sanctorum
2541 3992 2840 4048 martyrum
2886 3982 3103 4047 publice
3137 3982 3241 4046 legi
3303 3982 3509 4035 solitas
3546 3985 3599 4034 in
3638 3997 3755 4035 tetu-

2177 4049 2312 4118 pl.s;
2348 4052 2618 4122 veruinin
2642 4050 2861 4122 tabellis
2890 4052 3149 4122 graphice
3177 4053 3432 4122 depictas
3458 4063 3517 4106 et
3547 4070 3756 4122 expres-

2175 4135 2293 4179 sas,
2326 4120 2502 4173 oculis
2532 4119 2769 4171 lideliuni
2806 4130 2920 4171 tum
2955 4120 3230 4188 subjectas
3292 4120 3499 4176 fuisse.

2244 4190 2469 4260 Accedit
2500 4199 2555 4242 et
2605 4189 2863 4242 Paulinus
2902 4190 2967 4253 ³⁸,
3006 4196 3073 4243 ad
3128 4204 3292 4257 quem
3328 4200 3413 4243 tot
3468 4191 3754 4260 Augustini

2176 4269 2228 4314 et
2258 4258 2573 4329 Hieronymi
2606 4271 2827 4312 exstant
2853 4261 3115 4328 epistolie.
3143 4262 3191 4313 ls
3224 4262 3501 4315 Severum
3529 4258 3755 4322 eitollit,

2181 4349 2197 4380 ι
2231 4332 2376 4397 quod
2408 4332 2461 4382 in
2498 4331 2616 4383 loco
2667 4329 2981 4383 refectionis
3056 4329 3161 4398 75
3215 4331 3519 4397 humanae,
3577 4334 3629 4383 id
3683 4343 3757 4385 est

2176 4402 2520 4468 baptisterio,
2585 4400 2647 4453 Β.
2679 4399 2897 4452 Martini
2925 4399 3157 4469 clligiem
3187 4400 3563 4467 depinxisset,
3595 4413 3650 4454 ut
3672 4401 3758 4453 de-

2177 4472 2503 4550 poiiciitibus
2534 4473 2587 4550 iii
2624 4472 2844 4550 lavacro
2892 4478 3123 4523 terrena:
3147 4470 3405 4550 imaginis
3433 4484 3754 4550 yetustatem

2175 4539 2433 4593 imitanda
2460 4543 2703 4594 caelestis
2736 4542 2931 4593 anima:
2956 4550 3277 4593 occurreret
3301 4539 3537 4607 elligies.
3570 4561 3590 4593 ι
3625 4542 3755 4592 Misi

2172 4622 2434 4679 praeterea
2476 4616 2539 4663 ad
2569 4614 2819 4664 eumdem
2848 4610 2945 4663 lios
2972 4625 3180 4681 versus,
3208 4626 3347 4677 quos
3376 4612 3611 4681 imagini
3639 4612 3756 4663 Ciu~

2169 4685 2316 4735 cilixi
2350 4697 2414 4735 eo
2444 4682 2546 4735 loci
2579 4693 2780 4734 erecta;
2811 4680 3016 4735 ascribi
3055 4690 3277 4733 curaret
3310 4702 3321 4732 :

2168 4777 2331 4829 Cerne
2361 4787 2666 4826 coronatam
2695 4773 2907 4826 Domini
2936 4788 3094 4840 super
3122 4773 3262 4823 atria
3296 4770 3509 4825 Christi

2168 4846 2324 4899 Stare
2346 4861 2575 4908 crucem,
2608 4844 2742 4895 duro
2771 4844 3113 4911 spondentem
3152 4841 3293 4894 celsa
3323 4841 3505 4893 labori

2170 4916 2439 4977 Prwini'o;
2479 4917 2601 4967 tolle
2634 4930 2864 4978 crucem,
2897 4916 2984 4982 qui
3018 4929 3094 4965 vis
3133 4914 3350 4980 auferre
3382 4927 3669 4965 coro-an.

2167 5007 2231 5061 Et
2272 5008 2339 5060 ad
2376 5008 2510 5059 alias
2544 5006 2727 5059 crucis
2763 5006 3043 5081 imagines
3066 5005 3121 5057 in
3168 5007 3423 5075 ingressu
3461 5007 3706 5062 basilica
3736 5022 3748 5061 τ

2166 5102 2350 5153 Ardua
2374 5098 2624 5169 ﬂorifero:
2654 5112 2785 5150 crux
2814 5098 3049 5166 cingitur
3079 5101 3200 5149 orbe
3227 5114 3445 5153 σοι-οηο
3465 5139 3483 5164 ,

2240 5171 2307 5222 Et
2345 5168 2564 5222 Domini
2595 5170 2712 5229 {uso
2746 5168 2911 5221 tincta
2945 5183 3136 5220 cruore
3169 5170 3359 5232 iubet;

2169 5240 2402 5311 Quisque
2433 5255 2589 5305 super
2616 5240 2829 5308 signum
2860 5238 3087 5291 resident
3118 5240 3323 5311 caeleste
3349 5238 3620 5294 columba
3641 5279 3656 5305 ,

2238 5308 2581 5379 Stniplicibus
2606 5311 2838 5377 produnt
2872 5324 3034 5375 regna
3060 5320 3238 5375 patere
3265 5308 3385 5364 Dei.

2408 5455 2450 5483 ²²
2484 5453 2602 5506 Lib.
2648 5467 2718 5507 vn
2761 5453 2823 5506 lli
2848 5462 2963 5506 tor.
2987 5492 3002 5517 ,
3038 5468 3159 5521 cap.
3196 5451 3285 5506 Η.
3390 5455 3438 5486 ⁸³
3468 5458 3745 5523 Antipater

2440 5542 2467 5557 υ
2503 5524 2615 5557 Ηικι
2696 5540 2795 5557 nan
2847 5524 2918 5557 θη
3035 5525 3081 5553 ιδ
3113 5524 3187 5557 Nn
3244 5524 3309 5557 .ul
3352 5523 3432 5557 Iul
3554 5528 3603 5557 η
3638 5528 3651 5557 l
3682 5530 3730 5557 il.

2631 5560 2667 5582 ..
2696 5540 2818 5589 cap.
2847 5524 2940 5576 20.
3035 5525 3081 5553 “
3112 5524 3207 5591 Ep.
3244 5524 3309 5577 ad
3342 5523 3459 5579 Jul.
3554 5528 3603 5557 ’⁵
3635 5528 3746 5577 Lib.

2631 5596 2673 5623 ⁸⁷
2711 5596 2828 5647 Lib.
2866 5610 2917 5665 iv
2969 5597 3042 5650 De
3083 5598 3188 5648 ﬁde
3238 5598 3410 5659 ortli.,
3475 5612 3601 5665 cap.
3665 5594 3745 5647 l7.

2084 5669 2126 5698 ³⁰
2160 5667 2281 5720 Lib.
2311 5681 2348 5717 ii
2381 5663 2545 5725 llist.,
2576 5680 2628 5718 c.
2657 5666 2747 5727 45,
2778 5676 2831 5717 ei
2862 5664 2955 5719 lib.
2989 5681 3062 5729 νι,
3097 5680 3217 5732 cap.
3263 5668 3325 5718 lli
3350 5709 3364 5728 ,
3400 5680 3457 5719 ei
3495 5663 3590 5719 nu.
3635 5682 3744 5721 llVo

3122 5737 3165 5765 ³³
3194 5736 3314 5790 Lib.
3350 5752 3378 5788 Vi
3412 5748 3607 5788 conlra
3638 5738 3742 5788 Jul.

2756 5806 2798 5836 ³⁸
2831 5807 3003 5877 Epist.
3043 5805 3106 5860 l2
3140 5810 3203 5860 ad
3241 5809 3527 5861 Sewruui.
