3906 6366
184 349 312 410 i509

1431 343 1497 396 IN
1536 342 1665 399 LIB.
1707 345 1723 397 I
1768 342 1825 397 S.
1870 343 2149 401 IREN/EI.

3292 351 3433 407 1510

244 469 503 522 Damasus
538 462 701 516 etiam
733 475 799 532 ea
828 470 1006 532 male
1037 474 1122 515 res
1161 470 1349 532 gestas
1397 463 1741 528 superiorum
1774 467 1818 521 Α
1850 462 2051 532 crymis
2079 478 2198 515 eam
2240 462 2524 516 osculatus
2570 469 2690 526 est,
2740 478 2837 532 per
2875 478 2996 517 eam
3039 465 3334 521 arbitratus
3378 486 3436 524 se

181 537 478 607 pontiﬁcum
496 534 754 601 colligens
770 531 911 592 "-"5,
942 530 1207 607 «Joannis
1238 530 1494 599 Baptistae
1521 533 1740 607 rorifes-

180 602 396 667 sionem,
428 619 492 656 ex
530 611 756 671 argento
790 616 1047 655 auream:
1094 602 1223 655 item
1246 642 1260 665 ,
1301 611 1356 654 et
1388 603 1568 656 crucis
1604 603 1743 653 ima-

180 680 363 747 ginem,
408 694 425 726 ι
466 674 755 735 Hilarium,
789 674 881 741 qui
914 673 1072 742 longe
1099 687 1223 725 eum
1252 680 1630 740 priscesserat,
1659 671 1739 725 fe-

180 750 312 801 cisse
342 755 547 798 narrat.

244 816 597 884 Hieronymus
622 828 840 884 quoque
866 811 1089 866 Paulam
1138 825 1337 884 magno
1380 810 1600 884 pietatis
1652 825 1741 862 ar-

180 888 297 940 dore
332 880 567 938 montem
595 880 861 937 calvaria:
885 882 1272 936 conscendisse
1296 890 1483 933 narrat
1514 880 1561 911 ⁷⁸
1585 920 1599 942 ,
1634 898 1652 931 i
1686 890 1742 932 et

179 964 490 1025 prostratam
526 962 653 1006 ante
683 966 901 1007 crucem
924 991 939 1015 ,
980 951 1138 1022 quasi
1176 952 1507 1022 pendentem
1554 949 1741 1004 Domi-

178 1024 294 1080 num
326 1032 601 1086 cerneret,
644 1024 926 1076 adorasse.
964 1040 982 1073 ι

244 1115 261 1148 i
296 1093 466 1150 Veluti
516 1092 715 1145 malum
756 1092 971 1145 innavi
1012 1105 1230 1146 crucem
1279 1100 1517 1144 erectam
1557 1091 1611 1144 in
1654 1106 1744 1145 ec-

177 1168 322 1219 rlesia
351 1178 489 1225 esse,
522 1162 644 1230 quia
676 1162 817 1215 inter
842 1162 1025 1214 saeculi
1057 1160 1338 1229 naufragia
1375 1174 1626 1214 servatur
1658 1160 1741 1213 iu-

176 1234 412 1296 colniuis,
453 1253 471 1286 ι
508 1233 940 1287 concionabatur
969 1230 1294 1283 Ambrosius
1324 1231 1391 1279 ⁷⁷.

240 1303 496 1359 Eximium
516 1312 727 1371 poetam
746 1299 1484 1371 Christianuianrudentiuin
1510 1310 1739 1371 printer-

178 1379 246 1431 ire
300 1388 400 1427 non
442 1370 705 1441 pessum;
743 1370 835 1440 qui
870 1370 1181 1441 certamina
1213 1380 1528 1441 inartyruin‘
1552 1370 1740 1437 expri-

178 1454 368 1499 mentes
402 1438 672 1511 imagines
706 1438 775 1493 ini
795 1439 1009 1507 templis
1043 1438 1339 1511 collocatas
1362 1438 1624 1491 versibus
1653 1454 1744 1511 ce-

178 1516 327 1576 i-init,
380 1509 779 1577 cnm'genibus
829 1511 894 1562 ad
945 1509 1128 1563 sancti
1179 1509 1427 1563 Cassiani
1475 1510 1742 1577 martyris

182 1585 421 1637 tumulum
452 1582 838 1635 advolveretur
863 1580 911 1612 ⁷⁸
943 1596 957 1633 :

179 1696 321 1750 Erexi
351 1697 415 1749 ad
448 1695 639 1750 cozlum
674 1693 889 1763 faciem,
927 1694 1069 1747 stetit
1100 1694 1250 1746 obvia
1275 1702 1460 1746 contra

240 1765 387 1819 Fusis
417 1766 654 1818 colorum
685 1764 828 1831 picta
854 1765 1029 1831 imago
1057 1764 1329 1831 martyris.

180 1835 353 1900 Plagas
381 1834 522 1887 mille
547 1850 752 1901 gerens,
780 1842 916 1885 totos
944 1833 1178 1886 lacerata
1210 1849 1305 1900 per
1335 1839 1485 1883 artus
1505 1868 1521 1895 ,

239 1904 450 1970 Ruptum
483 1903 703 1956 minutis
730 1902 1014 1970 praeferens
1051 1903 1260 1965 punctis
1291 1912 1481 1955 cutem.

176 1972 429 2027 Innumeri
465 1976 663 2027 circum
703 1972 886 2039 pueri,
917 1970 1216 2024 miserabile
1243 1970 1380 2034 risu,

238 2043 485 2111 Confossa
520 2043 695 2111 parvis
725 2042 954 2111 membra
987 2042 1215 2109 ﬁgebant
1238 2041 1412 2109 stylis.

177 2109 413 2166 [Edita—ns
442 2109 716 2165 consultus
747 2113 858 2164 ait:
886 2109 1042 2175 Quod
1071 2112 1325 2176 prospicis
1345 2150 1361 2176 ,
1404 2111 1587 2178 hospes
1611 2147 1626 2173 ,

241 2183 353 2235 Non
389 2192 462 2236 est
500 2180 702 2245 inanis,
730 2188 825 2233 aut
859 2180 1016 2233 anilis
1046 2178 1261 2246 fabula;

179 2251 451 2305 Historiam
484 2251 695 2319 pictura
726 2250 908 2317 refert,
938 2266 1055 2319 quw
1089 2249 1287 2319 tradita
1312 2248 1463 2300 libris
1489 2287 1503 2311 ,

248 2321 421 2376 Veram
450 2318 641 2374 vetusti
664 2320 908 2387 temporis
931 2328 1191 2372 monstrat
1225 2318 1419 2386 fidem,
1452 2329 1556 2370 etc.

239 2437 327 2490 His
349 2436 607 2491 Omnibus
636 2434 891 2503 superior
921 2434 1260 2496 Lactantius,
1304 2433 1388 2487 his
1421 2432 1736 2486 lectissimis

174 2509 401 2559 versibus
423 2512 587 2574 (quos
612 2516 666 2558 et
703 2504 1008 2574 Gyraldus,
1052 2514 1106 2557 et
1146 2504 1370 2572 antiqua
1402 2503 1734 2574 exemplaria

173 2578 382 2641 probant
408 2572 532 2630 esse
558 2572 844 2643 germana)
874 2575 1035 2627 docet
1058 2589 1161 2642 qua
1194 2575 1398 2638 pietate
1438 2572 1644 2627 Christi
1671 2572 1737 2623 de

174 2660 317 2700 cruce
359 2642 648 2713 pendentis
698 2646 876 2709 imago
900 2684 916 2709 ,
953 2647 1007 2696 in
1042 2644 1261 2713 templis
1301 2642 1517 2713 publice
1551 2651 1735 2695 erecta

180 2716 245 2772 sit
272 2712 679 2784 contemplanda
705 2754 719 2777 ,
756 2714 975 2783 quando
1007 2713 1280 2768 Christum
1317 2713 1388 2766 ita
1427 2712 1735 2781 loquentem

176 2786 362 2841 inducit
400 2785 444 2816 "
472 2799 487 2837 :

177 2896 402 2966 Quisquis
435 2900 588 2961 ades,
616 2897 877 2965 mediique
902 2897 1045 2951 subis
1067 2898 1121 2950 in
1145 2895 1330 2949 limina
1357 2894 1558 2962 templi,

174 2964 524 3035 Siste‘parum,
554 2964 913 3036 insontemque
938 2979 1027 3020 tuo
1054 2983 1147 3035 pro
1172 2968 1390 3018 crimine
1416 2980 1629 3031 possunt

174 3035 365 3104 Respice
394 3055 495 3103 uie,
527 3054 608 3091 me
629 3040 794 3091 conde
817 3035 1016 3101 animo,
1037 3052 1114 3089 nte
1140 3036 1191 3087 in
1216 3050 1422 3103 pectore
1438 3051 1606 3098 serva,
1626 3043 1733 3086 etc.

174 3149 225 3203 Et
252 3151 399 3218 paulo
428 3159 548 3218 post
583 3148 815 3203 medium
843 3166 855 3200 :

175 3265 320 3321 Cerne
348 3285 534 3322 manus
559 3269 723 3322 clavis
743 3266 882 3335 ﬁxas
899 3304 914 3331 ,
953 3274 1251 3329 tractosque
1276 3263 1500 3316 lacertos
1525 3303 1541 3327 ,

174 3340 321 3407 dique
344 3340 525 3407 ingens
550 3338 706 3391 lateri
733 3337 937 3397 vulnus,
969 3351 1121 3388 cerne
1153 3336 1275 3386 imle
1301 3336 1525 3402 fluorem

175 3403 533 3476 Sanguineum,
575 3407 850 3476 fossasque
884 3406 1075 3476 pedes,
1108 3413 1359 3476 artusque
1390 3412 1658 3476 cruentos.

172 3473 333 3546 [lecte
358 3494 515 3546 genu,
545 3473 851 3545 lgnumque
876 3475 1049 3528 crucis
1080 3473 1379 3546 venerabile
1405 3474 1573 3524 adora

175 3543 401 3614 flebilis,
427 3543 654 3600 innocuo
680 3543 977 3614 terramque
1004 3560 1191 3596 cruore
1222 3544 1516 3614 madentem

174 3612 265 3670 Ore
291 3628 466 3684 patens
489 3617 707 3682 humili,
739 3612 985 3684 lacrymis
1010 3614 1256 3682 su/fumle
1276 3613 1524 3676 subortis,
1549 3619 1659 3666 etc.

231 3753 594 3809 Tertullianns
640 3754 874 3822 denique
911 3752 994 3806 vir
1042 3748 1464 3822 apostolicorum
1519 3756 1730 3822 tempo-

172 3838 309 3893 rum,
336 3823 445 3891 jam
481 3837 610 3878 tunc
647 3819 927 3893 publicum
962 3830 1016 3876 et
1047 3819 1099 3874 in
1125 3819 1730 3893 _sacris_eonventibi_is

173 3888 349 3965 fuisse
378 3888 674 3965 imaginum
722 3909 877 3965 usum
922 3891 1162 3965 ostendit
1197 3888 1536 3965 inanileste,
1588 3888 1727 3965 seri-

170 3963 287 4016 bens
308 3964 385 4025 ⁸⁰,
419 3957 587 4018 etiam
624 3965 677 4016 in
720 3964 854 4030 ipsis
884 3961 1090 4016 sanctis
1124 3960 1388 4013 calicibus
1428 3957 1729 4030 insculptas

173 4032 323 4088 fuisse
350 4035 580 4101 Christi,
616 4029 790 4088 instar
820 4033 945 4086 honi
981 4030 1224 4101 Pastoris
1259 4042 1419 4082 ovem
1464 4029 1728 4079 aberran-

171 4111 265 4175 iein
292 4106 341 4157 in
380 4099 639 4175 humeros
668 4102 978 4175 referentis,
1012 4099 1239 4175 efﬁgies.
1525 4165 1536 4175 _
1616 4165 1625 4175 _

231 4172 337 4226 lluc
365 4190 534 4243 usque
564 4173 789 4226 Latinos
824 4171 1010 4243 Patres
1038 4165 1323 4243 impudens
1380 4165 1724 4243 mendacium

169 4240 354 4313 Cralvini
411 4235 724 4313 rétegentes
779 4241 1087 4313 audivimus
1107 4235 1129 4303 ;’
1165 4235 1629 4313 addamus_jam,
1678 4240 1722 4289 si

168 4312 342 4378 placet,
370 4323 427 4368 ut
447 4305 595 4368 omini
621 4329 685 4367 ex
710 4323 864 4380 parte
895 4312 1275 4380 coiivincatur,
1314 4305 1554 4380 ejns_(lgein
1587 4316 1725 4380 aita-

173 4375 230 4436 iis
249 4394 301 4437 et
329 4385 571 4438 Graecos.
608 4375 913 4452 linperante
945 4379 1277 4452 Theodosio,
1318 4377 1379 4430 Β.
1416 4375 1723 4429 Theodore-

172 4460 241 4527 lus
269 4449 737 4527 Cyri_episcopii_s,_
775 4452 1087 4527 Simeonem
1127 4449 1381 4527 §tylitem
1415 4454 1562 4527 tanta
1594 4461 1719 4526 san:
1756 4474 1799 4527 υ

169 4516 354 4576 ctiiatis
386 4516 526 4577 fama
575 4516 917 4577 nobilitatum
964 4518 1297 4586 scripsit“,
1341 4534 1357 4566 ι
1399 4524 1457 4567 ιιι
1486 4516 1717 4568 licinani

170 4589 215 4642 in
241 4595 481 4648 omnibus
510 4596 674 4648 etiam
703 4591 1042 4645 ollicinarum
1082 4588 1384 4651 vestibulis,
1410 4594 1463 4637 et
1494 4586 1721 4651 penici-

169 4658 290 4725 bus,
347 4663 461 4730 ejus
520 4664 785 4731 imagines
835 4660 1207 4731 collocarent,
1258 4656 1717 4731 secui'itateiii_et

169 4725 449 4803 custodiam
507 4725 802 4803 quamdam
860 4733 1025 4785 rebus
1081 4730 1197 4782 suis
1250 4735 1512 4797 pi'atstat'e
1564 4725 1717 4778 arbi—

169 4802 297 4854 trati.
332 4821 350 4853 ι

228 4874 291 4923 At
332 4874 416 4927 ille
472 4873 587 4941 ipse
629 4882 718 4927 est
774 4871 1030 4934 Simeon,
1077 4869 1170 4938 qui
1219 4877 1348 4920 ante
1386 4864 1715 4919 Theodoreti

172 4947 413 5009 tempora,
444 4943 671 5010 epistola
708 4942 773 4995 ad
810 4942 1082 4995 JusUnuni
1125 4941 1509 5006 imperatorem
1532 4974 1547 4994 .
1591 4952 1720 5010 gra-

170 5007 367 5079 vissime
398 5007 571 5065 fuerat
608 5022 942 5079 conquestus
987 5009 1054 5062 de
1101 5009 1477 5079 SRIIIHI‘IIIS,‘
1521 5022 1611 5070 qui
1662 5007 1715 5058 in

167 5078 350 5148 ffliriSti
379 5082 590 5136 Domini
620 5076 789 5135 nostri
819 5081 1107 5148 imaginem
1135 5078 1359 5146 ejusque
1394 5076 1583 5129 Matris
1628 5080 1715 5128 iti-

169 5144 311 5202 lamlo
337 5151 578 5205 facinore
606 5153 838 5220 grassati
871 5144 1113 5220 fuerant.
1131 5219 1134 5220 ν
1155 5166 1173 5197 ι

229 5221 421 5289 Addam
455 5214 887 5289 pulclferriinum
929 5218 1139 5271 Leontii
1174 5215 1434 5289 Neapolis
1470 5214 1710 5289 episcopi

169 5287 483 5357 suifragiuin'.
513 5309 530 5342 ι
568 5289 728 5345 Sicut
774 5290 945 5355 Jiacob
968 5329 982 5351 ,
1028 5289 1203 5355 inquit
1251 5288 1297 5319 ⁸⁸
1322 5326 1336 5348 ,
1370 5287 1650 5351 accipiens
1684 5300 1713 5336 a

169 5356 279 5411 filiis
309 5356 505 5415 \‘iesteiit
530 5359 732 5430 Joseph
764 5363 1026 5429 sanguine
1057 5373 1434 5427 conspersum,
1470 5372 1591 5409 cum
1625 5357 1709 5407 Ia-

231 5501 342 5541 ³⁸-⁷¹
371 5505 443 5560 De
470 5507 595 5561 vitis
620 5506 960 5576 pontificum.
1031 5502 1075 5533 ⁷⁸
1110 5503 1163 5555 In
1194 5500 1467 5570 epitaphio
1498 5497 1700 5551 Paulae.
1778 5494 1833 5571 "_
1855 5491 2032 5568 Serm.
2064 5486 2153 5540 55.
2262 5486 2308 5515 ⁷⁸
2336 5486 2407 5539 Ca

231 5577 424 5633 ιτιννὶς.
497 5578 539 5611 ⁷’
567 5576 749 5631 Carm.
777 5578 843 5629 de
867 5589 1009 5633 pass.
1039 5574 1264 5627 Christi.
1375 5571 1419 5601 ⁸ο
1456 5572 1572 5622 Lib.
1612 5570 1677 5621 de
1710 5564 1996 5633 pudicitia,
2029 5576 2152 5633 cap.
2174 5556 2293 5633 7-et
2320 5557 2407 5610 10.

170 5577 424 5643 martyris.
497 5578 539 5611 7’
567 5576 749 5631 Carm.
777 5578 843 5629 de

172 5652 204 5713 ft
222 5644 360 5710 Apol.
393 5661 487 5713 pro
512 5649 713 5701 Christ.

170 5706 277 5813 litt}.-
341 5706 739 5813 "-SISHICI‘ICOIIIK)‘
765 5706 981 5813 Melet't‘i.
1083 5714 1130 5746 ⁸⁸
1171 5714 1324 5766 Orat.
1370 5727 1403 5779 (ι

216 5796 234 5810 ι-
259 5801 312 5813 ἰιι
523 5790 569 5813 ί.
623 5802 677 5813 ι..
713 5808 720 5813 .
749 5802 774 5813 ιι
807 5787 910 5813 νῖιη
967 5787 1197 5813 ἰιιιριιιηι
1286 5797 1387 5813 nun

406 5784 448 5816 ⁸⁸
478 5786 588 5843 Lib.
623 5802 680 5843 in
712 5789 775 5841 de
807 5787 913 5839 vita
940 5787 1247 5850 Constant.,
1286 5797 1407 5851 Cap.
1437 5780 1525 5834 48.

866 5589 1009 5643 pass.
1039 5574 1264 5627 Christi.

790 5646 835 5677 ⁸³
866 5632 1040 5711 ιύιιιει.
1076 5646 1143 5695 ad
1173 5644 1303 5706 Jul.,
1356 5641 1409 5693 iii
1451 5640 1603 5691 Actis
1632 5632 1791 5690 conc.
1836 5632 2073 5711 Νιείιὲιι.Δ
2115 5632 2161 5664 ⁸⁸
2190 5632 2365 5703 Serm.

1411 5711 1511 5761 uod
1558 5719 1663 5761 vet.
1698 5716 1752 5758 et
1784 5718 1908 5757 nov.
1954 5698 2103 5753 Test.
2143 5713 2282 5749 unus
2326 5702 2397 5751 sit
2442 5696 2742 5765 legislator.

1601 5781 1646 5809 δ’
1684 5775 1891 5830 Daniel.
1929 5786 2026 5839 vit,
2055 5772 2158 5823 lsa.
2198 5784 2273 5820 γι.

1846 530 2045 599 .IoSeph
2073 532 2310 585 osculari
2339 543 2392 585 et
2423 533 2473 583 in
2509 530 2760 586 inanibus
2786 532 3021 599 habere;
3056 536 3137 588 sic
3165 545 3221 590 et
3244 550 3435 593 omnes

1848 602 2138 674 imaginem
2166 603 2397 674 Christi,
2425 610 2516 654 aut
2546 602 2800 667 apostoli,
2840 614 2933 656 aut
2959 606 3218 674 martyris
3246 616 3437 660 tenen-

1848 682 1951 745 tes,
1984 672 2160 738 ipsum
2190 672 2494 745 Christum.
2531 680 2625 724 aut
2655 683 2950 745 martyrem
2987 672 3240 729 videmur
3271 677 3433 731 nobis

1844 742 2030 794 animo
2058 742 2368 808 complecti.
2409 761 2427 791 ι

1915 810 2173 864 Basilium
2204 811 2457 879 Magnum
2508 823 2636 866 ante
2680 814 2777 866 hos
2821 826 3013 867 omnes
3042 854 3055 875 ,
3107 833 3124 864 ι
3169 814 3433 869 historias

1845 880 2138 947 imaginum
2170 893 2479 935 sanctorum
2516 884 2927 951 prophetarum,
2961 884 3337 950 apostolorum
3374 895 3429 938 et

1847 960 2154 1021 martyrum
2196 952 2248 1003 in
2286 953 2540 1006 omnibus
2583 968 2679 1021 per
2709 952 2987 1007 Orientem
3020 954 3271 1007 ceclesiis
3307 970 3403 1007 ere

1847 1030 1965 1073 ctas
2012 1036 2133 1074 sese
2182 1023 2609 1088 suscepisse,’et
2645 1022 2820 1089 palam
2869 1025 3172 1076 honorasse
3204 1066 3218 1088 ,
3264 1031 3322 1077 ut
3360 1026 3428 1078 ab

1846 1091 2108 1189 apostolis
2164 1092 2422 1145 traditum
2459 1092 2676 1157 fuerat,
2712 1110 2729 1143 ›
2773 1092 2913 1147 idem
2953 1092 3055 1146 sibi
3103 1091 3221 1162 ipse
3271 1095 3426 1149 testis

1843 1169 1926 1213 CSI
1957 1169 2024 1211 ⁸³.

1917 1229 2046 1298 Ejus
2084 1227 2256 1283 frater
2287 1229 2587 1298 Gregorius
2615 1229 2896 1299 Nyssenus
2936 1230 3016 1293 ",
3061 1249 3079 1282 ι
3118 1246 3225 1285 non
3251 1232 3426 1286 infre-

1844 1310 2080 1370 queutcr
2109 1300 2378 1365 passionis
2408 1301 2609 1370 Christi
2635 1300 2864 1368 figuram
2893 1315 3014 1353 cum
3050 1301 3313 1370 lacrymis
3340 1302 3426 1356 in-

1848 1368 2119 1427 tuebatur,
2160 1387 2177 1441 i
2213 1371 2348 1422 adeo
2375 1369 2673 1424 ellicaciter
2699 1371 2767 1423 ob
2802 1370 2990 1425 oculos
3018 1368 3307 1425 historiam
3341 1373 3425 1441 pi-

1845 1446 1931 1490 ctu
1941 1454 1996 1489 ra
2023 1439 2275 1505 ponebat.

1914 1506 2036 1580 Istis
2088 1522 2194 1580 non
2247 1508 2475 1580 inferior
2512 1508 2981 1580 Chrysostomus,
3037 1530 3055 1561 ι
3105 1509 3166 1563 Β.
3223 1510 3423 1564 Meletii

1847 1576 2139 1649 imaginem
2172 1577 2223 1629 in
2248 1577 2490 1649 annalis,
2523 1576 2765 1649 poculis,
2800 1580 3028 1649 phialis,
3060 1580 3283 1634 thalami
3319 1597 3417 1649 pa—

1847 1645 2098 1718 rictibus,
2126 1655 2181 1718 et
2212 1647 2334 1718 aliis
2360 1645 2745 1718 Iocis,7multos
2774 1647 3067 1718 efﬁnxisse,
3095 1660 3152 1703 ut
3174 1645 3422 1718 corporis

1849 1716 2178 1768 sanctissimi
2218 1717 2314 1769 viri
2355 1717 2583 1769 formam
2611 1718 2814 1785 ubique
2858 1713 3287 1785 conspicerent,
3317 1739 3335 1771 ι
3366 1731 3422 1774 et

1765 1802 1812 1860 Β
1843 1794 2035 1865 narrat
2057 1796 2111 1838 et
2132 1785 2318 1865 laudat
2349 1787 2415 1840 ⁸⁵.
2448 1786 2587 1865 Qtiin
2619 1797 2671 1839 et
2707 1802 2767 1839 se
2805 1804 2823 1837 ι
2865 1802 2928 1841 ex
2961 1803 3087 1841 cera
3122 1790 3415 1865 confictam

1838 1856 2159 1977 imaginem
2206 1856 2410 1925 pietate
2461 1856 2670 1926 plenam
2704 1871 2920 1912 amasse
2961 1876 2978 1908 ι
3007 1873 3115 1911 non
3157 1858 3418 1912 dissimu-

1862 1933 1915 1976 at
1948 1933 2015 1977 ".
3474 1946 3481 1949 τ

1906 1993 2237 2064 Athanasius
2260 2008 2480 2048 onmem
2529 1995 3195 2064 imaginibus'cxhibitutn
3243 1997 3419 2052 hono-

1842 2076 1954 2115 rem
1993 2062 2061 2134 ad
2092 2072 2439 2134 prototypuin
2476 2062 2667 2118 referri
2701 2068 2857 2120 docet
2887 2066 2957 2117 ⁸⁷.

1912 2132 2160 2205 Denique
2184 2132 2555 2205 hisiomnibus
2580 2136 2833 2204 superior
2867 2134 3153 2197 Eusebius.
3184 2135 3420 2205 impera-

1841 2212 2011 2257 torem
2041 2202 2457 2257 Constantinum
2489 2202 2838 2258 tanto‘divini
2870 2207 3070 2258 amoris
3102 2202 3296 2259 ardore
3328 2207 3413 2258 in-

1841 2288 2063 2325 censum
2100 2272 2266 2325 refert
2294 2272 2374 2332 ⁸⁸,
2416 2291 2433 2321 i
2473 2282 2530 2325 ut
2572 2275 2737 2327 etiam
2782 2275 2834 2327 in
2871 2276 3050 2327 medio
3101 2274 3219 2328 loro
3268 2277 3420 2329 urbis

1839 2341 2309 2408 Constantinopol.
2349 2341 2629 2395 Danielem
2662 2360 2782 2397 cuin
2811 2344 3063 2398 leonibus
3106 2345 3159 2396 in
3190 2359 3297 2398 rere
3330 2345 3417 2397 iii—

1839 2412 2014 2464 (‘isum
2039 2451 2053 2474 ,
2090 2413 2317 2481 aurique
2356 2412 2572 2466 laminis
2603 2414 3108 2480 splendescentem;
3142 2414 3415 2481 simulque

1842 2482 1893 2533 in
1921 2483 2036 2548 ipso
2067 2480 2260 2547 palatii
2298 2482 2521 2534 introitu
2553 2482 2603 2533 in
2634 2484 2871 2535 maxima
2910 2484 3114 2547 tabula,
3158 2480 3415 2538 salutaris

1839 2548 2040 2621 Christi
2089 2552 2361 2617 passionis
2397 2551 2715 2621 insigneex
2765 2552 2965 2621 lapillis
3011 2554 3268 2617 pretiosis
3320 2570 3417 2607 (fll-

1833 2619 2033 2685 jnsque
2063 2621 2203 2672 IIIOtII
2246 2635 2490 2688 auroque
2521 2619 2693 2674 multo
2726 2619 2894 2689 polite
2925 2622 3217 2675 elaboratis
3239 2663 3253 2685 ,
3292 2637 3418 2677 cou-

1843 2689 2082 2760 lectum,
2130 2690 2399 2760 figendum
2428 2694 2745 2760 _ruraverit.
2792 2710 2809 2742 ι
2847 2692 3121 2746 Eviciinus
3171 2706 3303 2760 ergo
3346 2710 3413 2746 ex

1840 2759 2047 2812 Latina:
2079 2768 2133 2829 et
2177 2758 2382 2812 Graecae
2424 2757 2686 2813 Ecclesiae
2728 2763 3196 2829 prmstantissiniis
3241 2757 3413 2829 pluri-

1843 2831 2056 2896 tuisque
2085 2828 2361 2893 Patrihus,
2401 2845 2509 2882 non
2536 2828 2749 2896 longius
2782 2846 2807 2881 a
2836 2831 3036 2884 Christi
3069 2828 3415 2896 ascenSione,

1841 2913 2002 2965 quam
2034 2899 2446 2967 quadringentis
2484 2900 2643 2952 antiis
2678 2899 3078 2959 recedentibus.
3118 2918 3136 2950 ι
3171 2900 3272 2952 sub
3296 2915 3417 2966 qut-

1843 2969 1942 3020 bus
1970 2968 2236 3022 sincerior
2271 2968 2363 3021 Dei
2400 2968 2599 3031 cultus,
2633 2988 2651 3019 ι
2687 2969 2765 3021 vel
2800 2971 3189 3023 conﬁtentibus
3222 2973 3417 3023 adver-

1842 3040 2021 3095 sariis.
2063 3056 2079 3086 ι
2110 3039 2287 3091 adlmc
2310 3039 2498 3105 viguit,
2532 3057 2549 3088 ι
2582 3053 2734 3090 usmn
2774 3039 3093 3107 imaginum,
3126 3039 3327 3092 Christi
3361 3051 3417 3093 et

1766 3138 1809 3198 ς
1845 3108 2519 3198 ﬁlt9§l9ioruznr“tempore,
2540 3116 2713 3198 atque
2737 3109 3014 3198 deinceps,
3042 3121 3337 3198 ctnsacruiit
3356 3120 3415 3162 et

1846 3177 2118 3245 publicum
2153 3178 2294 3229 inter
2322 3176 2662 3246 Christianos
2692 3178 2881 3231 fuisse.
2917 3176 3016 3243 Qui
3068 3179 3214 3230 iIhiiu
3250 3178 3414 3246 igitur

1843 3255 2179 3315 oppugnant.
2213 3246 2519 3317 Manichzci,
2557 3245 2756 3301 Juliani
2841 3260 3066 3317 postatie
3092 3291 3114 3317 ,_
3152 3245 3406 3315 imporis-

1841 3317 1966 3368 simi
1986 3317 2327 3380 Mahometis,
2354 3315 2656 3370 Turcarum
2685 3315 3007 3385 tyrannidis,
3027 3315 3407 3372 etJudieor-nm

1842 3396 2276 3454 propugnatores
2324 3388 2545 3454 potius,
2592 3402 2753 3454 quant
2802 3389 3015 3455 pietatis
3057 3398 3111 3441 et
3164 3386 3413 3440 veritatis

1839 3456 2163 3509 Christiana
2196 3468 2495 3509 assertores
2523 3457 2711 3509 haberi
2741 3458 2957 3509 debent.

1912 3525 2017 3580 Sed
2049 3535 2105 3578 ut
2135 3526 2297 3579 etiam
2334 3528 2553 3595 proprio
2579 3526 2786 3594 judicio
2809 3526 3105 3580 Calviniani
3132 3533 3185 3578 et
3210 3524 3409 3579 Bezzuii

1840 3606 2096 3650 maneant
2134 3597 2478 3650 condemnati
2504 3637 2517 3660 ,
2563 3598 2839 3649 coronidis
2883 3597 3000 3650 vice
3041 3596 3227 3649 istbaec
3273 3597 3411 3659 adji-

1838 3670 2000 3720 ciam.
2036 3665 2205 3731 Beza,
2247 3677 2303 3718 ut
2350 3667 2401 3717 in
2434 3667 2583 3718 Actis
2625 3666 2879 3732 colloquii
2922 3665 3409 3733 Moupelgartensis

1837 3735 2111 3798 refertur,
2149 3750 2269 3804 pag.
2304 3736 2409 3788 395
2440 3750 2494 3789 et
2528 3734 2661 3799 400,
2701 3751 2857 3789 usuin
2900 3738 3130 3804 picturae
3163 3746 3217 3787 et
3264 3738 3409 3787 scul-

1837 3817 2008 3873 plura:
2037 3808 2088 3859 in
2122 3807 2369 3859 historiis
2396 3806 2567 3858 sacris
2597 3806 2761 3874 (inter
2795 3820 2931 3873 quas
2972 3814 3027 3857 et
3057 3804 3265 3857 Christi
3285 3819 3409 3870 pas-

1836 3879 2041 3928 sionem
2075 3877 2612 3929 cmnnieuiorandain
2660 3889 2818 3926 neum
2858 3874 3202 3927 Christianus
3240 3887 3408 3941 nega-

1834 3943 1935 4015 bit)
1966 3946 2440 4015 reprieseirtanilis,
2492 3960 2588 4015 per
2615 3957 2673 4015 se
2694 3942 2985 4015 ἀδιάφορον
3013 3958 3154 4007 esse,
3181 3956 3406 3995 coiices-

1832 4013 1923 4068 sit.
1952 4016 2188 4079 Deinde,
2222 4013 2505 4066 Paulinum
2539 4013 2808 4068 Nolanum
2841 4013 2926 4081 epi
2950 4028 3158 4081 ,copum
3198 4028 3403 4064 morem

1832 4086 2230 4154 pingendorum
2265 4086 2537 4151 parietum
2572 4082 2853 4136 invexisse
2881 4083 3116 4151 simplici
3167 4082 3283 4136 zelo
3307 4091 3409 4154 :Art

1829 4151 2075 4207 enuidem
2106 4163 2214 4205 tam
2254 4156 2396 4206 bono
2438 4154 2667 4207 consilio
2697 4154 2998 4207 instituisse
3032 4153 3294 4221 imagines
3329 4151 3406 4220 (id

1832 4238 1993 4286 vero,
2033 4234 2086 4275 ut
2122 4224 2278 4289 paulo
2308 4233 2429 4277 ante
2469 4240 2535 4276 ex
2564 4224 2757 4277 eodem
2797 4220 3161 4285 audivimus,
3188 4224 3239 4275 in
3274 4220 3408 4273 locis

1828 4292 2045 4359 sacris),
2086 4302 2140 4345 ut
2178 4308 2333 4345 nemo
2364 4294 2602 4345 studium
2633 4292 2748 4359 ejus
2785 4294 3076 4359 reprobare
3098 4302 3402 4358 autrepre-

1830 4363 2066 4415 hendere
2117 4363 2306 4431 possit.
2355 4380 2372 4411 ι
2431 4361 2742 4426 Prieterea,
2797 4377 2928 4424 nos,
2972 4377 2990 4411 ι
3036 4361 3212 4431 inquit
3261 4360 3402 4411 idem

1830 4432 1999 4495 Beza,
2043 4450 2060 4481 ι
2102 4429 2210 4485 non
2253 4434 2411 4485 modo
2447 4434 2686 4501 picturas
2714 4470 2727 4494 ,
2773 4434 2864 4485 sed
2901 4432 3064 4484 etiam
3094 4429 3400 4496 seulpturas

1829 4518 2104 4571 nunquam
2150 4505 2608 4571 improbavimiis;
2639 4517 2869 4571 quarum
2911 4516 3138 4570 magnus
3162 4510 3245 4553 est
3276 4514 3403 4551 usus

1829 4591 1935 4627 non
1986 4574 2161 4627 solum
2212 4575 2264 4626 iit
2299 4574 2473 4626 sacris
2501 4573 2744 4627 historiis
2780 4571 3271 4639 repnesentandis,
3304 4572 3401 4621 sed

1826 4647 1991 4697 etiam
2037 4645 2091 4697 in
2127 4644 2289 4697 rebus
2325 4644 2596 4696 civilibus.
2649 4642 2803 4708 Quod
2842 4638 2978 4695 vero
3019 4642 3083 4693 ad
3132 4638 3400 4707 imagines

1826 4715 1942 4768 sive
1977 4716 2176 4783 pictas,
2214 4716 2332 4783 sive
2368 4714 2607 4782 sculptus
2636 4713 2850 4783 attinet,
2886 4725 3072 4783 earum
3109 4724 3261 4783 usuin
3293 4725 3398 4783 non

1830 4777 2123 4852 rcjiciinus.
2155 4802 2173 4833 ι
2212 4782 2276 4834 Et
2302 4777 2663 4852 postea-(pag.
2694 4782 2821 4852 ait)
2860 4799 2873 4833 :
2905 4798 2929 4852 γι
2974 4779 3276 4852 Descriptio
3302 4777 3394 4830 Dei

1828 4850 1899 4909 ini
1930 4856 2150 4907 Dauicle
2188 4866 2242 4905 et
2276 4854 2410 4905 Isaia
2450 4850 2723 4922 proposita
2755 4851 2833 4910 ⁸⁸.
2871 4851 2914 4903 si
2961 4850 3213 4918 pingatnr
3237 4887 3251 4910 ,
3297 4863 3391 4914 rga

1826 4925 2119 4995 ἀδιάφορον
2174 4939 2295 4976 esse
2326 4924 2583 4977 concedo.
2632 4941 2651 4974 ι
2692 4922 2931 4995 Denique
2965 4934 3023 4973 se
3056 4933 3292 4995 suosque
3312 4932 3383 4994 se-

1827 4988 2063 5049 ctatores
2096 4996 2480 5066 icoiiomachos
2508 4994 2797 5066 damnans,
2841 4991 3036 5066 librum
3081 4988 3360 5066 evulgav‘it

1827 5067 1881 5118 in
1910 5082 2017 5133 quo
2054 5064 2409 5131 plurimorum
2449 5064 2835 5116 haereticorum
2865 5059 3129 5133 imagines
3154 5059 3393 5133 apprime

1826 5127 2070 5204 depictas
2130 5143 2536 5204 repraesentat;
2588 5142 2643 5185 et
2710 5147 2831 5183 cum
2880 5127 3164 5204 liis’vclut
3220 5128 3392 5204 adhuc

1824 5198 2132 5259 viventibus
2196 5204 2471 5270 I0quitur,
2528 5203 2912 5270 ingentemque
2966 5198 3393 5253 consolationem

1824 5278 1990 5328 animi
2020 5279 2141 5326 inde
2176 5288 2374 5341 capere
2408 5290 2465 5325 se
2497 5274 2802 5339 prolitetur.
2831 5271 3017 5338 Igitur,
3045 5270 3183 5320 idem
3205 5270 3396 5321 saltem

1824 5346 1941 5399 fieri
1974 5360 2133 5413 posse
2158 5359 2222 5397 ex
2260 5344 2462 5397 Christi
2500 5342 2756 5412 patientis
2790 5340 3044 5409 imagine,
3087 5354 3153 5391 ex
3182 5350 3399 5411 aposto-

2262 5485 2308 5515 ⁷⁸
2336 5484 2593 5539 Carmine
2643 5482 2707 5536 de
2752 5480 3006 5550 passione
3048 5480 3107 5532 Β.
3148 5478 3398 5533 Cassiani

2262 5566 2293 5607 :t
2320 5557 2407 5607 10.
2506 5554 2546 5585 ⁸⁸
2580 5557 2635 5607 In
2679 5552 2795 5605 Vita
2828 5551 3122 5605 Siineouis.
3201 5550 3248 5580 ⁸⁸
3275 5549 3398 5602 Lib.

2723 5566 2795 5604 Ili!
2828 5565 3122 5604 DIIIICUIIIS.
3201 5565 3248 5580 "
3275 5565 3398 5602 LID.

2115 5577 2149 5610 ι.
2175 5566 2203 5607 Ί
2240 5566 2293 5609 et
2320 5566 2407 5610 1υ.
2506 5566 2546 5585 ³³
2580 5566 2635 5607 ιιι
2680 5566 2795 5605 Vita
2828 5566 3122 5605 mineuuts.
3201 5566 3248 5580 τ’·
3275 5566 3397 5602 μιν.

2115 5628 2161 5664 ⁸³
2190 5628 2369 5680 Serm.
2405 5628 2469 5679 de
2505 5623 2814 5694 patiiarcha
2847 5623 3122 5673 Abraham
3155 5619 3204 5671 in
3240 5633 3397 5673 Conc.

2143 5713 2282 5746 unus
2326 5702 2397 5746 sit.
2442 5696 2742 5746 leazslator.
2841 5691 2883 5722 ⁸⁷
2933 5694 3087 5746 Ut'ttl.
3134 5695 3165 5743 4
3207 5701 3397 5743 contra

2985 5701 3087 5743 rat.
3134 5701 3165 5743 4
3207 5701 3401 5743 contra
