3906 6366
293 397 434 457 ιόὶδ

1559 399 1625 454 ΙΝ
1659 400 1787 463 ΜΒ.
1824 401 1868 455 ιι
1900 401 1957 457 S.
1992 399 2267 459 lRENtEI.

3360 370 3534 457 1526

357 513 651 569 Delectatio
679 521 859 566 autem.
889 529 1093 569 eorum.
1154 513 1208 567 id
1249 522 1356 576 est,
1397 512 1483 568 his
1527 515 1705 578 nugis,
1749 516 1857 568 imo
1886 520 1928 576 Α
1961 515 2117 569 sione
2145 514 2298 569 falsa:
2331 514 2673 576 cognitionis.
2704 531 2723 563 ι
2754 532 2765 537 π

279 585 635 641 exsecrandis
678 593 732 636 et
772 583 1110 637 detestandis
1162 583 1513 651 liliisphemiis
1558 585 1859 649 gloriantur

277 662 338 707 et
388 654 741 721 triumphant.
787 668 1017 720 quarunt
1066 662 1342 721 oporteret
1392 654 1605 719 penitus
1662 654 1858 708 erube-

278 736 440 775 scere
470 737 532 775 ac
569 724 844 786 pudelieri.
896 721 1007 776 Nisi
1039 733 1225 777 contra
1274 721 1432 775 ﬁdem
1478 724 1721 776 omnium
1761 737 1856 776 eo-

280 792 493 853 ilicum,
524 791 704 859 legere
732 792 1005 851 malueris,
1060 809 1079 842 ι
1102 791 1337 845 deiectio
1371 802 1550 845 autem
1596 808 1808 857 eorum,
1833 813 1853 845 ι

282 869 416 923 etc.,
447 876 609 929 quant
642 860 924 913 lectionem
955 876 1059 915 noti
1089 871 1293 915 temere
1319 861 1547 913 forsitan
1576 863 1700 929 quis
1728 877 1857 915 con-

282 930 557 999 stabiliret
594 944 661 981 ex
702 945 767 983 eo
808 930 951 998 quod
996 946 1155 998 supra
1204 944 1255 984 c.
1297 929 1362 983 l9
1398 930 1596 999 legitur
1630 949 1642 984 :
1678 931 1854 985 «Cum

285 998 362 1049 sit
409 1000 674 1051 adversus
722 1015 911 1053 omnes
960 999 1248 1054 haereticos
1293 998 1544 1061 detectio,
1574 1020 1592 1051 ι
1631 1010 1761 1057 etc..
1803 1008 1857 1055 et

285 1082 415 1119 mox
450 1066 775 1121 Prarfatione
805 1069 857 1121 in
887 1069 1013 1127 libr.
1041 1069 1337 1123 secundum
1372 1086 1386 1122 :
1427 1087 1445 1120 t
1472 1068 1623 1134 Quod
1662 1070 1727 1122 sit
1758 1068 1854 1122 de-

286 1137 454 1205 tectio
492 1147 544 1189 et
590 1138 799 1190 eversio
840 1138 1127 1193 sententia:
1173 1138 1448 1204 ipsorum;
1476 1158 1494 1189 ›
1551 1138 1857 1205 iterumque

284 1204 612 1262 Pnelatione
659 1207 713 1260 in
750 1207 947 1261 librum
984 1222 1036 1261 iv
1068 1225 1081 1261 :
1119 1224 1138 1258 ι
1164 1206 1237 1261 De
1266 1206 1571 1262 delectione
1611 1217 1666 1262 et
1703 1222 1858 1262 ever—

2033 585 2158 639 Jam
2182 601 2284 637 non
2308 586 2613 637 elaboravit.
2650 582 2789 648 Quid
2814 582 2857 635 si
2887 582 3206 644 legeremus.
3251 598 3268 631 ι
3289 579 3398 647 jam
3424 595 3533 636 non

1965 655 2269 716 elaborant,
2292 674 2310 705 ι
2367 664 2425 706 ιιι
2455 655 2746 708 conveniat
2774 668 2896 707 cum
2930 652 3035 714 his,
3082 669 3099 700 ι
3123 650 3367 705 videntes
3395 664 3534 719 quo-

1966 723 2108 777 niam
2143 722 2253 774 fera
2283 733 2365 774 est
2388 724 2409 774 ?
2434 742 2451 772 ι

2057 790 2141 844 Ea:
2165 791 2256 844 Jo.
2294 791 2422 845 Ern.
2456 790 2641 843 Grabii
2667 789 3097 843 adnotationibus
3126 790 3180 841 in
3212 805 3329 855 cap.
3352 789 3442 843 55.

2036 861 2141 922 l'ag
2198 862 2318 913 112.
2362 861 2465 915 Alii
2488 871 2682 912 mitem.
2726 859 2953 912 Καῖανοί
2983 859 3051 911 ab
3087 858 3387 926 Epiphanio
3421 861 3533 912 hic-

1964 947 2069 986 res.
2106 930 2174 983 58
2220 931 2380 993 dieti;
2431 948 2460 982 a
2513 928 2853 983 Tlteodorelo
2904 929 2995 982 lib.
3037 943 3052 980 I
3091 926 3286 983 "teret.
3338 927 3533 995 fabul.,

1960 1017 2083 1066 cap.
2130 1000 2211 1055 l5.
2259 1000 2470 1052 Καῑνοί.
2534 998 2685 1053 Unde
2738 1008 2908 1064 patet.
2960 1008 3085 1049 ante
3141 999 3274 1058 haec,
3324 1013 3444 1066 cap.
3479 996 3533 1059 l.

1963 1064 2082 1137 pag.
2120 1070 2239 1130 l93,
2278 1084 2375 1137 pro
2401 1068 2662 1123 Κανισταί
2704 1068 2801 1135 legi
2859 1064 3408 1137 ilehereiKa'ivtojral,
3455 1067 3530 1137 uti

1956 1134 2072 1204 iam
2124 1149 2251 1191 ante
2280 1134 2380 1190 'tne
2421 1134 2803 1191 animadvertit
2846 1136 3153 1190 Coteleritts
3197 1137 3248 1187 in
3294 1134 3418 1188 Not.
3465 1134 3532 1189 ad

1966 1218 2097 1261 tom.
2127 1206 2145 1260 Ι
2176 1206 2504 1261 Monument.
2534 1205 2732 1260 Eccler.
2771 1206 2988 1269 (ἔνατα),
3020 1205 3125 1260 col.
3154 1205 3281 1269 770,
3308 1204 3367 1256 B.

1285 1522 2045 1641 VARIORUM
2124 1526 2556 1637 NOT/E

692 1757 815 1848 ΙΝ
898 1757 1355 1851 LIBRUM
1429 1756 2075 1852 SECUNDUM
2150 1758 2566 1849 SANCTI
2654 1761 3154 1857 [BEN/El.

288 2104 671 2161 Aditotatlonea
714 2105 809 2159 Fr.
843 2104 1185 2161 Feuardentii
1226 2107 1279 2159 in
1325 2106 1686 2175 pra‘fationem
1735 2107 1859 2161 libri
1891 2112 1934 2165 Β
2035 2103 2109 2161 Et
2155 2107 2276 2175 quia
2332 2123 2434 2173 non
2485 2104 2877 2173 poslt'entittilis.
2940 2105 3130 2173 Capite
3162 2104 3353 2175 primo
3405 2099 3530 2175 libri

967 2176 1183 2230 secundi
1191 2214 1203 2225 .

367 2246 495 2310 Pati.
526 2246 643 2301 115.
705 2240 964 2312 Prwfatio
1008 2244 1224 2300 secundi
1264 2243 1405 2300 libri.
1460 2241 1653 2313 Magno
1680 2247 1860 2303 studio

292 2320 509 2369 cavisse
543 2317 687 2369 hunc
716 2314 1119 2367 sanctissimum
1156 2323 1473 2382 martyrem,
1521 2330 1588 2367 ne
1617 2314 1740 2369 libri
1771 2316 1856 2369 isti

291 2386 531 2439 assuetis
561 2383 939 2438 haereticorum
972 2385 1181 2439 artibus
1225 2383 1675 2449 depravarentur,
1724 2401 1859 2439 neve

292 2461 738 2522 argutiientorum
791 2461 883 2504 aut
932 2453 1207 2505 titulorum
1254 2451 1556 2522 adjectione
1601 2454 1681 2507 eis
1725 2469 1860 2522 Opus

291 2520 461 2583 foret,
503 2521 967 2575 evidentissimum
1013 2533 1119 2585 est,
1162 2531 1273 2574 tum
1304 2536 1368 2573 ex
1400 2520 1859 2576 obtestationem!

293 2590 508 2645 scribas
538 2591 690 2643 initio
716 2590 896 2657 operis
929 2592 1166 2658 pra-lixa,
1197 2600 1305 2643 tuin
1341 2604 1404 2641 ex
1452 2590 1859 2656 prtefationibtis

292 2659 528 2727 singulis
576 2659 839 2713 librorum
887 2661 1163 2726 principiis
1205 2659 1498 2728 appositis;
1547 2661 1743 2725 quibus
1772 2678 1857 2724 ea,

292 2744 419 2798 qua:
446 2730 496 2781 in
528 2728 803 2796 superiore
838 2730 1139 2797 proposuit.
1172 2740 1226 2782 et
1253 2743 1370 2798 qth
1396 2729 1448 2780 in
1490 2731 1734 2797 proximo
1774 2733 1855 2784 di-

294 2795 489 2852 cturus
516 2795 618 2859 est,
649 2795 845 2864 paucis
863 2795 1255 2865 complectitur.
1283 2795 1448 2849 Porro
1474 2795 1695 2853 secundi
1735 2801 1857 2855 libri

298 2866 462 2931 hujus
496 2867 848 2939 capita,_sive
891 2868 1203 2939 sectiones,
1236 2866 1532 2939 dissimiles
1578 2879 1631 2922 et
1679 2870 1859 2939 plures

294 2947 425 2990 sunt
462 2940 512 2989 in
558 2936 725 2990 veteri
771 2950 955 2991 nostro
995 2937 1311 3003 exemplari,
1353 2952 1513 3002 quam
1563 2938 1614 2991 iti
1646 2936 1861 2993 esensis

293 3005 570 3066 omnibus,
616 3020 734 3073 qua:
777 3007 1045 3060 interdum
1081 3007 1251 3071 magis
1291 3006 1641 3071 conveniunt,
1692 3007 1861 3061 inter-

294 3075 426 3127 dum
470 3074 631 3127 etiam
668 3076 885 3137 minus;
917 3091 1021 3142 qua
1055 3076 1121 3128 de
1155 3092 1209 3128 re
1233 3075 1492 3127 lectorem
1526 3076 1612 3129 hic
1645 3092 1862 3130 monere

294 3144 479 3212 potius
519 3159 680 3210 quam
724 3146 1017 3212 quidquam
1072 3152 1279 3197 mutare
1326 3145 1496 3195 visunt
1540 3144 1659 3209 fuit,
1708 3156 1765 3199 ut
1807 3160 1860 3201 et

293 3215 414 3266 suis
439 3212 571 3266 locis
605 3228 701 3284 pro
731 3230 789 3266 re
818 3224 939 3265 nata
975 3213 1369 3284 indicabimus:
1389 3212 1677 3280 Caeterum,
1713 3228 1861 3284 post-

295 3297 461 3348 quam
492 3282 771 3354 superiore
800 3284 936 3354 libro
966 3292 1306 3350 portentosas
1332 3282 1859 3354 GnOsticoruin'opi-

295 3354 511 3416 itiones,
547 3352 699 3420 quasi
733 3351 1035 3419 perniciosa
1070 3362 1336 3413 monstra,
1372 3367 1402 3405 e
1444 3354 1556 3406 suis
1583 3351 1857 3408 lustris'in

292 3429 544 3492 apertum
588 3435 834 3490 campum
874 3423 1180 3483 eduxisset;
1230 3422 1331 3473 hoc
1376 3422 1614 3492 secundo
1653 3424 1857 3492 singula

294 3490 564 3561 acerrime
594 3493 966 3561 persequitur;
1001 3506 1119 3556 qua:
1147 3503 1199 3561 et
1238 3490 1470 3561 propriis
1504 3492 1718 3561 illorum
1749 3490 1861 3561 pla-

292 3559 443 3620 citis,
476 3558 629 3626 quasi
659 3570 851 3626 suopte
884 3576 1142 3612 mucrone
1167 3560 1398 3626 jugulat,
1448 3560 1607 3613 simul
1645 3573 1698 3615 et
1726 3558 1864 3616 indi-

291 3639 389 3699 cat
416 3629 544 3699 quid
579 3628 808 3697 quisque
858 3628 1071 3681 illorum
1121 3646 1186 3682 ex
1240 3630 1679 3699 pliilosophOruni
1711 3631 1862 3684 lacu-

295 3698 384 3768 nis
419 3698 694 3761 hauserit;
728 3706 866 3750 unde
898 3699 1097 3751 veteris
1132 3699 1505 3766 philosophis,
1536 3711 1700 3768 atque
1729 3701 1865 3755 adeo

291 3766 677 3823 Giiosticorum
712 3767 1046 3833 delirioruni,
1075 3783 1194 3835 qua:
1225 3784 1417 3835 magna
1446 3782 1511 3822 ex
1545 3766 1698 3835 parte
1731 3770 1861 3822 abo-

290 3836 428 3890 levit
459 3836 635 3905 Jiviiia
686 3837 1048 3905 providentia,
1098 3853 1285 3905 parum
1324 3837 1527 3904 gnaris.
1570 3838 1728 3904 patrio
1767 3840 1865 3893 ob-

290 3907 512 3960 scurior
554 3904 697 3960 liberi
733 3905 966 3959 fortasse
1004 3904 1295 3960 videbitur.
1353 3906 1462 3960 Nos
1499 3918 1676 3959 tamen
1709 3908 1862 3961 dabi-

293 3992 419 4034 mus
452 3990 692 4044 operam,
738 3984 795 4027 nt
841 3991 945 4028 non
985 3974 1101 4029 sine
1147 3974 1321 4028 fructu
1371 3975 1572 4043 aliquo,
1623 3991 1777 4044 aequo
1812 3988 1866 4029 ct

290 4043 561 4097 benevolo
588 4044 797 4108 lectori,
842 4045 982 4097 idem
1024 4054 1078 4098 et
1108 4045 1286 4099 simile
1330 4059 1543 4111 semper
1583 4043 1865 4099 haeretico-

294 4128 419 4166 rum
464 4113 762 4180 itigenium,
808 4113 1133 4181 fraudesque
1171 4114 1390 4168 Satanae
1433 4123 1765 4182 retegantur,
1812 4125 1866 4169 ct

290 4183 549 4237 Omnibus
580 4192 879 4248 patescant.

371 4251 474 4316 Qui
499 4260 619 4303 sunt
653 4270 684 4303 a
727 4251 1027 4307 Valentino.
1090 4250 1144 4305 Id
1168 4261 1271 4315 est,
1309 4252 1579 4307 Valentini
1628 4262 1866 4307 sectato-

295 4322 452 4375 ribus
492 4331 655 4388 atque
696 4322 1011 4389 discipulis;
1062 4322 1203 4375 sicut
1254 4334 1307 4375 ct
1353 4323 1482 4375 alibi
1528 4322 1862 4391 frequenter,

298 4411 318 4442 σ
351 4391 440 4459 qui
473 4403 597 4443 sunt
637 4407 665 4443 a
699 4392 942 4453 Simone,
983 4392 1072 4459 qui
1121 4400 1246 4443 sunt
1282 4410 1310 4444 a
1345 4392 1637 4455 Marciane,
1663 4412 1681 4443 ι
1731 4402 1862 4456 elc.,

294 4458 437 4531 pro:
460 4460 758 4515 Sitnoniani
783 4471 838 4514 ct
868 4458 1225 4515 Marcionita:
1258 4481 1274 4512 ι
1298 4463 1439 4531 quod
1455 4464 1622 4515 semel
1645 4472 1865 4517 notasse

292 4529 548 4585 suﬂiciat.
606 4556 611 4560 ι
1316 4529 1330 4531 “
1864 4588 1871 4589 ,

373 4598 677 4651 Minutatim
701 4600 1063 4666 perexirimus.
1086 4599 1321 4653 Jacobus
1344 4599 1554 4664 Billius,
1580 4600 1659 4653 vir
1677 4601 1866 4656 Graece

293 4677 355 4724 et
382 4666 572 4721 Latine
601 4669 967 4731 doctissimus,
999 4687 1061 4723 ac
1091 4670 1335 4736 Gregorii
1376 4670 1723 4734 Naziatizetii,
1763 4672 1866 4724 Da-

295 4736 783 4808 ιιιίιδοῳιιὶηιδὶάυτῑ
816 4738 1118 4804 Pelusiottc,
1154 4741 1564 4808 priiiiorninqiie
1596 4742 1779 4793 dueent
1811 4750 1863 4793 et

291 4816 425 4861 Octo
470 4806 590 4877 libri
637 4808 795 4873 primi
841 4808 1026 4863 lrenaci
1063 4810 1303 4875 capitum
1354 4806 1621 4877 interpres
1663 4811 1860 4864 fidiSsi-

292 4892 424 4947 inus
452 4887 505 4928 et
534 4876 886 4939 lectissimus,
916 4889 1026 4931 tres
1054 4878 1220 4930 libros
1259 4876 1600 4945 conscripsit,
1627 4881 1715 4946 qui
1743 4890 1862 4947 post

291 4946 417 5018 ejus
461 4946 693 5018 obitum,
740 4947 959 5018 nomine
1003 4947 1292 5018 Sacrorum
1339 4946 1753 5002 obseruationum
1807 4952 1857 5002 in

292 5015 475 5085 lucem
507 5016 842 5085 prodierunt.
883 5017 938 5070 lit
970 5016 1056 5071 his
1090 5016 1351 5085 plurimos
1380 5018 1539 5085 hujus
1580 5020 1860 5072 sanctissi-

295 5084 373 5155 ιιιί
414 5084 665 5155 martyris
699 5084 962 5141 libroruin
1001 5084 1151 5140 locus
1195 5087 1424 5141 solerter
1454 5084 1742 5155 expendit,
1777 5090 1857 5142 le-

289 5152 481 5225 liciter
518 5154 829 5225 explicavit,
880 5169 943 5209 ac
991 5169 1184 5222 magna
1229 5158 1331 5210 lide
1376 5152 1634 5210 correxit.
1692 5156 1860 5225 llujtis

292 5223 484 5290 itaque
510 5224 784 5292 diligentia
816 5233 869 5277 et
895 5227 1074 5279 studio
1098 5227 1261 5292 (quod
1293 5228 1459 5280 setnel
1489 5228 1692 5279 dictum
1722 5223 1863 5281 sulli-

289 5289 433 5364 ciet)
465 5289 688 5356 suﬂ'ulti,
717 5294 958 5364 eosdem,
992 5304 1045 5348 et
1076 5289 1209 5349 alios
1237 5297 1404 5349 multo
1435 5296 1613 5364 plures
1656 5311 1751 5362 pro
1782 5297 1860 5348 vi-

290 5362 458 5433 ribus
485 5362 912 5433 eiiiettdabitnus,
958 5366 1027 5417 ab
1072 5364 1171 5417 hoc
1201 5378 1358 5433 quem
1399 5362 1496 5418 nos
1529 5365 1860 5432 signavimus

290 5431 640 5502 incipientes.
700 5449 719 5487 ς
754 5430 1032 5498 Perexire,
1078 5430 1274 5502 inquit,
1322 5450 1486 5497 ttovo,
1542 5430 1604 5487 ac
1652 5434 1861 5488 Latinis

288 5514 522 5571 prorsus
565 5501 824 5554 inusitato
873 5517 1019 5555 more
1065 5501 1221 5567 dixit,
1267 5508 1408 5571 quod
1457 5504 1631 5559 Gt‘tcci
1669 5504 1861 5571 διεξελ-

285 5569 430 5632 θεῖν,
467 5570 518 5625 id
548 5578 652 5633 est,
684 5585 1093 5625 commemorare
1119 5569 1320 5627 dicunt.
1353 5592 1370 5625 ι

364 5767 413 5801 ⁸⁸
440 5767 559 5825 Lib.
597 5770 664 5826 de
693 5771 799 5827 div.
828 5730 998 5839 ηοιῑέ..
1032 5790 1152 5845 cap.
1184 5776 1235 5832 5.

1963 2171 2363 2241 primi,‘retulit
2394 2171 2492 2231 eos
2527 2176 2894 2241 Demiurgniii,
2927 2174 2978 2227 id
3013 2171 3117 2236 est,
3159 2171 3316 2241 hujus
3347 2171 3529 2224 mundi

1960 2240 2275 2298 Creatorem
2319 2259 2543 2298 censi-re
2575 2259 2716 2298 nunc
2758 2244 2914 2308 labis,
2956 2259 3100 2298 nunc
3128 2240 3403 2309 cujusdam
3434 2254 3531 2294 ex-

1964 2313 2271 2371 tremitatis
2289 2315 2544 2367 fructum.

2034 2381 2183 2446 Quod
2215 2384 2278 2435 sit
2306 2385 2545 2447 deiectio.
2585 2383 2657 2435 Ex
2688 2382 2787 2434 hoc
2819 2382 2960 2445 loco,
2988 2392 3043 2436 et
3072 2382 3260 2450 primis
3289 2382 3340 2433 iii
3369 2394 3530 2447 quar-

1963 2458 2074 2503 tum
2121 2452 2316 2504 librum
2363 2452 2701 2504 Prwfatioiiis
2752 2451 2952 2514 verbis,
3001 2451 3353 2517 ejusdemque
3402 2450 3530 2502 libri

1964 2520 2150 2573 ultima
2181 2520 2440 2582 clausula,
2473 2522 2592 2573 libri
2620 2521 2815 2573 deinde
2840 2522 3013 2586 quinti
3044 2520 3332 2586 principio,
3359 2519 3525 2571 veris.

1960 2590 2152 2643 simam
2183 2604 2302 2643 esse
2333 2602 2557 2657 apparet
2591 2592 2783 2642 horum
2810 2590 3067 2642 librorum
3100 2590 3527 2656 iiiscriptioneiit,

1961 2675 2125 2725 quam
2156 2658 2291 2711 libro
2311 2660 2499 2728 quinto
2520 2658 2750 2721 "istan,
2769 2674 2888 2725 cap.
2914 2660 3166 2727 septimo,
3188 2660 3337 2725 ponit
3366 2658 3531 2728 Ense-

1964 2729 2195 2798 biusrltis
2230 2727 2408 2798 verbis
2440 2748 2453 2783 ε
2498 2728 2746 2798 Ἐλέγχου
2788 2730 2880 2781 καὶ
2920 2729 3227 2798 ἀνατροπῆς
3265 2728 3363 2795 τῆς
3396 2727 3529 2798 ψευτ

1959 2797 2206 2866 δωνύμου
2242 2796 2495 2865 γνώσεως
2534 2796 2709 2866 βιϐλία
2752 2798 2935 2861 πέντε,
2976 2796 3153 2857 idest,
3188 2796 3265 2850 ne
3295 2814 3322 2848 a
3358 2796 3526 2848 veteri

1964 2867 2260 2934 interprete
2284 2867 2648 2929 discedamus,
2683 2866 3004 2920 Detectionis
3032 2876 3079 2917 et
3111 2867 3393 2919 eversionis
3427 2867 3529 2931 [ul-

1960 2937 2005 2987 si
2041 2936 2263 2987 numinis
2308 2938 2560 2998 scientiae,
2590 2936 2712 2988 libri
2740 2938 2986 3005 quinque.
3041 2936 3106 2988 Et
3136 2945 3282 2989 certe
3316 2937 3532 3005 vidteiiir

1960 3007 2045 3058 vir
2075 3007 2404 3073 apostolicus
2432 3020 2552 3058 eam
2586 3001 2888 3071 sumpSisse
2912 3021 2976 3059 ex
3007 3005 3247 3063 Apostoli
3285 3007 3298 3056 Ι
3331 3006 3394 3056 ad
3438 3001 3531 3053 Tl-

1964 3073 2131 3127 molli.
2169 3075 2369 3133 verbis.
2399 3076 2593 3140 quibus
2623 3076 2902 3128 evitandas
2935 3074 3231 3137 ἀντιθέσεις
3269 3074 3367 3142 τῆς
3399 3074 3532 3141 ψευ-

1960 3142 2207 3213 δωνύμου
2248 3142 2497 3211 γνώσεως
2529 3154 2731 3197 mouet.
2758 3144 3061 3213 Praeterea,
3107 3146 3173 3198 ad
3202 3160 3316 3195 eam
3350 3158 3530 3209 I'Cslm-

1964 3214 2110 3266 xisse
2141 3216 2374 3281 putarint
2416 3214 2581 3265 etiam
2613 3212 2922 3278 Eusebium,
2967 3214 3140 3281 prima
3174 3214 3357 3266 statim
3393 3228 3531 3279 pra:-

1963 3281 2168 3335 fatione
2209 3280 2352 3334 llist.
2398 3282 2606 3345 eecles.,
2652 3283 2741 3335 ubi
2786 3280 2977 3335 eadem
3021 3282 3136 3337 fere
3182 3284 3369 3346 verba,
3408 3297 3529 3348 qua:
3604 3327 3613 3335 .

1966 3351 2067 3412 hoc
2116 3351 2270 3405 titulo
2320 3352 2607 3416 habentur,
2662 3352 2884 3412 retinet,
2920 3353 3045 3405 dum
3092 3368 3150 3404 se
3192 3352 3261 3405 de
3298 3352 3399 3407 his,
3434 3350 3525 3405 uiti

1964 3418 2167 3477 Christi
2206 3423 2421 3474 nomine
2465 3421 2609 3488 passi
2646 3430 2792 3482 sunt,
2836 3431 2890 3473 et
2931 3424 3021 3488 qui
3055 3421 3219 3475 falsas
3244 3420 3529 3488 opinione.

1965 3490 2188 3557 scriptis
2217 3492 2334 3543 suis
2364 3499 2700 3553 everterunt,
2735 3490 3003 3543 diclurmn
3034 3490 3302 3558 praponit.
3348 3488 3421 3541 De
3446 3489 3531 3545 his

1965 3560 2209 3629 quaedam
2240 3560 2621 3629 adnotavimus
2654 3558 2809 3629 initio
2839 3559 2995 3624 hujus
3019 3562 3221 3628 eperis.

2151 3629 2528 3680 Adnotationes
2562 3626 2657 3681 Fr.
2696 3625 3033 3681 Feuardentii
3058 3625 3113 3682 in
3144 3647 3258 3695 cup.
3288 3630 3334 3682 ι.

2038 3696 2165 3767 Pag.
2202 3698 2320 3751 illi.
2381 3698 2421 3748 Α
2454 3698 2621 3767 primo
2657 3708 2703 3749 et
2747 3700 2997 3750 maximo.
3052 3700 3292 3752 Primum
3329 3708 3384 3751 et
3415 3717 3531 3754 ιιητ

1966 3766 2167 3820 ximniu
2197 3779 2358 3833 caput
2392 3766 2645 3836 appellat,
2677 3767 2820 3833 quod
2844 3766 3001 3820 estin
3040 3768 3140 3821 hac
3166 3767 3530 3836 disputatione

1967 3851 2257 3900 summum,
2308 3850 2498 3903 nempe
2550 3834 2716 3888 Deum
2762 3848 2881 3887 esse
2929 3837 3181 3900 unicum;
3230 3834 3373 3901 quod
3428 3840 3530 3892 hoc

1967 3906 2144 3971 capite
2188 3907 2549 3966 concluditur,
2596 3904 2919 3971 quibusdant
2968 3904 3034 3957 de
3080 3905 3196 3972 ejus
3243 3906 3528 3961 immensi-

1971 3984 2078 4025 tate
2133 3974 2447 4042 praemissis.
2487 3974 2767 4040 Siquidem
2817 3983 2893 4025 tot
2913 3975 3079 4042 “deos
3127 3975 3530 4029 constituebant

1967 4040 2187 4096 fanatici
2242 4044 2326 4113 isti
2376 4043 2647 4105 homines,
2704 4051 2839 4113 quot
2885 4040 3115 4103 IEonas,
3164 4054 3217 4096 et
3271 4047 3524 4113 Angelos,

1966 4124 2205 4179 quotque
2243 4112 2578 4176 alfectiones,
2616 4120 2672 4165 et
2699 4112 2979 4181 passiones
3005 4113 3135 4181 ipsis
3169 4113 3345 4167 inesse
3364 4112 3527 4167 soni-

1968 4182 2211 4250 hiabant,
2250 4193 2307 4235 ιιι
2334 4190 2495 4234 acute
2525 4180 2880 4250 deprehendit
2907 4180 3156 4236 Clemens
3189 4184 3345 4238 Alex.
3375 4187 3467 4238 lib.
3496 4200 3529 4247 ιι

1967 4248 2186 4319 Strom.,
2227 4252 2371 4318 qUod
2400 4248 2632 4317 amplius
2662 4265 2724 4304 ex
2756 4251 3111 4317 sequentibus
3147 4254 3372 4319 patebit.

2038 4318 2169 4371 Cum
2195 4323 2260 4373 sit
2304 4323 2446 4373 solus
2481 4321 2642 4374 Deus.
2701 4320 2876 4372 Dictio
2919 4321 3193 4374 excltisiva
3247 4340 3262 4372 I
3298 4326 3464 4388 solus,
3501 4343 3523 4378 I

1967 4389 2130 4443 etiam
2160 4391 2449 4458 quinquies
2478 4390 2563 4442 hic
2600 4391 2849 4458 repetita,
2891 4406 2996 4441 non
3037 4390 3271 4457 sejuttgit
3306 4393 3529 4456 Filium.

1968 4470 2060 4511 aut
2088 4459 2347 4528 Spiritum
2390 4468 2641 4512 sanctmn
2677 4478 2705 4513 a
2739 4458 2899 4511 Patre
2941 4461 3225 4522 conditore
3262 4466 3527 4528 omnium,

1969 4538 2027 4581 ut
2061 4530 2330 4581 blateratit
2360 4530 2480 4582 novi
2514 4530 2734 4592 Ariani;
2776 4531 3210 4597 quandoquidem
3260 4533 3421 4585 triuni
3457 4536 3531 4585 sit

1970 4600 2127 4651 unica
2189 4601 2456 4661 voluntas,
2505 4606 2761 4666 potestas,
2814 4608 2979 4667 atque
3028 4602 3221 4661 dcitas,
3280 4611 3338 4653 tit
3388 4602 3527 4654 infra

1967 4668 2177 4733 plenius
2208 4671 2445 4721 dicetur:
2496 4671 2591 4720 sed
2628 4678 2830 4720 tantum
2867 4668 3101 4722 excludit
3148 4671 3366 4724 lictitios
3395 4671 3526 4725 Aio-

1970 4753 2086 4809 ncs,
2118 4736 2337 4807 Bylhos,
2371 4738 2633 4809 Patricos,
2662 4737 2937 4809 Matricos,
2971 4751 3026 4792 et
3062 4741 3315 4807 Angelos,
3350 4759 3379 4793 a
3407 4742 3529 4809 qui-

1898 4779 1939 4832 D
1971 4779 2286 4861 bus’oninia
2315 4779 2457 4861 laeta
2495 4779 2661 4861 l'uiss’e
2699 4808 2751 4860 hi
2790 4779 3088 4863 nebu'lones
3117 4779 3524 4864 latibula’ttantlur.

1970 4875 2081 4930 lloc
2112 4877 2670 4949 ldem_tt|'gu1tlt3!llt_lttl
2701 4877 2781 4949 de”
2802 4878 3163 4949 immensitate
3192 4882 3369 4932 divina
3406 4897 3528 4949 per-

1969 4955 2221 5018 ιῖίιίξιιιιιι⁸
2255 4947 2542 5018 Dionysius
2594 4946 2686 4999 lib.
2740 4947 2821 5018 De
2860 4947 3052 5018 divitiis
3097 4967 3261 5013 nom.,
3298 4946 3422 5018 cap:
3455 4952 3524 5016 9;
3580 4986 3583 4989 -

1964 5014 2293 5068 Athanasius
2328 5014 2525 5069 Contra
2571 5015 2804 5084 gregales
2854 5014 3109 5081 Sttbelli'i;
3153 5014 3528 5075 Naziatiiciius

1963 5085 2221 5154 Apologia
2251 5085 2461 5153 prima;
2493 5085 2831 5155 Augustinus
2855 5086 2994 5139 libro
3022 5092 3195 5152 primo
3225 5090 3524 5155 Confessio-

1968 5170 2112 5227 nmn,
2146 5153 2323 5222 capite
2358 5156 2582 5227 quinto;
2615 5156 2752 5227 libro
2779 5153 3206 5227 .ll_edt'tatiunum,
3238 5153 3413 5227 capite
3450 5164 3523 5213 vi»

1966 5225 2172 5285 cesinio
2211 5239 2352 5300 nouo
2378 5224 2436 5276 et
2472 5224 2784 5289 tricesimo;
2823 5225 3195 5284 Daniaseenus
3228 5224 3367 5284 libro
3409 5231 3524 5300 pri-

1970 5310 2076 5356 itio,
2110 5294 2286 5361 capite
2320 5304 2534 5357 octavo,
2572 5305 2678 5348 etc.

2036 5364 2145 5439 82
2187 5362 2253 5415 Et
2296 5365 2442 5439 soluit
2469 5366 2737 5417 continens
2778 5368 2973 5419 omnia.
3039 5367 3159 5421 Vult
3188 5368 3353 5422 Deum
3390 5370 3527 5424 etni-

1965 5433 2156 5499 tienter
2190 5447 2253 5495 ac
2276 5433 2603 5487 excellenter
2627 5449 2816 5488 omnes
2841 5440 3082 5490 omnium
3113 5448 3416 5498 creatartitn
3448 5456 3531 5492 re-

1967 5519 2085 5557 runt
2130 5502 2583 5578 perfeCtionesin
2617 5506 2804 5578 seipso
2831 5509 3296 5578 cotiipreliendere
3334 5525 3348 5562 :
3386 5511 3528 5578 quod

1964 5585 2021 5628 et
2052 5578 2174 5635 ante
2205 5589 2327 5628 cuiu
2362 5575 2543 5628 docuit
2575 5576 2659 5629 his
2692 5577 2872 5632 verbis
2906 5578 3192 5650 Dionysius
3216 5578 3260 5609 ‘°
3298 5595 3311 5634 ;
3352 5595 3372 5629 ι
3395 5575 3526 5637 Cuti-
