3906 6366
182 344 329 432 13329

1446 367 1515 423 ΙΝ
1548 362 1677 424 LIB.
1715 366 1755 422 ll
1792 366 1849 421 S.
1893 365 2165 421 ΙΒΕΝᾹὶΙ.

3299 363 3461 421 1550,

258 490 717 558 Quemadmodum
761 488 816 540 iu
884 503 1073 558 regem.
1109 485 1408 558 continuat
1438 484 1697 558 mundum
1731 503 1736 536 :

1871 484 2200 558 qiialis__Act.
2254 497 2395 544 xvii,
2430 480 2553 558 xotﬂ’
2583 480 2728 558 qua;
2769 482 3016 558 ποιητῶν
3052 484 3323 558 εἰρήκασι.
3379 485 3446 542 Et

182 555 297 615 Deo
332 574 599 616 creatum.
649 555 1217 624 desumpto'exemplo
1257 572 1285 607 a
1322 571 1467 621 rege,
1519 555 1571 607 iit
1609 555 1764 624 cujus

181 630 403 683 laudem
453 638 541 681 aut
589 623 913 693 vituperiiim
964 623 1143 677 Omnis
1189 625 1464 693 exercitus
1506 638 1569 676 ac
1598 623 1764 693 belli,

179 702 273 754 cui
335 706 556 767 praeest,
591 691 903 767 suc-cessus
965 694 1221 767 refertur.
1282 692 1537 746 Proxima
1572 691 1764 767 _liuea,

184 786 205 819 ι
229 763 477 821 conditio
511 765 673 833 hujus
694 764 955 826 civitatis,
983 782 1001 815 ι
1043 764 1281 816 sumitur
1312 777 1409 830 pro
1439 763 1765 833 omnicrea-

181 848 360 899 ιόιιθ,
395 851 451 888 re
479 829 690 893 creata,
725 834 825 885 hoc
860 835 1140 886 universo.
1197 833 1289 885 Sic
1315 829 1558 899 namque
1597 831 1648 882 in
1680 829 1765 883 his

182 907 345 959 libris
398 905 711 972 frequenter
757 912 1069 972 usurpatur,
1119 915 1176 954 ιιι
1223 914 1347 967 cap.
1378 902 1412 953 6
1470 919 1487 951 ι
1516 900 1655 972 ignis
1706 900 1760 951 in

177 969 515 1028 conditione
535 981 873 1030 numeratur,
900 989 918 1019 ι
956 971 1006 1022 id
1035 979 1141 1029 est,
1189 972 1330 1022 inter
1364 986 1449 1023 res
1478 969 1760 1031 conditas;

175 1055 230 1094 ιιι
262 1061 387 1109 cup.
420 1044 509 1104 56,
548 1060 565 1091 ι
599 1049 724 1093 sntit
754 1042 806 1093 in
842 1040 999 1093 uelis
1037 1039 1310 1108 Spiritales
1341 1039 1702 1103 conditiones,
1738 1056 1758 1089 ι

180 1114 235 1165 id
273 1123 379 1177 est,
413 1122 703 1166 creaturae.

248 1181 342 1235 Sic
367 1175 556 1246 igitur.
614 1177 901 1232 Concludit
944 1180 1118 1231 solum
1181 1178 1357 1246 Deum
1402 1175 1589 1229 mundi
1640 1189 1765 1229 esse

178 1251 559 1323 conditorem;
616 1264 720 1301 non
771 1246 1011 1323 angelos,
1060 1245 1416 1323 ut_'Giiostici
1462 1250 1759 1323 contende-

176 1320 357 1375 bant:
408 1319 573 1387 quod,
624 1327 681 1369 ut
724 1328 779 1371 et
836 1317 1083 1387 reliquas
1130 1314 1384 1387 haereses,
1437 1314 1764 1387 expliiloso-

180 1385 664 1457 phoriinflacunis
698 1388 1014 1441 hauserant.
1054 1385 1588 1457 Siquideniangelos
1609 1397 1760 1435 crea-

182 1453 334 1511 iores
361 1472 479 1511 esse
500 1471 793 1523 corporum
820 1465 1162 1516 nostrorum,
1188 1462 1241 1506 et
1264 1453 1607 1523 animalium,
1628 1466 1763 1523 seti-

179 1528 354 1579 tentia
393 1528 568 1579 fuerat
604 1522 878 1578 Platonis
907 1532 959 1575 et
992 1522 1302 1592 Porphyrii,
1339 1536 1475 1589 quos
1518 1536 1580 1575 ea
1608 1522 1676 1574 de
1705 1537 1761 1575 re

176 1597 452 1650 acerrime
480 1605 750 1663 Oppugnat
777 1593 1112 1660 Augustinus
1165 1591 1265 1663 ιιιι⁸
1284 1593 1357 1644 De
1381 1591 1559 1663 Διςιυὶι..
1589 1605 1641 1643 c.
1670 1592 1756 1643 16.

177 1665 326 1716 idem
362 1667 524 1718 etiam
559 1659 649 1715 ρκ’
678 1662 969 1715 Philastrio
1005 1659 1600 1717 recitat’Proclianitas
1631 1675 1757 1713 cum

176 1733 523 1795 Seleucianis
565 1732 800 1787 sensisse
845 1738 1126 1783 creatores
1159 1731 1465 1782 animarum
1511 1744 1635 1783 esse
1662 1744 1759 1781 an-

172 1804 351 1869 gelos.
407 1802 512 1854 Sed
559 1801 854 1865 quaestione
879 1800 969 1861 2|,
1006 1800 1098 1856 lib.
1138 1815 1173 1853 ιι
1211 1798 1415 1869 ουιιιδι.
1462 1798 1517 1850 in
1557 1796 1758 1862 Exod.,
1795 1811 1833 1863 Β
1864 1796 2001 1869 adde
2029 1805 2314 1869 quietum.
2345 1796 2364 1849 Ι
2392 1795 2665 1869 Spicitegii
2703 1797 2939 1869 Putnth
2968 1795 3150 1869 sinenti
3189 1810 3224 1847 ii
3247 1834 3261 1858 ,

174 1868 382 1925 asserit
415 1870 635 1933 angelos
662 1870 767 1923 dici
794 1886 898 1923 non
929 1884 1087 1937 posse
1113 1868 1425 1921 animalium
1455 1878 1751 1930 creatures,

172 1941 321 1992 sicut
357 1956 455 1993 nec
489 1939 743 2007 agricola:
776 1950 1019 2007 segetum
1052 1938 1131 1991 vel
1163 1940 1441 2007 arborum,
1488 1938 1568 1989 vel
1618 1952 1755 2004 quo-

174 2005 615 2074 rumcnnqne'in
670 2019 811 2077 terra
845 2005 1207 2077 gignentium.
1248 2005 1628 2077 lstliaecctiam
1664 2008 1751 2059 fu-

174 2024 521 2074 rumcunqne
566 2024 615 2060 in
670 2023 811 2062 terra
851 2023 899 2077 gi
945 2023 1207 2061 nentiam.
1249 2023 1434 2059 istiiaec
1467 2023 1628 2059 etiam
1664 2023 1751 2059 iu-

171 2078 291 2130 sius
325 2077 533 2130 excutit
566 2077 657 2130 lib.
691 2092 750 2129 Ill
785 2076 858 2129 De
890 2023 1104 2137 ’lgn'niL,
1143 2091 1265 2143 cap.
1298 2076 1335 2131 8
1361 2086 1416 2129 et
1447 2074 1516 2141 9;
1566 2086 1753 2131 noster

171 2162 398 2216 quoque
427 2147 658 2201 lrenteus
686 2146 889 2216 lib._tv,
915 2162 1040 2213 cap.
1071 2146 1159 2199 37.

250 2215 572 2268 Hominibus
603 2214 927 2268 assimilant.
990 2216 1233 2269 Divinam
1261 2213 1579 2282 potentiam,
1610 2214 1752 2271 vires

170 2301 533 2351 quascunque
560 2294 771 2337 creatas
798 2297 1075 2350 superare,
1107 2298 1205 2338 nec
1232 2299 1438 2337 morem
1474 2285 1747 2338 artificum

173 2357 229 2406 in
261 2354 522 2421 operibus
554 2354 661 2423 83
692 2355 894 2406 imitari
926 2355 1125 2407 asserit
1162 2370 1176 2407 :
1209 2354 1406 2420 quippe
1435 2366 1557 2420 quae
1588 2354 1750 2423 nullis

167 2420 421 2492 organis.
461 2420 608 2476 null'o
625 2420 1020 2492 Vcoadjuvanle,
1056 2422 1200 2475 nulla
1231 2424 1464 2488 denique.
1501 2420 1747 2487 subjecta

172 2494 409 2544 materia
462 2502 637 2561 egi-al,
688 2494 755 2545 ad
799 2506 1251 2561 quoruincuiique
1308 2492 1747 2559 productionem.

170 2562 255 2615 De
288 2562 374 2614 his
413 2574 464 2614 et
506 2560 755 2615 Justinus
796 2572 1000 2631 martyr
1034 2563 1105 2631 ita
1156 2560 1209 2614 in
1242 2560 1591 2613 Aristotelem
1632 2562 1746 2615 dis-

168 2634 311 2684 serit
344 2648 359 2684 :
411 2649 429 2681 ι
460 2632 693 2690 Νηιιιτιιξ.
728 2630 949 2697 ιιι-ιιιιιιιέ
988 2648 1019 2684 a
1049 2630 1160 2684 Deo
1207 2632 1585 2697 praescriptum
1636 2639 1746 2684 ter-

170 2700 386 2753 tninum
422 2716 540 2755 esse
574 2701 855 2764 novimus;
897 2702 1039 2766 quod
1084 2701 1129 2753 si
1166 2699 1304 2754 Deus
1346 2700 1744 2768 pra-scriptioni

167 2786 281 2822 non
327 2773 533 2832 subest,
576 2772 667 2822 sed
704 2786 734 2823 e
772 2769 1051 2835 quodlibet
1087 2769 1217 2823 facit
1260 2770 1550 2834 quidlibet,
1599 2771 1745 2824 nullo

165 2840 410 2891 termino
461 2839 792 2906 impediente
843 2840 1135 2906 quominus
1183 2838 1349 2893 faciat
1398 2854 1518 2906 qum
1590 2839 1740 2893 vult:

163 2924 356 2960 annon
388 2918 670 2973 exemptus
713 2917 796 2961 est
838 2924 867 2960 ιι
904 2909 1231 2962 necessitate
1271 2922 1301 2960 e
1330 2908 1595 2975 subjectis
1624 2923 1746 2962 cre-

162 2978 296 3029 andi
318 2979 343 3028 2'
368 2996 385 3027 ι
432 2981 810 3044 Athenagoras
840 2992 1067 3048 quoque
1111 2986 1262 3045 putat
1296 2992 1391 3030 eos
1422 2978 1657 3045 pessime
1688 2980 1739 3032 in

162 3048 339 3099 Deum
383 3048 811 3100 CUlllllt'llliiOSOS
841 3047 988 3111 esse,
1028 3067 1045 3097 ι
1072 3049 1162 3114 qui
1208 3047 1349 3100 vires
1394 3048 1658 3100 humanas
1688 3058 1744 3102 et

1871 554 2011 620 apud
2043 553 2440 606 Nazianzeunin
2464 550 2649 671 1;an
2678 554 2822 620 ἡμᾶς
2851 550 3175 623 οἰκουμένῖηζ
3207 572 3225 603 ι
3258 566 3442 611 nostra

1871 631 2011 671 terra
2049 621 2382 671 habitabilis.
2428 639 2443 670 ι
2495 621 2567 671 'ic
2600 630 2654 671 et
2679 623 2925 671 proxime
2952 623 3174 671 dicitur-
3206 641 3223 671 ι
3258 625 3441 671 omnia

1870 631 2011 673 terra
2049 621 2382 675 habitabilis.
2428 639 2443 670 ι
2476 621 2567 671 Sic
2600 630 2654 672 et
2678 623 2925 687 proxime
2952 621 3174 681 dicitur,
3206 641 3223 672 ι
3258 625 3442 679 omnia

1867 705 1987 808 qua:
2013 700 2151 811 ῗιιιιι
2174 689 2470 745 secundum
2506 705 2638 752 nos,
2687 709 2705 741 ι
2742 690 2794 745 id
2827 702 2946 758 est,
2983 692 3099 746 haec
3136 702 3349 746 terrena
3384 700 3444 750 e’.

1867 774 1966 811 visi
1993 778 2024 810 ιι
2055 775 2124 811 ia.

1866 774 2124 812 VlSllltlla.

1944 826 2026 881 Ea;
2054 829 2213 881 Joan.
2256 828 2384 880 Ern.
2415 826 2595 881 Crabii
2626 829 3056 881 adnotationibus
3085 829 3138 879 in
3168 846 3283 892 cap.
3312 828 3365 882 2.

1936 896 2065 967 l’ag.
2096 900 2215 954 118.
2238 897 2304 950 Ut
2325 900 2391 959 is,
2411 899 2500 963 qui
2526 899 2768 963 inciperet
2797 914 2913 950 cum
2935 914 3263 965 cognoscere,
3284 899 3441 951 homo

1863 969 2033 1035 ﬁeret.
2074 968 2433 1034 lit-generatio
2479 968 2694 1032 quidem
2737 967 2972 1021 hominis
3015 969 3071 1017 lit
3114 982 3211 1032 per
3247 969 3439 1029 cngnio

1868 1038 2067 1092 tionem
2110 1038 2243 1099 Dei;
2292 1038 2384 1089 sed
2430 1053 2534 1101 qua
2593 1038 2807 1090 ratione
2855 1037 2976 1103 quis
3024 1037 3187 1103 Deum
3235 1050 3438 1101 cogno-

1863 1122 2021 1187 scere
2056 1106 2349 1177 incipiens,
2374 1106 2536 1159 homo
2566 1108 2796 1175 primum
2821 1102 3037 1160 creetur
3067 1116 3120 1159 et
3154 1102 3269 1167 fiat,
3293 1103 3437 1159 haud

1863 1191 2040 1232 CilDIO.
2111 1226 2117 1232 .

1930 1192 2242 1299 IBigiii'tc'e‘ied
2274 1245 2363 1299 tibi
2400 1243 2678 1309 Scriptura
2713 1241 2988 1296 Gencscos
3011 1243 3166 1304 dicit,
3198 1261 3216 1293 ι
3249 1244 3432 1297 omnia

1861 1330 1981 1381 qua:
2015 1326 2142 1368 snnt
2174 1315 2469 1369 secundum
2508 1328 2627 1369 nos.
2654 1312 2847 1366 fecisse
2878 1313 3044 1366 Deum
3072 1327 3165 1378 per
3196 1310 3431 1364 Verbum

1862 1384 2069 1436 suum?
2130 1402 2147 1434 ι
2232 1384 2553 1449 ltcspondco
2612 1382 2870 1434 Irenaeum
2933 1381 3071 1435 forte
3126 1382 3432 1446 rcSpexisse

1865 1453 2041 1519 prima
2078 1452 2277 1521 Moysis
2304 1448 2489 1514 verba,
2528 1466 2650 1504 mox
2694 1452 2761 1503 ab
2790 1467 2853 1502 eo
2887 1452 3049 1521 citata
3080 1469 3093 1503 :
3127 1468 3143 1500 ι
3192 1448 3245 1501 In
3281 1451 3430 1521 prin-

1862 1518 2004 1588 cipio
2034 1518 2179 1575 Deus
2209 1521 2339 1575 fecit
2372 1522 2570 1574 cuilnm
2604 1533 2657 1574 et
2694 1532 2915 1572 terram.
2960 1538 2979 1570 ι
3024 1519 3126 1572 Per
3163 1537 3181 1569 ι
3232 1518 3433 1588 princi-

1864 1584 2010 1654 pium
2063 1608 2085 1645 ι
2120 1592 2266 1643 enim
2313 1592 2542 1658 mystice
2589 1609 2607 1641 ι
2670 1589 2909 1658 Verliuin
2958 1605 2977 1638 ι
3015 1589 3182 1658 sive:
3234 1584 3429 1658 Filium

1867 1658 1980 1723 Dei,
2017 1677 2036 1709 ι
2068 1659 2291 1725 quidam
2327 1655 2834 1724 antiquissiniormn
2886 1656 3119 1725 Patruini
3146 1655 3429 1709 intellexe-

1865 1738 2014 1791 runt,
2048 1723 2115 1781 de
2142 1728 2339 1795 quibus
2366 1723 2487 1780 vide
2515 1734 2973 1780 commentatores
3006 1727 3056 1777 in
3084 1723 3338 1786 Genesin,
3374 1737 3430 1777 et.

3337 1809 3424 1860 ag.

1866 1865 1986 1927 152,
2017 1866 2190 1918 attuli.
2224 1865 2316 1920 Vel
2348 1865 2512 1918 etiam
2543 1865 2776 1919 Irenieus
2801 1866 2939 1917 istud
2964 1864 3202 1932 Sloysis:
3233 1881 3250 1912 ι
3281 1864 3427 1916 Dixit

1859 1933 2032 1998 Deus;
2074 1953 2092 1984 ι
2127 1935 2181 1988 in
2213 1950 2392 1987 rerum
2426 1938 2701 1988 creatione
2739 1934 3004 1998 prolatum
3055 1934 3125 1985 ita
3169 1936 3424 1999 accepit,

1854 2004 2007 2072 quasi
2043 2006 2186 2059 Deus
2222 2019 2319 2072 per
2344 2002 2703 2057 substantiale
2748 2002 3002 2072 Verbum,
3036 2001 3104 2054 ali
3130 2011 3334 2054 a-tcruo
3369 2004 3425 2056 in

1851 2070 2014 2125 Patre
2043 2070 2335 2133 exsistetis,
2365 2072 2458 2126 sed
2489 2085 2617 2126 tunc
2644 2074 2797 2141 quasi
2831 2070 2897 2125 ad
2922 2082 3072 2123 extra
3101 2072 3424 2141 procedens,

1850 2142 2032 2194 omnia
2071 2142 2407 2210 produxerit.
2433 2139 2714 2206 Quomodo
2739 2151 2794 2195 et
2823 2143 2960 2194 inter
2983 2141 3120 2193 alios
3142 2139 3425 2197 Tertullia-

1852 2226 1952 2263 nus
1985 2210 2079 2264 lib.
2104 2211 2307 2266 Contra
2338 2210 2607 2281 Praxetm.
2638 2227 2760 2281 cap.
2788 2211 2841 2273 5,
2871 2210 3284 2279 philosophatus
3317 2224 3420 2276 est,

1852 2280 1923 2332 ita
1977 2282 2225 2334 scribens
2266 2297 2331 2333 ει
2372 2278 2441 2334 Ut
2486 2278 2721 2349 primum
2775 2278 2918 2334 Deus
2961 2280 3253 2341 voluitea,
3300 2296 3424 2348 qua:

1849 2364 1974 2419 cum
2008 2349 2226 2417 Sophia:
2268 2342 2581 2419 ratione'et'
2596 2351 2859 2404 Sermone
2894 2349 3095 2419 (Λόγῳ)
3140 2342 3421 2415 disposue-

1849 2427 1933 2470 rat
1962 2418 2104 2471 intra
2134 2434 2213 2480 se,
2257 2420 2308 2472 in
2335 2420 2674 2473 substantias
2711 2429 2764 2473 et
2804 2420 3015 2487 species
3048 2418 3187 2471 suas
3217 2419 3379 2487 edere
3400 2460 3417 2483 ,

1850 2487 2025 2554 ipsum
2060 2488 2295 2555 primum
2322 2490 2547 2555 protulit
2576 2486 2895 2542 Sermonem
3022 2498 3079 2541 ut
3111 2502 3206 2554 per
3244 2486 3417 2554 ipsum

1818 2554 2040 2609 'tiereut
2060 2554 2347 2611 universa.
2378 2576 2397 2609 ι
2430 2557 2583 2610 Unde
2617 2574 2737 2611 mox
2762 2561 2894 2612 citat
2924 2561 3089 2613 verba
3120 2556 3415 2622 Geneseos,

1850 2625 1940 2680 ubi
1974 2626 2112 2678 dixit
2141 2625 2283 2679 Dens
2321 2645 2333 2678 :
2368 2644 2386 2678 ι
2420 2626 2541 2679 Fiat
2574 2627 2685 2691 lux,
2721 2647 2739 2679 ι
2775 2638 2882 2680 etc.

2022 2695 2394 2749 Adnotutiones
2429 2694 2524 2748 Fr.
2560 2694 2900 2749 Feuardeutii
2930 2698 2983 2750 in
3013 2714 3129 2764 cap.
3161 2695 3217 2748 5.

1917 2764 2048 2833 Pag.
2085 2764 2207 2817 118.
2245 2764 2506 2829 Quoniam
2542 2777 2715 2817 autem
2742 2765 2823 2817 hic
2848 2766 3010 2820 Deus.
3044 2765 3323 2820 Concludit
3346 2781 3413 2820 ex

1848 2836 2265 2903 snperioribus,
2319 2850 2566 2903 novoque
2620 2834 2769 2887 Pauli
2828 2836 3184 2896 testimoaio.
3244 2835 3412 2903 Deum

1848 2905 2031 2956 mundi
2064 2913 2366 2957 creatorem
2400 2919 2521 2957 esse
2553 2902 2768 2957 Patrem
2822 2903 3029 2957 Domini
3078 2906 3245 2958 nostri
3281 2902 3408 2959 Ji-sn

1845 2974 2046 3026 Christi
2082 2989 2097 3025 ;
2134 2983 2192 3045 et
2221 2974 2484 3045 confictas
2507 2974 2574 3027 ab
2608 2974 2686 3045 eis
2718 2974 2930 3045 fabulas
2960 2975 3025 3026 de
3058 2972 3250 3045 Bytlio,
3285 2974 3408 3026 Ple-

1848 3052 2078 3103 romate,
2108 3040 2397 3105 Aﬂonibus,
2423 3053 2477 3094 et
2519 3042 2699 3095 multis
2737 3044 2841 3095 dbis
2869 3040 3267 3095 omnino'stare
3304 3060 3409 3097 non

160 3116 691 3198 divinas-artifices
725 3126 773 3198 et
814 3117 984 3198 Deum.
1013 3112 1155 3198 inter
1181 3132 1315 3197 .Sese
1342 3126 1682 3196 comparant.
1718 3136 1737 3169 ι
1771 3139 1816 3198 c
1850 3125 2030 3180 posse.
2066 3112 2353 3198 galerum.
2385 3112 2628 3198 impurus
2652 3112 3125 3198 catiis‘Scrvctus.‘
3144 3123 3197 3165 et
3225 3117 3315 3181 qui
3342 3128 3407 3165 ex

158 3184 502 3253 Theophilus
533 3186 901 3241 Antiochenus
933 3187 1058 3239 hinc
1100 3185 1192 3239 Dei
1230 3195 1547 3253 potestatein
1586 3186 1743 3240 inno-

156 3263 378 3308 tescere
408 3256 605 3316 credit,
649 3276 667 3306 ι
698 3256 843 3322 quod
881 3271 947 3307 ex
994 3260 1076 3308 liis
1104 3272 1225 3322 qua:
1256 3271 1362 3308 non
1392 3265 1541 3318 sunt,
1586 3255 1736 3319 facit,

154 3335 223 3378 ut
257 3325 469 3377 libitum
497 3333 600 3387 est,
628 3340 749 3393 quae
777 3325 908 3377 vult.
957 3325 1089 3391 Qua:
1123 3326 1267 3377 enim
1311 3324 1450 3391 apud
1496 3325 1742 3379 homines

151 3406 289 3446 sunt
310 3393 690 3459 impossibilia,
724 3395 864 3461 apud
892 3394 1056 3447 Deum
1083 3394 1360 3459 possibilia
1392 3393 1684 3459 habentur,
1712 3414 1731 3447 ι

150 3475 273 3517 etc.
328 3463 600 3516 Cat-terum
638 3473 743 3516 vet.
779 3466 900 3517 cod.
938 3465 1263 3516 auctoritate
1314 3479 1331 3512 t
1362 3464 1451 3530 qui
1484 3482 1503 3514 ι
1558 3473 1739 3518 trans-

148 3533 464 3600 posuimus.
511 3541 565 3584 et
617 3551 634 3583 ι
670 3534 919 3600 inopibus
948 3552 966 3583 ι
1013 3547 1112 3601 pro
1153 3555 1172 3583 ι
1203 3532 1257 3586 itt
1297 3533 1555 3601 operibus
1583 3551 1603 3584 ι
1660 3535 1738 3589 lt:-

145 3603 397 3668 geiidum
438 3602 837 3669 proposuimus.

226 3668 513 3735 Qualitatis
536 3672 905 3723 substantiam.
933 3669 1024 3724 Sic
1048 3669 1333 3738 legendum
1363 3669 1548 3725 docuit
1580 3681 1736 3726 vetus

142 3744 350 3797 codex.
382 3754 521 3809 ιιι-ο]
568 3740 895 3808 aequalitatis
925 3754 939 3793 :
974 3759 994 3790 ι
1027 3749 1083 3793 ιιι
1115 3748 1169 3793 et
1195 3739 1357 3808 paulo
1382 3755 1584 3809 supra,
1622 3757 1642 3791 ι
1679 3750 1735 3796 et

144 3812 449 3879 ignorante
486 3807 720 3879 Patrem,
768 3828 787 3861 ο
835 3825 932 3875 pro
969 3827 988 3860 t
1027 3809 1210 3879 Patre.
1252 3826 1271 3859 ι

227 3877 514 3946 Proprium
540 3880 677 3931 enim
700 3877 797 3931 Itoc
823 3878 918 3930 Dei
937 3877 1407 3943 supereinineutiw.
1429 3878 1734 3947 Argumen-

143 3955 266 4001 tum
300 3958 385 3998 est
408 3955 680 4013 sumptum
717 3965 743 4000 a
780 3948 961 4000 divina
995 3946 1345 4008 excellentia,
1374 3956 1427 3998 ct
1451 3946 1597 4000 omni
1624 3948 1733 4001 suf-

143 4016 417 4069 ficientia.
449 4014 547 4080 Qui
586 4028 775 4083 suapte
804 4026 993 4069 natura
1022 4015 1517 4070 sullicientissimus
1546 4026 1631 4069 est
1660 4019 1728 4069 ad

138 4086 359 4149 omnia,
409 4102 513 4137 nou
557 4086 762 4153 indiget
801 4086 1172 4152 cujuscunque
1196 4084 1420 4137 alterius
1459 4099 1590 4152 ope,
1636 4095 1730 4138 aut

141 4155 468 4217 industria,
533 4157 599 4207 ad
655 4158 998 4208 condendam
1050 4155 1413 4220 quodcunque
1472 4153 1722 4207 voluerit.

141 4226 294 4276 Deus
342 4222 536 4287 Pater,
579 4223 785 4286 Filius,
814 4240 877 4276 ac
914 4223 1409 4292 Spiritus-sanctus
1430 4232 1510 4276 est
1546 4224 1727 4277 istius-

135 4293 323 4354 modi.
369 4294 678 4347 dicentibus
718 4291 1021 4360 Scripturis
1051 4310 1064 4346 :
1095 4309 1113 4341 ι
1159 4291 1434 4344 Bonorum
1480 4307 1724 4346 nieorum

137 4378 252 4412 nun
282 4378 413 4431 eges
440 4363 522 4424 ἰς
556 4378 708 4416 meus
743 4373 827 4415 est
868 4364 1015 4415 orbis
1060 4371 1220 4414 terra:
1253 4361 1337 4431 ‘i;
1367 4361 1510 4431 Deus
1544 4364 1722 4415 mani-

136 4434 251 4482 bus
280 4430 538 4519 liiunapis
579 4449 683 4511 non
711 4432 926 4519 1ςυΙίιιιι
958 4433 1206 4497 indigens
1248 4430 1429 4497 aliquo
1444 4430 1526 4519 "'.
1564 4449 1583 4481 ι
1621 4432 1722 4519 Ιεξτ
1752 4463 1799 4519 D

136 4509 259 4563 tur,
284 4512 394 4554 etc.
428 4499 519 4554 Vel
550 4502 628 4553 sic
663 4518 675 4554 :
710 4500 850 4553 Deus
892 4513 1164 4554 coazterno
1190 4511 1243 4552 et
1267 4501 1718 4554 consobstautiali

140 4566 330 4623 Verbo
354 4579 521 4637 atque
549 4569 755 4638 Spiritu
800 4585 899 4622 suo
943 4572 1082 4638 potis
1117 4569 1217 4621 fuit
1252 4573 1388 4623 satis
1430 4570 1495 4621 ad
1530 4571 1716 4624 omnia

130 4641 471 4702 condenda,
522 4651 579 4693 ut
626 4654 784 4692 voces
817 4644 1205 4707 prophetarum
1248 4648 1302 4692 et
1347 4639 1714 4707 apostolorum

130 4719 458 4774 personant,
482 4709 617 4763 Gen.
646 4723 683 4768 ι.
716 4707 857 4761 l’sal.
892 4706 1037 4762 nun
1083 4717 1137 4760 et
1176 4723 1438 4773 cxxxviii,
1468 4706 1626 4761 Joau.
1657 4723 1733 4772 t,»

130 4778 309 4831 llebr.
345 4793 380 4829 ι.
413 4777 618 4832 Nullius
650 4779 831 4845 itaque
851 4780 1121 4831 alteriusa
1145 4795 1323 4845 seipso
1364 4779 1614 4843 indiguit.

208 4846 279 4898 Et
313 4852 427 4899 sine
467 4864 575 4913 ipso
608 4848 804 4915 factum
846 4860 919 4899 est
964 4848 1113 4899 nihil.
1155 4849 1227 4900 Ita
1264 4847 1386 4899 huic
1425 4847 1709 4902 sententiae

128 4920 306 4969 tinem
342 4918 568 4981 imponit
596 4920 773 4984 ctiani
796 4917 888 4971 lib.
917 4933 999 4979 iii,
1037 4933 1155 4984 cap.
1198 4918 1229 4971 8
1264 4926 1317 4969 et
1349 4917 1431 4980 ll,
1469 4916 1711 4983 alibique

126 5000 249 5039 tum
287 5000 411 5053 raro
436 5002 450 5045 ;
473 4989 615 5053 quod
647 4995 700 5038 et
733 4982 1287 5039 Tet'tulliiiiiiislibris
1318 4989 1445 5039 Adv.
1487 4982 1711 5038 "eruto-

123 5069 365 5125 genciit,_
384 5052 652 5116 Pruxeun,
698 5054 775 5125 De
805 5058 1186 5125 resurrectione
1214 5058 1407 5117 carnis,
1434 5065 1487 5125 et
1516 5058 1708 5121 quinto

124 5121 269 5176 lida.
313 5121 638 5176 Murciouem
664 5140 681 5187 ;
712 5124 1015 5192 Cyprianus
1043 5124 1136 5176 lib.
1190 5140 1226 5178 Il
1272 5126 1401 5177 Adv.
1449 5123 1706 5191 Indicos,

124 5193 348 5263 eapiii;
380 5195 733 5261 Augustinus.
765 5194 1145 5263 Hieronymus,
1168 5204 1224 5247 et
1255 5192 1474 5261 Vulgata
1501 5195 1701 5257 editio;

123 5277 199 5313 ex
230 5260 441 5317 Graecis
471 5278 687 5332 quoque
714 5260 997 5330 Origenes,
1039 5260 1437 5327 Nazianzenus,
1471 5264 1708 5331 Cyrillus‘

124 5332 429 5393 Alcimum,
461 5349 565 5385 non
600 5334 878 5387 illibenter
904 5344 1156 5394 servant;
1190 5337 1399 5389 tametsi
1445 5335 1601 5386 aliter
1627 5349 1710 5386 vt-

126 5400 330 5473 dcatur
361 5402 514 5455 locus
536 5404 1007 5473 interpuugendus
1034 5403 1426 5473 Cbrysostomo
1448 5414 1500 5457 et
1528 5400 1707 5457 Theo-

130 5470 425 5538 phylacto,
456 5472 652 5539 quibus
686 5470 785 5526 nec
806 5470 1061 5526 ’lreuwus
1094 5470 1280 5525 noster
1308 5484 1591 5540 utramque
1614 5476 1704 5526 ad-

128 5539 359 5607 mittens
388 5541 675 5594 lectionem
709 5542 800 5595 lib.
825 5556 911 5603 tit,
935 5556 1055 5607 Cap.
1090 5542 1177 5606 11,
1215 5539 1557 5595 contradicit.

202 5606 313 5673 Qui
352 5622 427 5663 est
470 5616 757 5663 secundum
802 5626 893 5662 uo;
938 5606 1189 5663 mundus.
1225 5611 1411 5665 Gricca
1444 5613 1697 5681 phrasis,

196 5745 245 5779 ⁵¹
273 5747 424 5806 Psal.
460 5754 550 5817 λιι,
583 5750 637 5805 2.
715 5751 761 5783 "
788 5749 936 5808 Psal.
966 5766 1114 5818 nix,
1149 5751 1233 5808 19..

1309 5753 1355 5786 ⁵³
1379 5753 1504 5809 Act.
1534 5770 1663 5821 xvii,
1693 5755 1783 5810 ‘25.

1848 3196 1916 3234 co
1952 3182 2272 3248 prodierunt
2297 3180 2616 3245 Gentiliani,
2644 3182 2764 3235 novi
2798 3184 2984 3236 Ariani
3008 3192 3057 3232 et
3095 3180 3407 3236 Samosate-

1843 3250 1990 3302 niani
2017 3250 2201 3302 volunt
2232 3251 2428 3301 latratu
2456 3266 2554 3303 suo
2583 3254 2832 3312 suadere,
2862 3251 3118 3304 lrenzeuni
3143 3254 3244 3304 hoc
3266 3254 3405 3313 loco,

1838 3328 1896 3372 et
1926 3320 2049 3373 aliis
2078 3320 2281 3386 aliquot
2308 3319 2617 3381 similibus,
2658 3319 2853 3374 Filium
2889 3322 2978 3373 Dei
3030 3323 3176 3372 omni
3213 3322 3377 3372 divini

1841 3397 1951 3441 tate
1984 3388 2219 3455 spoliare
2243 3427 2258 3450 ,
2302 3398 2357 3441 et
2402 3389 2574 3442 solum
2605 3387 2817 3442 Patrem
2863 3405 3049 3442 verum
3083 3390 3247 3442 Deum
3286 3406 3405 3441 esse

1838 3457 2107 3525 profiteri.
2139 3458 2244 3511 Sed
2287 3473 2405 3527 non
2434 3459 2717 3511 attendunt
2754 3469 2834 3527 ter
2881 3471 3180 3527 quaterque
3223 3459 3402 3511 miseri

1841 3528 2207 3590 tenebriones,
2250 3526 2576 3594 praecipuum
2608 3527 2750 3580 beati
2778 3526 2959 3581 Patris
2989 3526 3360 3596 scopuiueSse
3384 3566 3398 3588 ,

1837 3606 1896 3647 nt
1926 3600 2192 3650 conlictos
2228 3613 2257 3648 a
2300 3596 2693 3666 Valentinianis
2724 3596 2965 3666 Amnes,
3000 3596 3229 3666 Bythos,
3270 3596 3401 3648 l'ro-

1834 3672 2078 3731 patores,
2104 3675 2157 3718 et
2191 3667 2373 3719 mundi
2402 3665 2585 3725 labes,
2623 3684 2653 3717 ιι
2685 3667 2881 3733 quibus
2912 3665 3189 3720 Christum
3220 3677 3398 3718 ortnnt

1834 3749 1899 3786 ac
1948 3734 2172 3787 missuut
2213 3736 2805 3795 comminiScebantur,
2863 3738 3088 3788 omnino
3140 3734 3397 3790 refellat:

1834 3803 2025 3869 probet
2050 3812 2229 3855 autem
2281 3804 2589 3855 econtrario
2642 3802 2790 3855 illum
2831 3819 3015 3858 verum
3054 3818 3174 3856 esse
3202 3802 3396 3857 Filium

1833 3871 1952 3939 ejus
1985 3870 2183 3935 Patris,
2209 3871 2298 3938 qui
2332 3874 2552 3934 dicitur,
2578 3882 2632 3923 et
2658 3884 2741 3926 est
2771 3874 2908 3924 Uetts
2937 3872 3173 3931 Israelis,
3202 3873 3395 3924 distin-

1831 3953 1951 3992 ctus
1978 3942 2194 4007 quidem
2221 3941 2289 3991 ab
2316 3956 2380 3993 eo
2406 3943 2701 3993 secundum
2726 3954 2970 4006 persona:
2992 3942 3274 4007 rationein,
3300 3942 3396 3996 sed

1832 4013 1993 4061 unius
2026 4025 2146 4060 cum
2180 4025 2244 4061 eo
2276 4017 2503 4070 naturw,
2539 4020 2700 4076 atque
2734 4012 2980 4063 dominii.

1899 4077 2180 4130 Instabilis
2226 4078 2409 4143 igitur.
2455 4078 2618 4131 Vetus
2655 4080 2823 4131 codex
2870 4082 3086 4132 tertium
3137 4087 3298 4148 caput
3326 4081 3396 4132 ah

1830 4149 1931 4202 hoc
1960 4149 2077 4198 loco
2103 4150 2406 4209 exorditur,
2439 4159 2493 4199 et
2520 4150 2858 4201 commodius
2886 4149 3087 4210 forsan,
3117 4166 3237 4200 cum
3267 4150 3393 4202 huic

1829 4218 2057 4271 sectioni
2121 4216 2293 4281 magis
2353 4220 2687 4286 conveniant
2738 4228 3058 4286 arguitietita
3122 4220 3394 4284 Capitibus

1828 4290 2068 4355 pi'telixa.
2116 4285 2399 4355 Concludit
2442 4297 2618 4338 autem
2664 4285 2894 4354 Bythum
2942 4289 3130 4349 iitum,
3175 4293 3239 4339 de
3283 4302 3392 4352 quo

1830 4352 1975 4408 ianta
2018 4356 2289 4423 fabulatus
2336 4352 2506 4409 fuisse
2545 4352 2766 4423 scripsit
2800 4358 2892 4412 lib.
2929 4372 2976 4419 ι,
3014 4372 3132 4423 cap.
3167 4360 3233 4416 '2,
3272 4357 3305 4407 5
3337 4367 3390 4410 et

1834 4427 1913 4489 19,
1950 4440 2052 4476 una
2082 4440 2203 4476 cuiu
2229 4422 2534 4477 Pleruniale
2566 4422 2710 4477 mera
2743 4428 2951 4479 somnia
2993 4422 3133 4477 esse.
3166 4427 3387 4489 Deinde,

1828 4496 2070 4564 pluribus
2103 4496 2354 4558 atlirmat,
2387 4511 2486 4546 nec
2511 4495 2618 4547 lleo
2645 4495 2927 4562 ignorante
2959 4498 3167 4562 aliquos
3204 4498 3389 4548 condi-

1827 4566 1968 4616 disse
1998 4566 2141 4615 hunc
2168 4569 2449 4626 munduai,
2484 4580 2603 4617 cum
2626 4569 2805 4617 omnia
2837 4568 3107 4632 prwsciat,
3132 4575 3186 4618 et
3210 4577 3389 4619 incute

1824 4634 2248 4703 complectatur;
2285 4650 2381 4685 nec
2415 4636 2533 4685 sine
2570 4634 2901 4703 blasphemia
2935 4652 3089 4701 posse
3123 4637 3270 4685 illum
3308 4636 3385 4687 la-

1822 4705 1905 4758 bis
1945 4713 1999 4756 et
2047 4702 2376 4769 ignorantia:
2428 4704 2664 4755 fructum
2692 4702 3028 4757 icitistimari.
3070 4703 3383 4758 instabilem

1820 4787 1983 4843 porro
2012 4782 2169 4825 Vocat
2201 4773 2456 4841 Bythuni,
2496 4775 2545 4825 id
2577 4786 2659 4826 est
2701 4776 3016 4841 ﬁgmentum
3053 4776 3196 4827 adeo
3236 4774 3385 4826 ialir-

1819 4859 1988 4905 ninni,
2018 4851 2072 4895 et
2093 4858 2361 4893 somnium
2386 4854 2491 4894 tam
2526 4857 2741 4905 vanum,
2778 4854 2834 4896 ιιι
2869 4844 3013 4896 nullo
3036 4847 3193 4897 modo
3212 4854 3381 4910 stare,

1815 4914 1980 4965 nullis
2008 4914 2348 4979 argumentis
2376 4914 2605 4964 stabiliri
2644 4914 2838 4965 valeat.

1884 4982 2014 5050 Pag.
2054 4978 2177 5033 119.
2214 4978 2325 5033 Nec
2360 4986 2566 5048 quidem
2599 4998 2815 5033 causam
2858 4983 3070 5034 reddere
3095 4982 3377 5033 habebunt.

1815 5051 2208 5114 Hellenismus,
2262 5050 2437 5103 αἰτίαν
2485 5050 2585 5101 οὐκ
2636 5051 2845 5116 ἕξουσιν
2878 5050 3187 5112 ἀποδοῦναι,
3225 5068 3241 5100 ι
3276 5066 3382 5102 ιιυιι

1815 5125 2607 5188 poteruntcausainassignare
2636 5140 2699 5175 ac
2734 5122 2969 5186 donare;
3013 5140 3033 5171 ι
3075 5134 3133 5174 ιιι
3160 5124 3268 5189 ἔχω
3306 5121 3383 5173 εἰ·

1815 5194 1955 5253 πεῖν,
1998 5207 2015 5240 t
2052 5207 2269 5259 possum
2300 5192 2499 5243 dicere.
2529 5209 2549 5241 ι
2668 5210 2673 5215 ·

1883 5262 1940 5315 Si
1980 5272 2155 5312 autem
2185 5264 2463 5327 pronatus.
2498 5262 2709 5314 Asserit
2738 5262 2987 5315 eumdem
3033 5261 3201 5313 Deum
3235 5263 3377 5316 hunc

1814 5334 2071 5385 mundum
2124 5336 2338 5382 tandem
2398 5331 2692 5399 aliquando
2739 5334 3068 5398 perfecisse,
3116 5334 3205 5400 qui
3249 5347 3376 5385 eum

1810 5400 2158 5471 praesidentia
2189 5405 2386 5454 mentis
2414 5404 2481 5454 ab
2515 5413 2720 5454 aeterno
2744 5414 3091 5468 conceperat.

1882 5470 1990 5526 Sed
2036 5480 2129 5522 aut
2172 5484 2450 5523 wternum.
2487 5472 2654 5523 Docet
2697 5471 2797 5524 hoc
2858 5474 3203 5535 diteniinate,
3256 5472 3376 5529 sive

1809 5554 2093 5609 internum,
2127 5542 2241 5595 site
2279 5542 2631 5609 temporalem
2661 5543 2900 5595 dixerint
2922 5556 3043 5595 esse
3082 5545 3371 5605 mundum.

1807 5626 2027 5679 semper
2056 5608 2251 5665 falsum
2275 5608 2399 5666 esse
2427 5614 2570 5680 quod
2605 5611 2878 5677 dicebant,
2909 5614 2977 5665 ab
3018 5628 3121 5669 nuo
3155 5615 3373 5682 quidem
