3906 6366
185 387 210 439 Ι
227 385 343 439 553

1471 378 1536 431 IN
1577 377 1697 434 UB.
1744 377 1786 431 ll
1822 377 1878 432 S.
1925 376 2201 432 ιιιΕΝίΕι.

3323 384 3466 441 1533

274 504 558 570 Αηήᾳυὴη
587 509 779 553 "Mem.
809 499 930 570 VH.
965 499 1085 551 cmi.
1122 499 1208 552 me
1236 497 1416 570 ηιιηηί
1446 499 1639 565 (ιςιρῖιῖε
1665 495 1772 549 iui-
1805 499 1848 554 Α
1950 491 2167 570 Olli-ni?“
2212 501 2362 543 extra
2397 491 2664 547 Pleroma.
2715 494 3026 570 Adjeciiuus
3074 497 3211 552 duas
3272 513 3454 562 voces,

176 576 336 632 lium
368 569 517 631 faeit.
549 573 642 624 sed
677 586 799 622 meo
826 569 1035 636 judicio
1069 569 1490 621 incommodius.

265 642 548 700 Ptolema’i
579 651 626 693 et
659 633 1025 694 "erue/conis.
1065 639 1413 698 Ptolema-um
1451 639 1597 690 hunc
1628 633 1773 688 Prie-

181 719 407 772 fatione
437 716 488 766 in
531 711 762 778 primum
800 711 993 762 librum
1017 719 1171 761 vocat
1211 727 1227 758 1
1272 707 1552 778 ﬂoscuhnn
1578 707 1778 778 schola:

183 785 507 846 Valentini;
532 776 563 832 ’1
595 789 650 834 et
683 783 783 832 sub
812 781 1015 832 calcent
1041 779 1199 846 primi
1225 779 1438 846 capitis,
1463 776 1576 844 i-jns
1600 777 1777 829 adhuc

179 857 490 916 meminit;
521 865 578 905 tit
623 861 674 903 et
723 851 898 917 capite
938 850 1005 902 ‘0
1049 849 1206 917 hujus
1237 848 1482 899 sei-undi.
1541 846 1776 917 Epipha-

180 930 320 981 nius
356 925 498 978 illius
529 916 812 987 epistolam
859 916 1128 986 prolixam
1179 919 1341 982 satis,
1399 917 1493 968 sed
1552 916 1777 987 venenis

181 999 474 1050 limreseos
508 985 620 1046 suae
658 985 958 1044 scatentem
994 990 1335 1056 transcripsit
1364 997 1552 1039 contra
1602 985 1779 1038 l’tole—

180 1068 416 1121 trinitas.
443 1061 830 1117 lleracleonom
859 1077 986 1112 vero
1016 1060 1163 1126 paria
1190 1076 1312 1110 cum
1346 1056 1631 1109 Valentino
1656 1071 1778 1108 sen-

178 1140 337 1192 s‘sse
367 1134 555 1189 scribit
586 1130 895 1189 Tertull)“,
931 1142 982 1182 at
1012 1130 1246 1182 novitate
1273 1130 1504 1194 quadam
1535 1141 1775 1192 pronun-

180 1205 482 1264 tiationis,
539 1203 644 1254 alia
703 1203 909 1254 sentire
975 1199 1143 1250 videri
1200 1199 1467 1256 voluisse;
1527 1195 1776 1248 enmdein

182 1278 353 1336 plura
390 1274 620 1328 subinde
652 1271 938 1336 scripsisse
975 1271 1170 1322 asserit
1221 1269 1471 1321 Clemens
1510 1267 1665 1318 Alex.
1727 1279 1777 1316 iv

183 1347 402 1399 Slrom.
434 1342 768 1409 Epiphanius
804 1343 1038 1393 lucri-ses
1070 1340 1229 1409 istius
1259 1338 1326 1389 50
1357 1337 1476 1409 loco
1508 1349 1776 1388 annume-

185 1427 306 1472 rat.
344 1426 397 1467 et
420 1407 640 1482 propria
675 1411 1044 1482 disputatione
1067 1408 1119 1482 in
1157 1425 1250 1463 eas
1285 1407 1419 1482 agit.

273 1475 734 1536 Nam'necessims
767 1492 865 1534 est.
916 1480 1220 1533 Delevinms
1251 1478 1351 1530 tria
1387 1485 1585 1543 puncta
1624 1475 1782 1528 abso-

185 1555 311 1606 luta
334 1597 348 1615 ,
387 1565 444 1607 ut
479 1555 721 1620 quinque
772 1551 942 1602 lineas
995 1549 1398 1620 includeremus
1433 1546 1777 1612 parenthesi,

181 1626 343 1692 quod
375 1626 424 1677 id
459 1619 648 1675 sensus
676 1621 900 1673 omnino
936 1619 1207 1692 postulare
1235 1619 1508 1670 videretur
1533 1630 1550 1673 ;
1584 1629 1636 1668 et
1663 1632 1784 1668 sen-

189 1691 431 1748 tentiain
464 1693 894 1756 interrogatione
916 1691 1236 1742 clausimus.

271 1762 576 1818 Sustinens.
608 1760 918 1815 Delcvimus
953 1778 971 1811 1
1002 1760 1327 1823 subsistens,
1369 1775 1387 1808 1
1429 1766 1640 1813 auctor.
1670 1768 1778 1810 vet.

182 1836 320 1889 cod.

274 1925 344 1979 Et
408 1925 547 1979 velut
605 1923 891 1976 maculam.
953 1921 1325 1984 Expunximus
1379 1937 1398 1970 1
1461 1918 1543 1969 vel
1601 1934 1784 1970 macu-

190 1998 308 2048 lam
345 2014 360 2048 :
397 2015 414 2045 1
452 2013 574 2048 mox
600 2010 815 2064 quoque
851 2013 868 2044 1
904 1993 1182 2060 percipere
1220 2011 1238 2042 1
1279 2007 1375 2060 pro
1411 2007 1428 2038 1
1461 1989 1719 2058 perlicere
1757 2008 1775 2040 1

193 2065 575 2134 reposuimus.

272 2159 358 2208 Ad
393 2158 704 2222 perfectum.
741 2155 875 2208 Octo
904 2167 1068 2206 voces
1107 2153 1403 2220 adjecimus
1439 2169 1450 2204 :
1484 2152 1783 2205 delevinius

190 2239 385 2281 autem
411 2236 667 2290 quatuor,
709 2244 726 2273 1
761 2233 846 2276 aut
893 2239 1054 2291 quem
1095 2222 1294 2274 factum
1331 2224 1538 2273 dicunt.
1586 2241 1603 2271 1

274 2296 529 2351 Solvetur
578 2307 777 2350 autem.
839 2293 1092 2345 Dissolvit
1147 2294 1400 2360 ligmeuta
1453 2292 1666 2343 illorum
1716 2292 1784 2344 de

193 2369 393 2420 Vacuo
436 2374 488 2416 et
519 2363 708 2416 umbra
751 2363 1093 2418 l’leromatis.
1128 2378 1192 2414 ex
1232 2378 1296 2412 eo
1333 2361 1471 2427 quod
1507 2363 1646 2412 intra
1684 2361 1784 2413 Pa-

192 2450 344 2489 trem
372 2447 426 2488 et
460 2436 795 2488 Conditorem
823 2433 979 2494 hujus
1005 2432 1188 2484 mundi
1220 2431 1353 2483 nihil
1387 2439 1564 2498 potest
1598 2432 1782 2492 inane.

193 2509 439 2561 informe
465 2545 478 2566 ,
520 2519 848 2564 erroneum,
895 2511 985 2553 aut
1032 2504 1375 2554 tenebrosum
1409 2517 1529 2552 esse
1569 2517 1582 2552 :
1621 2517 1780 2564 cum,

190 2578 284 2630 vel
317 2577 449 2639 ipsis
485 2573 651 2628 etiam
678 2573 994 2633 fatentibus,
1026 2571 1206 2623 lumen
1234 2571 1305 2622 sit
1334 2571 1725 2622 clarissimum.

312 2645 395 2697 Ex
419 2643 508 2696 Jo.
547 2642 676 2694 Ern.
708 2641 895 2694 (έναι)ὶὶ
921 2641 1354 2691 adnotationibus
1381 2643 1433 2691 in
1475 2657 1590 2705 cap.
1621 2639 1676 2691 4.

273 2719 401 2782 l’ag.
463 2714 583 2766 119.
636 2713 928 2782 ,Aporiulia
958 2709 1034 2782 lta
1078 2721 1130 2762 et
1188 2716 1349 2782 paulo
1399 2721 1536 2782 post_
1571 2709 1782 2761 initimn

192 2805 324 2851 cap.
356 2779 392 2837 Β
449 2785 605 2849 hujus
632 2781 751 2833 lihri
780 2795 795 2833 :
833 2800 851 2830 1
897 2779 1036 2844 Quid
1069 2789 1249 2832 autem
1280 2780 1322 2831 si
1354 2798 1456 2830 non
1490 2780 1778 2851 plorasset,

189 2868 256 2910 et
274 2848 596 2913 vrisisset,’et
622 2852 864 2918 aporiata
900 2859 1046 2903 esset
1076 2862 1252 2900 mater
1287 2850 1568 2918 ipsorum?
1607 2867 1624 2900 1
1668 2848 1785 2918 Ca:-

194 2942 383 2979 Ierum
427 2942 442 2972 1
474 2917 703 2988 aporiati
730 2961 744 2983 ,
788 2939 805 2970 1
849 2921 1035 2974 Griece
1081 2918 1206 2970 dicti
1260 2917 1623 2988 ἀπορούμενοι
1671 2917 1785 2969 sive

189 2992 662 3060 διαπορούμενοι.
710 2993 746 3044 1.
805 3007 855 3042 e.
909 3007 926 3038 1
976 2989 1342 3060 consternati,
1393 3006 1411 3038 1
1442 2991 1583 3040 sicut
1618 3001 1782 3060 supra

196 3084 328 3134 pag.
356 3057 447 3125 ill,
475 3057 569 3114 lin.
611 3060 678 3113 16
698 3103 712 3127 ,
747 3060 994 3134 inopia?“
1009 3058 1251 3134 reddidit
1305 3075 1324 3107 1
1377 3057 1782 3110 consternatio-

197 3126 362 3222 iieni;
399 3154 416 3184 1
463 3142 515 3186 et
548 3146 670 3199 pag.
710 3133 804 3196 2t,
843 3126 936 3182 lin.
966 3126 1055 3191 2'2,
1086 3126 1356 3198 διηπόρει,
1397 3145 1415 3178 1
1461 3139 1782 3182 consterna-
1810 3167 1852 3222 ο

238 3216 388 3258 altir.
434 3224 453 3256 1

238 3216 388 3258 altir.
434 3224 453 3256 1

194 3207 236 3260 b
279 3271 418 3326 Nam
461 3271 740 3324 necessitas
777 3279 873 3322 est.
909 3268 1032 3322 Ilaec
1074 3268 1236 3321 verba
1287 3265 1598 3335 parenthesi
1634 3275 1782 3318 recte

196 3345 427 3399 inclusit
473 3341 868 3396 Feuardentius
891 3377 908 3402 ,
961 3338 1054 3391 sed
1093 3355 1214 3390 eam
1249 3338 1476 3390 nimium
1506 3336 1782 3402 protendit

197 3429 380 3479 usque
413 3415 500 3474 ad,
542 3429 560 3462 1
603 3412 654 3462 111
690 3411 868 3462 tunica
912 3408 1177 3479 maculam
1206 3425 1220 3464 :
1248 3425 1284 3479 _s
1316 3422 1438 3458 cum
1467 3405 1684 3479 desinat.
1729 3405 1781 3457 in

201 3477 329 3536 istis
361 3485 541 3534 verbis
572 3498 584 3531 :
615 3498 631 3529 t
667 3497 770 3531 non
798 3478 1094 3531 secundum
1125 3477 1351 3529 localem
1379 3477 1728 3528 sententiain.
1757 3493 1777 3525 1

197 3554 424 3621 Repetit
470 3567 598 3604 vero
629 3550 866 3621 lrenieus
897 3549 950 3599 in
987 3550 1086 3600 hac
1118 3545 1429 3615 parenthesi
1453 3547 1780 3621 absurdum,

198 3615 467 3689 all-(IIIUd
525 3620 824 3689 haereticos
852 3619 964 3689 jam
1016 3633 1176 3683 supra
1216 3631 1338 3684 cap.
1371 3619 1393 3666 1
1433 3615 1733 3689 deduxerat
1768 3637 1778 3668 ;

201 3685 404 3758 nempe
434 3693 477 3744 si
515 3691 718 3758 Bythus
751 3688 828 3740 vel
881 3687 1128 3758 l’leroma
1175 3702 1277 3758 non
1324 3685 1506 3758 omnia
1555 3685 1695 3736 intra
1726 3702 1784 3738 se

200 3755 684 3828 complecteretur,
714 3759 807 3828 sed
840 3758 906 3808 ab
930 3757 1110 3824 aliquo
1137 3755 1242 3828 alio
1271 3757 1513 3828 exterius
1534 3758 1785 3828 continef

204 3824 384 3888 retur.
425 3834 524 3882 hoc
561 3831 652 3882 illo
690 3826 862 3891 majus
905 3828 1057 3886 lore;
1091 3826 1236 3891 quod
1279 3825 1499 3891 quidem
1534 3826 1600 3876 ab
1633 3824 1781 3876 omni

203 3902 459 3954 veritatis
491 3902 674 3966 specie
709 3899 946 3950 alienum
995 3895 1304 3947 necessario
1348 3893 1416 3944 ab
1453 3893 1784 3946 adversariis

201 3972 610 4024 admittendum
633 3971 747 4033 ait;
781 3975 871 4018 aut
904 3966 1214 4024 dicendum,
1245 3967 1390 4030 quod
1418 3981 1436 4011 1
1480 3967 1624 4015 intus
1667 3982 1685 4012 1
1730 3971 1785 4016 et

209 4060 233 4093 s
271 4052 453 4100 extra,
495 4059 513 4090 1
551 4055 654 4092 11011
688 4043 753 4092 de
788 4054 808 4087 1
852 4036 1044 4098 locali,
1082 4051 1101 4084 1
1138 4049 1321 4085 verum
1362 4050 1380 4082 1
1431 4033 1783 4086 intellectuali

202 4113 699 4178 conipiehensmue
757 4127 775 4158 1
811 4107 986 4178 accipi
1030 4104 1251 4178 debeat.
1295 4103 1456 4178 Atqui
1510 4103 1783 4178 posterius

207 4171 354 4234 illud
383 4191 639 4245 tauquam
672 4177 900 4230 alterum
935 4171 1236 4227 absurdum
1269 4185 1324 4225 et
1364 4173 1658 4245 improprie
1702 4171 1785 4224 di-

203 4263 364 4303 ctum
397 4241 670 4302 haereticis
694 4247 883 4314 objicit
919 4245 1186 4302 It'eniens,
1221 4251 1386 4306 atque
1415 4241 1655 4314 propriis
1687 4258 1783 4314 eo-

206 4337 336 4374 rum
364 4320 588 4370 assertis
613 4321 678 4371 de
709 4313 862 4379 Jesu,
896 4317 1188 4366 Servatore
1220 4321 1411 4366 matris
1440 4313 1746 4365 Achamotb
1767 4351 1782 4378 ,

206 4404 540 4458 repugnare,
568 4387 813 4455 sequenti
839 4387 1015 4458 capite
1047 4383 1300 4458 ostendit.

288 4449 415 4523 P'Jg.
450 4459 566 4510 120.
607 4449 871 4510 solvetur.
906 4449 1162 4505 Dissolvit
1192 4453 1445 4518 ligntenta
1475 4449 1692 4523 illoruni
1717 4452 1785 4505 de

1882 580 1901 616 1
1938 572 2018 613 est
2054 561 2320 616 Pli-roma.
2367 581 2384 612 1
2415 572 2623 616 auctor.
2659 575 2766 616 vet.
2802 566 2923 617 cod.

1950 629 2022 702 Et,
2053 632 2254 700 reliqua
2281 632 2478 684 omnia.
2507 630 2655 684 Novo
2687 633 2997 687 dilemmate
3024 637 3300 702 cmnpellit
3331 653 3426 688 eos

1878 711 1969 754 aut
2002 701 2159 753 lateri
2189 709 2387 753 aeterna
2421 702 2789 770 cmlestiaque.
2817 705 3130 768 temporalia
3155 701 3212 756 et
3241 716 3423 760 terrea
3448 725 3462 758 1

1878 786 2022 830 esse,
2056 770 2199 837 qttod
2233 785 2417 822 secum
2452 773 2739 825 manifeste
2765 783 2964 840 pugnat
2995 794 3007 827 :
3044 786 3136 826 aut
3171 777 3468 840 reproban-

1881 843 2002 891 dum
2026 856 2144 894 esse
2163 839 2433 897 Pleroma.
2459 839 2856 909 Christumque
2881 843 3120 909 ipsormn
3145 839 3466 908 ignorantia:

1880 927 2101 964 causam
2131 950 2144 964 .
2182 919 2236 962 et
2271 910 2320 979 in
2372 925 2562 972 magna
2600 911 2764 962 fuisse
2793 913 3099 979 ignorantia
3147 916 3463 967 dicendum.

1951 981 2082 1048 Pag.
2119 979 2238 1032 121.
2276 977 2366 1030 Sic
2392 983 2531 1031 enim
2562 983 2766 1042 dicunt,
2800 977 2906 1034 etc.
2935 982 3230 1042 Videlicet.
3270 993 3323 1032 ut
3362 986 3464 1033 sub

1881 1049 2209 1118 principium
2241 1049 2434 1114 capitis
2464 1051 2623 1116 primi
2658 1051 2751 1102 lib.
2789 1065 2802 1102 1
2835 1052 3107 1102 recitavit.
3140 1053 3466 1104 Addidimus

1881 1131 2057 1171 autem
2090 1137 2107 1169 1
2143 1133 2263 1171 cum
2297 1119 2612 1180 fortnassct,
2664 1139 2681 1170 1
2712 1129 2768 1174 et
2809 1121 3115 1175 delevunus
3143 1140 3159 1172 1
3196 1137 3316 1173 eum
3356 1122 3465 1175 for-

1881 1203 2083 1245 masse.
2127 1207 2143 1235 I
2173 1197 2387 1241 auctor.
2417 1197 2522 1241 vet.
2559 1191 2682 1242 eod.

1955 1259 2020 1310 Et
2052 1259 2264 1310 iterum.
2297 1257 2471 1324 Caput
2505 1268 2718 1314 sextum
2767 1259 2855 1314 hic
2895 1260 3114 1314 inchoat
3155 1270 3308 1314 vetus
3338 1261 3462 1314 cod.

1879 1337 1934 1382 et
1960 1328 2136 1380 minus
2170 1329 2474 1380 commode.

1955 1396 2129 1461 Quam
2171 1397 2312 1448 enim
2352 1398 2756 1452 incusationem.
2811 1398 3059 1454 Ostendit
3097 1414 3288 1451 omnes
3346 1399 3465 1452 illas

1883 1468 2281 1529 accusationes,
2313 1483 2449 1532 quas
2476 1469 2797 1520 nominatim
2823 1471 3086 1521 adversus
3116 1469 3463 1534 Demiurgiiui

1885 1537 2257 1613 instituerunt,
2299 1548 2354 1587 et
2382 1547 2571 1589 contra
2605 1539 2771 1591 Deum
2803 1539 2962 1601 hujus
2995 1538 3229 1591 universi
3265 1554 3461 1604 paren-

1887 1617 1989 1659 te.n
2024 1622 2240 1658 unicum
2285 1622 2587 1660 recurrere.

1956 1675 2019 1748 In
2064 1677 2461 1748 posterioribus.
2512 1677 2762 1748 Quinque
2816 1677 2916 1732 has
2962 1693 3123 1731 voces
3164 1693 3231 1730 ex
3280 1687 3464 1729 vetere

1885 1747 2073 1799 codice
2105 1745 2426 1810 adjecimus.

1961 1812 2082 1865 Non
2112 1820 2256 1865 decet
2282 1825 2480 1867 autem.
2514 1816 2578 1869 Et
2609 1817 2694 1870 hic
2720 1817 2935 1869 iuitintn
2959 1817 3156 1882 capitis
3194 1816 3224 1866 7
3259 1817 3466 1868 consti-

1885 1886 1987 1937 tuit
2018 1895 2190 1946 vetus,
2227 1889 2494 1936 nonsatis
2532 1890 2798 1954 apposite.
2830 1887 3114 1940 Concludit
3153 1900 3315 1951 porro
3355 1885 3465 1937 Ire-

1885 1970 2074 2013 meus,
2121 1954 2414 2006 linosticos
2455 1957 2569 2007 suis
2611 1956 3024 2009 delirationilius
3076 1954 3241 2007 Deum
3292 1955 3464 2007 totius

1885 2023 2152 2076 libertatis
2174 2023 2399 2082 fontem,
2425 2024 2534 2093 85
2567 2027 2893 2092 turpissimae
2919 2025 3229 2076 necessitati
3261 2041 3324 2076 ac
3341 2039 3458 2075 ser-

1883 2093 2060 2152 vituti.
2093 2105 2150 2145 ut
2180 2093 2380 2144 ethnici
2421 2093 2608 2147 Jovem
2641 2111 2796 2148 suum
2833 2094 3123 2160 subjicere.
3158 2094 3329 2157 Quam
3361 2093 3464 2145 iiii-

1884 2163 2137 2228 pietatem
2173 2162 2485 2228 Ilugnostici
2521 2180 2662 2216 nunc
2690 2175 2958 2216 conantur
2999 2179 3258 2231 reparare
3285 2203 3297 2220 .
3343 2171 3464 2229 post

1882 2232 2164 2284 Calvinum
2197 2241 2250 2283 et
2283 2231 2474 2284 llezain
2501 2235 2826 2303 garrientes,
2861 2251 2878 2283 i
2921 2235 3084 2285 Deum
3121 2233 3463 2286 necessitatis

1882 2303 1986 2353 sibi
2026 2303 2142 2352 loco
2180 2316 2335 2362 esse,
2387 2318 2486 2355 nec
2533 2319 2690 2369 posse
2735 2303 2841 2355 ulla
2894 2304 3112 2356 decreta
3159 2319 3255 2353 stta
3308 2316 3465 2355 revo-

1882 2386 2056 2422 care:
2114 2390 2132 2422 1
2169 2385 2268 2423 nec
2313 2371 2416 2423 alia
2469 2373 2636 2424 multa
2683 2382 2971 2438 praestare,
3028 2374 3092 2424 de
3146 2371 3347 2436 quibus
3408 2371 3461 2423 in

1885 2439 2089 2506 Dialog.
2133 2441 2334 2492 nostris
2370 2441 2749 2494 disseruimus.
2800 2442 3087 2500 Cancrum,
3120 2441 3263 2507 quod
3301 2454 3462 2508 supe-

1887 2511 2012 2560 riori
2046 2512 2184 2562 linea
2220 2511 2450 2568 dicitur.
2489 2529 2506 2560 1
2545 2511 2852 2563 concedens
2882 2512 3077 2562 sistere
3117 2525 3396 2571 errorem,
3439 2529 3457 2558 1

1887 2579 2302 2647 Dilliusjudicat
2342 2581 2607 2645 positutn.
2665 2596 2760 2645 pro
2796 2597 2814 2629 1
2865 2580 3168 2632 consistere
3199 2590 3251 2631 ct
3284 2595 3461 2632 emer-

1885 2664 2028 2715 gere.
2058 2670 2076 2700 1
2115 2649 2302 2702 Graece
2339 2648 2688 2702 συνίστασθαι
2716 2669 2729 2700 :
2761 2659 2815 2703 et
2843 2659 3026 2716 postea
3053 2692 3065 2709 ,
3110 2667 3128 2698 1
3181 2651 3247 2700 de
3287 2649 3463 2715 punii-

1888 2721 2052 2770 tentia
2079 2719 2377 2778 eradiCare,
2425 2739 2442 2769 1
2478 2720 2620 2772 idem
2649 2733 2792 2786 esse,
2828 2721 2969 2788 quod
3015 2728 3224 2771 mutare
3247 2728 3464 2771 senten-

1884 2790 2015 2840 tiam
2029 2829 2040 2844 .
2070 2790 2134 2839 ὲκ
2170 2788 2494 2856 μεταϐολῆς.

1957 2856 2257 2911 Excideret.
2282 2859 2590 2912 Deleviinus
2620 2875 2636 2907 1
2658 2858 2983 2911 excederet:
3018 2875 3036 2908 1
3066 2867 3118 2911 et
3143 2871 3263 2910 mox
3294 2874 3312 2906 1
3345 2867 3464 2908 tan—

1888 2935 1994 2978 tam
2030 2947 2048 2978 1
2079 2944 2175 2996 pro
2209 2943 2228 2976 1
2264 2938 2514 2990 tantum;
2555 2947 2572 2978 1
2623 2943 2683 2981 ac
2727 2947 2745 2979 1
2777 2936 2932 2996 pater
2965 2945 2984 2977 1
3015 2943 3112 2995 pro
3153 2943 3171 2976 1
3202 2939 3398 2990 mater,
3439 2945 3458 2976 1

1887 3007 2096 3048 auctor.
2130 3006 2236 3048 vet.
2269 2999 2390 3049 cod.
2433 2999 2795 3064 reposuimus.

1964 3065 2274 3117 Homericus
2296 3064 2524 3132 Jupiter.
2557 3067 2732 3120 Locus
2753 3075 2840 3119 est
2870 3064 3077 3117 Iliados
3117 3065 3293 3133 primo
3315 3105 3328 3126 ,
3355 3078 3467 3132 quo

1887 3144 2046 3202 poeta
2084 3151 2240 3187 suum
2271 3133 2460 3188 Jovem
2518 3136 2828 3189 necessitati
2868 3145 2923 3188 et
2955 3134 3066 3186 lato
3104 3134 3310 3187 servire
3356 3150 3465 3187 nou

1884 3205 2214 3257 dissimulat.
2249 3223 2267 3254 1
2308 3206 2404 3258 Ast
2432 3206 2580 3259 nullo
2613 3207 2793 3267 modo,
2827 3223 2845 3255 1
2881 3204 2957 3257 ait
2986 3215 3172 3257 noster
3198 3206 3461 3268 Augusti-

1885 3290 1987 3344 nus
2011 3275 2077 3337 ⁸⁵,
2111 3291 2130 3324 1
2165 3276 2332 3327 violat
2360 3277 2638 3344 corruptio
2673 3276 2839 3328 Deum
2882 3286 3152 3332 nostrum.
3177 3273 3334 3344 nulla
3372 3289 3466 3326 vo-

1884 3341 2125 3405 luntate,
2162 3345 2306 3396 nulla
2352 3341 2716 3408 necessitate,
2768 3344 2916 3397 nullo
2961 3342 3258 3409 improviso
3297 3357 3462 3406 casu,

1884 3417 2145 3478 quoniam
2177 3415 2290 3480 ipse
2318 3416 2479 3476 Deus,
2509 3425 2562 3468 et
2589 3415 2732 3482 quod
2774 3414 2879 3467 sibi
2919 3413 3069 3474 vult,
3120 3412 3322 3482 bonum
3355 3423 3461 3476 est,

1884 3493 1938 3535 et
1979 3484 2093 3548 ipse
2127 3479 2211 3535 est
2257 3484 2397 3536 idem
2435 3479 2654 3538 bonum.
2707 3484 2815 3537 Nec
2850 3483 3062 3550 cogeris
3107 3481 3174 3532 ad
3220 3479 3464 3548 aliquid,

1884 3557 2012 3621 quia
2049 3554 2298 3604 voluntas
2332 3566 2415 3605 tua
2452 3570 2557 3606 non
2591 3564 2674 3606 est
2704 3553 2877 3619 major
2914 3555 3182 3618 potentia.
3223 3568 3242 3599 1
3511 3553 3514 3556 ’

1959 3623 2084 3692 Pag.
2129 3621 2248 3674 122.
2279 3623 2554 3686 Quomodo
2600 3631 2836 3675 autemet
2885 3623 3231 3692 ignorabunt.
3271 3622 3467 3692 Arguit

1884 3691 2154 3753 errorem,
2182 3709 2288 3759 quo
2317 3694 2571 3744 dicebant
2605 3694 2828 3758 angelos
2869 3691 3230 3742 fabricatores
3273 3691 3460 3759 mundi

1884 3762 2053 3815 Deum
2072 3757 2498 3828 omnipotentem
2516 3757 2732 3828 penitus
2751 3762 3051 3827 ignorasse;
3077 3758 3290 3810 tametsi
3315 3757 3462 3810 enim

1885 3833 2059 3899 possit
2096 3847 2202 3883 non
2228 3827 2416 3881 ’vnleri
2443 3872 2454 3891 ,
2493 3827 2716 3898 propter
2744 3830 3009 3899 iiilinitain
3029 3827 3383 3880 eminentiam
3409 3837 3466 3880 et

1890 3896 2504 3967 incomprehensmilein
2547 3896 2930 3965 majestatem;
2983 3896 3225 3965 ignorari
3279 3905 3464 3947 tamen

1886 3973 2094 4038 nequit,
2111 3979 2332 4036 propter
2351 3970 2758 4038 oinuipoteiitia:
2775 3984 2837 4021 ac
2855 3967 3215 4035 providentia:
3230 3975 3463 4020 cunctos

1886 4036 2364 4092 uianilestissiinos
2397 4036 2639 4091 ell'eetus.

1955 4108 2242 4161 Invisibilis
2275 4109 2504 4174 quidem.
2542 4106 2834 4173 Corporeis
2858 4105 3153 4158 luminibus
3203 4105 3296 4159 Dei
3345 4119 3466 4174 ina«

1879 4180 2136 4248 jestatem
2167 4173 2414 4248 conspici
2465 4193 2568 4228 non
2605 4192 2783 4245 posse,
2819 4192 3013 4243 magno
3059 4189 3325 4227 consensu
3369 4173 3466 4248 ilo-7

1885 4245 2118 4301 citerunt
2163 4247 2378 4307 Patres,
2409 4256 2520 4298 ttiiii
2573 4262 2663 4312 qui
2736 4253 3164 4312 prarcesserunt.
3215 4257 3328 4295 tum
3371 4245 3464 4308 qui

1885 4319 2058 4371 secuti
2103 4326 2234 4370 sunt
2279 4327 2494 4369 aetatem
2543 4317 2703 4382 hujus
2743 4315 2986 4382 praeclari
3029 4314 3307 4382 martyris.
3346 4327 3364 4360 ι
3397 4312 3455 4364 Si

1885 4404 2006 4457 quis
2039 4386 2258 4450 dixerit,
2286 4404 2304 4436 1
2343 4396 2418 4438 ait
2461 4386 2746 4454 Dionysius
2785 4389 3048 4452 Areopag.
3079 4383 3146 4457 f‘,
3197 4399 3216 4431 1
3256 4383 3467 4457 absque

1889 4452 1998 4510 ullo
2027 4457 2228 4518 medio,
2271 4452 2610 4523 quibusdam
2639 4465 2952 4507 sanctorum
2993 4453 3204 4505 divinas
3244 4452 3465 4523 appari-

208 4519 401 4581 Vacu'u
428 4539 481 4581 ei
517 4527 705 4580 umbra
737 4524 1078 4593 Pleroiiiatis,
1112 4537 1183 4593 ex,
1217 4539 1284 4593 eo
1306 4524 1450 4593 quod
1497 4521 1636 4593 intra
1678 4520 1780 4573 Pa-
1816 4519 1860 4571 Ι)
1891 4530 2067 4579 tiones
2096 4519 2412 4593 contigisse,
2447 4525 2708 4592 intelligat
2738 4535 2794 4577 ut
2833 4534 3102 4577 secretum
3143 4523 3318 4587 ipsum
3345 4522 3464 4593 Dei,

213 4611 358 4653 trem
388 4609 438 4650 ct
475 4599 808 4649 conditorem
843 4591 1001 4659 hujus
1027 4592 1210 4643 mundi
1240 4592 1370 4642 nihil
1395 4600 1574 4656 potest
1602 4591 1784 4653 inane,

210 4670 483 4731 informe,
517 4683 802 4719 erronemn
837 4674 892 4717 ct
934 4663 1278 4714 tenebrosum
1323 4677 1485 4724 ese;
1528 4677 1652 4713 cum
1705 4661 1789 4713 vel

211 4739 354 4806 ipsis
420 4742 584 4789 etiam
651 4735 947 4787 latentibus
1015 4733 1197 4806 lumen
1262 4731 1330 4783 sit
1398 4731 1782 4786 clarissimum.

209 4801 460 4865 Fauna.
495 4808 761 4860 Umittere
794 4814 974 4854 autem
1015 4801 1296 4852 debuisset
1322 4811 1556 4867 quatuor
1587 4816 1747 4854 voces
1769 4839 1784 4861 ,

217 4899 238 4930 1
277 4889 334 4931 et
361 4878 696 4929 conditorem
730 4875 887 4941 hujus
919 4872 1138 4931 mundi,
1179 4889 1196 4920 1
1225 4873 1349 4938 quia
1386 4869 1570 4941 li'eiiwi
1621 4884 1785 4936 argu-

216 4949 483 5007 mentatio
512 4962 742 5014 primum
769 4939 941 5014 solum
972 4941 1185 5014 Patrem
1215 4939 1656 5014 atquePl-eroum

215 5030 313 5078 rit,
344 5036 370 5068 a
407 5011 875 5082 quocoiiditotein
922 5012 1082 5078 hujus
1115 5013 1299 5062 mundi
1347 5012 1666 5064 distinctum
1707 5011 1790 5062 l'a-

209 5089 435 5142 ciebant
460 5087 722 5137 lueretici.

396 5155 777 5208 Adnotationes
812 5147 906 5203 Fr.
939 5149 1282 5204 Feuardentii
1315 5149 1366 5201 in
1405 5165 1523 5214 cap.
1557 5149 1610 5202 5.

289 5225 422 5292 Pag.
454 5227 572 5277 120.
607 5226 870 5275 Adversus
895 5239 980 5273 eos
1013 5222 1396 5292 igiturtlleum
1424 5221 1579 5285 plane
1622 5219 1794 5288 poeti-

215 5287 422 5353 cumét
469 5297 752 5347 ridiculum
790 5292 890 5345 sibi
935 5287 1138 5360 lingere
1190 5287 1634 5348 Valentinianus,
1683 5300 1794 5343 toto

219 5374 326 5421 hoc
364 5368 540 5430 capite
571 5369 833 5425 ostendit,
867 5363 936 5413 ob
974 5372 1315 5429 portentosas
1345 5361 1708 5412 absurditates
1741 5362 1794 5412 in

221 5440 391 5490 Deum
421 5438 670 5496 Patrem,
705 5449 862 5499 qUem
904 5449 1118 5484 servum
1155 5431 1530 5492 necessitatis;
1559 5440 1612 5481 et
1641 5432 1798 5482 Chri-

219 5523 367 5562 stum
399 5503 583 5558 .lesum
607 5542 619 5563 ,
655 5519 815 5568 quem
859 5505 1194 5570 ignorantem
1247 5501 1526 5562 dicebant;
1559 5500 1717 5551 simul
1743 5509 1798 5551 et

219 5581 413 5630 beatos
440 5576 662 5640 angelos
685 5611 697 5632 ,
727 5588 866 5638 quos
910 5571 1082 5622 brutis
1130 5571 1296 5622 etiam
1344 5585 1472 5633 ipsis
1504 5571 1798 5623 deteriores

211 5663 370 5710 esse,
403 5662 468 5698 e.\
500 5655 710 5697 illorum
743 5644 1040 5710 propositis
1067 5649 1411 5709 sequebatur.

1892 4590 2268 4664 quodcunque
2304 4598 2516 4648 tandem
2548 4590 2676 4648 illud
2708 4605 2811 4656 est,
2840 4609 3001 4646 nemo
3039 4607 3278 4664 uuquani
3309 4590 3464 4664 vidit,

1893 4661 2070 4734 neque
2113 4661 2336 4718 videbit.
2373 4666 2638 4718 Cxterum
2690 4666 2886 4717 divina:
2937 4664 3041 4734 illa:
3093 4661 3467 4728 apparitiones

1892 4733 2098 4790 sanctis
2127 4738 2260 4788 viris
2293 4752 2385 4802 per
2425 4737 2579 4801 signa
2616 4735 2724 4786 Deo
2779 4733 3302 4802 ronvenientisstnia‘
3327 4745 3467 4802 ,__sa-

1893 4809 2003 4860 cris
2031 4798 2377 4872 quibusdam,
2410 4798 2571 4871 atque
2597 4804 2926 4856 intuentium
2954 4803 3226 4872 inodo,_ac
3258 4798 3467 4872 viribus

1892 4867 2340 4936 accotiimodatis,
2363 4867 2663 4927 vision.bus
2681 4876 3037 4940 contigere.)
3069 4867 3468 4940 llabet_siiitili:i

1895 4946 2034 4998 idem
2069 4949 2227 5010 epist.
2263 4947 2328 4997 ad
2358 4945 2546 4998 Caium
2578 4937 2924 4994 illoiiaclitiiii.
2971 4939 3116 5010 Quin
3148 4937 3466 5010 eLMUySCII

1901 5017 2064 5067 Deum
2101 5009 2324 5072 vidisse.
2357 5016 2496 5066 idem
2534 5023 2798 5079 pernegat
2829 5011 2921 5063 lib.
2959 5009 3033 5061 De
3071 5009 3469 5079 iuysticagtltcc-

1895 5086 2056 5153 logia,
2093 5102 2140 5136 c.
2177 5086 2220 5135 l.
2250 5073 2557 5153 Subscriliil
2587 5073 2811 5153 lliuuys.
2846 5079 3045 5132 Justiti.
3092 5073 3144 5129 in
3189 5075 3331 5153 Dial,
3364 5073 3466 5126 fre-

1897 5146 2129 5221 qtienter
2164 5155 2440 5206 alllrinans
2483 5150 2691 5203 Patrem
2727 5146 3103 5204 universorum
3131 5146 3335 5200 nemini
3366 5159 3470 5196 uu-

1899 5240 2058 5293 quam
2092 5225 2284 5276 visum.
2323 5223 2575 5293 lleliquos
2599 5223 2813 5272 omitto.

1973 5293 2194 5361 Ignotus
2245 5287 2658 5346 catena-Deum
2699 5307 2763 5343 ex
2808 5289 3065 5358 Operibus
3113 5287 3255 5361 Siiis__
3276 5293 3468 5339 natura

1905 5356 2156 5417 omnibus
2204 5373 2388 5416 notnnt
2440 5378 2586 5421 esse,
2634 5369 2688 5411 et
2738 5363 2806 5413 ab
2848 5356 3183 5426 imperatore
3227 5356 3473 5408 Romano

1906 5448 2124 5500 sumpto
2156 5433 2403 5499 exemplo
2447 5433 2603 5498 paulo
2653 5441 2772 5495 post
2823 5432 3131 5481 cottlirniat.
3173 5427 3316 5478 ldetn
3349 5434 3472 5492 post

1906 5504 2009 5554 alia
2043 5520 2147 5556 non
2187 5520 2366 5555 nimus
2389 5504 2454 5554 ad
2506 5516 2618 5552 rem
2654 5504 3062 5553 accommodata
3085 5537 3101 5562 ,
3151 5501 3314 5565 paulo
3345 5502 3474 5565 ante

1907 5573 2171 5625 lrenannn
2201 5581 2490 5636 usurparat
2533 5570 2868 5638 Theophilus
2907 5561 3283 5638 AltllOChéllﬂS
3304 5582 3322 5638 ςΔ
3354 5581 3373 5614 1
3405 5561 3476 5616 Ut

1907 5646 2110 5709 anima,
2141 5645 2314 5712 inquit
2335 5635 2404 5707 ",
2441 5642 2493 5695 iu
2538 5635 2774 5694 humatio
2814 5654 3042 5708 corpore
3079 5654 3188 5693 11011
3241 5635 3474 5696 videtur,

295 5850 341 5879 “
370 5847 489 5903 Lib.
520 5849 716 5905 l’msc.
792 5850 835 5880 "
867 5848 985 5904 Lib.
1018 5863 1086 5902 vn
1117 5847 1357 5916 Conlcs.,
1394 5862 1511 5918 eap.
1546 5847 1598 5901 4.
1637 5892 1640 5896 .
1685 5846 1728 5877 "
1759 5844 1821 5899 L.
1859 5845 1923 5900 de
1952 5843 2154 5900 cwlcsti
2183 5841 2348 5906 hicr.,
2396 5857 2516 5915 cap.
2551 5838 2604 5891 2.
2682 5838 2723 5869 ⁵⁷
2757 5836 2874 5891 Lib.
2911 5853 2922 5890 l
2956 5836 3022 5889 ad
3049 5834 3387 5905 Autolycum.
