3906 6366
332 372 469 427 1515

1566 370 1633 424 IN
1676 373 1804 430 LIB.
1847 374 1888 429 II
1928 375 1985 431 S.
2031 372 2309 432 ΙΒΕΝΑΞΙ.

3435 380 3575 435 15η

323 503 379 549 et
410 493 553 561 quod
588 492 701 545 ﬁeri
736 506 838 546 non
890 492 1084 561 possit,
1132 500 1191 563 ut
1236 490 1421 563 omnia
1460 491 1656 563 habeat
1692 492 1890 561 imago.
1922 497 1968 552 Α
1997 507 2309 561 quanquam
2340 493 2433 547 lilii
2469 493 2826 563 vocabantur.
2872 502 3050 546 tamen
3103 501 3357 562 tanquam
3391 499 3567 563 servi;

323 580 443 644 qtae
492 564 867 644 archetypum,
916 573 972 615 et
1024 561 1168 630 quod
1232 562 1686 644 hoinonquidem,
1746 562 1891 616 velut

324 632 523 700 imago,
558 648 625 686 ex
662 632 727 687 iis
763 648 880 702 qure
918 641 1157 693 exstant.
1187 641 1365 697 creet;
1402 632 1544 687 Deus
1573 648 1702 688 vero
1741 642 1794 687 et
1822 649 1891 688 ex

321 705 391 762 iis
429 720 551 775 qua:
581 714 824 769 exstant,
852 714 906 757 et
934 719 1002 758 ex
1040 719 1147 757 non
1178 704 1541 757 exstantibus.
1569 720 1588 754 ι

462 817 845 873 Adnotationes
886 816 984 873 Fr.
1028 815 1376 873 Feuardentii
1416 822 1472 873 in
1503 836 1622 888 cap.
1664 817 1750 877 I2.

389 912 450 965 P.
487 909 1211 967 127.Credenlesautem.llic
1229 909 1617 977 Carpocratem
1651 919 1703 963 et
1725 921 1897 965 seeta-

322 992 471 1038 tores
505 983 809 1051 pnesertim
842 980 1057 1043 refellit,
1082 983 1195 1051 qui,
1222 990 1281 1035 ut
1315 982 1555 1052 signavit
1580 982 1615 1035 Ι.
1648 997 1689 1045 t,
1718 996 1768 1035 c.
1796 981 1891 1047 24,

323 1055 605 1115 mundum,
644 1062 700 1107 et
749 1064 943 1106 cuncta
992 1068 1112 1118 quae
1148 1053 1199 1106 in
1235 1066 1300 1105 eo
1353 1062 1502 1115 sunt,
1562 1052 1628 1105 ab
1680 1054 1893 1121 angelis

321 1123 463 1178 facta
490 1124 766 1177 dicebant.
790 1122 1079 1185 Caeterum,
1106 1122 1319 1192 tametsi
1342 1122 1671 1192 Epiphanius
1698 1131 1891 1176 contra

320 1195 567 1249 haeresim
599 1192 941 1247 Samosateni
967 1194 1272 1259 disputans,
1292 1191 1528 1247 fateatur
1551 1192 1891 1261 Scripturam

321 1280 584 1333 nusquam
627 1272 839 1331 tempus
869 1264 1112 1319 indicare
1152 1279 1262 1331 quo
1304 1263 1471 1318 creati
1518 1264 1629 1316 sint
1676 1264 1890 1332 angeli;

317 1339 541 1389 omnino
580 1346 760 1387 tamen
791 1342 1007 1387 constat
1033 1350 1097 1387 ex
1130 1337 1319 1387 eadem
1358 1344 1573 1387 creatos
1608 1349 1750 1393 esse,
1784 1350 1890 1389 nou

317 1416 629 1467 Creatores;
661 1408 917 1471 quoniam
961 1414 1015 1457 et
1056 1403 1177 1469 Job,
1220 1416 1274 1457 et
1312 1404 1498 1467 David,
1538 1414 1589 1458 et
1616 1405 1749 1457 socii
1787 1404 1891 1457 Da-

324 1476 479 1529 nielis
528 1492 623 1529 eos
680 1476 823 1527 inter
882 1490 967 1529 res
1015 1485 1231 1530 creatas
1281 1482 1697 1536 connumerant.
1731 1485 1786 1529 et
1825 1476 1890 1528 ad

317 1547 704 1599 celebrandum
762 1544 1074 1600 Creatorem
1135 1561 1293 1599 suum
1354 1544 1607 1599 invitant.
1668 1544 1805 1599 Hinc
1839 1554 1893 1600 et

318 1613 631 1671 Lactantius
661 1615 910 1669 scribit"
946 1633 962 1670 :
996 1634 1014 1666 ι
1036 1616 1178 1671 Deus
1210 1615 1410 1669 multos
1449 1614 1638 1682 genuit
1664 1630 1889 1684 operum

317 1702 541 1741 suorum
600 1689 911 1752 ministros,
970 1701 1108 1755 quos
1161 1684 1334 1741 (ἂι-ξιξ(τί
1388 1684 1654 1753 ἀγγέλους
1716 1686 1891 1740 nomi-

318 1767 468 1818 naut,
497 1776 515 1809 ι
549 1768 656 1811 etc.
677 1755 939 1811 Albanas.
970 1772 1139 1811 serm.
1168 1757 1202 1810 5
1231 1766 1417 1810 contra
1446 1757 1681 1811 Ariauos
1706 1755 1774 1811 de
1806 1757 1892 1813 liis

316 1842 535 1895 quoque
563 1827 806 1881 disserit.

397 1896 730 1951 Volutantes.
784 1895 1093 1952 Delevimus
1127 1914 1144 1946 ι
1173 1895 1468 1949 voluntatis
1490 1915 1535 1955 ,ι
1567 1908 1713 1955 auct.
1770 1908 1879 1954 vet.

312 1968 586 2028 cod..etsi
618 1968 695 2021 sic
728 1983 849 2022 cum
873 1968 1089 2021 excusis
1120 1966 1316 2019 habeat
1344 1968 1515 2021 codex
1559 1966 1878 2025 Vaticanus.

387 2036 603 2093 Similes
632 2036 823 2106 Αἰδορὶ
859 2040 998 2091 cani.
1055 2036 1168 2109 Iloc
1210 2037 1425 2109 eodcm_
1446 2039 1672 2109 apologo
1711 2041 1883 2094 utitur

314 2108 649 2181 Epiphanius
679 2117 871 2181 contra
896 2108 1272 2181 Cerdonianos
1297 2122 1313 2181 :_
1343 2125 1360 2157 ι
1386 2106 1653 2181 Contigit,
1683 2111 1879 2181 inquit,

316 2177 606 2233 bis'canis
659 2179 1026 2247 proverbium,
1067 2178 1157 2246 qui
1208 2177 1412 2230 umbrae
1454 2177 1718 2246 intentus,
1755 2177 1879 2237 'uoa

312 2249 746 2317 continuitquod
774 2248 1006 2303 habebat
1032 2247 1218 2309 inore,
1251 2256 1305 2301 et
1331 2248 1382 2301 in
1415 2261 1609 2319 aquam
1641 2251 1881 2316 intuens,

310 2328 369 2373 et
402 2320 662 2389 majorem
699 2320 951 2389 umbraut
998 2334 1151 2387 aquae
1184 2332 1305 2371 esse
1345 2328 1564 2384 putans,
1613 2336 1772 2389 quam
1803 2323 1883 2375 ci-

314 2391 464 2454 bum,
494 2388 660 2459 quem
713 2390 765 2442 in
793 2404 888 2442 ore
932 2388 1165 2452 ferebat,
1202 2398 1390 2459 aperto
1417 2404 1511 2444 ore
1538 2388 1704 2445 etiam
1736 2409 1880 2458 eum,

310 2474 471 2529 quem
508 2458 762 2523 habebat,
798 2459 999 2513 amisit.
1018 2459 1110 2513 Sic
1136 2470 1191 2513 et
1222 2458 1298 2517 hi.
1327 2473 1451 2513 cum
1489 2460 1632 2514 viain
1662 2476 1881 2530 repere-

313 2530 443 2591 rint.
472 2539 527 2584 et
554 2532 799 2584 umbram
835 2530 1050 2599 assequi
1077 2530 1243 2583 velint
1269 2530 1320 2582 in
1347 2530 1660 2597 susioicione
1689 2548 1880 2586 eorum

310 2603 585 2666 obortam,
618 2601 790 2654 solum
829 2603 1032 2663 cibum,
1068 2600 1157 2667 qui
1190 2600 1242 2653 in
1289 2614 1385 2652 ore
1421 2600 1678 2668 ipsorum.
1715 2613 1775 2655 ut
1805 2602 1878 2656 ita

310 2672 512 2730 dicam.
544 2682 660 2725 erat
691 2686 755 2725 ex
792 2670 899 2724 Deo
933 2672 1183 2731 donatus,
1218 2671 1517 2724 amiserunt
1548 2690 1560 2726 ε
1592 2672 1685 2725 sed
1715 2674 1880 2726 etiam

311 2742 607 2809 perniciem
659 2742 764 2795 sibi
819 2741 953 2809 ipsis
1003 2750 1366 2793 attraxeruut.
1396 2758 1416 2792 ι
1467 2740 1578 2795 Nos
1620 2744 1882 2796 adversus

313 2812 471 2879 hujus
502 2812 762 2881 temporis
783 2809 1091 2877 Guosticos,
1127 2809 1216 2864 illo
1239 2812 1401 2865 etiam
1430 2812 1505 2865 uti
1527 2812 1650 2881 jure
1677 2814 1881 2881 optimo

314 2894 629 2949 possumus,
676 2883 766 2950 qui
811 2883 1020 2935 umbris
1070 2890 1123 2933 et
1172 2881 1520 2952 metonymiis
1572 2882 1881 2946 inhiantes,

314 2952 427 3021 veri
475 2954 720 3021 corporis
771 2952 973 3006 Christi
1023 2968 1122 3005 usn
1179 2951 1456 3005 excidunt.
1512 2952 1621 3008 Nec
1671 2953 1872 3019 injuria

310 3017 590 3076 Lnllterus
618 3026 684 3077 tle
718 3022 1025 3091 ltujttsmodi
1076 3021 1538 3078 Sacratnentat‘iis
1570 3017 1879 3091 scripéit“:

316 3109 337 3143 ε
365 3090 598 3148 Satanas
627 3092 682 3147 in
716 3090 915 3147 mundo
958 3094 1097 3146 haud
1130 3092 1296 3147 dubie
1327 3103 1520 3147 auctor
1562 3103 1644 3147 est
1670 3090 1752 3148 eis
1782 3095 1883 3148 hu-

304 3161 400 3229 jus
440 3165 768 3218 sacramenti
818 3163 1161 3218 eucharistia:
1216 3162 1578 3217 labefactandi
1623 3178 1688 3219 ac
1721 3179 1881 3219 ever-

314 3235 497 3305 tendi;
531 3236 863 3290 contendens
895 3233 1072 3305 plane,
1101 3243 1265 3305 epoto
1291 3234 1606 3305 ovo,guobis
1670 3244 1880 3289 tantum
1916 3243 1961 3305 ο

314 3304 623 3373 relinquere
652 3301 949 3372 putamina.
971 3301 1086 3357 Hoc
1106 3301 1211 3367 est,
1233 3303 1433 3357 Christi
1466 3320 1665 3372 corpus
1682 3315 1735 3359 et
1762 3320 1857 3359 san
1873 3333 1889 3345 -

311 3376 532 3445 guinem
552 3390 587 3428 e
600 3391 734 3442 pane
748 3386 803 3429 et
820 3376 943 3427 vino
974 3375 1243 3437 tollere,nt
1258 3385 1452 3445 prater
1467 3375 1771 3440 simplicem
1790 3392 1888 3444 pa-

313 3444 440 3499 ac...
475 3463 503 3499 a
526 3448 729 3514 pistore
750 3445 1081 3508 confectum,
1104 3445 1236 3498 nihil
1257 3444 1522 3512 reliquum
1544 3457 1839 3498 remaneat.
1865 3465 1883 3497 ι

387 3514 489 3570 Sed
520 3517 788 3580 quoniam.
817 3515 1151 3584 Principium
1187 3524 1271 3568 est
1296 3529 1415 3583 cup.
1454 3514 1518 3568 12
1547 3517 1599 3569 in
1632 3526 1735 3569 vel.
1764 3520 1886 3570 cod.

313 3601 440 3642 cum
471 3594 790 3655 argumento
825 3586 1021 3642 ibidem
1054 3587 1290 3654 signato.

390 3656 460 3711 Ut
492 3657 829 3711 calumniosi.
862 3655 1020 3709 Prius
1044 3670 1164 3708 erat
1189 3674 1208 3705 ι
1231 3666 1283 3709 et
1307 3655 1656 3710 calumniosi.
1686 3675 1703 3707 ι
1744 3655 1889 3711 Vati-

312 3743 486 3783 Cunus
533 3728 705 3782 codex
734 3741 750 3779 :
778 3746 798 3781 ι
823 3739 877 3780 et
932 3734 1290 3796 quaesttonetu
1336 3727 1656 3795 inferentes,
1679 3746 1698 3779 ι
1755 3744 1886 3793 etc.,

314 3799 475 3869 paulo
501 3808 620 3868 post
649 3797 798 3866 legit.

386 3866 527 3923 Bene
552 3870 663 3921 lucc
689 3868 937 3922 arbitrati
967 3882 1171 3920 sumus.
1199 3866 1417 3920 Duobus
1439 3878 1887 3935 argumentorum

316 3941 607 4009 generibus
635 3938 753 3993 illos
785 3953 978 4009 urgere
1008 3937 1295 3992 constituit
1322 3938 1571 4009 :priore,
1602 3938 1809 4009 crebris
1834 3947 1891 3991 et

315 4008 494 4065 acutis
540 4010 607 4063 de
653 4008 869 4063 ratione
911 4010 1291 4077 ligmentorutu
1339 4008 1887 4075 ititerrogatimiibus,

315 4096 454 4149 quas
486 4095 609 4134 enm
640 4094 744 4133 non
776 4083 1052 4149 potuerint
1084 4078 1316 4139 solvere,
1350 4078 1416 4130 ad
1453 4089 1652 4131 metam
1703 4081 1889 4130 redaro

316 4152 560 4221 gutionis
589 4161 887 4219 cogantur;
921 4150 1062 4219 quod
1104 4149 1322 4218 egregie
1349 4157 1569 4215 przestat
1599 4150 1884 4214 sequenti-

321 4228 440 4286 bus,
461 4236 630 4289 usque
656 4223 724 4273 ad
747 4222 816 4274 56
837 4222 1137 4290 capitibus;
1165 4228 1489 4289 posteriore,
1523 4221 1890 4290 apertissimis

319 4292 756 4359 ﬁnitissimistu
809 4289 1224 4361 Scripturarunt
1278 4290 1624 4350 testimoniis,
1688 4289 1887 4356 quibus

317 4373 502 4432 postea
537 4371 761 4432 pugnat.

355 4428 633 4487 Exloaa.
662 4428 796 4486 Ern.
825 4429 1011 4485 Grabii
1042 4430 1473 4484 adnotationibus
1518 4430 1572 4481 in
1609 4444 1724 4495 cap.
1756 4428 1845 4485 12.

392 4506 521 4574 Pag.
558 4502 681 4558 127.
718 4502 965 4556 Ducentis
995 4514 1191 4574 autem,
1222 4511 1269 4554 et
1300 4516 1393 4568 per
1427 4517 1486 4574 se
1524 4499 1883 4574 attribuentts.

319 4571 570 4630 Christus
596 4582 653 4627 et
690 4578 854 4627 verbo
876 4573 1081 4636 docuit,
1104 4582 1160 4625 et
1184 4585 1278 4640 per
1308 4571 1497 4640 merita
1521 4585 1617 4623 sua
1649 4588 1667 4620 ι
1695 4573 1885 4624 tribuit

322 4646 480 4701 nobis
516 4654 839 4713 potestatem
878 4643 1014 4697 lilios
1051 4643 1143 4696 Dei
1188 4639 1385 4713 lieri",
1419 4660 1436 4691 ι
1472 4655 1592 4713 qua:
1624 4640 1676 4693 in
1712 4641 1881 4695 veteri

323 4711 655 4771 testamento
698 4730 795 4769 nec
828 4715 900 4767 ita
931 4714 1076 4767 clare
1109 4712 1367 4773 revelata,
1420 4727 1517 4764 nec
1551 4711 1652 4763 isto
1696 4713 1881 4776 modo,

322 4788 503 4851 quoin
538 4802 677 4840 novo
709 4786 935 4848 fmdem,
954 4784 1199 4837 ﬁdelibus
1226 4784 1351 4836 data
1377 4791 1517 4837 erat.
1543 4778 1714 4835 ,Ιυάιεί
1739 4784 1886 4836 enim

323 4857 417 4913 lilii
452 4857 547 4911 Dei
578 4856 1076 4923 dieebantur,quod
1099 4868 1129 4906 a
1148 4853 1254 4906 Deo
1272 4852 1444 4908 creati
1471 4859 1679 4912 essent,
1712 4853 1886 4920 quod-

322 4944 428 4997 que
484 4927 749 4995 Spiritum
803 4928 892 4981 Dei
949 4925 1308 4997 accepissent,
1358 4924 1453 4997 sed
1508 4924 1793 4997 servitutis
1828 4933 1883 4976 et

326 4992 569 5061 timoris;
632 5014 730 5052 nos
764 5013 891 5053 vero
932 4992 1199 5049 libertatis
1246 5005 1302 5048 et
1352 4992 1681 5047 dilectionis.
1729 4992 1881 5048 Unde

322 5070 558 5124 Joannes
587 5068 1006 5139 Chrysostontus
1040 5065 1329 5139 bomil._11
1361 5064 1412 5139 in
1442 5062 1627 5139 Epist.
1661 5065 1729 5119 ad
1776 5065 1887 5139 lio-

326 5155 519 5194 manos
560 5155 682 5207 cap.
702 5133 842 5205 'vttt,
874 5140 1227 5192 considerans
1253 5136 1358 5190 ista
1387 5133 1631 5207 Apostoli
1671 5137 1839 5189 verba
1870 5153 1883 5207 ξ

328 5231 347 5262 ι
374 5210 491 5264 Non
522 5204 663 5264 enim
696 5204 985 5280 accepistis
1018 5208 1265 5280 spiritum
1295 5206 1570 5280 servitutis
1598 5204 1793 5280 iterum
1821 5206 1888 5258 ad

326 5282 598 5340 timorem,
625 5283 718 5335 sed
743 5276 1034 5347 accepistis
1052 5276 1315 5347 ’spiritum
1346 5276 1668 5343 adoptionis,
1692 5294 1710 5326 ι
1744 5292 1891 5328 coni-

324 5358 615 5422 paratjoue
654 5355 797 5405 inter
846 5349 1063 5405 Iudaeos
1100 5346 1167 5422 et
1216 5346 1886 5422 Christianos_instituta,

322 5430 466 5478 inter
500 5422 604 5476 alia
660 5424 775 5475 ait:
816 5422 1041 5475 Ἐκεῖνοι

320 5493 435 5548 ἀλλ’
465 5493 542 5557 ὡς
572 5491 763 5565 easta:
791 5495 949 5565 ἡμεῖς
983 5490 1040 5565 δὲ
1076 5486 1150 5565 ᾡς
1182 5487 1450 5565 ὲᾏεύθξροι
1473 5487 1762 5565 γενόμενος.
1796 5486 1894 5558 τὴν

323 5565 593 5620 υἱοθεσίαν
627 5557 912 5635 ὲλάὸοιὶὲν,
948 5564 1042 5616 καὶ
1066 5561 1154 5614 τὸν
1186 5557 1412 5631 οὐρανδν
1461 5557 1895 5681 ἀναμένοέιεν....

323 5638 567 5681 κάκεῖνοι
599 5636 749 5681 ωόὸω
792 5634 1059 5681 amunia:
1098 5632 1273 5681 πάντα
1313 5630 1578 5681 ἔπραττον
1621 5631 1692 5681 ἀγ
1729 5647 1895 5681 μενοι.

322 5638 567 5692 κάκεῖνοι
599 5636 749 5705 φόϐῳ
792 5630 1059 5705 ὲιμωρίας
1098 5630 1273 5705 πάντᾲ
1313 5630 1898 5705 ἕπραττογῃᾲγόμενοι,

323 5711 375 5763 ot
408 5708 466 5762 δὲ
512 5701 830 5777 ave-spatio;
853 5701 863 5704 ⁷
883 5701 1147 5773 ὲτὲιϐυμίᾳ
1174 5703 1271 5755 καὶ
1300 5701 1471 5772 πόθῳ.
1517 5720 1535 5751 ‹
1566 5701 1645 5755 llli
1679 5704 1901 5769 quidem

2007 560 2105 616 nos
2134 560 2312 619 autem
2345 575 2402 617 ut
2432 563 2585 617 liberi
2616 560 2744 617 facti
2780 566 3123 632 adoptionem
3156 560 3489 631 arcep'mus,
3514 560 3572 622 et

2005 634 2201 687 caelum
2233 645 2706 703 exspectamus...
2758 632 2834 686 Illi
2876 651 3047 703 ραηιπε
3090 634 3381 690 formidine
3422 639 3567 691 ducti

2003 706 2185 756 omnia
2235 702 2489 774 agebant,
2546 705 2596 757 hi
2649 702 2887 773 Spiritus
2940 705 3209 759 desiderio
3234 716 3287 759 et
3316 721 3563 762 amore»

2004 775 2161 847 Atqui
2190 775 2503 847 ionmisqui
2532 791 2634 827 non
2668 776 2898 844 amplius
2927 781 3029 830 sub
3060 777 3253 847 timore
3282 776 3575 847 pgedagnao

2003 843 2174 913 degit,
2208 847 2301 899 sed
2350 843 2600 900 virtutem
2644 843 2865 915 propter
2895 849 3065 913 ipsam
3097 843 3456 915 eligitalllins
3478 847 3570 901 Dei
3624 905 3629 910 _

2003 924 2105 977 est,
2136 935 2152 966 ι
2193 926 2249 969 ιιι
2277 915 2534 983 Origenes
2563 914 2755 969 scribit
2797 916 2889 970 lib.
2923 932 2937 969 ι
2972 914 3431 974 ϐυηιτατζειευηι.
3466 914 3572 972 Sed

2003 984 2068 1038 de
2097 986 2181 1039 his
2207 987 2473 1054 prolixius
2505 987 2718 1041 dicendi
2754 984 2841 1041 hic
2872 1002 2975 1040 nou
3007 997 3093 1040 est
3140 986 3312 1040 locus.

2163 1079 2540 1149 Adnotationes
2572 1078 2669 1136 Fr.
2703 1078 3045 1133 Feuardentii
3080 1081 3133 1133 in
3162 1096 3280 1149 cap.
3325 1079 3413 1135 13.

2071 1147 2204 1218 Pag.
2240 1150 2361 1202 128.
2395 1148 2576 1203 Primo
2612 1152 2848 1219 quidem.
2877 1150 3165 1205 Consentit
3206 1147 3332 1205 eod.
3366 1162 3472 1203 vet.
3517 1151 3570 1205 in

1999 1231 2229 1272 numero
2259 1221 2453 1289 capitis
2486 1222 2644 1287 hujus
2672 1230 2729 1275 ct
2767 1231 3107 1290 argumento.
3154 1220 3349 1286 Porro,
3387 1232 3573 1275 osten-

1999 1290 2077 1341 dit
2110 1290 2327 1355 triginta
2359 1305 2530 1345 annos
2555 1293 2738 1346 :etatis
2768 1290 2977 1343 Domini
3010 1291 3157 1343 nullo
3191 1296 3351 1345 modo
3384 1301 3571 1358 patro-

2000 1358 2169 1430 cinari
2199 1360 2400 1413 lictioni
2430 1361 2643 1414 illorqu
2672 1365 2737 1414 de
2762 1361 3123 1423 triacontade,
3156 1362 3205 1414 id
3236 1371 3321 1416 est
3354 1362 3571 1430 triginta

1999 1429 2286 1493 Eonibus,
2322 1447 2483 1498 quam
2512 1431 2802 1499 descripsit
2829 1430 2921 1485 lib.
2983 1446 3022 1494 ι,
3054 1445 3177 1497 cap.
3208 1433 3231 1485 1
3262 1444 3315 1487 et
3345 1429 3440 1485 I4.
3468 1434 3571 1486 Sn-

2000 1501 2369 1568 perstitiosam
2430 1504 2571 1555 hanc
2629 1515 2978 1555 numerorum
3028 1502 3472 1569 applicationem,
3503 1517 3567 1555 ex

2001 1570 2372 1639 Pythagoricis
2405 1581 2741 1640 excerptam,
2772 1571 2937 1623 tradit
2967 1570 3105 1623 infra
3149 1588 3271 1638 cap.
3321 1572 3404 1626 19.
3436 1570 3575 1624 Ter-

2001 1640 2260 1694 tullianus
2305 1642 2407 1695 ista
2456 1642 2812 1694 deliramenta
2852 1643 2921 1693 ita
2958 1658 3054 1694 suo
3089 1657 3241 1694 more
3272 1643 3466 1695 irridet
3485 1642 3568 1696 "z

2005 1728 2025 1761 ι
2061 1710 2171 1763 Hoc
2196 1711 2300 1763 erit
2331 1710 2581 1765 Pleroma
2621 1712 2747 1764 illml
2776 1710 3041 1775 .JEonum,
3074 1712 3374 1766 divinitatis
3407 1715 3574 1767 trice-

2000 1782 2168 1833 narize
2199 1781 2495 1849 plenitudo.
2544 1782 2761 1836 Interim
2807 1784 2857 1834 in
2916 1784 3210 1835 tricenario
3255 1782 3565 1838 fecunditas

1920 1862 1963 1916 Β
2000 1860 2112 1904 tota
2144 1851 2358 1914 deficit;
2388 1862 2625 1907 castrata
2656 1862 2737 1906 est
2769 1854 2872 1917 vis,
2903 1863 2955 1906 et
2999 1862 3266 1920 potestas,
3300 1863 3357 1907 et
3398 1853 3567 1906 libido

1991 1921 2249 1989 genitalis
2293 1921 2555 1986 Bonum,
2586 1924 2741 1990 quasi
2792 1938 2897 1975 non
2937 1933 2993 1976 et
3026 1938 3373 1976 innuerorum
3419 1931 3570 1976 tanta

1990 1992 2168 2073 adhuc
2201 1994 2430 2074 coagula
2454 2004 2835 2074 superessent,
2864 2002 2918 2045 et
2952 1992 3096 2045 nulla
3143 1993 3247 2073 alia
3282 1995 3361 2074 de.
3387 1995 3569 2062 pznda-

1990 2063 2151 2130 gogio
2182 2063 2425 2118 nom'ina.
2450 2064 2630 2134 Quare
2660 2063 2803 2116 enim
2835 2079 2943 2116 non
2978 2074 3032 2116 et
3068 2064 3488 2134 quinquaginta,
3516 2073 3572 2118 et

1988 2143 2207 2187 Centum
2238 2133 2631 2196 procreantur?
2660 2152 2678 2183 ι
2722 2143 2830 2187 etc.

2064 2200 2303 2271 Triginta
2328 2219 2606 2256 annorum.
2642 2202 2753 2256 Iloc
2783 2210 3157 2271 argumentum
3182 2199 3566 2257 Gnostieornm

1992 2272 2063 2326 ita
2092 2274 2352 2344 convellit
2391 2272 2629 2344 Cyrillus
2664 2272 3055 2344 Jerosolytu.“
3095 2290 3109 2326 :
3139 2273 3367 2341 «Aspice
3403 2290 3571 2342 nugas

1989 2355 2039 2397 et
2070 2343 2264 2396 deliria
2295 2342 2751 2398 commentornm.
2790 2342 2943 2398 Unda
2991 2343 3162 2396 habes
3190 2345 3571 2410 probationem

1993 2414 2208 2481 triginta
2270 2414 2625 2468 seculorum?
2650 2415 2807 2477 Cum,
2834 2414 3007 2482 inquit
3040 2411 3278 2475 Valent.,
3308 2415 3574 2483 scriptum

1993 2487 2099 2546 sit,
2180 2486 2323 2552 quod
2382 2483 2539 2538 Jesus
2593 2486 2898 2553 baptizatus
2952 2484 3024 2537 sit
3081 2494 3335 2552 tanquam
3412 2499 3577 2539 anuo-

1994 2569 2114 2606 runt
2150 2556 2397 2623 triginta.
2432 2554 2497 2607 Et
2519 2557 2695 2622 qualis
2718 2564 2803 2609 est
2826 2554 2940 2606 haec
2962 2554 3400 2607 demonstratio?
3425 2553 3572 2606 Nun-

1990 2625 2117 2692 quid
2157 2627 2343 2693 igitnr,
2382 2628 2505 2693 quia
2540 2626 2782 2694 quinque
2818 2638 2986 2694 panes
3017 2624 3201 2677 divisit
3245 2627 3295 2677 in
3328 2626 3573 2694 quinque

1992 2695 2184 2755 ntillia,
2240 2697 2479 2763 quinque
2527 2706 2652 2750 sunt
2696 2695 2807 2748 dii?
2857 2695 2993 2759 Quia
3050 2695 3334 2749 duodecim
3384 2696 3574 2750 habuit

1990 2764 2303 2833 discipulos,
2348 2765 2633 2819 duodecim
2668 2766 2865 2819 debent
2910 2780 3030 2818 esse
3065 2765 3208 2819 dit?»
3249 2776 3355 2819 ctc.

2130 2857 2508 2911 Adnotationes
2549 2854 2647 2912 Fr.
2688 2855 3037 2912 Feuardentii
3081 2858 3138 2909 in
3177 2874 3295 2924 cap.
3334 2856 3424 2911 14.

2060 2924 2191 2995 Pag.
2212 2926 2337 2980 128.
2352 2927 2611 2992 Quoniam
2630 2930 2789 2984 enim.
2813 2929 2923 2982 Hoc
2941 2937 2993 2983 et
3011 2929 3258 2996 proximo
3272 2930 3448 2997 capite
3472 2929 3577 2982 di»-

1990 2998 2151 3051 solvit
2166 2997 2380 3051 fabulas
2397 3001 2462 3051 de
2485 3000 2848 3062 triacontade,
2868 2997 3369 3066 conjngationibus,
3392 3010 3447 3054 et
3469 3001 3573 3052 διι-

1990 3069 2140 3137 phia,
2170 3082 2305 3140 quas
2333 3067 2472 3121 libro
2502 3084 2542 3134 ι,
2571 3071 2738 3137 capit.
2772 3070 2825 3134 1,
2860 3070 3211 3123 recitaverat.
3257 3068 3482 3140 Insuper
3511 3082 3565 3121 et

1992 3153 2161 3208 nugas
2178 3148 2243 3190 de
2262 3138 2499 3201 Eunus-te,
2518 3140 2633 3193 sive
2657 3140 2814 3208 Siges
2836 3140 3162 3203 emissione;
3185 3138 3325 3206 quod
3351 3138 3576 3208 perinde

1994 3208 2328 3277 impossibile
2384 3209 2460 3261 sit
2491 3209 2888 3280 Cogitatiouem
2934 3219 2987 3262 et
3038 3210 3326 3264 Silentium
3369 3225 3466 3280 per
3516 3228 3573 3262 se

1991 3279 2312 3342 consistere,
2364 3292 2525 3348 atque
2579 3279 2696 3337 sine
2751 3281 3161 3336 hutuectatione
3215 3279 3436 3349 aquam,
3474 3291 3573 3334 aut

1992 3350 2191 3402 duritia
2226 3349 2479 3415 lapidein.

2068 3418 2179 3471 lloc
2218 3429 2393 3493 autem
2447 3437 2550 3493 non
2602 3432 2929 3493 enumerata.
2985 3420 3202 3491 Sophia:
3253 3422 3571 3493 vigesimum

1992 3488 2171 3544 locum
2204 3490 2451 3543 tribuunt
2499 3491 2551 3543 in
2590 3506 2653 3545 ea
2697 3490 2936 3547 [Eanum
2982 3488 3422 3553 enumeratione,
3452 3507 3573 3560 qua».

1990 3561 2167 3629 capite
2197 3560 2221 3613 1
2248 3560 2628 3613 adumbratur.
2663 3560 2857 3616 Postea
2891 3562 3081 3617 dicunt
3119 3576 3240 3617 eam
3285 3564 3571 3617 aberrasse

1992 3632 2059 3683 ab
2097 3631 2185 3703 illa
2219 3629 2578 3695 Plenitndme,
2608 3647 2730 3703 quae
2756 3632 3002 3687 Pleroma
3033 3640 3293 3695 vocatur;
3336 3642 3427 3687 aut
3466 3634 3567 3703 igi~

1991 3709 2081 3753 tur
2131 3702 2513 3769 incompletum
2566 3711 2650 3755 est
2701 3702 2948 3758 Pleronta
3009 3704 3416 3767 tricenarium,
3479 3712 3573 3755 aut

1992 3769 2190 3827 Sophia
2221 3787 2325 3825 non
2360 3772 2657 3827 aberravit.

2062 3798 2065 3813 ι
2106 3789 2190 3824 Illa
2221 3789 2325 3825 IlOlI
2360 3789 2657 3827 aucrravn.

2062 3789 2163 3895 get!
2204 3842 2389 3909 viginti
2437 3852 2484 3894 et
2537 3858 2739 3897 novem.
2783 3841 3013 3897 Codices
3054 3841 3238 3895 excusi
3302 3841 3574 3897 habebant

1994 3913 2215 3982 «viginti
2242 3923 2297 3964 et
2326 3922 2503 3966 octo.»

2061 3980 2127 4035 Et
2150 3998 2254 4047 qua
2296 3998 2505 4036 rursum
2535 3981 2661 4035 Nan
2692 3990 2740 4036 et
2783 3982 3070 4035 Alethium.
3110 4000 3129 4033 ς
3164 3980 3285 4037 Nun
3316 4001 3334 4034 ι
3376 3992 3566 4038 nostro

1984 4054 2194 4120 judicio
2228 4050 2533 4120 adjicintus,
2583 4054 3023 4120 quandoquidem
3068 4054 3146 4107 sic
3193 4053 3447 4109 conIeCta
3486 4064 3572 4109 est

1991 4124 2058 4175 ab
2086 4122 2190 4176 illis
2218 4126 2455 4177 secunda
2483 4122 2840 4193 coniugatio;
2882 4134 2942 4181 et
2975 4125 3138 4192 paulo
3167 4137 3288 4193 post
3332 4126 3573 4180 [remeas

1991 4202 2285 4265 utrumque
2313 4194 2549 4263 copulat.
2585 4195 2734 4247 Hanc
2768 4205 2947 4265 autem
2978 4195 3331 4249 emissionem
3371 4194 3570 4265 probat

1990 4262 2396 4331 impossibilem,
2451 4280 2518 4319 ex
2568 4282 2632 4319 eo
2684 4268 2830 4333 quod
2882 4264 3063 4334 Siges,
3115 4265 3164 4318 id
3196 4273 3279 4319 est
3329 4262 3569 4328 Silentii,

1990 4333 2134 4386 nulla
2167 4334 2238 4387 sit
2267 4335 2437 4401 actio;
2472 4336 2670 4389 tuentis
2702 4347 2884 4388 autem
2921 4333 3270 4403 operationes
3319 4335 3432 4388 sint
3460 4336 3560 4387 im-

1991 4414 2296 4459 maneules.
2339 4404 2505 4458 Paulo
2552 4415 2671 4474 post
2719 4407 2967 4475 legimus,
3022 4408 3132 4458 tab
3176 4406 3350 4472 unita,
3380 4422 3399 4456 ι
3450 4419 3570 4474 pro,

1994 4491 2013 4525 ι
2042 4476 2282 4539 adunita,
2306 4494 2324 4526 ι
2364 4480 2691 4529 auctoritate
2724 4486 2897 4529 veter.
2928 4476 3107 4530 codic.

2066 4542 2317 4612 Utrisque
2339 4547 2661 4601 exorbitant.
2706 4545 3014 4601 Delevimus
3049 4565 3066 4596 ‹
3091 4546 3378 4616 utriusque
3404 4559 3573 4600 exor-

1917 4586 1961 4642 D
1992 4613 2039 4667 ι).
2067 4586 2239 4612 vn"...

2029 4626 2183 4669 llettt.
2220 4639 2239 4668 ι

2062 4686 2174 4738 Hoc
2230 4698 2406 4741 autem
2457 4690 2534 4742 sic
2586 4704 2642 4743 se
2684 4687 2931 4741 habente.
2988 4685 3189 4741 Probat
3238 4686 3567 4741 emissiones

1988 4757 2222 4814 Aiouum
2248 4759 2571 4814 indiscretus
2591 4774 2733 4820 esse,
2752 4755 3195 4827 quandoquidem
3213 4757 3346 4812 duos
3362 4756 3567 4813 IEones

1987 4830 2090 4883 sibi
2121 4839 2380 4897 perpetuo
2404 4828 2675 4882 alIirment
2704 4831 3003 4882 cohaerere.

2062 4898 2127 4950 Et
2162 4914 2281 4952 cum
2312 4899 2422 4953 haec
2453 4901 2723 4952 dicantur.
2762 4898 2972 4967 Capitis
3018 4896 3212 4953 decimi
3241 4898 3430 4964 quarti
3464 4896 3573 4950 ini-

1993 4970 2124 5024 tium
2164 4982 2249 5022 est
2288 4971 2337 5023 in
2388 4972 2557 5024 veteri
2606 4970 2796 5024 codice
2830 4983 2955 5021 cum
3004 4968 3302 5039 epigraphe
3328 4967 3417 5034 ea,
3449 4982 3571 5036 quae

1992 5042 2150 5110 paulo
2187 5050 2315 5094 ante
2342 5041 2594 5103 habetur,
2624 5048 2679 5094 et
2712 5039 2991 5108 aliquanto
3017 5054 3138 5094 meo
3166 5039 3378 5107 judicio
3409 5053 3569 5093 cont-

1988 5111 2223 5165 modius.

2147 5201 2529 5256 Adnotationes
2560 5202 2657 5259 Fr.
2685 5200 3038 5256 Feuardentii
3070 5204 3126 5255 in
3156 5217 3279 5271 cap.
3316 5199 3406 5257 15.

2059 5272 2188 5343 Pag.
2215 5272 2339 5327 128.
2362 5271 2715 5343 Deipauione
2742 5276 2903 5343 enim.
2926 5272 3126 5327 Probat
3148 5271 3572 5343 conjugationes

1988 5344 2112 5400 illas
2147 5341 2369 5412 triginta
2402 5342 2639 5398 (Bonum
2670 5341 2971 5411 disjunctas
3012 5358 3116 5395 non
3149 5356 3292 5406 esse,
3321 5341 3453 5412 quia
3484 5358 3571 5397 suo

1133 5419 1190 5472 ὲν
1225 5419 1273 5470 εἰ
1308 5417 1402 5470 καὶ
1435 5416 1541 5469 υἱοὶ
1578 5414 1885 5479 ἐκαλοῦντο,

2012 5415 2136 5483 ungi
2164 5411 2268 5469 non
2296 5424 2475 5482 potest
2502 5415 2773 5485 Cogitatio
2806 5432 2833 5465 a
2858 5412 3178 5485 Propatore,
3215 5427 3315 5465 nec
3352 5411 3505 5485 Mens
3539 5432 3570 5465 a

1999 5482 2261 5551 Veritate,
2284 5500 2381 5538 nec
2405 5482 2637 5539 Verbum
2653 5500 2682 5538 a
2705 5482 3237 5553 Vita.Priinigeniam
3264 5484 3573 5537 octonatio-

1998 5565 2203 5621 nem,et
2218 5555 3060 5621 duodecadem,ettriacontadem
3079 5568 3264 5625 rursus
3276 5564 3572 5625 expugnat.

2074 5628 2275 5681 Iterum
2320 5627 2597 5695 reliquam.
2645 5625 3044 5696 Expunximus
3078 5643 3095 5677 ι
3122 5624 3517 5696 derelinquam.
3547 5642 3568 5696 ξ

2073 5694 2529 5765 Quemadmodum
2569 5694 2806 5766 galliam.
2843 5695 3211 5757 Tertullianus
3263 5694 3575 5749 istiusmodi

386 5847 430 5879 "
464 5848 611 5907 Libr.
660 5865 722 5913 ιι,
759 5862 881 5916 cap.
909 5849 960 5904 9.
1040 5846 1086 5880 "
1122 5847 1291 5902 Tmno
1318 5844 1427 5914 VII,
1459 5861 1623 5903 serm.
1653 5846 1719 5902 de
1741 5845 1969 5900 euchar.
2027 5841 2073 5874 ”
2102 5840 2261 5896 Joan.
2293 5838 2447 5909 t,.12.
2506 5838 2552 5871 ”
2589 5835 2711 5895 Lib.
2729 5848 2880 5894 cont.
2905 5835 3121 5893 Valeat.
3197 5835 3486 5890 "Catech.
3514 5833 3573 5889 6.

650 5943 923 6003 Paraoc.
964 5940 1083 6002 Ca.
1125 5939 1263 6003 γιι.

3178 5930 3255 5989 49
