3906 6366
296 388 437 446 1565

1570 387 1636 443 lN
1671 388 1797 443 LIB.
1840 385 1883 441 ll
1922 386 1978 445 S.
2018 389 2297 448 ΙῐὶΕΝᾸΞΙ.

3395 392 3532 449 1566

365 504 497 558 Cum
532 503 804 577 ex'eadem
830 508 1144 577 substantia.
1174 505 1418 577 Animam
1469 505 1706 574 ejusdem
1738 520 1857 559 esse
1886 508 1930 563 A
2033 506 2147 560 Nec
2187 507 2324 560 enim
2370 516 2594 575 oportet.
2643 506 2873 575 Elegans
2934 506 3100 577 plane
3156 508 3531 575 proverbium,

290 575 611 631 substantia!
643 593 765 630 cum
821 576 928 632 Deo
984 579 1164 631 rutundi
1225 576 1570 639 fabricatore,
1631 577 1854 631 haeresis

291 646 398 700 fuit
424 646 866 711 Manichaeorum,
898 658 950 701 et
987 647 1549 708 Priscillianistarum,
1597 657 1655 699 ιιι
1698 647 1852 700 colli-

292 716 441 780 gitur
504 730 568 769 ex
645 719 1109 772 anatliematismis
1175 718 1389 772 concilii
1463 715 1851 782 Bracarensis;

288 799 453 855 quam
484 802 549 840 ex
578 786 957 843 Gnosticorum
988 787 1213 841 istorum
1257 787 1468 840 sentina
1520 787 1668 840 vides
1721 786 1855 839 hau-

291 868 433 909 stam
465 856 649 910 fuisse.
687 856 833 911 [.icet
863 857 1004 911 enim
1033 857 1488 925 disputationibus
1514 856 1852 923 gravissimis

290 925 585 988 aliquando
607 928 967 982 dissenserint
998 927 1189 981 Patres
1213 928 1277 980 de
1310 927 1521 989 origine
1547 929 1757 981 animm.
1794 934 1852 978 ut

290 1011 357 1069 ex
389 995 751 1069 Tertulliani,’
776 998 1124 1065 Apollinaris,
1169 997 1415 1069 Arnobii,
1455 995 1712 1069 Luciferi.
1746 995 1852 1069 Ta-

285 1066 439 1136 tiaui.
466 1064 751 1135 Origenis,
779 1064 833 1121 et
865 1069 1144 1136 Augustini
1201 1067 1438 1133 scriptis,
1492 1067 1745 1120 omnilms
1795 1066 1847 1119 in

285 1135 534 1190 confesso
588 1147 671 1192 est
718 1155 730 1189 :
773 1135 967 1191 eorum
1011 1147 1187 1191 tamen
1240 1136 1419 1191 nullus
1466 1136 1846 1192 Gnosticorum

290 1208 572 1276 sententite
600 1206 943 1276 subscripsit.

356 1274 665 1332 Animabus.
736 1274 1104 1344 Exponximus
1160 1296 1178 1328 ι
1244 1278 1474 1342 animat;
1536 1294 1556 1328 ι
1617 1286 1671 1331 et
1721 1290 1845 1329 mox

289 1361 311 1395 s
349 1344 479 1405 Deo,
514 1365 530 1396 ι
566 1361 660 1413 pro
695 1366 712 1398 ι
749 1348 891 1401 Deus
920 1367 938 1399 ι
976 1348 1307 1401 restituimus
1342 1357 1486 1400 auct.
1517 1355 1605 1400 vet
1634 1347 1756 1401 cod.

356 1415 542 1536 Att/mf
570 1418 747 1470 etiam.
786 1417 999 1471 Initium
1033 1417 1333 1485 estcapitis
1365 1416 1607 1486 vigesimi
1632 1416 1755 1469 noni
1791 1415 1841 1469 in

359 1492 395 1534 ι.
434 1500 514 1536 (‘01
542 1526 553 1536 .

282 1492 395 1537 vet.
434 1492 553 1539 t‘Otl.

356 1552 483 1619 Pag.
510 1555 630 1607 145.
656 1554 739 1608 Ex
756 1556 1053 1621 ignorantia
1082 1565 1128 1607 et
1151 1555 1282 1608 labe.
1318 1553 1621 1609 Delevimus
1652 1574 1671 1606 ι
1694 1556 1845 1623 igno-

282 1623 517 1687 rantiaz;
558 1643 576 1677 ι
610 1635 663 1677 et
692 1627 849 1692 paulo
870 1639 992 1692 post
1026 1644 1043 1676 ι
1077 1625 1481 1691 formationem,
1515 1643 1534 1678 ι
1574 1641 1667 1692 pro
1692 1645 1708 1677 ι
1732 1626 1846 1681 for-

280 1698 523 1748 matione
558 1713 575 1745 ι
638 1696 997 1763 reposuimus.

552 1804 805 1874 Ejusdem
835 1806 1199 1859 adnotationes
1235 1807 1291 1860 in
1328 1820 1445 1873 cap.
1477 1806 1566 1864 52.

352 1886 481 1960 Pag.
520 1889 645 1944 145.
691 1889 750 1943 Si
796 1890 952 1943 enim.
1002 1891 1076 1943 Ex
1121 1892 1409 1960 propositis
1462 1892 1841 1948 Gnosticornm

273 1959 543 2025 sequitur,
598 1962 848 2014 tenebras
884 1959 1131 2014 utiliores
1160 1978 1280 2015 esse
1326 1961 1530 2015 lumine
1560 1980 1573 2016 :
1605 1974 1659 2016 et
1694 1964 1843 2026 ﬁliis,

274 2027 625 2102 perfectionis
647 2043 711 2082 ac
750 2032 997 2102 utilitatis
1032 2031 1198 2102 fuisse
1232 2032 1304 2093 id,
1329 2032 1470 2100 quod
1497 2034 1657 2087 matri
1691 2036 1841 2102 peri-

273 2098 761 2169 culosuntfuerat;
793 2101 934 2168 quod
983 2101 1143 2154 valde
1199 2111 1284 2156 est
1344 2098 1652 2156 ridiculum.
1692 2098 1846 2169 'Quaz

301 2182 440 2291 [trra
494 2167 582 2222 hic
624 2167 954 2291 :efutantur,
1010 2171 1119 2224 late
1165 2171 1455 2241 descripsit
1485 2182 1540 2227 et
1596 2167 1848 2229 recitavit

301 2253 313 2288 I
358 2276 373 2291 .
408 2253 590 2291 Lean.
664 2277 678 2291 .

301 2242 373 2291 ib.
408 2253 445 2300 ι,
470 2253 590 2307 cap.
626 2242 678 2293 1.

555 2373 807 2443 Ejusdem
828 2376 1192 2432 adnotationes
1230 2378 1284 2431 in
1318 2395 1433 2444 cap.
1470 2379 1559 2433 55.

330 2463 477 2545 .Pag.
506 2465 844 2545 Insedit-uc
866 2472 1041 2545 etiam.
1080 2469 1323 2535 Quatuor
1348 2470 1641 2540 propositis
1696 2487 1847 2545 qum-

267 2536 564 2598 ltionibus,
591 2537 941 2606 adjectisque,
966 2540 1118 2605 juxta
1149 2536 1594 2595 eorum-mentem
1623 2536 1842 2596 totidem

272 2607 572 2677 responsis,
612 2606 749 2677 falsa
803 2612 1077 2662 coovincit
1126 2624 1247 2664 esse
1296 2625 1415 2677 quae
1462 2612 1845 2666 comminisce-

271 2674 472 2748 baulur
503 2677 570 2729 de
607 2676 779 2748 Matre
812 2694 936 2748 sua,
975 2691 1028 2731 et
1051 2680 1168 2748 ejus
1206 2674 1467 2748 imagine;
1515 2682 1581 2735 de
1625 2682 1845 2748 angelo-

272 2758 395 2824 rum
431 2745 780 2824 imaginibus,
810 2745 1105 2824 Demiurgi,
1146 2758 1199 2803 et
1234 2745 1496 2824 spiritalis
1534 2745 1843 2824 imperfecti

269 2814 596 2884 emissione;
629 2826 789 2884 atque
820 2834 883 2871 ex
914 2819 996 2871 his
1023 2814 1283 2884 consequi
1330 2821 1506 2883 docet,
1546 2814 1731 2876 seineu
1769 2822 1837 2874 il-

269 2880 361 2935 lud
392 2880 865 2961 non_angelorum,
898 2890 991 2943 sed
1032 2880 1334 2945 animarum
1390 2880 1593 2961 ligo-ras
1642 2894 1841 2947 debere

268 2968 383 3020 prae
412 2969 469 3007 se
499 2954 658 3011 ferre.

345 3022 473 3102 Pag.
513 3025 635 3079 145.
673 3024 977 3102 Operosius.
1010 3027 1068 3082 Id
1095 3039 1200 3095 est,
1244 3029 1311 3085 ad
1341 3044 1427 3085 res
1464 3033 1733 3102 gerendas
1757 3030 1836 3088 el-

268 3089 497 3164 Iieaciiis
528 3106 582 3150 et
612 3089 811 3164 aptius.

344 3161 411 3216 In
452 3182 532 3219 eo.
583 3161 660 3218 Ita
705 3178 813 3219 vel.
844 3168 989 3231 cod.;
1029 3170 1215 3224 excusi
1249 3186 1399 3236 vero,
1445 3188 1464 3221 ι
1518 3186 1661 3225 eam.
1701 3190 1720 3224 ι
1763 3172 1836 3226 De

266 3232 589 3312 charactere
616 3246 670 3289 et
700 3238 872 3312 figura
902 3240 1202 3294 animarum
1234 3232 1421 3309 postea
1447 3242 1835 3311 disputabitur,

264 3304 525 3359 videlicet
553 3320 670 3373 cap.
700 3306 785 3360 65.

376 3392 461 3448 Ex
487 3394 574 3450 Jo.
609 3395 705 3452 Er.
738 3396 920 3453 Crabii
950 3402 1374 3456 adnotationibus
1404 3402 1458 3456 in
1489 3419 1605 3470 cap.
1636 3404 1727 3460 55.

338 3487 473 3563 Pag.
663 3490 939 3561 Super/Tua
962 3505 1035 3545 est
1069 3494 1229 3563 igitur
1272 3496 1325 3547 in
1357 3496 1591 3548 homines
1623 3498 1837 3552 descen-

265 3559 349 3611 sio
388 3558 522 3629 ejus.
554 3560 701 3615 Hanc
728 3558 871 3615 enim
896 3579 962 3616 eo
992 3558 1105 3616 line
1125 3565 1320 3617 semini
1349 3565 1434 3618 iSti
1463 3566 1835 3622 attribuebant

272 3631 539 3698 haeretici,
601 3641 658 3684 ut
707 3633 993 3686 animabus
1045 3633 1321 3687 hominum
1370 3633 1694 3698 immissum,
1763 3638 1836 3691 ibi

270 3716 289 3748 ι
331 3697 611 3771 figuretur,
638 3711 693 3754 et
719 3711 995 3771 augescat,
1031 3712 1085 3756 et
1108 3698 1358 3771 paratum
1392 3704 1486 3757 flat
1533 3707 1599 3757 ad
1644 3697 1837 3762 susce-

267 3768 510 3843 ptionem
544 3768 809 3843 perfecta!
832 3768 1134 3843 rrationisfs
1166 3776 1324 3843 sicuti
1357 3788 1477 3843 cap.
1516 3773 1579 3827 51
1628 3777 1833 3830 dictum

261 3848 371 3915 est.
404 3840 502 3893 Ast
531 3842 745 3895 uoonisi
775 3842 839 3895 ad
868 3846 1094 3911 primam
1119 3858 1184 3897 ac
1213 3840 1518 3915 infantilem
1566 3844 1679 3899 haec
1703 3862 1835 3915 qua-

259 3908 426 3961 drant
460 3920 708 3975 aetatem;
735 3908 895 3980 quam
933 3928 1058 3965 cum
1093 3927 1276 3967 semen
1326 3913 1466 3967 istud
1511 3908 1830 3980 excesserit,

263 3988 451 4045 utpote
478 3979 589 4045 jam
620 3979 806 4035 olima
841 3980 1011 4035 Matre
1036 3983 1323 4045 emissum,
1358 3983 1561 4037 frustra
1609 3979 1827 4039 dicebaé

266 4056 355 4099 tur
387 4047 438 4102 id
470 4050 524 4103 in
560 4053 767 4105 animas
803 4052 1079 4105 hominum
1107 4051 1339 4106 demitti.

337 4116 643 4199 Operosius.
698 4121 756 4176 Id
784 4123 968 4185 est,ad
1014 4136 1104 4177 res
1147 4122 1413 4192 gerendas
1461 4119 1730 4177 ellicacius
1777 4130 1832 4179 et

259 4199 461 4253 aptius.

330 4258 685 4314 Animalibus.
752 4277 771 4311 ι
828 4260 1101 4315 Animales
1166 4280 1185 4312 ι
1239 4258 1480 4330 intellige
1536 4261 1825 4330 homines,

255 4329 446 4384 Graece
469 4330 752 4401 ψυχικούς,
788 4347 894 4386 non
916 4349 936 4383 ι
964 4332 1242 4385 animalia.
1290 4350 1310 4383 ι

436 4463 811 4519 Adnotationes
837 4462 916 4517 Fr
934 4462 1305 4520 .Feuardentii
1332 4465 1386 4518 in
1408 4481 1529 4533 cap.
1557 4465 1647 4521 54.

336 4562 464 4632 Pag.
505 4562 626 4616 145.
667 4564 850 4633 Adhuc
872 4572 1066 4618 autem.
1100 4563 1319 4617 Initium
1348 4574 1431 4619 est
1459 4564 1651 4633 capitis
1679 4560 1823 4633 50in
1857 4536 1902 4593 Ῑ)

260 4644 370 4704 vet.
401 4633 523 4704 cod.
556 4649 679 4687 cum
708 4632 949 4701 ejusdem
980 4645 1319 4704 argumento.
1355 4635 1587 4688 Damnat
1615 4632 1825 4687 fabulas

250 4703 382 4757 illas
402 4703 469 4773 de
494 4703 699 4758 semine
724 4712 776 4757 et
806 4703 1181 4773 conceptione,
1210 4719 1347 4773 quas
1392 4706 1535 4759 circa
1588 4705 1822 4759 medium

256 4772 455 4844 capitis
485 4774 641 4840 primi
667 4774 758 4827 lib.
794 4789 811 4828 1
844 4772 1124 4829 retulerat.

332 4841 435 4909 Qui
454 4852 605 4895 erant
633 4843 688 4896 in
714 4844 810 4897 viis
858 4845 1099 4897 mendici.
1146 4842 1283 4897 Huic
1340 4844 1515 4897 simile
1566 4854 1650 4899 est
1690 4841 1820 4896 illud

257 4913 489 4968 Tertull.
511 4912 559 4944 “
582 4918 640 4981 εξ(
672 4913 840 4984 Major
862 4930 984 4984 pars
1006 4915 1361 4984 credentium,
1399 4914 1697 4983 simplices,
1721 4915 1821 4984 im-

258 4985 575 5053 prudentes.
598 4993 651 5036 et
674 4982 875 5038 idiotas.
912 5004 929 5036 ι
967 4984 1094 5038 Item
1122 4983 1331 5036 Minutii
1366 4982 1564 5039 Felicis
1614 4986 1665 5038 in
1714 4983 1815 5038 0c-

259 5052 400 5107 taeia
432 5069 451 5108 :
498 5070 517 5103 ι
559 5052 690 5107 Pars
713 5065 952 5108 vestrum
982 5065 1037 5108 et
1072 5056 1244 5119 major
1274 5064 1328 5106 et
1373 5056 1579 5119 melior,
1624 5055 1816 5123 egetis,

258 5124 489 5193 algetis,
554 5139 737 5192 opere,
805 5124 948 5180 fame
1020 5124 1300 5188 laboratis,
1369 5136 1425 5179 et
1486 5124 1627 5179 Deus
1679 5127 1819 5194 pati-

259 5203 364 5258 tur,
401 5211 424 5246 ο
458 5203 563 5246 etc.

332 5264 475 5334 Pag._
499 5263 623 5316 144.
651 5262 774 5319 Non
820 5266 971 5319 multi
1012 5265 1269 5332 sapientes
1302 5267 1444 5332 apud
1480 5281 1586 5319 vos.
1637 5262 1813 5318 Verba

257 5345 389 5389 sunt
419 5332 709 5403 'A'postoli,
763 5336 779 5389 l
833 5336 959 5389 Cor.
998 5353 1034 5399 ι,
1080 5352 1198 5404 qua:
1250 5337 1410 5404 paulo
1462 5337 1619 5390 aliter
1656 5338 1811 5402 citat,

297 5420 418 5457 uam
455 5406 656 5458 habeat
712 5418 805 5458 aut
849 5405 1072 5473 Vulgata
1127 5408 1311 5469 editio,
1380 5416 1475 5459 aut
1524 5414 1809 5459 contextus

297 5420 418 5457 uam
455 5420 656 5458 naneat
712 5420 805 5458 aut
852 5420 1072 5473 vulgata
1127 5420 1311 5469 emno,
1380 5420 1475 5459 aut
1524 5420 1809 5459 contextus

254 5420 495 5550 graecus,
523 5475 613 5550 βτι.
640 5474 699 5527 οὐ
729 5477 909 5550 πολλοὶ
944 5477 1094 5544 σοφοὶ
1127 5476 1267 5529 κατὰ
1306 5477 1519 5550 ogpxo’t,
1547 5487 1709 5542 atque
1734 5478 1812 5531 sic

255 5560 324 5599 ex
362 5543 567 5599 Graecis
599 5544 784 5615 legunt
816 5543 1234 5615 Chrysdstomus
1262 5555 1316 5601 et
1337 5543 1632 5609 Theodon,
1665 5555 1718 5599 et
1744 5562 1809 5600 ex

256 5616 469 5739 ffatilnis
488 5615 804 5671 Ambrosius
827 5629 879 5671 et
905 5616 1235 5683 Primasius;
1265 5621 1358 5673 sed
1389 5632 1608 5673 sensum
1632 5616 1811 5671 reddi-

296 5696 334 5739 ιι
392 5700 621 5739 renzeus.

296 5696 334 5739 ιι
368 5696 621 5740 ιιειιῖειιε.

328 5862 375 5899 ³³
421 5862 543 5917 Lib.
573 5873 718 5918 ronl.
750 5862 915 5919 Prax.
986 5866 1030 5897 ’⁸
1056 5863 1273 5922 ίΕιιριιΙ.
1306 5881 1366 5933 ιι,
1396 5881 1537 5924 vers.
1590 5866 1678 5936 65,
1721 5866 1807 5926 66.

1958 578 2146 630 eodem
2189 577 2303 629 fere
2339 592 2505 631 sensu
2539 588 2892 646 usurpatum,
2936 593 3045 647 quo
3094 577 3223 632 illud
3254 586 3339 632 est
3390 579 3529 646 apud

1957 647 2245 717 Virgilium
2273 647 2319 679 ³⁵
2356 666 2371 701 :

2452 736 2520 791 Et
2544 738 2761 792 crimine
2789 739 2853 792 ab
2891 755 3019 803 uno,

2085 805 2245 861 Disce
2286 824 2486 861 omnes.

2050 898 2135 951 E3
2165 896 2255 952 Jo.
2290 898 2385 951 Er.
2425 896 2606 952 Grabii
2638 900 3066 953 adnotationibus
3101 900 3158 953 in
3188 917 3302 970 cap.
3338 902 3427 957 54.

2023 988 2149 1060 Pag.
2191 989 2313 1043 144.
2370 988 2483 1060 Nec
2522 992 2661 1043 enim
2693 1001 2910 1056 oportet.
2957 990 3072 1044 lluc
3121 994 3347 1060 quadrat
3382 993 3524 1046 istud

1949 1058 2327 1125 Athenagorte,
2365 1064 2413 1111 iu
2447 1058 2726 1128 Legafione
2760 1078 2853 1127 pro
2887 1058 3203 1114 Christianis
3247 1072 3373 1116 ante
3412 1078 3521 1113 uie-

1950 1128 2095 1203 diitm
2129 1143 2252 1203 pag.
2296 1130 2385 1194 15,
2418 1130 3018 1203 ειὶῇιηιξιινίς-λταῦίςᾳ
3049 1132 3151 1203 ,μὲν
3195 1128 3306 1195 οὖν,
3354 1132 3526 1203 μικρὰ

1950 1196 2071 1273 ἀπὸὲ
2098 1198 2366 1273 μεγάλων,
2420 1201 2525 1273 καὶΔ
2557 1201 2711 1267 ὀλίγα
2738 1200 2855 1273 dit-ab
2904 1196 3131 1273 πλλῷν,
3152 1203 3273 1273 ηἴνα
3410 1196 3524 1273 fr.)

1950 1220 2058 1251 απη
2098 1220 2366 1267 μεγαλων,
2420 1220 2513 1251 και
2557 1220 2711 1267 ολιγα
2746 1220 2855 1252 απτ)
2904 1220 3131 1260 ποΑΑων,
3188 1220 3273 1255 ινα
3360 1220 3392 1273 η
3432 1220 3522 1255 επὶ

1949 1268 2137 1352 Echion
2154 1269 2289 1352 ppiv
2324 1270 2690 1352 ἐνοχλοίιλμενῖ
2732 1272 2838 1323 Καὶ
2866 1270 2974 1351 ’ίὰρ
3005 1270 3067 1323 τδ
3100 1272 3215 1352 μέλι
3237 1220 3522 1352 ,καῖ’-οἶνοί(

1945 1334 2582 1433 δοξιὶμάξοὲιτεςἈρξικρῷ
2628 1334 2915 1433 μέξῆειιτοῧ
2944 1334 3159 1405 ’παντὸς
3202 1342 3269 1424 τὸ.
3294 1344 3436 1433 ¹πᾶν,
3464 1346 3522 1433 fl

1946 1407 2128 1473 καλὸν,
2197 1407 2601 1479 δοκιμάζουὰιν.
2629 1407 2657 1459 ἰ
2700 1407 2766 1462 Et
2804 1412 2918 1462 btet:
2964 1426 3127 1478 parva
3178 1414 3395 1478 quidem
3453 1416 3522 1467 de

1951 1480 2181 1541 magnis,
2218 1494 2391 1546 pauca
2423 1481 2489 1531 de.
2514 1480 2697 1533 multis
2730 1479 3033 1541 retulimus,
3067 1496 3131 1533 ne.
3152 1484 3376 1535 nimium
3406 1500 3522 1536 mo-

1946 1547 2070 1600 lesti
2120 1549 2299 1603 vobis‘
2335 1564 2596 1606 essemus.
2648 1550 2787 1603 Nam
2827 1558 2881 1602 et
2917 1551 3006 1617 qui
3053 1553 3154 1603 mel
3205 1563 3294 1604 aut
3336 1553 3517 1605 vinum

1946 1617 2259 1683 explorant,
2284 1635 2352 1674 ex
2411 1621 2604 1690 exigua
2675 1626 2832 1690 parte
2897 1621 3085 1685 totius,
3128 1623 3195 1675 de
3223 1631 3334 1677 toto
3372 1624 3523 1690 judi-

1946 1698 2095 1744 cant.
2122 1708 2141 1740 ι

2120 1826 2500 1880 Adnotationes
2533 1824 2629 1879 Fr.
2663 1824 3012 1881 Feuardentii
3036 1828 3087 1881 in
3114 1845 3228 1897 cap.
3252 1830 3342 1884 55.

2024 1916 2156 1987 Pag.
2194 1918 2316 1972 144.
2356 1916 2463 1972 Sed
2494 1920 2951 1987 quemadmedum.
2999 1918 3148 1975 Hane
3190 1921 3515 1976 sententiam

1952 1990 2219 2044 revolsam
2250 2005 2279 2041 a
2317 1990 2422 2042 line
2445 1990 2635 2054 Capitis
2666 1988 2757 2049 54,
2782 1990 2993 2041 initium
3019 1989 3088 2042 55
3113 1993 3512 2047 constituimus.

1951 2060 2161 2113 Asse-rit
2193 2074 2321 2111 vero
2362 2073 2458 2111 nec
2487 2058 2716 2111 alterum
2751 2058 2916 2111 Deum
2945 2075 3101 2125 supra
3126 2059 3513 2115 fabricatorem

1951 2128 2111 2199 hujus
2143 2128 2380 2199 universi
2411 2130 2759 2199 constituere,
2790 2143 2886 2182 nec
2914 2130 3144 2199 unicum
3191 2130 3241 2183 in
3281 2145 3511 2199 persona

1949 2198 2221 2252 Christum
2261 2198 2312 2249 in
2335 2198 2516 2266 plures
2558 2198 2863 2252 distrahere
2910 2198 3116 2252 licitum
3160 2198 3327 2253 esse:
3372 2202 3515 2267 quod

1951 2269 2106 2332 ipsos
2128 2278 2340 2321 tentare
2369 2284 2527 2333 supra
2579 2268 2793 2320 dixerat
2829 2308 2843 2329 ,
2886 2266 2981 2321 lib.
3025 2284 3059 2327 ι.
3105 2270 3270 2337 rapit.
3310 2270 3359 2325 I.
3392 2266 3510 2322 'Bil-

1950 2337 2054 2391 lius
2089 2353 2249 2406 porro
2280 2339 2345 2392 de
2376 2338 2533 2406 hujus
2562 2338 2754 2405 capitis
2780 2339 2931 2391 initio
2970 2338 3163 2392 scribit
3195 2343 3241 2374 ²⁶
3273 2356 3285 2392 :
3316 2357 3334 2389 ι
3384 2340 3513 2393 Mhi

1950 2407 2174 2460 dubium
2206 2424 2308 2461 non
2331 2418 2433 2471 est,
2467 2408 2596 2475 quin
2637 2424 2752 2475 pro,
2785 2410 3035 2471 maxima,
3078 2411 3509 2463 substituendum

1945 2478 2033 2537 sit,
2080 2480 2324 2531 maxime.
2356 2477 2489 2531 Nam
2535 2480 2674 2545 quod
2720 2480 2769 2530 in
2808 2476 2995 2532 Gra‘co
3032 2490 3148 2531 erat
3188 2478 3513 2535 caveat-unci»-

1946 2564 2102 2609 τατα,
2131 2548 2179 2599 id
2204 2548 2491 2600 verborum
2531 2548 2911 2601 tenacissimus
2951 2550 3216 2617 interpres
3257 2550 3509 2614 reddidit,

1946 2617 2172 2688 maxime
2194 2618 2548 2681 continentia;
2584 2632 2703 2684 ego,
2732 2617 2999 2686 prtecipua
3030 2633 3093 2671 ac
3125 2620 3343 2672 maximi
3376 2635 3510 2688 pon-

1946 2687 2110 2739 deris.
2141 2687 2232 2740 Sic
2260 2690 2404 2740 enim
2439 2687 2637 2739 clarior
2668 2697 2751 2740 est
2790 2703 3001 2740 sensus.
3038 2706 3056 2740 ι
3082 2687 3401 2744 Acutiorum
3426 2690 3511 2757 ju-

1943 2756 2087 2811 dicio
2122 2757 2236 2811 hate
2268 2772 2367 2827 ego
2395 2758 2735 2811 discutienda
2768 2758 3033 2824 relinquo.

2220 2868 2471 2931 Eiusdem
2507 2869 2871 2923 adnotationes
2900 2870 2955 2922 in
2988 2886 3102 2937 cap.
3135 2870 3225 2924 56.

2010 2956 2141 3027 Pag.
2180 2959 2302 3011 144.
2335 2958 2488 3012 Illam
2521 2961 2680 3012 enim.
2706 2960 2876 3026 Caput
2902 2958 2971 3011 52
3000 2960 3284 3012 inchoatur
3308 2959 3361 3013 in
3394 2970 3503 3015 vel.

1940 3028 2112 3082 eodie.
2149 3044 2272 3098 cum
2308 3045 2404 3085 sua
2449 3031 2765 3098 epigraphe.
2814 3029 3163 3082 Demonstrat
3195 3039 3376 3083 autem
3411 3046 3506 3083 va-

1939 3114 2039 3153 nas
2072 3108 2127 3151 et
2158 3097 2345 3152 futiles
2378 3097 2497 3153 esse
2524 3097 2895 3166 probationes,
2930 3099 3127 3166 quibus
3150 3100 3341 3154 dionis
3372 3101 3504 3153 duo-

1942 3168 2135 3223 decimi
2166 3170 2451 3236 passiones
2501 3179 2554 3222 et
2606 3170 2883 3237 angustias
2937 3172 3348 3232 asseverabant,
3403 3186 3505 3225 nec

1944 3253 2041 3304 per
2069 3237 2221 3308 .ludze
2256 3240 2583 3307 apostasiam
2634 3238 3089 3308 aedefectionem
3144 3240 3289 3307 ipsas
3346 3254 3505 3308 p0sse

1941 3307 2283 3362 confirmari.
2319 3308 2565 3373 Demnm,
2614 3307 2781 3360 variis
2827 3309 3194 3362 antithesibus
3238 3307 3502 3370 ostendit,

1942 3378 2254 3445 passionem
2282 3378 2490 3431 Domini
2531 3377 2699 3431 nostri
2738 3378 2869 3431 nihil
2895 3392 3185 3433 commune
3220 3390 3314 3432 aut
3344 3378 3503 3434 aliine

1944 3447 2294 3511 habere.cum
2332 3450 2456 3501 licta
2488 3446 2685 3501 Eonis
2715 3449 2989 3513 passione.
3025 3450 3155 3513 Quae
3192 3460 3373 3501 autem
3413 3450 3502 3502 hic

1941 3517 2282 3579 refelluntur,
2335 3517 2503 3571 habes
2551 3518 2642 3570 lib.
2683 3533 2743 3587 1,7
2772 3534 2891 3584 cap.
2933 3520 2983 3579 l,
3026 3518 3184 3587 paulo
3236 3530 3357 3587 post
3401 3520 3503 3572 iui-

1941 3588 2108 3649 liuin;
2137 3597 2189 3641 et
2220 3588 2310 3640 lib.
2347 3604 2409 3651 ιι,
2436 3603 2558 3653 cap.
2595 3588 2686 3653 25,
2721 3586 2810 3647 96,
2845 3590 2935 3652 Q7,
2970 3586 3061 3643 28.

2010 3655 2127 3709 Uno
2153 3659 2288 3726 enim
2316 3674 2472 3710 anno.
2500 3655 2554 3710 lu
2580 3659 2679 3711 hac
2703 3672 2919 3726 quoque
2950 3660 3161 3712 videtur
3192 3657 3356 3711 fuisse
3380 3673 3503 3711 seu-

1939 3728 2108 3781 tentia
2157 3725 2479 3781 Tertulliani.
2528 3727 2622 3781 lib.
2648 3725 2863 3782 Advers.
2904 3729 3142 3787 Juda’os.
3193 3743 3317 3790 cap.
3354 3727 3407 3790 8,
3444 3736 3499 3781 et

1938 3798 2031 3851 lib.
2069 3811 2083 3848 ι
2127 3797 2356 3866 μΑίίυετε.
2424 3796 2767 3866 Marcioncm.
2817 3813 2935 3866 cap.
2987 3798 3072 3859 15,
3135 3796 3278 3865 quod
3334 3798 3497 3849 etiam

1936 3876 2090 3920 notat
2124 3864 2391 3935 Eusebius
2422 3868 2472 3918 in
2510 3865 2704 3919 Chron.
2744 3864 2997 3919 Eamdem
3039 3864 3348 3935 opinionem
3380 3882 3496 3917 am-

1934 3938 2222 4004 plexantur
2248 3934 2561 3989 Lactantius
2589 3937 2683 3990 lib.
2720 3953 2792 3997 Iv,
2824 3952 2943 4003 cap.
2990 3934 3094 4000 10;
3144 3935 3317 3990 Julius
3348 3935 3497 3989 Afri-

1936 4021 2109 4076 Cantts
2141 4005 2240 4076 lib.
2264 4004 2337 4057 De
2372 4014 2535 4076 temp.
2590 4009 2728 4073 apud
2784 4006 3167 4076 Hieronymum
3201 4004 3497 4060 Comment.

1934 4077 1988 4128 in
2047 4073 2365 4138 Danielem;
2425 4074 2677 4128 Clemens
2742 4073 3003 4129 Alexand'.
3060 4076 3157 4129 lib.
3211 4092 3224 4127 ι
3269 4076 3492 4138 Strom.;

1931 4145 2130 4198 Paulus
2150 4144 2375 4199 Orosius
2411 4145 2503 4197 lib.
2533 4160 2627 4207 vit,
2666 4150 2843 4214 capite
2888 4148 3128 4211 decimo;
3175 4147 3370 4213 quibus
3404 4162 3497 4197 ac-

1931 4215 2129 4270 cedere
2174 4215 2392 4268 videtur
2442 4214 2771 4284 Augustinus
2819 4214 2911 4267 lib.
2958 4231 3084 4268 xvtu
3142 4215 3215 4269 De
3265 4217 3493 4277 civium,

1930 4300 2050 4350 cap.
2075 4285 2169 4341 54.
2202 4294 2258 4338 et
2294 4284 2385 4339 lib.
2411 4299 2546 4350 xxu,
2584 4300 2701 4354 cap.
2754 4285 2838 4347 I5,
2896 4286 3106 4339 tametsi
3154 4287 3494 4338 contrarium

1932 4362 2145 4414 tueatur
2176 4355 2266 4409 lib.
2306 4370 2343 4409 ιι
2379 4354 2459 4407 De
2492 4354 2736 4407 doctrina
2774 4354 3099 4421 Christiana,
3138 4357 3315 4424 capite
3349 4354 3497 4420 vige—

1929 4428 2067 4478 simo
2098 4436 2312 4479 octavo.
2347 4424 2419 4479 At
2446 4437 2597 4489 vero,
2645 4426 2785 4479 hunc
2824 4424 3207 4479 Gnosticorum
3243 4438 3488 4477 errorem

1933 4504 2040 4549 tam
2072 4497 2274 4549 acriter
2305 4509 2427 4564 cap.
2456 4495 2523 4549 58
2559 4504 2613 4549 et
2644 4494 2714 4550 59
2771 4495 2928 4562 hujus
2974 4495 3092 4548 libri
3132 4493 3326 4547 refellit
3379 4494 3492 4546 Ire-

1933 4580 2099 4626 naeus,
2142 4576 2197 4620 ut
2234 4566 2286 4619 in
2332 4565 2499 4617 alium
2552 4565 2812 4621 inclinare
2854 4566 3124 4619 videatur.
3164 4566 3236 4618 De
3287 4564 3388 4617 hac
3432 4579 3493 4617 re

1931 4645 2059 4688 ante
2094 4652 2180 4705 me
2228 4637 2567 4705 scripserunt
2612 4636 2710 4689 viri
2749 4636 3049 4691 doctissimi
3100 4646 3154 4688 et
3188 4634 3493 4705 diligentis-

1930 4706 2053 4759 simi
2086 4702 2357 4759 Pamelins
2390 4706 2441 4759 in
2484 4702 2781 4759 Paradoxis
2832 4705 3163 4767 Tertulliani,
3205 4714 3256 4757 et
3314 4703 3489 4756 Bene-

1929 4776 2105 4830 dictus
2138 4775 2388 4829 Pererius
2417 4776 2626 4829 Comm.
2678 4778 2727 4828 in
2771 4786 2933 4845 caput
2997 4775 3339 4830 undecimum
3384 4773 3489 4825 Da-

1930 4846 2110 4900 nielis.
2135 4845 2243 4898 Hos
2263 4848 2537 4899 studiosus
2564 4848 2731 4898 lector
2758 4846 3030 4900 consulat.

1999 4914 2129 4985 Pag.
2162 4916 2283 4969 145.
2312 4914 2414 4969 Sed
2456 4931 2636 4979 neque.
2676 4916 3046 4983 Expunximus
3100 4931 3119 4964 ι
3163 4928 3313 4985 qute;
3365 4921 3487 4985 siet

1927 4984 2110 5055 postea
2140 5005 2158 5037 ι
2198 5000 2370 5053 neque
2406 4987 2458 5039 in
2494 4985 2780 5048 similibus,
2821 5006 2839 5037 ι
2869 5003 2965 5055 pro
3002 5002 3019 5035 ι
3055 4985 3102 5038 ei
3145 5000 3263 5052 qua:
3301 4984 3354 5037 in
3405 4984 3487 5037 in-

1924 5056 2257 5119 visibilibus,
2295 5074 2313 5107 ι
2343 5067 2554 5109 auctor.
2591 5066 2757 5108 veter.
2787 5057 2906 5109 cod.
2940 5056 3296 5123 reposuimus.

1994 5127 2248 5179 Dominus
2278 5136 2451 5178 autem
2481 5134 2654 5177 noster
2700 5142 2878 5191 passus
2917 5136 2988 5178 est
3024 5126 3314 5191 passionem
3355 5122 3485 5177 vali-

1922 5200 2063 5251 dam.
2099 5195 2153 5247 Id
2181 5194 2295 5265 98
2323 5204 2539 5252 estmon
2568 5193 2722 5265 modo
2751 5206 2943 5263 sponte
2978 5209 3033 5249 et
3052 5194 3387 5265 confidenter
3417 5194 3484 5247 ad

1922 5262 2519 5337 passionem—accessit,
2581 5262 2887 5337 Judmisquc
2936 5264 3274 5337 capiendum,
3309 5264 3481 5332 ligan-

1921 5335 2066 5403 dunt,
2097 5335 2524 5404 cunSpuendum,
2552 5336 2781 5401 denique
2809 5336 3251 5404 cruciligendunt
3279 5342 3483 5388 semet—

1922 5410 2092 5475 ipsum
2130 5403 2357 5470 obtelit;
2410 5418 2599 5475 verum
2634 5405 2797 5459 etiam
2835 5406 2923 5458 illa
2957 5405 3050 5458 toti
3094 5403 3293 5457 mundo
3328 5406 3483 5456 inau-

1919 5473 2028 5533 dita
2064 5476 2309 5529 dolorum
2352 5473 2658 5537 tolerantia,
2698 5475 2901 5529 homini
2941 5484 3218 5543 assumpto
3262 5488 3480 5543 omnem

1917 5548 2143 5617 gloriam
2176 5554 2229 5597 et
2262 5544 2675 5617 exaltationem,
2718 5554 2773 5598 et
2816 5545 2998 5615 generi
3052 5542 3285 5617 humano
3313 5542 3479 5611 justi-

1918 5615 2045 5671 iiam
2101 5626 2156 5669 et
2196 5615 2424 5685 salutem
2475 5625 2734 5667 aeternam
2794 5616 3112 5685 promeruit.
3175 5615 3478 5685 Cyprianus

1917 5699 2121 5759 martyr
2162 5688 2259 5742 bos
2284 5684 2493 5740 fructus
2527 5684 2809 5753 passionis
2830 5685 3030 5742 Christi
3064 5697 3185 5757 post
3215 5684 3476 5741 Irenaeum

1884 5867 1932 5902 "
1978 5865 2098 5924 Lib.
2154 5881 2171 5921 ι
2224 5864 2656 5922 sacr.0bservat.
