3906 6366
340 377 471 438 ιδει

1593 377 1660 433 IN
1695 376 1823 435 LlB.
1866 378 1908 433 ll
1944 381 2001 436 S.
2038 377 2317 439 ιιιΕΝΙει.

3424 389 3446 442 1
3459 387 3566 445 582

347 498 637 575 sponsione
660 498 951 575 inuignam,
988 502 1164 575 potius
1191 496 1530 575 eludendam,
1582 511 1642 554 ut
1668 502 1884 575 cuidam
1915 504 1961 561 Α
1988 499 2275 575 Eunaeum,
2304 500 2447 575 Nan.
2480 512 2535 557 et
2580 499 2786 574 Logon,
2852 504 2904 558 id
2948 514 3030 559 est
3068 515 3326 572 mentem,
3356 507 3567 575 cogita—

333 570 481 623 illam
514 570 831 639 proponenti
877 573 1154 640 reSpondit
1214 590 1229 625 :
1277 591 1295 622 ι
1345 571 1466 625 Alta
1522 574 1889 625 scrutantibus

333 641 636 708 gehennam
666 642 912 709 parabat.
949 662 966 694 ι
1005 640 1163 697 Serio‘
1199 652 1375 696 tamen
1399 641 1507 695 dici
1539 651 1718 709 potest
1750 657 1762 693 :
1797 642 1890 696 Dei

334 725 603 781 summam
631 711 927 767 bonitatem
962 720 1015 765 et
1045 720 1366 781 potestatem
1403 726 1678 781 nunquam
1702 712 1890 766 obtor-

333 780 519 847 puisse
565 782 850 836 cessando.
915 780 1140 849 Semper
1197 781 1341 835 enim
1400 780 1668 834 Divinitas
1731 792 1887 835 extra

333 864 549 922 omnem
585 850 783 917 locum,
833 852 887 906 in
919 853 1095 922 seipsa
1132 865 1380 922 manens,
1429 849 1514 904 sui
1549 851 1892 922 contempla-

336 920 485 974 tione
518 928 776 989 perpetuo
802 922 980 981 beata,
1005 919 1271 985 'mterna,
1318 919 1753 989 immutabilique
1809 920 1894 974 in-

336 989 585 1044 tellectus
606 1005 669 1045 ac
698 990 992 1045 voluntatis
1016 994 1231 1045 actione
1262 989 1627 1058 operabatur;
1654 999 1708 1044 et
1735 1006 1893 1045 mun-

335 1060 491 1122 dum,
525 1076 684 1128 quem
737 1071 918 1116 mente
947 1061 1309 1129 concipiebat,
1334 1060 1699 1182 conspiciens,
1735 1061 1895 1115 intel-

335 1126 557 1182 liaentia
589 1140 948 1182 pertractans.
980 1140 1035 1182 et
1069 1131 1349 1182 voluntate
1395 1130 1459 1182 de
1486 1130 1725 1182 iberans.
1764 1146 1889 1182 eum

335 1126 557 1197 ligentia
589 1140 948 1199 pertractans,
980 1140 1035 1185 et
1069 1126 1349 1184 voluntate
1395 1126 1725 1191 deliberans,
1764 1146 1889 1185 eum

339 1198 514 1265 ipsum
549 1198 603 1253 in
640 1209 880 1271 tempore
920 1212 1223 1271 opportuno
1254 1200 1492 1255 condere
1539 1200 1890 1267 decernebat,

336 1278 502 1338 atque
528 1270 772 1325 condidit
808 1287 929 1325 cum
962 1270 1148 1334 voluit,
1174 1280 1278 1324 etc.

412 1339 818 1407 Apotelestost
844 1352 947 1405 est,
971 1342 1224 1394 onmibus
1248 1338 1486 1393 numet‘ls
1507 1338 1787 1394 absolutus
1814 1351 1895 1395 at-

337 1422 446 1475 que
476 1411 772 1479 perfectus,
800 1423 1059 1480 quantum
1109 1410 1362 1464 videlicet
1393 1409 1457 1480 ad
1508 1410 1717 1477 species
1751 1413 1893 1480 (quae

341 1481 601 1533 duntaxat
634 1480 699 1535 de
730 1479 963 1535 essentia
998 1481 1113 1547 ejus
1140 1479 1285 1548 sunt)
1309 1479 1526 1548 attineg.
1559 1479 1687 1535 lude
1714 1479 1892 1535 autem

339 1548 628 1621 voluerunt
650 1552 878 1605 Aristot.
910 1560 965 1604 et
1012 1545 1149 1608 Plin.
1173 1545 1373 1620 κόάμον
1407 1565 1437 1603 a
1472 1545 1680 1605 Gracis
1712 1551 1893 1621 appel-

339 1616 466 1679 lari,
488 1618 539 1672 id
564 1631 643 1675 est
670 1632 941 1674 ornatum.

415 1686 678 1756 Cogitare.
703 1688 837 1759 Cap.
865 1690 934 1744 48
966 1691 1128 1744 habet
1147 1698 1252 1743 vet.
1278 1690 1400 1746 cod.
1432 1709 1448 1740 ι
1490 1690 1615 1744 Haec
1641 1699 1843 1755 autem;
1872 1710 1889 1741 ι

338 1771 463 1826 cap.
492 1759 561 1813 49
589 1770 695 1814 vet.
727 1761 850 1817 cod.
878 1778 892 1814 :

338 1838 447 1884 vet.
478 1830 599 1882 cod.

414 1896 576 1974 Latris
597 1899 846 1974 fructum.
880 1900 1284 1974 BilliusCrmce
1314 1918 1327 1954 :
1356 1902 1554 1974 ὑστερῄ
1565 1918 1731 1972 ματος
1755 1918 1893 1974 καρ-

340 1966 441 2042 οιτδν
497 1966 608 2042 xui:
637 1970 859 2042 ἀγνοίας
904 1966 1639 2042 πῳίὸολὴννάποφαίνέσθᾷι,
1684 1974 1733 2025 id
1788 1966 1892 2037 est,

344 2040 663 2110 ignorantiae
714 2039 902 2104 fetum,
940 2039 1041 2106 vel,
1087 2039 1154 2094 ab
1191 2041 1494 2110 ignorantia
1544 2043 1890 2107 productum.

342 2106 399 2159 ltl
430 2108 573 2180 enim
616 2124 709 2163 eos
745 2110 994 2180 opinatos
1040 2124 1161 2164 esse
1209 2106 1481 2165 recensuit
1525 2106 1664 2166 libro
1695 2116 1893 2180 primo,

342 2179 517 2250 capite
574 2180 769 2245 primo.
827 2179 992 2233 Paulo
1030 2189 1173 2248 post,
1218 2198 1237 2232 ι
1275 2182 1421 2250 capit
1458 2180 1667 2248 dicere,
1710 2202 1729 2234 ι
1764 2197 1895 2238 vere

338 2245 449 2300 dici
482 2258 727 2314 possunt.

415 2315 752 2390 Aliudeniin
805 2327 899 2375 est.
949 2318 1213 2373 Existimo
1260 2334 1381 2374 eum
1424 2318 1586 2384 velle,
1621 2322 1894 2390 quoddam

340 2400 459 2439 esse
487 2387 706 2459 verbum
738 2388 1031 2459 internum,
1063 2392 1203 2457 quod
1232 2390 1347 2443 solo
1372 2390 1557 2443 animo
1583 2387 1898 2459 concipitur

340 2465 396 2508 et
422 2455 687 2528 retinetur
722 2457 909 2528 :aliud
940 2455 1247 2528 externum,
1277 2460 1418 2527 quod
1472 2475 1568 2515 ore
1616 2455 1898 2528 profertur

343 2541 407 2579 ac
428 2525 715 2596 emittitur.
748 2527 885 2580 llinc
915 2529 1060 2581 enim
1107 2525 1420 2581 Lactantius
1451 2525 1649 2584 scribit
1682 2531 1778 2585 lib.
1818 2548 1893 2596 IV,

339 2608 393 2666 c.
420 2592 489 2647 9:
530 2612 548 2666 ι
588 2594 778 2666 Melius
807 2596 979 2652 ϐιωσί
1006 2598 1174 2665 Λόγον
1200 2599 1407 2658 dicunt.
1444 2614 1604 2666 quam
1639 2615 1740 2655 nos
1768 2592 1897 2655 Ver-

340 2664 492 2716 bum.
524 2664 694 2733 Λόγος
722 2669 862 2721 enim
889 2680 943 2721 et
974 2664 1277 2720 sermonem
1317 2664 1607 2735 signiﬁcat,
1640 2682 1696 2725 et
1730 2673 1899 2725 ratio-

340 2747 489 2811 nem.
528 2753 547 2787 ι
583 2736 645 2787 Et
672 2736 1029 2811 Hieronymus
1049 2736 1145 2801 ait,
1175 2736 1329 2805 λόγον
1354 2736 1559 2811 Graacis
1585 2741 1899 2811 signiﬁcare

338 2803 933 2876 verbum,_orationeiii,
966 2803 1296 2870 sermonem,
1338 2803 1896 2876 rationemﬂnodum,

342 2874 811 2947 supputationem:
837 2891 1223 2945 nonnunquam
1255 2877 1309 2933 e't
1335 2893 1432 2945 pro
1460 2879 1599 2932 libro
1623 2874 1895 2947 usurpari,

340 2954 373 2995 a
403 2944 565 2996 verbo
585 2943 750 3012 λέγω,
783 2947 928 3018 quod
979 2943 1093 3010 est,
1127 2947 1268 3010 dico,
1323 2943 1434 3001 sive
1468 2948 1683 3018 colligo.
1728 2943 1901 3005 Paulo

339 3022 464 3088 post
500 3031 518 3064 ι
556 3018 698 3082 quod
725 3016 1037 3088 excogitat,
1067 3036 1085 3067 ι
1130 3030 1226 3088 pro
1260 3034 1278 3065 ‹
1310 3031 1374 3070 eo
1404 3016 1714 3088 excogiiat;
1755 3039 1774 3071 ι
1805 3022 1900 3075 de-

342 3081 505 3149 nique
537 3081 807 3153 «propter
833 3081 1097 3151 spiritale,
1131 3081 1154 3135 3
1196 3086 1315 3141 loco
1375 3104 1394 3137 ι
1428 3102 1523 3156 per
1546 3081 1825 3155 'spiritale,
1875 3110 1894 3143 ι

342 3165 411 3203 ex
442 3163 550 3207 vet.
598 3157 720 3208 cod.
758 3155 1156 3209 substituimus.

414 3221 538 3275 Non
596 3226 660 3277 de
716 3228 893 3289 semel,
932 3230 1019 3277 sed

340 3291 505 3355 ἅπαξ,
543 3294 814 3359 καθάπαξ,
838 3295 929 3367 vel
978 3295 1070 3363 ἀφ’
1103 3293 1268 3359 ἅπαξ,
1308 3296 1516 3348 videtur
1574 3298 1789 3367 lc5isse,
1844 3291 1896 3357 id

333 3374 423 3415 est
486 3379 590 3417 non
644 3381 746 3418 una
801 3366 960 3430 vice,
1018 3380 1124 3419 non
1176 3375 1369 3419 cuncta
1429 3368 1608 3420 simul.
1667 3368 1894 3438 Gallice,

338 3441 458 3502 tout_
494 3449 557 3485 en
584 3452 653 3488 un
678 3452 827 3502 conp.

410 3500 497 3573 Ea:
534 3503 621 3555 Jo.
668 3500 797 3557 Ern.
831 3502 1015 3558 (ἔταὸἱὶ
1047 3504 1477 3558 adnotationibus
1504 3505 1555 3559 ir.
1586 3523 1702 3573 cap.
1733 3508 1822 3562 47.

409 3572 537 3640 Pag.
574 3574 693 3627 158.
749 3575 949 3639 Quidve
996 3577 1059 3628 de
1107 3576 1209 3641 his,
1241 3590 1356 3643 qua:
1394 3575 1536 3628 ultra
1578 3572 1695 3629 eum
1749 3590 1892 3645 sunt,

338 3646 654 3697 enuntiare?
683 3646 775 3699 Sic
810 3645 1044 3699 Hilarius
1070 3645 1124 3698 in
1158 3646 1317 3699 linem
1362 3644 1553 3712 psalm.
1587 3662 1759 3703 vam
1797 3644 1893 3714 ait,

339 3714 482 3779 quod
516 3732 533 3762 ι
575 3731 720 3768 ιιιίιΐθ
755 3716 1043 3783 profunda,
1079 3714 1398 3781 inﬁnitaque
1427 3715 1507 3767 sui
1541 3716 1696 3771 obice
1744 3736 1894 3773 men~

345 3792 451 3834 teni
491 3783 739 3837 humanae
765 3786 1037 3854 opinionis
1064 3786 1311 3855 excedat,
1350 3793 1407 3836 ut
1442 3798 1614 3853 neque
1641 3789 1767 3855 quid
1797 3806 1895 3843 ex-

343 3861 427 3922 tra
462 3867 539 3917 se,
568 3869 740 3922 neque
766 3856 895 3922 quid
926 3856 1065 3907 intra
1105 3854 1194 3919 sit,
1227 3868 1386 3907 sensu
1421 3854 1780 3922 persequente
1806 3874 1896 3912 ca-

338 3920 571 3994 piamus.
612 3943 627 3973 ι
656 3920 928 3977 intellexit
958 3939 1085 3977 vero
1109 3924 1341 3994 lreuzeus
1368 3920 1462 3991 per
1491 3939 1574 3987 ea,
1597 3920 1720 3994 quae
1755 3929 1895 3982 ultra

338 3990 612 4046 Oceanum
650 4007 795 4057 sum,
836 4014 852 4043 ι
890 4009 1003 4057 eos,
1040 3994 1129 4061 qui
1182 3990 1505 4062 postripsum
1562 3990 1706 4059 sunt,
1744 4014 1898 4050 mnu-

342 4062 471 4133 dos,
504 4081 521 4111 ι
552 4078 686 4131 quos
718 4073 980 4133 memorat
1010 4061 1260 4116 Clemens
1302 4061 1579 4133 Romanus
1630 4065 1682 4117 in
1721 4065 1895 4133 Epist.

336 4132 409 4203 ad
435 4131 696 4203 cornuin,
724 4132 861 4203 §20.
895 4133 1145 4203 lnquem
1174 4132 1347 4186 locum
1380 4131 1532 4198 plura
1558 4131 1776 4188 notavit
1796 4140 1897 4191 Coo

341 4200 927 4273 telerius,intei:4alios
961 4200 1221 4257 Irenaeum
1249 4214 1491 4255 nostrum
1526 4205 1785 4273 allegatis.

410 4269 540 4339 Pag.
576 4272 695 4325 157.
739 4271 1014 4325 Velocitutt
1059 4274 1195 4324 enim
1237 4288 1417 4324 sensus
1466 4269 1755 4340 hominum,
1788 4286 1894 4330 etc.

340 4339 437 4413 ilis
471 4348 683 4413 gemma
720 4345 914 4396 iterum
952 4344 1115 4413 habet
1154 4342 1387 4411 Cyrillus
1435 4348 1650 4413 catech.
1685 4339 1893 4413 δέρης.

338 4410 453 4502 “is
472 4411 536 4502 Ἡ
554 4412 667 4496 μὲν
698 4413 903 4502 διάπλεκε
952 4412 1186 4502 sese
1204 4410 1368 4502 125.2
1387 4410 1781 4502 ,ή-ἐὲγλῶσῖξί
1803 4418 1897 4502 ρη-

338 4482 525 4552 μάτων
549 4479 716 4534 eam
749 4484 840 4536 καὶ
870 4479 1403 4553 διηγήσεωςὲπολλῆς
1430 4479 1540 4553 τῶν
1568 4479 1773 4553 μεταξὺ
1803 4479 1898 4539 ’λό-

930 1779 949 1812 ‹
988 1760 1128 1816 Deus
1152 1770 1355 1827 autem,
1390 1780 1409 1811 ι
1443 1769 1709 1830 caputest
1736 1760 1804 1815 50
1842 1762 1893 1816 in

1998 572 2200 625 tionem
2255 581 2315 642 et
2340 571 2572 625 Verbum
2608 571 2724 642 ejus
2777 590 2917 629 nunc
2950 577 3313 630 secernebant
3359 571 3451 628 ab"
3478 592 3566 642 eo,

1998 656 2155 712 mox”
2200 641 2649 712 conjungebant,’
2697 645 2887 712 hisque
2942 645 3184 700 diversas
3241 641 3567 701 emissiones

2001 711 2371 784 inscribebant,
2424 711 2812 780 compositioni
2855 714 3005 768 illum
3059 715 3355 784 subjicere,
3419 719 3564 784 quod

2000 781 2223 843 impium
2261 792 2316 835 et
2351 782 2600 834 insanum
2637 793 2739 835 est.

2069 849 2171 915 Qui
2200 866 2319 919 ergo
2348 853 2493 903 dicit.
2521 851 2695 923 Caput
2723 854 2784 907 5i
2826 853 3004 923 signat
3030 864 3185 909 vetus
3212 854 3386 909 codex
3436 869 3565 909 cum

1998 919 2106 993 hoc
2130 932 2450 993 argumento
2500 937 2515 973 :
2555 919 3166 993 «‘Dsteusio‘qumiiam
3221 924 3331 976 Nus
3364 923 3564 993 Logos,

1999 997 2054 1043 et
2083 988 2260 1062 [λοξὸς
2294 988 2443 1062 Νυε;
2499 1002 2557 1062 et
2587 989 2695 1045 Nus
2756 994 2870 1061 ipse
2912 988 2996 1046 est
3047 1008 3203 1062 pater
3233 988 3501 1048 omnium.
3540 1012 3560 1046 ι

2070 1057 2469 1113 Generationem
2510 1061 2646 1121 eius.
2704 1057 2790 1115 Ex'
2820 1072 3001 1117 vetere
3034 1057 3241 1124 codice,
3277 1082 3298 1113 ‹
3336 1078 3567 1118 enarra-

1999 1127 2125 1202 bit_,
2179 1144 2355 1202 i_pro
2423 1150 2439 1180 ι
2478 1134 2789 1193 enarravit;
2841 1162 2909 1171 —-
2969 1151 2986 1182 ι
3031 1134 3341 1194 hominum,
3389 1152 3406 1183 ι
3466 1149 3565 1202 pro

2007 1216 2026 1249 ι
2089 1199 2322 1271 hominis
2370 1215 2385 1271 ;
2428 1220 2445 1251 ι
2516 1210 2570 1254 ct
2621 1203 2832 1271 «nobis
2893 1202 3062 1269 ipsis,
3104 1222 3120 1252 ι
3190 1218 3284 1271 pro
3348 1224 3366 1254 ί
3415 1199 3567 1258 vobis

2000 1270 2158 1337 ipsis,
2202 1288 2220 1319 ι
2253 1270 2608 1340 restituimus.
2645 1270 2756 1325 Hoc
2791 1287 2952 1340 porro
2993 1273 3144 1326 Isaia:
3190 1270 3563 1327 testimonium

2000 1339 2330 1392 Athanasius
2348 1340 2413 1392 ad
2444 1339 2767 1408 Epictetum,
2791 1342 3092 1395 Alexander
3109 1344 3172 1394 ad
3203 1343 3566 1396 Alexandrum

2001 1408 2447 1479 Constantinop,
2500 1420 2554 1479 et
2620 1412 2710 1463 alii
2765 1411 2933 1465 multo
2982 1411 3164 1479 plures
3193 1413 3259 1465 ad
3306 1424 3567 1467 aeternam

2002 1476 2443 1553 ineffabilemque
2492 1478 2709 1553 Christi
2765 1476 3173 1553 generationem
3214 1481 3371 1553 10‘,
3427 1482 3569 1536 refe-

2004 1557 2132 1603 runt
2172 1562 2185 1598 :
2226 1548 2318 1600 alii
2355 1549 2420 1601 ad
2451 1548 2822 1614 temporalem,
2864 1566 2996 1615 qua,
3026 1551 3143 1603 sine
3173 1548 3312 1617 viro,
3338 1548 3408 1606 ex
3438 1568 3569 1605 sau-

2003 1618 2159 1690 ctiss.
2189 1616 2595 1690 Virginenatus
2624 1628 2727 1690 est.
2762 1619 3127 1690 Hieronymus
3161 1616 3567 1689 sapientissime

2003 1689 2072 1740 ad
2103 1695 2386 1752 utramque
2415 1688 2499 1741 his
2524 1689 2704 1743 verbis
2734 1704 2747 1740 :
2788 1709 2805 1739 ι
2848 1691 2951 1743 Αιιι
2973 1688 3127 1743 enim
3173 1692 3238 1745 de
3273 1692 3572 1745 Divinitate

2004 1756 2418 1839 intelligendum
2449 1768 2555 1820 est,
2600 1760 2739 1839 quod
2772 1759 3111 1839 impossibile
3144 1761 3213 1814 sit
3242 1762 3568 1839 divitize_ti_a-

2008 1827 2447 1900 tivitatis__nosse
2502 1829 2763 1900 mysteria
2803 1848 2816 1881 :
2856 1838 2949 1900 aut
2982 1831 3259 1900 demparlu
3308 1831 3568 1900 Virginis.

2001 1896 2143 1966 quod
2195 1897 2487 1952 diliiculter
2534 1896 2703 1967 possit
2737 1898 2957 1967 exponi.
2998 1918 3016 1949 ι
3050 1898 3289 1953 Plurima
3337 1896 3570 1956 in'hanc

2004 1982 2117 2020 rem
2144 1968 2361 2021 tradunt
2416 1968 2680 2023 Eusebius
2739 1969 2876 2021 libro
2911 1968 3103 2036 quinto
3148 1970 3567 2026 Demonstratio-

2001 2037 2103 2107 nis,
2133 2051 2251 2097 cap.
2289 2038 2341 2101 l;
2372 2037 2603 2106 Ephrem
2645 2040 2737 2093 lib.
2778 2038 2992 2091 advers.
3033 2053 3125 2092 eos
3172 2041 3261 2107 qui
3317 2051 3567 2095 naturam

2002 2106 2123 2159 Filii
2174 2108 2266 2159 Dei
2313 2108 2545 2160 scrutari
2576 2111 2795 2171 volunt;
2845 2106 3219 2164 Nazianzenus
3265 2121 3402 2163 orat.
3437 2109 3471 2161 5
3502 2113 3571 2163 de

2005 2176 2291 2247 theologia;
2335 2177 2562 2232 Basilius
2597 2189 2736 2233 orat.
2773 2179 2840 2232 de
2872 2186 3108 2247 martyre
3149 2178 3444 2245 Mamante;
3470 2180 3567 2234 lli-

2004 2245 2176 2317 larius
2208 2246 2346 2317 libro
2371 2260 2408 2298 ll
2460 2247 2532 2301 De
2562 2247 2839 2301 Trinitate.
2870 2245 3193 2301 Ambrosius
3229 2249 3463 2317 denique
3502 2251 3571 2304 li-

2005 2317 2102 2386 bro
2142 2315 2217 2369 De
2263 2316 2365 2386 ﬁde
2416 2321 2483 2370 ad
2546 2318 2867 2372 Gratianum
2908 2318 3028 2370 ait:
3061 2337 3078 2368 ι
3118 2317 3244 2372 Mihi
3312 2315 3570 2386 impossi-

2004 2385 2111 2455 bile
2138 2396 2220 2438 est
2270 2385 2427 2452 hujus
2461 2387 2836 2455 generationis
2876 2386 3018 2441 scire
3071 2400 3362 2444 secretum.
3392 2385 3570 2443 ’Mens

2004 2454 2206 2529 deﬁcit,
2231 2469 2344 2529 vox
2376 2454 2522 2529 silet,
2563 2472 2667 2511 non
2705 2468 3091 2529 meatantum,
3125 2458 3218 2529 sed
3245 2468 3301 2513 et
3338 2460 3568 2529 angelo-

2007 2539 2148 2595 rum.
2180 2525 2331 2579 Licet
2381 2527 2521 2580 scire
2570 2529 2710 2595 quod
2742 2526 2909 2580 Filius
2947 2538 3103 2580 natus
3149 2528 3252 2594 sit;
3299 2525 3570 2585 non'licet

2004 2593 2274 2667 discutere
2303 2597 2571 2664 quomodo
2589 2593 2762 2650 natus
2786 2596 2877 2649 sit.
2910 2596 3042 2651 lllud
3076 2613 3274 2667 negare
3296 2598 3421 2654 mihi
3458 2616 3567 2655 non

2006 2663 2151 2725 lieet.
2196 2666 2299 2719 huc
2325 2663 2567 2733 querere
2608 2675 2783 2720 metus
2808 2675 2911 2720 est.
2948 2686 2966 2716 ι

2076 2734 2206 2802 Pag.
2248 2732 2370 2789 158’.
2408 2732 2873 2808 Irrationabiliter.
2929 2736 3103 2808 Caput
3149 2738 3219 2792 52
3256 2738 3434 2808 signat
3470 2756 3569 2795 co-

2006 2805 2109 2859 dex
2147 2816 2319 2870 vetus,
2349 2821 2469 2857 cum
2499 2807 2599 2859 hac
2626 2807 2921 2875 epigraphe
2955 2826 2967 2859 :
3010 2824 3028 2857 ι
3063 2805 3348 2871 Quomodo
3390 2809 3571 2863 Domi-

2008 2890 2110 2929 nus
2139 2876 2658 2948 qnaedamconcedit
2686 2876 2852 2938 Patri,
2880 2886 2929 2927 et
2967 2891 3088 2944 qua:
3120 2892 3281 2931 causa
3314 2888 3419 2945 est,
3451 2894 3572 2948 pro—

2006 2954 2130 3018 pter
2160 2960 2319 3018 quam
2354 2946 2483 3018 dicit
2515 2950 2701 2999 horam
2745 2960 2777 2999 a
2823 2948 3036 3000 nemine
3081 2947 3253 3002 altero
3287 2946 3571 3018 cognosci,

2008 3015 2109 3067 nisi
2143 3030 2171 3066 a
2208 3014 2323 3067 solo
2359 3015 2536 3068 Patre.
2578 3033 2595 3065 ι

2080 3083 2154 3158 ρᾳ
2174 3085 2258 3158 die
2282 3095 2453 3158 autem
2486 3084 2601 3158 illa.
2614 3084 2686 3139 De
2708 3084 2805 3137 hoc
2839 3085 3080 3140 dicemus
3097 3087 3345 3154 proximo
3363 3088 3562 3158 capite.

2080 3152 2141 3207 Si
2166 3155 2282 3220 quis
2323 3156 2517 3222 itaque.
2547 3153 2922 3209 Gnosticorum
2954 3152 3315 3224 impudentem
3349 3152 3565 3212 temeri-

1072 3242 1162 3292 per
1198 3237 1392 3295 panes.
1433 3224 1645 3290 Gmce,
1684 3231 1785 3283 οὐκ
1817 3233 1897 3295 είς
1926 3211 1970 3272 C
2006 3211 2190 3278 tatem'
2243 3226 2296 3277 in
2347 3211 2635 3277 sciutanda
2704 3224 2862 3279 Verbi
2933 3211 3132 3279 :etérna
3194 3211 3567 3294 generatione,

2003 3303 2412 3366 quantopotest
2444 3294 2713 3366 rationum
2751 3305 2805 3347 et
2851 3296 3243 3349 seutentiarmn
3301 3298 3564 3366 pondere,

2006 3364 2273 3431 reprimit,
2307 3364 2506 3434 quibus
2530 3375 2584 3416 et
2630 3365 2666 3417 ii
2715 3366 3008 3418 absterreri
3045 3364 3326 3429 deberent,
3355 3368 3448 3434 qui
3502 3370 3570 3423 de

2003 3435 2216 3495 eadem,
2254 3448 2360 3486 non
2395 3432 2714 3501 Scripturis,
2747 3436 2841 3487 sed
2872 3435 3234 3489 Aristotelicis
3271 3432 3569 3491 ratiocina-

2005 3504 2241 3574 tionibus
2290 3504 2401 3574 nixi
2461 3504 2718 3574 audacter
2749 3505 3041 3574 disserunt,
3094 3505 3375 3574 colligunt,
3431 3507 3569 3561 deﬁ-

2006 3573 2182 3643 niunt,
2213 3587 2335 3642 quze
2366 3573 2678 3627 Christiano
2722 3572 2939 3628 silentio
2985 3572 3566 3643 adorare—praestaret.

2006 3642 2186 3712 Longe
2214 3644 2417 3709 majore
2457 3644 2713 3712 religione
2740 3659 2956 3697 sacrum
2995 3645 3141 3697 hunc
3168 3642 3407 3700 montem
3436 3648 3569 3701 atti-

2005 3713 2550 3782 geruutantiquioris
2594 3725 2650 3767 et
2697 3713 3012 3768 sincerioris
3056 3715 3219 3767 theol.
3273 3717 3571 3771 antistites.

2009 3802 2027 3834 ι
2067 3783 2142 3836 De
2187 3782 2699 3850 supersubstantiali
2755 3782 3226 3851 secretissimaque
3276 3785 3501 3846 deitate,
3544 3805 3564 3836 ι

2005 3854 2082 3906 ait
2114 3853 2335 3921 Dionys.
2376 3854 2642 3921 Areopag.
2674 3853 2740 3918 ⁸³,
2778 3866 2983 3919 «neque
3017 3852 3200 3923 dicere
3244 3855 3568 3923 quidquam,

2006 3938 2178 3992 neque
2213 3924 2459 3990 cogitare
2501 3922 2932 3990 praesumcndum
2963 3931 3047 3975 est
3081 3922 3267 3985 aliter,
3289 3922 3448 3992 quam
3480 3940 3567 3977 sa-

2003 3991 2103 4045 cra
2131 3993 2343 4058 eloquia
2372 3991 2476 4057 pie,
2520 3992 2919 4058 admodumque
2952 4000 3106 4043 caste
3138 3991 3567 4049 nobistradide-

2004 4071 2153 4115 runt.
2196 4081 2213 4112 ι
2248 4060 2314 4132 Et
2347 4063 2622 4132 expositor
2676 4060 2939 4132 Symbgli
2982 4062 3125 4128 apud
3177 4062 3561 4132 Cyprianum:

2010 4150 2028 4182 ι
2064 4131 2348 4197 Quomodo
2382 4130 2540 4185 Pater
2566 4130 2813 4199 genuerit
2844 4130 3061 4193 Filium,
3109 4130 3237 4185 nolo
3276 4133 3565 4201 discutias,

2006 4212 2191 4255 necte
2224 4201 2492 4270 curiosius
2544 4202 2755 4254 inseras
2790 4203 2842 4253 in
2894 4202 3146 4270 prol’uudi
3200 4203 3358 4270 hujus
3406 4219 3565 4256 arca-

2007 4287 2131 4325 num
2159 4289 2172 4334 ;
2211 4285 2278 4324 ne
2312 4269 2451 4326 forte
2471 4271 2598 4325 dum
2624 4270 2913 4324 inaccessa:
2942 4269 3076 4323 lueis
3113 4269 3371 4338 fulgorem
3401 4276 3567 4340 perti-

2009 4343 2195 4396 nacius
2224 4340 2604 4408 perscrutaris,
2635 4340 2996 4408 exiguumque
3022 4341 3215 4408 ipsum,
3245 4344 3333 4409 qui
3362 4353 3567 4397 morta-

2006 4411 2147 4465 libus
2186 4411 2368 4466 diviuo
2406 4423 2633 4463 munere
2677 4425 2970 4465 concessus
3023 4420 3127 4472 est,
3163 4413 3357 4479 perdas
3407 4426 3565 4481 aspe-

2005 4492 2172 4534 ctum.
2213 4499 2231 4532 ι
2262 4482 2361 4545 Ac,
2395 4491 2454 4549 ut
2500 4481 2686 4549 paucis
2716 4480 2879 4549 multa
2924 4481 3265 4549 contraham,
3317 4480 3568 4537 Clemens

338 4548 481 4625 in”:
504 4552 648 4625 ,ἅμα
681 4553 779 4625 μὲν
814 4548 1248 4625 meum;
1286 4548 1691 4625 xocavﬁﬂ'cwv
1722 4548 1894 4625 ἔπαρσι-

2009 4551 2170 4618 epist.
2264 4553 2330 4605 ad
2381 4548 2675 4625 iacebunt;
2710 4548 3297 4625 ΔΙιιιςιὶιιυδηἱιιωυίιιιά
3329 4552 3568 4625 Chryso-

337 4620 602 4697 Kapfidva}
650 4620 815 4697 animi
835 4640 847 4652 ·
895 4620 1263 4697 ’ἀλλ’-ὂτᾳν-τὸ
1296 4620 1415 4672 καθ’
1447 4620 1675 4697 suasi-cev
1708 4620 1900 4697 διηῩή-

338 4643 602 4689 Λαμῡανει
650 4643 847 4677 ποΛυν·
902 4643 999 4675 aM
1044 4643 1171 4674 οταν
1203 4643 1263 4673 το
1297 4643 1396 4672 καυ
1448 4643 1675 4675 εκαστον
1710 4643 1760 4677 οι
1802 4643 1808 4653 ¹

338 4690 532 4765 ξασθαι
565 4692 793 4765 βουληθῇ
840 4710 942 4765 τις,
977 4692 1155 4765 τί*
1181 4692 1632 4765 ἐστι-φῳσφόρος,
1665 4695 1717 4746 τί
1752 4643 1808 4748 ἑὲ

335 4760 585 4826 ἕσπερος,
641 4763 691 4814 τί
716 4760 798 4815 ίδέ
847 4764 908 4815 τὸ
946 4760 1067 4817 καθ⁴
1105 4762 1184 4825 ἓν,
1233 4760 1439 4815 πολλῶν
1484 4760 1744 4817 “amcam
1789 4766 1900 4819 τῶν

373 4828 617 4901 ήμᾶτων,
659 4845 764 4886 etc.
802 4853 820 4884 ι
848 4834 997 4887 Mens
1034 4835 1252 4900 quidem
1288 4832 1628 4903 velocissime
1656 4836 1899 4903 cogitat;

362 4901 518 4970 ingua
557 4917 685 4956 Vero
720 4903 902 4957 multis
936 4903 1117 4956 verbis
1150 4916 1285 4969 Opus
1317 4901 1495 4964 habet,
1530 4913 1584 4956 et
1618 4901 1783 4957 multa
1816 4901 1901 4960 iné

339 4973 720 5025 termediorum
750 4987 1056 5026 sermonum
1082 4972 1513 5025 enumeratione.
1555 4971 1729 5028 Simul
1754 4978 1899 5028 enim

340 5055 683 5095 numerosum
706 5042 940 5096 siderum
968 5043 1195 5095 chorum
1228 5041 1420 5094 Oculus
1448 5045 1897 5110 comprehendit;

337 5123 523 5162 verum
559 5114 603 5165 si
639 5114 760 5179 quis
810 5112 1019 5180 singula
1057 5124 1287 5163 narrare
1318 5113 1469 5173 velit,
1505 5113 1631 5180 quid
1682 5115 1899 5179 lucifer,

335 5180 463 5260 quid
499 5184 784 5251 besperus,
817 5184 945 5251 quid
980 5182 1428 5249 unumquodque,
1463 5182 1622 5251 longa
1654 5200 1791 5253 opus
1821 5196 1903 5240 est

335 5259 563 5307 ratione.
602 5272 620 5303 ι

495 5322 870 5375 Adnotationes
898 5319 995 5374 Fr.
1033 5318 1380 5374 Feuardentii
1414 5319 1469 5371 in
1497 5336 1613 5387 cap.
1650 5321 1742 5376 48.

404 5387 536 5460 Pag.
566 5394 686 5447 157.
729 5392 868 5445 Deus
914 5403 1107 5444 autem.
1144 5390 1293 5442 llauc
1325 5391 1649 5445 sententiam
1680 5409 1787 5448 non
1816 5409 1901 5449 se-

335 5460 440 5530 mel
498 5464 712 5530 repetit.
751 5462 877 5516 Vult
929 5472 1107 5515 autem
1147 5462 1250 5515 hoc
1304 5461 1507 5527 capite,
1549 5462 1737 5525 Deum,
1772 5479 1897 5517 cum

336 5529 408 5581 sit
436 5529 720 5599 spiritalis,
775 5532 983 5586 inﬁnita
1034 5540 1088 5584 et
1118 5532 1521 5599 supercmlestis
1566 5532 1897 5599 substantia,

337 5602 561 5654 omnino
594 5602 924 5671 simplicem,
982 5600 1239 5670 nullaque
1274 5601 1487 5654 ratione
1534 5604 1897 5671 compositum

335 5684 477 5735 esse,
508 5673 650 5741 quod
683 5684 737 5726 et
788 5688 951 5745 supra
1000 5682 1245 5725 notatum
1290 5680 1396 5726 est.
1444 5671 1550 5725 Eos
1594 5687 1745 5739 vero,
1807 5676 1895 5742 qui

328 5836 382 5891 λ⁶³
415 5834 531 5891 Lib.
561 5834 623 5890 de
678 5835 842 5891 divin.
890 5835 1073 5903 Nom.,
1128 5850 1247 5904 cap.
1288 5835 1338 5888 1.
1417 5834 1459 5867 δ’*
1488 5833 1610 5891 Lib.
1659 5849 1696 5889 ιι
1734 5831 1920 5889 Tbcol.

2010 4634 2171 4674 stom.
2199 4621 2345 4674 hom.
2392 4620 2426 4673 4
2472 4621 2525 4674 in
2571 4619 2917 4681 Matthaaum;
2957 4618 3191 4689 Cyrillus
3221 4622 3384 4675 libr.t
3434 4618 3569 4675 Tlte-

2006 4692 2177 4757 sauri,
2212 4706 2329 4759 cap.
2366 4690 2425 4753 5;
2453 4689 2750 4745 Venantius
2777 4692 2848 4761 in;
2872 4688 3204 4761 Symbolum,
3256 4703 3377 4761 post
3422 4694 3568 4746 hunc

2007 4772 2252 4815 nostrum
2304 4762 2581 4826 Irenaeum,
2621 4759 3112 4830 angelicisﬂetiam
3163 4759 3439 4815 mentibus
3487 4763 3569 4814 iu—

1999 4830 2334 4898 aspectabile
2355 4841 2412 4884 et
2466 4829 3019 4898 incomprehensibile
3055 4832 3371 4899 mysterium
3424 4833 3568 4884 istud

1997 4915 2187 4954 omnes
2227 4910 2539 4954 constanter
2597 4901 2865 4953 allirmant
2930 4918 2943 4952 :
3006 4904 3149 4969 quod
3210 4901 3469 4968 plumbei,
3513 4913 3570 4956 et

2000 4984 2126 5023 vere
2152 4970 2414 5022 σκοτεινοί
2459 4972 2851 5023 homunciones
2885 4970 3105 5038 quidam
3149 4971 3466 5038 explorasse
3510 4989 3569 5027 se

1999 5052 2053 5092 et
2082 5041 2386 5108 explicasse
2409 5040 2511 5093 sibi
2554 5041 2828 5093 videntur.

2282 5109 2535 5177 Ejusdem
2558 5110 2929 5164 adnotatione:
2962 5112 3015 5164 in
3047 5127 3167 5176 cap.
3193 5108 3282 5164 49.

2070 5177 2201 5248 Pag.
2231 5178 2349 5232 l58.
2381 5177 2504 5231 Non
2532 5196 2653 5247 ergo
2676 5196 2947 5247 magnum.
2974 5180 3190 5249 Colligit
3214 5195 3311 5234 nec
3337 5180 3565 5249 ingenii,

2000 5264 2098 5302 nec
2147 5250 2410 5303 reconditi
2460 5249 2701 5318 mysterii
2745 5264 2868 5304 esse
2932 5251 3195 5304 humanas
3245 5252 3567 5305 emissiones

2000 5321 2108 5373 Deo
2140 5322 2410 5379 tribuere;
2448 5321 2729 5372 numerium
2770 5320 3013 5373 omnium
3042 5333 3072 5372 a
3106 5319 3213 5373 Deo
3243 5322 3516 5375 conditam
3545 5340 3561 5386 ;

1997 5389 2274 5457 multaque
2324 5391 2521 5443 divina:
2594 5390 2873 5452 sapientia:
2934 5391 3369 5443 commendanda
3419 5404 3561 5445 esse.

1995 5457 2158 5511 Multa
2195 5473 2357 5526 porro
2378 5472 2445 5511 ex
2476 5466 2581 5528 vet.
2613 5461 2735 5513 cod.
2762 5458 3124 5523 restituimus,
3150 5474 3272 5526 qua:
3313 5464 3395 5527 (ut
3428 5460 3559 5514 alibi

1995 5531 2111 5582 fere
2139 5533 2372 5597 semper)
2401 5527 2623 5595 virgulis
2649 5528 2986 5600 inclusimus.
3013 5527 3277 5600 Caeterum
3308 5531 3409 5584 boc
3444 5532 3565 5583 loco

1996 5601 2412 5666 praetermittere
2450 5613 2549 5668 nec
2578 5599 2748 5666 potui,
2777 5598 2876 5653 nec
2903 5599 3085 5662 debui,
3126 5598 3429 5668 Philippum
3456 5600 3563 5654 Me-

1997 5665 2391 5722 lancbtbonem
2421 5685 2450 5722 a
2483 5665 2962 5738 Scblussclburgio
2986 5671 3053 5737 6",
3095 5665 3320 5739 aliisque
3353 5669 3557 5726 Luthe-

1979 5830 2156 5896 Calv.,
2211 5839 2314 5884 art.
2347 5828 2400 5883 6.
