  <div class='ocr_page' id='page_1' title='image "/cluster/home/n/w/nwhite01/storage/ocr_20150623/7/hvd.32044019206614/801.png"; bbox 0 0 3906 6366; ppageno 0'>
   <div class='ocr_carea' id='block_1_1' title="bbox 435 300 573 356">
    <p class='ocr_par' dir='ltr' id='par_1_1' title="bbox 435 300 573 356">
     <span class='ocr_line' id='line_1_1' title="bbox 435 300 573 356; baseline 0.014 -2"><span class='ocrx_word' id='word_1_1' title='bbox 435 300 573 356; x_wconf 69' lang='grc'><strong>1583</strong></span> 
     </span>
    </p>
   </div>
   <div class='ocr_carea' id='block_1_2' title="bbox 1728 300 2339 364">
    <p class='ocr_par' dir='ltr' id='par_1_2' title="bbox 1728 300 2339 364">
     <span class='ocr_line' id='line_1_2' title="bbox 1728 300 2339 364; baseline 0.002 -2"><span class='ocrx_word' id='word_1_2' title='bbox 1728 300 2092 362; x_wconf 67' lang='lat' dir='ltr'><strong>VARIORUM</strong></span> <span class='ocrx_word' id='word_1_3' title='bbox 2128 302 2339 364; x_wconf 67' lang='lat' dir='ltr'><strong>NOTIE</strong></span> 
     </span>
    </p>
   </div>
   <div class='ocr_carea' id='block_1_3' title="bbox 3522 275 3739 375">
    <p class='ocr_par' dir='ltr' id='par_1_3' title="bbox 3522 275 3739 375">
     <span class='ocr_line' id='line_1_3' title="bbox 3522 275 3739 375; baseline 0.005 -13"><span class='ocrx_word' id='word_1_4' title='bbox 3522 275 3739 375; x_wconf 45' lang='lat' dir='ltr'><strong>153t’_</strong></span> 
     </span>
    </p>
   </div>
   <div class='ocr_carea' id='block_1_4' title="bbox 434 424 3664 501">
    <p class='ocr_par' dir='ltr' id='par_1_4' title="bbox 434 424 3664 501">
     <span class='ocr_line' id='line_1_4' title="bbox 434 424 3664 501; baseline 0.001 -22"><span class='ocrx_word' id='word_1_5' title='bbox 434 425 910 501; x_wconf 76' lang='lat' dir='ltr'><strong>ranissymmistis</strong></span> <span class='ocrx_word' id='word_1_6' title='bbox 944 428 1342 498; x_wconf 87' lang='lat' dir='ltr'><strong>traduci,quod</strong></span> <span class='ocrx_word' id='word_1_7' title='bbox 1378 424 1646 489; x_wconf 83' lang='lat' dir='ltr'><strong>Basilidis,</strong></span> <span class='ocrx_word' id='word_1_8' title='bbox 1682 428 1991 501; x_wconf 74' lang='lat' dir='ltr'><strong>Marcionis,</strong></span> <span class='ocrx_word' id='word_1_9' title='bbox 2026 430 2067 487; x_wconf 81' lang='grc' dir='ltr'><strong>Α</strong></span> <span class='ocrx_word' id='word_1_10' title='bbox 2098 429 2287 501; x_wconf 81' lang='lat' dir='ltr'><strong>doceat</strong></span> <span class='ocrx_word' id='word_1_11' title='bbox 2315 430 2380 483; x_wconf 89' lang='lat' dir='ltr'><strong>ad</strong></span> <span class='ocrx_word' id='word_1_12' title='bbox 2407 430 2775 497; x_wconf 90' lang='lat' dir='ltr'><strong>sobrietatem,</strong></span> <span class='ocrx_word' id='word_1_13' title='bbox 2822 446 2996 501; x_wconf 85' lang='lat' dir='ltr'><strong>neque</strong></span> <span class='ocrx_word' id='word_1_14' title='bbox 3038 431 3425 485; x_wconf 81' lang='lat' dir='ltr'><strong>erubescamus</strong></span> <span class='ocrx_word' id='word_1_15' title='bbox 3465 430 3664 484; x_wconf 78' lang='lat' dir='ltr'><strong>diﬂici-</strong></span> 
     </span>
    </p>
   </div>
   <div class='ocr_carea' id='block_1_5' title="bbox 432 497 1998 567">
    <p class='ocr_par' dir='ltr' id='par_1_5' title="bbox 432 497 1998 567">
     <span class='ocr_line' id='line_1_5' title="bbox 432 497 1998 567; baseline 0.002 -17"><span class='ocrx_word' id='word_1_16' title='bbox 432 507 489 551; x_wconf 88' lang='lat' dir='ltr'><strong>et</strong></span> <span class='ocrx_word' id='word_1_17' title='bbox 516 497 854 567; x_wconf 83' lang='lat' dir='ltr'><strong>reliquorum</strong></span> <span class='ocrx_word' id='word_1_18' title='bbox 886 509 1129 554; x_wconf 88' lang='lat' dir='ltr'><strong>veterum</strong></span> <span class='ocrx_word' id='word_1_19' title='bbox 1161 497 1564 565; x_wconf 69' lang='lat' dir='ltr'><strong>haareticorum,</strong></span> <span class='ocrx_word' id='word_1_20' title='bbox 1601 514 1740 567; x_wconf 88' lang='lat' dir='ltr'><strong>quos</strong></span> <span class='ocrx_word' id='word_1_21' title='bbox 1760 499 1998 553; x_wconf 61' lang='lat' dir='ltr'><strong>lrenasus</strong></span> 
     </span>
    </p>
   </div>
   <div class='ocr_carea' id='block_1_6' title="bbox 431 569 1995 638">
    <p class='ocr_par' dir='ltr' id='par_1_6' title="bbox 431 569 1995 638">
     <span class='ocr_line' id='line_1_6' title="bbox 431 569 1995 638; baseline -0.001 -16"><span class='ocrx_word' id='word_1_22' title='bbox 431 569 809 636; x_wconf 75' lang='lat' dir='ltr'><strong>superioribus</strong></span> <span class='ocrx_word' id='word_1_23' title='bbox 848 570 1058 626; x_wconf 88' lang='lat' dir='ltr'><strong>duobus</strong></span> <span class='ocrx_word' id='word_1_24' title='bbox 1092 585 1210 637; x_wconf 87' lang='lat' dir='ltr'><strong>cap.</strong></span> <span class='ocrx_word' id='word_1_25' title='bbox 1252 577 1413 638; x_wconf 87' lang='lat' dir='ltr'><strong>atque</strong></span> <span class='ocrx_word' id='word_1_26' title='bbox 1435 570 1687 634; x_wconf 59' lang='lat' dir='ltr'><strong>praesenti</strong></span> <span class='ocrx_word' id='word_1_27' title='bbox 1724 569 1995 637; x_wconf 74' lang='lat' dir='ltr'><strong>coarguit,</strong></span> 
     </span>
    </p>
   </div>
   <div class='ocr_carea' id='block_1_7' title="bbox 434 637 1997 708">
    <p class='ocr_par' dir='ltr' id='par_1_7' title="bbox 434 637 1997 708">
     <span class='ocr_line' id='line_1_7' title="bbox 434 637 1997 708; baseline -0.001 -16"><span class='ocrx_word' id='word_1_28' title='bbox 434 637 759 694; x_wconf 68' lang='lat' dir='ltr'><strong>Stultissima</strong></span> <span class='ocrx_word' id='word_1_29' title='bbox 806 640 1065 696; x_wconf 87' lang='lat' dir='ltr'><strong>adversus</strong></span> <span class='ocrx_word' id='word_1_30' title='bbox 1098 637 1359 694; x_wconf 73' lang='lat' dir='ltr'><strong>aeternam</strong></span> <span class='ocrx_word' id='word_1_31' title='bbox 1411 638 1532 694; x_wconf 84' lang='lat' dir='ltr'><strong>Filii</strong></span> <span class='ocrx_word' id='word_1_32' title='bbox 1565 638 1659 693; x_wconf 88' lang='lat' dir='ltr'><strong>Dei</strong></span> <span class='ocrx_word' id='word_1_33' title='bbox 1693 639 1997 708; x_wconf 86' lang='lat' dir='ltr'><strong>generatio-</strong></span> 
     </span>
    </p>
   </div>
   <div class='ocr_carea' id='block_1_8' title="bbox 432 708 1995 778">
    <p class='ocr_par' dir='ltr' id='par_1_8' title="bbox 432 708 1995 778">
     <span class='ocr_line' id='line_1_8' title="bbox 432 708 1995 778; baseline -0.001 -15"><span class='ocrx_word' id='word_1_34' title='bbox 432 724 554 763; x_wconf 87' lang='lat' dir='ltr'><strong>nem</strong></span> <span class='ocrx_word' id='word_1_35' title='bbox 590 710 802 765; x_wconf 90' lang='lat' dir='ltr'><strong>somnia</strong></span> <span class='ocrx_word' id='word_1_36' title='bbox 837 724 1095 778; x_wconf 89' lang='lat' dir='ltr'><strong>reparare</strong></span> <span class='ocrx_word' id='word_1_37' title='bbox 1125 711 1274 766; x_wconf 90' lang='lat' dir='ltr'><strong>nisus</strong></span> <span class='ocrx_word' id='word_1_38' title='bbox 1315 708 1496 776; x_wconf 82' lang='lat' dir='ltr'><strong>fuerit,</strong></span> <span class='ocrx_word' id='word_1_39' title='bbox 1518 710 1770 764; x_wconf 85' lang='lat' dir='ltr'><strong>scribens</strong></span> <span class='ocrx_word' id='word_1_40' title='bbox 1804 712 1859 765; x_wconf 92' lang='lat' dir='ltr'><strong>in</strong></span> <span class='ocrx_word' id='word_1_41' title='bbox 1894 708 1995 762; x_wconf 85' lang='lat' dir='ltr'><strong>Mi-</strong></span> 
     </span>
    </p>
   </div>
   <div class='ocr_carea' id='block_1_9' title="bbox 428 779 1994 850">
    <p class='ocr_par' dir='ltr' id='par_1_9' title="bbox 428 779 1994 850">
     <span class='ocr_line' id='line_1_9' title="bbox 428 779 1994 850; baseline 0 -18"><span class='ocrx_word' id='word_1_42' title='bbox 428 779 579 833; x_wconf 85' lang='lat' dir='ltr'><strong>snico</strong></span> <span class='ocrx_word' id='word_1_43' title='bbox 611 794 837 847; x_wconf 89' lang='lat' dir='ltr'><strong>corpore</strong></span> <span class='ocrx_word' id='word_1_44' title='bbox 869 781 1145 850; x_wconf 74' lang='lat' dir='ltr'><strong>doctrinte,</strong></span> <span class='ocrx_word' id='word_1_45' title='bbox 1194 793 1316 850; x_wconf 89' lang='lat' dir='ltr'><strong>pag.</strong></span> <span class='ocrx_word' id='word_1_46' title='bbox 1358 781 1463 834; x_wconf 78' lang='grc'><strong>510</strong></span> <span class='ocrx_word' id='word_1_47' title='bbox 1502 799 1519 831; x_wconf 77' lang='lat' dir='ltr'><strong>r</strong></span> <span class='ocrx_word' id='word_1_48' title='bbox 1554 780 1703 850; x_wconf 89' lang='lat' dir='ltr'><strong>illum</strong></span> <span class='ocrx_word' id='word_1_49' title='bbox 1755 795 1877 836; x_wconf 90' lang='lat' dir='ltr'><strong>esse</strong></span> <span class='ocrx_word' id='word_1_50' title='bbox 1904 794 1994 834; x_wconf 88' lang='lat' dir='ltr'><strong>na-</strong></span> 
     </span>
    </p>
   </div>
   <div class='ocr_carea' id='block_1_10' title="bbox 363 796 1993 931">
    <p class='ocr_par' dir='ltr' id='par_1_10' title="bbox 363 796 1993 931">
     <span class='ocr_line' id='line_1_10' title="bbox 428 796 1993 850; baseline 0 -18"><span class='ocrx_word' id='word_1_51' title='bbox 428 796 579 833; x_wconf 85' lang='lat' dir='ltr'><strong>smco</strong></span> <span class='ocrx_word' id='word_1_52' title='bbox 611 796 837 847; x_wconf 88' lang='lat' dir='ltr'><strong>corpore</strong></span> <span class='ocrx_word' id='word_1_53' title='bbox 869 796 1145 843; x_wconf 83' lang='lat' dir='ltr'><strong>aoctrimc,</strong></span> <span class='ocrx_word' id='word_1_54' title='bbox 1194 796 1257 850; x_wconf 91' lang='lat' dir='ltr'><strong>pa</strong></span> <span class='ocrx_word' id='word_1_55' title='bbox 1303 820 1316 834; x_wconf 92' lang='lat'><strong>.</strong></span> <span class='ocrx_word' id='word_1_56' title='bbox 1358 796 1463 834; x_wconf 79' lang='lat' dir='ltr'><strong>ow</strong></span> <span class='ocrx_word' id='word_1_57' title='bbox 1502 799 1519 831; x_wconf 73' lang='grc' dir='ltr'>ς</span> <span class='ocrx_word' id='word_1_58' title='bbox 1554 796 1703 833; x_wconf 78' lang='lat' dir='ltr'><strong>tuum</strong></span> <span class='ocrx_word' id='word_1_59' title='bbox 1755 796 1877 836; x_wconf 90' lang='lat' dir='ltr'><strong>esse</strong></span> <span class='ocrx_word' id='word_1_60' title='bbox 1904 796 1993 834; x_wconf 88' lang='lat' dir='ltr'><strong>na-</strong></span> 
     </span>
     <span class='ocr_line' id='line_1_11' title="bbox 363 796 1993 931; baseline 0.001 -30"><span class='ocrx_word' id='word_1_61' title='bbox 363 902 370 927; x_wconf 31' lang='lat'>;</span> <span class='ocrx_word' id='word_1_62' title='bbox 432 859 544 931; x_wconf 80' lang='lat' dir='ltr'><strong>tum</strong></span> <span class='ocrx_word' id='word_1_63' title='bbox 583 851 930 931; x_wconf 43' lang='lat' dir='ltr'><strong>cogitatione.</strong></span> <span class='ocrx_word' id='word_1_64' title='bbox 953 847 1153 931; x_wconf 76' lang='lat' dir='ltr'><strong>Patris.</strong></span> <span class='ocrx_word' id='word_1_65' title='bbox 1196 870 1214 903; x_wconf 76' lang='grc' dir='ltr'><strong>ι</strong></span> <span class='ocrx_word' id='word_1_66' title='bbox 1251 796 1864 931; x_wconf 53' lang='lat' dir='ltr'><strong>gonpotestnijleclesia,</strong></span> <span class='ocrx_word' id='word_1_67' title='bbox 1910 849 1993 903; x_wconf 89' lang='lat' dir='ltr'><strong>in-</strong></span> 
     </span>
    </p>
   </div>
   <div class='ocr_carea' id='block_1_11' title="bbox 428 919 1987 991">
    <p class='ocr_par' dir='ltr' id='par_1_11' title="bbox 428 919 1987 991">
     <span class='ocr_line' id='line_1_12' title="bbox 428 919 1987 991; baseline 0.004 -23"><span class='ocrx_word' id='word_1_68' title='bbox 428 919 647 991; x_wconf 76' lang='lat' dir='ltr'><strong>quiunt,</strong></span> <span class='ocrx_word' id='word_1_69' title='bbox 678 922 818 975; x_wconf 89' lang='lat' dir='ltr'><strong>hanc</strong></span> <span class='ocrx_word' id='word_1_70' title='bbox 844 919 1152 989; x_wconf 84' lang='lat' dir='ltr'><strong>opinionem</strong></span> <span class='ocrx_word' id='word_1_71' title='bbox 1181 936 1281 991; x_wconf 90' lang='lat' dir='ltr'><strong>pro</strong></span> <span class='ocrx_word' id='word_1_72' title='bbox 1308 919 1538 991; x_wconf 87' lang='lat' dir='ltr'><strong>articulo</strong></span> <span class='ocrx_word' id='word_1_73' title='bbox 1560 920 1680 974; x_wconf 75' lang='lat' dir='ltr'><strong>fidei</strong></span> <span class='ocrx_word' id='word_1_74' title='bbox 1709 920 1947 975; x_wconf 91' lang='lat' dir='ltr'><strong>tolerare</strong></span> <span class='ocrx_word' id='word_1_75' title='bbox 1972 936 1987 975; x_wconf 90' lang='lat'><strong>:</strong></span> 
     </span>
    </p>
   </div>
   <div class='ocr_carea' id='block_1_12' title="bbox 426 989 1987 1058">
    <p class='ocr_par' dir='ltr' id='par_1_12' title="bbox 426 989 1987 1058">
     <span class='ocr_line' id='line_1_13' title="bbox 426 989 1987 1058; baseline 0.001 -17"><span class='ocrx_word' id='word_1_76' title='bbox 426 991 483 1041; x_wconf 68' lang='grc' dir='ltr'><strong>1ο</strong></span> <span class='ocrx_word' id='word_1_77' title='bbox 516 989 651 1054; x_wconf 87' lang='lat' dir='ltr'><strong>Quia</strong></span> <span class='ocrx_word' id='word_1_78' title='bbox 686 990 890 1045; x_wconf 87' lang='lat' dir='ltr'><strong>nullum</strong></span> <span class='ocrx_word' id='word_1_79' title='bbox 927 989 1268 1045; x_wconf 78' lang='lat' dir='ltr'><strong>manifestum</strong></span> <span class='ocrx_word' id='word_1_80' title='bbox 1299 990 1593 1058; x_wconf 77' lang='lat' dir='ltr'><strong>Scripturte</strong></span> <span class='ocrx_word' id='word_1_81' title='bbox 1621 990 1987 1046; x_wconf 90' lang='lat' dir='ltr'><strong>testimonium</strong></span> 
     </span>
    </p>
   </div>
   <div class='ocr_carea' id='block_1_13' title="bbox 424 1060 1987 1128">
    <p class='ocr_par' dir='ltr' id='par_1_13' title="bbox 424 1060 1987 1128">
     <span class='ocr_line' id='line_1_14' title="bbox 424 1060 1987 1128; baseline 0.001 -16"><span class='ocrx_word' id='word_1_82' title='bbox 424 1073 523 1124; x_wconf 91' lang='lat' dir='ltr'><strong>pro</strong></span> <span class='ocrx_word' id='word_1_83' title='bbox 553 1075 616 1114; x_wconf 91' lang='lat' dir='ltr'><strong>ea</strong></span> <span class='ocrx_word' id='word_1_84' title='bbox 638 1075 693 1113; x_wconf 89' lang='lat' dir='ltr'><strong>re</strong></span> <span class='ocrx_word' id='word_1_85' title='bbox 723 1062 974 1117; x_wconf 90' lang='lat' dir='ltr'><strong>habetur.</strong></span> <span class='ocrx_word' id='word_1_86' title='bbox 1006 1061 1065 1114; x_wconf 71' lang='grc'><strong>2·</strong></span> <span class='ocrx_word' id='word_1_87' title='bbox 1091 1062 1224 1128; x_wconf 83' lang='lat' dir='ltr'><strong>Quia</strong></span> <span class='ocrx_word' id='word_1_88' title='bbox 1255 1070 1334 1115; x_wconf 89' lang='lat' dir='ltr'><strong>est</strong></span> <span class='ocrx_word' id='word_1_89' title='bbox 1354 1060 1623 1114; x_wconf 91' lang='lat' dir='ltr'><strong>somnium</strong></span> <span class='ocrx_word' id='word_1_90' title='bbox 1652 1076 1755 1115; x_wconf 91' lang='lat' dir='ltr'><strong>non</strong></span> <span class='ocrx_word' id='word_1_91' title='bbox 1782 1069 1987 1114; x_wconf 88' lang='lat' dir='ltr'><strong>tantum</strong></span> 
     </span>
    </p>
   </div>
   <div class='ocr_carea' id='block_1_14' title="bbox 422 1128 1986 1199">
    <p class='ocr_par' dir='ltr' id='par_1_14' title="bbox 422 1128 1986 1199">
     <span class='ocr_line' id='line_1_15' title="bbox 422 1128 1986 1199; baseline 0.003 -20"><span class='ocrx_word' id='word_1_92' title='bbox 422 1128 600 1199; x_wconf 63' lang='lat' dir='ltr'><strong>stultae</strong></span> <span class='ocrx_word' id='word_1_93' title='bbox 636 1131 865 1186; x_wconf 83' lang='lat' dir='ltr'><strong>rationis</strong></span> <span class='ocrx_word' id='word_1_94' title='bbox 912 1147 974 1185; x_wconf 91' lang='lat' dir='ltr'><strong>ac</strong></span> <span class='ocrx_word' id='word_1_95' title='bbox 1003 1132 1384 1199; x_wconf 62' lang='lat' dir='ltr'><strong>philosophiaa,</strong></span> <span class='ocrx_word' id='word_1_96' title='bbox 1421 1132 1512 1184; x_wconf 84' lang='lat' dir='ltr'><strong>sed</strong></span> <span class='ocrx_word' id='word_1_97' title='bbox 1543 1131 1705 1185; x_wconf 89' lang='lat' dir='ltr'><strong>etiam</strong></span> <span class='ocrx_word' id='word_1_98' title='bbox 1745 1142 1986 1185; x_wconf 86' lang='lat' dir='ltr'><strong>veterum</strong></span> 
     </span>
    </p>
   </div>
   <div class='ocr_carea' id='block_1_15' title="bbox 421 1198 1986 1271">
    <p class='ocr_par' dir='ltr' id='par_1_15' title="bbox 421 1198 1986 1271">
     <span class='ocr_line' id='line_1_16' title="bbox 421 1198 1986 1271; baseline 0.002 -21"><span class='ocrx_word' id='word_1_99' title='bbox 421 1198 823 1258; x_wconf 67' lang='lat' dir='ltr'><strong>haereticorum.</strong></span> <span class='ocrx_word' id='word_1_100' title='bbox 862 1205 920 1257; x_wconf 75' lang='grc'><strong>5·</strong></span> <span class='ocrx_word' id='word_1_101' title='bbox 954 1198 1088 1269; x_wconf 84' lang='lat' dir='ltr'><strong>Quia</strong></span> <span class='ocrx_word' id='word_1_102' title='bbox 1120 1204 1171 1257; x_wconf 89' lang='lat' dir='ltr'><strong>in</strong></span> <span class='ocrx_word' id='word_1_103' title='bbox 1200 1198 1475 1271; x_wconf 83' lang='lat' dir='ltr'><strong>primitiva</strong></span> <span class='ocrx_word' id='word_1_104' title='bbox 1506 1200 1748 1255; x_wconf 85' lang='lat' dir='ltr'><strong>Ecclesia</strong></span> <span class='ocrx_word' id='word_1_105' title='bbox 1778 1202 1866 1256; x_wconf 92' lang='lat' dir='ltr'><strong>hic</strong></span> <span class='ocrx_word' id='word_1_106' title='bbox 1895 1216 1986 1253; x_wconf 88' lang='lat' dir='ltr'><strong>cr-</strong></span> 
     </span>
    </p>
   </div>
   <div class='ocr_carea' id='block_1_16' title="bbox 419 1272 1979 1340">
    <p class='ocr_par' dir='ltr' id='par_1_16' title="bbox 419 1272 1979 1340">
     <span class='ocr_line' id='line_1_17' title="bbox 419 1272 1979 1340; baseline 0.004 -19"><span class='ocrx_word' id='word_1_107' title='bbox 419 1282 511 1340; x_wconf 77' lang='lat' dir='ltr'><strong>ror</strong></span> <span class='ocrx_word' id='word_1_108' title='bbox 536 1282 619 1340; x_wconf 90' lang='lat' dir='ltr'><strong>est</strong></span> <span class='ocrx_word' id='word_1_109' title='bbox 643 1273 965 1340; x_wconf 83' lang='lat' dir='ltr'><strong>gravissime</strong></span> <span class='ocrx_word' id='word_1_110' title='bbox 990 1273 1298 1335; x_wconf 88' lang='lat' dir='ltr'><strong>damnatus,</strong></span> <span class='ocrx_word' id='word_1_111' title='bbox 1329 1279 1385 1323; x_wconf 90' lang='lat' dir='ltr'><strong>ut</strong></span> <span class='ocrx_word' id='word_1_112' title='bbox 1411 1286 1476 1323; x_wconf 77' lang='lat' dir='ltr'><strong>ex</strong></span> <span class='ocrx_word' id='word_1_113' title='bbox 1512 1272 1713 1325; x_wconf 71' lang='lat' dir='ltr'><strong>lreuaao</strong></span> <span class='ocrx_word' id='word_1_114' title='bbox 1737 1279 1979 1339; x_wconf 81' lang='lat' dir='ltr'><strong>apparet.</strong></span> 
     </span>
    </p>
   </div>
   <div class='ocr_carea' id='block_1_17' title="bbox 417 1337 1985 1413">
    <p class='ocr_par' dir='ltr' id='par_1_17' title="bbox 417 1337 1985 1413">
     <span class='ocr_line' id='line_1_18' title="bbox 417 1337 1985 1413; baseline 0.003 -23"><span class='ocrx_word' id='word_1_115' title='bbox 417 1337 482 1390; x_wconf 72' lang='lat'><strong>4°</strong></span> <span class='ocrx_word' id='word_1_116' title='bbox 515 1337 801 1413; x_wconf 43' lang='lat' dir='ltr'><strong>Quia—non</strong></span> <span class='ocrx_word' id='word_1_117' title='bbox 844 1342 1029 1413; x_wconf 90' lang='lat' dir='ltr'><strong>procul</strong></span> <span class='ocrx_word' id='word_1_118' title='bbox 1070 1342 1362 1413; x_wconf 80' lang='lat' dir='ltr'><strong>discedita</strong></span> <span class='ocrx_word' id='word_1_119' title='bbox 1398 1340 1739 1413; x_wconf 13' lang='lat' dir='ltr'><strong>Samosatﬁeni</strong></span> <span class='ocrx_word' id='word_1_120' title='bbox 1772 1337 1830 1397; x_wconf 81' lang='lat' dir='ltr'><strong>et</strong></span> <span class='ocrx_word' id='word_1_121' title='bbox 1864 1341 1985 1413; x_wconf 60' lang='lat' dir='ltr'><strong>Ser.</strong></span> 
     </span>
    </p>
   </div>
   <div class='ocr_carea' id='block_1_18' title="bbox 416 1410 1983 1481">
    <p class='ocr_par' dir='ltr' id='par_1_18' title="bbox 416 1410 1983 1481">
     <span class='ocr_line' id='line_1_19' title="bbox 416 1410 1983 1481; baseline 0.003 -20"><span class='ocrx_word' id='word_1_122' title='bbox 416 1410 527 1481; x_wconf 80' lang='lat' dir='ltr'><strong>veti</strong></span> <span class='ocrx_word' id='word_1_123' title='bbox 561 1411 722 1478; x_wconf 91' lang='lat' dir='ltr'><strong>impia</strong></span> <span class='ocrx_word' id='word_1_124' title='bbox 747 1410 1142 1481; x_wconf 78' lang='lat' dir='ltr'><strong>speculatione,</strong></span> <span class='ocrx_word' id='word_1_125' title='bbox 1174 1413 1266 1480; x_wconf 87' lang='lat' dir='ltr'><strong>qui</strong></span> <span class='ocrx_word' id='word_1_126' title='bbox 1292 1411 1566 1472; x_wconf 83' lang='lat' dir='ltr'><strong>dixerunt,</strong></span> <span class='ocrx_word' id='word_1_127' title='bbox 1615 1411 1845 1467; x_wconf 85' lang='lat' dir='ltr'><strong>Verbum</strong></span> <span class='ocrx_word' id='word_1_128' title='bbox 1879 1410 1983 1466; x_wconf 87' lang='lat' dir='ltr'><strong>Pa-</strong></span> 
     </span>
    </p>
   </div>
   <div class='ocr_carea' id='block_1_19' title="bbox 416 1479 1982 1552">
    <p class='ocr_par' dir='ltr' id='par_1_19' title="bbox 416 1479 1982 1552">
     <span class='ocr_line' id='line_1_20' title="bbox 416 1479 1982 1552; baseline 0.004 -23"><span class='ocrx_word' id='word_1_129' title='bbox 416 1479 519 1532; x_wconf 88' lang='lat' dir='ltr'><strong>tris</strong></span> <span class='ocrx_word' id='word_1_130' title='bbox 550 1493 673 1534; x_wconf 79' lang='lat' dir='ltr'><strong>esse</strong></span> <span class='ocrx_word' id='word_1_131' title='bbox 708 1479 1096 1552; x_wconf 77' lang='lat' dir='ltr'><strong>cogitationem</strong></span> <span class='ocrx_word' id='word_1_132' title='bbox 1150 1479 1588 1552; x_wconf 78' lang='lat' dir='ltr'><strong>evanescentem.</strong></span> <span class='ocrx_word' id='word_1_133' title='bbox 1639 1480 1710 1552; x_wconf 15' lang='lat'><strong>5°,</strong></span> <span class='ocrx_word' id='word_1_134' title='bbox 1755 1481 1831 1535; x_wconf 83' lang='lat' dir='ltr'><strong>Ex</strong></span> <span class='ocrx_word' id='word_1_135' title='bbox 1876 1482 1982 1537; x_wconf 90' lang='lat' dir='ltr'><strong>hoc</strong></span> 
     </span>
    </p>
   </div>
   <div class='ocr_carea' id='block_1_20' title="bbox 414 1551 1981 1621">
    <p class='ocr_par' dir='ltr' id='par_1_20' title="bbox 414 1551 1981 1621">
     <span class='ocr_line' id='line_1_21' title="bbox 414 1551 1981 1621; baseline 0.006 -23"><span class='ocrx_word' id='word_1_136' title='bbox 414 1561 719 1621; x_wconf 77' lang='lat' dir='ltr'><strong>sequuntur</strong></span> <span class='ocrx_word' id='word_1_137' title='bbox 746 1551 915 1607; x_wconf 89' lang='lat' dir='ltr'><strong>multa</strong></span> <span class='ocrx_word' id='word_1_138' title='bbox 946 1553 1131 1621; x_wconf 87' lang='lat' dir='ltr'><strong>impia.</strong></span> <span class='ocrx_word' id='word_1_139' title='bbox 1162 1551 1298 1606; x_wconf 84' lang='lat' dir='ltr'><strong>Nam</strong></span> <span class='ocrx_word' id='word_1_140' title='bbox 1331 1552 1374 1606; x_wconf 91' lang='lat' dir='ltr'><strong>si</strong></span> <span class='ocrx_word' id='word_1_141' title='bbox 1410 1552 1671 1619; x_wconf 80' lang='lat' dir='ltr'><strong>cogitatio</strong></span> <span class='ocrx_word' id='word_1_142' title='bbox 1693 1551 1874 1606; x_wconf 85' lang='lat' dir='ltr'><strong>Patris</strong></span> <span class='ocrx_word' id='word_1_143' title='bbox 1899 1563 1981 1607; x_wconf 91' lang='lat' dir='ltr'><strong>est</strong></span> 
     </span>
    </p>
   </div>
   <div class='ocr_carea' id='block_1_21' title="bbox 414 1616 1982 1693">
    <p class='ocr_par' dir='ltr' id='par_1_21' title="bbox 414 1616 1982 1693">
     <span class='ocr_line' id='line_1_22' title="bbox 414 1616 1982 1693; baseline 0.004 -24"><span class='ocrx_word' id='word_1_144' title='bbox 414 1616 715 1693; x_wconf 59' lang='grc' dir='ltr'><strong>ὑπόςξτᾳσις</strong></span> <span class='ocrx_word' id='word_1_145' title='bbox 738 1616 1136 1693; x_wconf 49' lang='grc' dir='ltr'><strong>εερεινειιαζοιιι·</strong></span> <span class='ocrx_word' id='word_1_146' title='bbox 1161 1639 1265 1677; x_wconf 90' lang='lat' dir='ltr'><strong>nou</strong></span> <span class='ocrx_word' id='word_1_147' title='bbox 1295 1630 1350 1675; x_wconf 91' lang='lat' dir='ltr'><strong>et</strong></span> <span class='ocrx_word' id='word_1_148' title='bbox 1375 1616 1575 1693; x_wconf 58' lang='lat' dir='ltr'><strong>Filiiet</strong></span> <span class='ocrx_word' id='word_1_149' title='bbox 1596 1620 1832 1693; x_wconf 90' lang='lat' dir='ltr'><strong>Spiritus</strong></span> <span class='ocrx_word' id='word_1_150' title='bbox 1855 1637 1982 1678; x_wconf 85' lang='lat' dir='ltr'><strong>san-</strong></span> 
     </span>
    </p>
   </div>
   <div class='ocr_carea' id='block_1_22' title="bbox 415 1689 1977 1764">
    <p class='ocr_par' dir='ltr' id='par_1_22' title="bbox 415 1689 1977 1764">
     <span class='ocr_line' id='line_1_23' title="bbox 415 1689 1977 1764; baseline 0.004 -24"><span class='ocrx_word' id='word_1_151' title='bbox 415 1689 660 1764; x_wconf 84' lang='lat' dir='ltr'><strong>cti._6°Si</strong></span> <span class='ocrx_word' id='word_1_152' title='bbox 706 1689 926 1764; x_wconf 76' lang='lat' dir='ltr'><strong>separes</strong></span> <span class='ocrx_word' id='word_1_153' title='bbox 950 1709 977 1746; x_wconf 91' lang='lat' dir='ltr'><strong>a</strong></span> <span class='ocrx_word' id='word_1_154' title='bbox 1004 1692 1185 1747; x_wconf 86' lang='lat' dir='ltr'><strong>Patris</strong></span> <span class='ocrx_word' id='word_1_155' title='bbox 1208 1706 1436 1759; x_wconf 87' lang='lat' dir='ltr'><strong>persona</strong></span> <span class='ocrx_word' id='word_1_156' title='bbox 1462 1691 1578 1764; x_wconf 84' lang='lat' dir='ltr'><strong>ejus</strong></span> <span class='ocrx_word' id='word_1_157' title='bbox 1595 1689 1977 1764; x_wconf 84' lang='lat' dir='ltr'><strong>substantiales</strong></span> 
     </span>
    </p>
   </div>
   <div class='ocr_carea' id='block_1_23' title="bbox 2101 498 3667 573">
    <p class='ocr_par' dir='ltr' id='par_1_23' title="bbox 2101 498 3667 573">
     <span class='ocr_line' id='line_1_24' title="bbox 2101 498 3667 573; baseline 0.003 -21"><span class='ocrx_word' id='word_1_158' title='bbox 2101 498 2232 573; x_wconf 82' lang='lat' dir='ltr'><strong>lium</strong></span> <span class='ocrx_word' id='word_1_159' title='bbox 2263 503 2620 573; x_wconf 69' lang='lat' dir='ltr'><strong>quaestionum</strong></span> <span class='ocrx_word' id='word_1_160' title='bbox 2655 498 2995 573; x_wconf 77' lang='lat' dir='ltr'><strong>laliyrintlios</strong></span> <span class='ocrx_word' id='word_1_161' title='bbox 3030 502 3149 573; x_wconf 92' lang='lat' dir='ltr'><strong>Deo</strong></span> <span class='ocrx_word' id='word_1_162' title='bbox 3164 515 3479 573; x_wconf 78' lang='lat' dir='ltr'><strong>reservare.</strong></span> <span class='ocrx_word' id='word_1_163' title='bbox 3515 500 3667 556; x_wconf 79' lang='lat' dir='ltr'><strong>lianc</strong></span> 
     </span>
    </p>
   </div>
   <div class='ocr_carea' id='block_1_24' title="bbox 2099 569 3665 640">
    <p class='ocr_par' dir='ltr' id='par_1_24' title="bbox 2099 569 3665 640">
     <span class='ocr_line' id='line_1_25' title="bbox 2099 569 3665 640; baseline 0.001 -17"><span class='ocrx_word' id='word_1_164' title='bbox 2099 569 2287 624; x_wconf 70' lang='lat' dir='ltr'><strong>Irenzci</strong></span> <span class='ocrx_word' id='word_1_165' title='bbox 2338 581 2573 626; x_wconf 88' lang='lat' dir='ltr'><strong>mentem</strong></span> <span class='ocrx_word' id='word_1_166' title='bbox 2614 569 2758 637; x_wconf 78' lang='lat' dir='ltr'><strong>esse,</strong></span> <span class='ocrx_word' id='word_1_167' title='bbox 2790 588 3025 636; x_wconf 89' lang='lat' dir='ltr'><strong>mecum,</strong></span> <span class='ocrx_word' id='word_1_168' title='bbox 3072 571 3338 634; x_wconf 84' lang='lat' dir='ltr'><strong>arbitror,</strong></span> <span class='ocrx_word' id='word_1_169' title='bbox 3366 572 3665 640; x_wconf 85' lang='lat' dir='ltr'><strong>judicabit,</strong></span> 
     </span>
    </p>
   </div>
   <div class='ocr_carea' id='block_1_25' title="bbox 2096 640 3665 709">
    <p class='ocr_par' dir='ltr' id='par_1_25' title="bbox 2096 640 3665 709">
     <span class='ocr_line' id='line_1_26' title="bbox 2096 640 3665 709; baseline 0.001 -17"><span class='ocrx_word' id='word_1_170' title='bbox 2096 640 2346 708; x_wconf 85' lang='lat' dir='ltr'><strong>quisquis</strong></span> <span class='ocrx_word' id='word_1_171' title='bbox 2384 643 2492 709; x_wconf 89' lang='lat' dir='ltr'><strong>pie,</strong></span> <span class='ocrx_word' id='word_1_172' title='bbox 2524 654 2801 706; x_wconf 89' lang='lat' dir='ltr'><strong>accurate,</strong></span> <span class='ocrx_word' id='word_1_173' title='bbox 2827 654 2882 697; x_wconf 91' lang='lat' dir='ltr'><strong>et</strong></span> <span class='ocrx_word' id='word_1_174' title='bbox 2906 644 3069 697; x_wconf 91' lang='lat' dir='ltr'><strong>nullis</strong></span> <span class='ocrx_word' id='word_1_175' title='bbox 3098 656 3348 695; x_wconf 91' lang='lat' dir='ltr'><strong>errorum</strong></span> <span class='ocrx_word' id='word_1_176' title='bbox 3384 643 3665 709; x_wconf 86' lang='lat' dir='ltr'><strong>passioni-</strong></span> 
     </span>
    </p>
   </div>
   <div class='ocr_carea' id='block_1_26' title="bbox 2096 710 3666 782">
    <p class='ocr_par' dir='ltr' id='par_1_26' title="bbox 2096 710 3666 782">
     <span class='ocr_line' id='line_1_27' title="bbox 2096 710 3666 782; baseline 0.001 -18"><span class='ocrx_word' id='word_1_177' title='bbox 2096 712 2200 782; x_wconf 86' lang='lat' dir='ltr'><strong>bus</strong></span> <span class='ocrx_word' id='word_1_178' title='bbox 2249 710 2303 766; x_wconf 91' lang='lat' dir='ltr'><strong>in</strong></span> <span class='ocrx_word' id='word_1_179' title='bbox 2353 721 2723 768; x_wconf 86' lang='lat' dir='ltr'><strong>transversum</strong></span> <span class='ocrx_word' id='word_1_180' title='bbox 2777 724 2904 768; x_wconf 89' lang='lat' dir='ltr'><strong>acto</strong></span> <span class='ocrx_word' id='word_1_181' title='bbox 2967 714 3151 767; x_wconf 87' lang='lat' dir='ltr'><strong>animo</strong></span> <span class='ocrx_word' id='word_1_182' title='bbox 3216 712 3496 782; x_wconf 85' lang='lat' dir='ltr'><strong>superiora</strong></span> <span class='ocrx_word' id='word_1_183' title='bbox 3540 712 3666 781; x_wconf 84' lang='lat' dir='ltr'><strong>ejus</strong></span> 
     </span>
    </p>
   </div>
   <div class='ocr_carea' id='block_1_27' title="bbox 2093 780 3200 853">
    <p class='ocr_par' dir='ltr' id='par_1_27' title="bbox 2093 780 3200 853">
     <span class='ocr_line' id='line_1_28' title="bbox 2093 780 3200 853; baseline 0 -17"><span class='ocrx_word' id='word_1_184' title='bbox 2093 780 2295 853; x_wconf 66' lang='lat' dir='ltr'><strong>scripta</strong></span> <span class='ocrx_word' id='word_1_185' title='bbox 2323 795 2444 836; x_wconf 88' lang='lat' dir='ltr'><strong>cum</strong></span> <span class='ocrx_word' id='word_1_186' title='bbox 2470 784 2832 853; x_wconf 70' lang='lat' dir='ltr'><strong>praesentibus</strong></span> <span class='ocrx_word' id='word_1_187' title='bbox 2856 783 3200 853; x_wconf 77' lang='lat' dir='ltr'><strong>oxpenderit.</strong></span> 
     </span>
    </p>
   </div>
   <div class='ocr_carea' id='block_1_28' title="bbox 2165 850 3663 922">
    <p class='ocr_par' dir='ltr' id='par_1_28' title="bbox 2165 850 3663 922">
     <span class='ocr_line' id='line_1_29' title="bbox 2165 850 3663 922; baseline -0.001 -17"><span class='ocrx_word' id='word_1_188' title='bbox 2165 850 2453 918; x_wconf 62' lang='lat' dir='ltr'><strong>Craterum,</strong></span> <span class='ocrx_word' id='word_1_189' title='bbox 2473 850 2827 909; x_wconf 56' lang='lat' dir='ltr'><strong>sententiam</strong></span> <span class='ocrx_word' id='word_1_190' title='bbox 2863 850 3005 917; x_wconf 78' lang='lat' dir='ltr'><strong>eain,</strong></span> <span class='ocrx_word' id='word_1_191' title='bbox 3037 867 3146 922; x_wconf 85' lang='lat' dir='ltr'><strong>qua</strong></span> <span class='ocrx_word' id='word_1_192' title='bbox 3192 850 3405 905; x_wconf 78' lang='lat' dir='ltr'><strong>videtur</strong></span> <span class='ocrx_word' id='word_1_193' title='bbox 3430 851 3663 905; x_wconf 80' lang='lat' dir='ltr'><strong>Marcus</strong></span> 
     </span>
    </p>
   </div>
   <div class='ocr_carea' id='block_1_29' title="bbox 2092 919 3666 992">
    <p class='ocr_par' dir='ltr' id='par_1_29' title="bbox 2092 919 3666 992">
     <span class='ocr_line' id='line_1_30' title="bbox 2092 919 3666 992; baseline 0.001 -18"><span class='ocrx_word' id='word_1_194' title='bbox 2092 919 2280 992; x_wconf 84' lang='lat' dir='ltr'><strong>horam</strong></span> <span class='ocrx_word' id='word_1_195' title='bbox 2308 931 2362 976; x_wconf 90' lang='lat' dir='ltr'><strong>et</strong></span> <span class='ocrx_word' id='word_1_196' title='bbox 2390 923 2530 977; x_wconf 90' lang='lat' dir='ltr'><strong>diem</strong></span> <span class='ocrx_word' id='word_1_197' title='bbox 2572 922 2767 992; x_wconf 89' lang='lat' dir='ltr'><strong>judicii</strong></span> <span class='ocrx_word' id='word_1_198' title='bbox 2811 919 3089 978; x_wconf 83' lang='lat' dir='ltr'><strong>Christum</strong></span> <span class='ocrx_word' id='word_1_199' title='bbox 3126 936 3279 992; x_wconf 75' lang='lat' dir='ltr'><strong>aeque</strong></span> <span class='ocrx_word' id='word_1_200' title='bbox 3325 935 3389 976; x_wconf 90' lang='lat' dir='ltr'><strong>ac</strong></span> <span class='ocrx_word' id='word_1_201' title='bbox 3434 921 3666 990; x_wconf 77' lang='lat' dir='ltr'><strong>angelos</strong></span> 
     </span>
    </p>
   </div>
   <div class='ocr_carea' id='block_1_30' title="bbox 2091 990 3665 1062">
    <p class='ocr_par' dir='ltr' id='par_1_30' title="bbox 2091 990 3665 1062">
     <span class='ocr_line' id='line_1_31' title="bbox 2091 990 3665 1062; baseline 0.001 -18"><span class='ocrx_word' id='word_1_202' title='bbox 2091 990 2260 1046; x_wconf 88' lang='lat' dir='ltr'><strong>latere</strong></span> <span class='ocrx_word' id='word_1_203' title='bbox 2287 992 2541 1055; x_wconf 89' lang='lat' dir='ltr'><strong>voluisse,</strong></span> <span class='ocrx_word' id='word_1_204' title='bbox 2577 990 2780 1048; x_wconf 24' lang='lat' dir='ltr'><strong>‘Ariani</strong></span> <span class='ocrx_word' id='word_1_205' title='bbox 2810 993 2939 1047; x_wconf 90' lang='lat' dir='ltr'><strong>olim</strong></span> <span class='ocrx_word' id='word_1_206' title='bbox 2987 991 3329 1062; x_wconf 79' lang='lat' dir='ltr'><strong>torquebant,</strong></span> <span class='ocrx_word' id='word_1_207' title='bbox 3373 1004 3433 1046; x_wconf 92' lang='lat' dir='ltr'><strong>ut</strong></span> <span class='ocrx_word' id='word_1_208' title='bbox 3482 994 3665 1061; x_wconf 75' lang='lat' dir='ltr'><strong>ipsam</strong></span> 
     </span>
    </p>
   </div>
   <div class='ocr_carea' id='block_1_31' title="bbox 2090 1058 3661 1134">
    <p class='ocr_par' dir='ltr' id='par_1_31' title="bbox 2090 1058 3661 1134">
     <span class='ocr_line' id='line_1_32' title="bbox 2090 1058 3661 1134; baseline -0.001 -19"><span class='ocrx_word' id='word_1_209' title='bbox 2090 1072 2397 1116; x_wconf 87' lang='lat' dir='ltr'><strong>creaturam</strong></span> <span class='ocrx_word' id='word_1_210' title='bbox 2462 1079 2601 1131; x_wconf 89' lang='lat' dir='ltr'><strong>esse,</strong></span> <span class='ocrx_word' id='word_1_211' title='bbox 2651 1074 2705 1118; x_wconf 88' lang='lat' dir='ltr'><strong>et</strong></span> <span class='ocrx_word' id='word_1_212' title='bbox 2756 1058 3253 1134; x_wconf 52' lang='lat' dir='ltr'><strong>neutiquam&#39;Patri</strong></span> <span class='ocrx_word' id='word_1_213' title='bbox 3289 1058 3661 1134; x_wconf 75' lang='lat' dir='ltr'><strong>homoousion</strong></span> 
     </span>
    </p>
   </div>
   <div class='ocr_carea' id='block_1_32' title="bbox 2090 1131 3661 1204">
    <p class='ocr_par' dir='ltr' id='par_1_32' title="bbox 2090 1131 3661 1204">
     <span class='ocr_line' id='line_1_33' title="bbox 2090 1131 3661 1204; baseline -0.001 -21"><span class='ocrx_word' id='word_1_214' title='bbox 2090 1141 2416 1204; x_wconf 68' lang='lat' dir='ltr'><strong>assererem,</strong></span> <span class='ocrx_word' id='word_1_215' title='bbox 2444 1133 2899 1204; x_wconf 74' lang='lat' dir='ltr'><strong>quemadmodum</strong></span> <span class='ocrx_word' id='word_1_216' title='bbox 2925 1131 3285 1188; x_wconf 39' lang='lat' dir='ltr'><strong>‘Athanasius</strong></span> <span class='ocrx_word' id='word_1_217' title='bbox 3313 1134 3359 1204; x_wconf 54' lang='grc' dir='ltr'><strong>αξ</strong></span> <span class='ocrx_word' id='word_1_218' title='bbox 3393 1143 3449 1204; x_wconf 65' lang='lat' dir='ltr'><strong>et</strong></span> <span class='ocrx_word' id='word_1_219' title='bbox 3504 1131 3661 1204; x_wconf 60' lang='lat' dir='ltr'><strong>iiiis-</strong></span> 
     </span>
    </p>
   </div>
   <div class='ocr_carea' id='block_1_33' title="bbox 2089 1200 3657 1274">
    <p class='ocr_par' dir='ltr' id='par_1_33' title="bbox 2089 1200 3657 1274">
     <span class='ocr_line' id='line_1_34' title="bbox 2089 1200 3657 1274; baseline -0.003 -19"><span class='ocrx_word' id='word_1_220' title='bbox 2089 1200 2202 1257; x_wconf 87' lang='lat' dir='ltr'><strong>rius</strong></span> <span class='ocrx_word' id='word_1_221' title='bbox 2228 1203 2272 1234; x_wconf 76' lang='grc'><strong>⁸⁸</strong></span> <span class='ocrx_word' id='word_1_222' title='bbox 2317 1200 2578 1259; x_wconf 78' lang='lat' dir='ltr'><strong>referunt.</strong></span> <span class='ocrx_word' id='word_1_223' title='bbox 2629 1203 2891 1259; x_wconf 91' lang='lat' dir='ltr'><strong>Photinus</strong></span> <span class='ocrx_word' id='word_1_224' title='bbox 2934 1218 3153 1274; x_wconf 90' lang='lat' dir='ltr'><strong>quoque</strong></span> <span class='ocrx_word' id='word_1_225' title='bbox 3211 1202 3352 1271; x_wconf 90' lang='lat' dir='ltr'><strong>apud</strong></span> <span class='ocrx_word' id='word_1_226' title='bbox 3394 1201 3657 1274; x_wconf 82' lang='lat' dir='ltr'><strong>Vigilium</strong></span> 
     </span>
    </p>
   </div>
   <div class='ocr_carea' id='block_1_34' title="bbox 2089 1273 3658 1344">
    <p class='ocr_par' dir='ltr' id='par_1_34' title="bbox 2089 1273 3658 1344">
     <span class='ocr_line' id='line_1_35' title="bbox 2089 1273 3658 1344; baseline -0.001 -20"><span class='ocrx_word' id='word_1_227' title='bbox 2089 1282 2409 1344; x_wconf 83' lang='lat' dir='ltr'><strong>martyrem,</strong></span> <span class='ocrx_word' id='word_1_228' title='bbox 2457 1274 2733 1329; x_wconf 89' lang='lat' dir='ltr'><strong>Christum</strong></span> <span class='ocrx_word' id='word_1_229' title='bbox 2784 1273 3050 1344; x_wconf 77' lang='lat' dir='ltr'><strong>pernegat</strong></span> <span class='ocrx_word' id='word_1_230' title='bbox 3091 1275 3257 1328; x_wconf 91' lang='lat' dir='ltr'><strong>Deum</strong></span> <span class='ocrx_word' id='word_1_231' title='bbox 3305 1286 3448 1344; x_wconf 83' lang='lat' dir='ltr'><strong>esse,</strong></span> <span class='ocrx_word' id='word_1_232' title='bbox 3507 1273 3658 1339; x_wconf 82' lang='lat' dir='ltr'><strong>quod</strong></span> 
     </span>
    </p>
   </div>
   <div class='ocr_carea' id='block_1_35' title="bbox 2086 1341 3660 1412">
    <p class='ocr_par' dir='ltr' id='par_1_35' title="bbox 2086 1341 3660 1412">
     <span class='ocr_line' id='line_1_36' title="bbox 2086 1341 3660 1412; baseline 0.002 -19"><span class='ocrx_word' id='word_1_233' title='bbox 2086 1341 2441 1412; x_wconf 79' lang='lat' dir='ltr'><strong>diemjudicii</strong></span> <span class='ocrx_word' id='word_1_234' title='bbox 2488 1359 2545 1399; x_wconf 90' lang='lat' dir='ltr'><strong>se</strong></span> <span class='ocrx_word' id='word_1_235' title='bbox 2574 1341 2826 1411; x_wconf 75' lang='lat' dir='ltr'><strong>ignorare</strong></span> <span class='ocrx_word' id='word_1_236' title='bbox 2860 1341 3146 1400; x_wconf 76' lang='lat' dir='ltr'><strong>fateretur.</strong></span> <span class='ocrx_word' id='word_1_237' title='bbox 3182 1343 3447 1412; x_wconf 80' lang='lat' dir='ltr'><strong>Aguoitas</strong></span> <span class='ocrx_word' id='word_1_238' title='bbox 3483 1355 3660 1411; x_wconf 82' lang='lat' dir='ltr'><strong>quos-</strong></span> 
     </span>
    </p>
   </div>
   <div class='ocr_carea' id='block_1_36' title="bbox 2086 1410 3659 1473">
    <p class='ocr_par' dir='ltr' id='par_1_36' title="bbox 2086 1410 3659 1473">
     <span class='ocr_line' id='line_1_37' title="bbox 2086 1410 3659 1473; baseline -0.001 -9"><span class='ocrx_word' id='word_1_239' title='bbox 2086 1410 2208 1465; x_wconf 89' lang='lat' dir='ltr'><strong>dam</strong></span> <span class='ocrx_word' id='word_1_240' title='bbox 2254 1410 2545 1471; x_wconf 84' lang='lat' dir='ltr'><strong>haereticos</strong></span> <span class='ocrx_word' id='word_1_241' title='bbox 2590 1410 2715 1469; x_wconf 89' lang='lat' dir='ltr'><strong>inde</strong></span> <span class='ocrx_word' id='word_1_242' title='bbox 2770 1416 3079 1469; x_wconf 88' lang='lat' dir='ltr'><strong>nominatos</strong></span> <span class='ocrx_word' id='word_1_243' title='bbox 3143 1410 3310 1468; x_wconf 80' lang='lat' dir='ltr'><strong>tradit</strong></span> <span class='ocrx_word' id='word_1_244' title='bbox 3386 1410 3659 1473; x_wconf 84' lang='lat' dir='ltr'><strong>Isidorus,</strong></span> 
     </span>
    </p>
   </div>
   <div class='ocr_carea' id='block_1_37' title="bbox 2082 1482 3657 1553">
    <p class='ocr_par' dir='ltr' id='par_1_37' title="bbox 2082 1482 3657 1553">
     <span class='ocr_line' id='line_1_38' title="bbox 2082 1482 3657 1553; baseline 0.001 -18"><span class='ocrx_word' id='word_1_245' title='bbox 2082 1482 2227 1553; x_wconf 67' lang='lat' dir='ltr'><strong>quod</strong></span> <span class='ocrx_word' id='word_1_246' title='bbox 2251 1484 2474 1538; x_wconf 93' lang='lat' dir='ltr'><strong>Christo</strong></span> <span class='ocrx_word' id='word_1_247' title='bbox 2526 1486 2631 1540; x_wconf 86' lang='lat' dir='ltr'><strong>diei</strong></span> <span class='ocrx_word' id='word_1_248' title='bbox 2658 1483 2847 1553; x_wconf 88' lang='lat' dir='ltr'><strong>judicii</strong></span> <span class='ocrx_word' id='word_1_249' title='bbox 2872 1485 3234 1553; x_wconf 80' lang='lat' dir='ltr'><strong>ignorantiam</strong></span> <span class='ocrx_word' id='word_1_250' title='bbox 3260 1483 3657 1553; x_wconf 80' lang='lat' dir='ltr'><strong>impiugerent.</strong></span> 
     </span>
    </p>
   </div>
   <div class='ocr_carea' id='block_1_38' title="bbox 2083 1549 3657 1625">
    <p class='ocr_par' dir='ltr' id='par_1_38' title="bbox 2083 1549 3657 1625">
     <span class='ocr_line' id='line_1_39' title="bbox 2083 1549 3657 1625; baseline -0.002 -19"><span class='ocrx_word' id='word_1_251' title='bbox 2083 1549 2161 1625; x_wconf 72' lang='lat' dir='ltr'><strong>Ne</strong></span> <span class='ocrx_word' id='word_1_252' title='bbox 2192 1568 2321 1608; x_wconf 90' lang='lat' dir='ltr'><strong>vero</strong></span> <span class='ocrx_word' id='word_1_253' title='bbox 2367 1568 2394 1607; x_wconf 71' lang='grc' dir='ltr'>τι</span> <span class='ocrx_word' id='word_1_254' title='bbox 2449 1549 2821 1625; x_wconf 82' lang='lat' dir='ltr'><strong>superioribus</strong></span> <span class='ocrx_word' id='word_1_255' title='bbox 2859 1549 3136 1625; x_wconf 48' lang='lat' dir='ltr'><strong>C&#39;nosticis</strong></span> <span class='ocrx_word' id='word_1_256' title='bbox 3189 1549 3359 1625; x_wconf 83' lang='lat' dir='ltr'><strong>latum</strong></span> <span class='ocrx_word' id='word_1_257' title='bbox 3411 1549 3657 1625; x_wconf 65' lang='lat' dir='ltr'><strong>unguem</strong></span> 
     </span>
    </p>
   </div>
   <div class='ocr_carea' id='block_1_39' title="bbox 2082 1622 3657 1695">
    <p class='ocr_par' dir='ltr' id='par_1_39' title="bbox 2082 1622 3657 1695">
     <span class='ocr_line' id='line_1_40' title="bbox 2082 1622 3657 1695; baseline -0.001 -19"><span class='ocrx_word' id='word_1_258' title='bbox 2082 1622 2431 1695; x_wconf 85' lang='lat' dir='ltr'><strong>discederent</strong></span> <span class='ocrx_word' id='word_1_259' title='bbox 2470 1622 2821 1695; x_wconf 80' lang='lat' dir='ltr'><strong>posteriores,</strong></span> <span class='ocrx_word' id='word_1_260' title='bbox 2857 1623 3203 1695; x_wconf 87' lang='lat' dir='ltr'><strong>Calvinianos</strong></span> <span class='ocrx_word' id='word_1_261' title='bbox 3246 1638 3311 1678; x_wconf 89' lang='lat' dir='ltr'><strong>eo</strong></span> <span class='ocrx_word' id='word_1_262' title='bbox 3344 1622 3657 1695; x_wconf 71' lang='lat' dir='ltr'><strong>impietatis</strong></span> 
     </span>
    </p>
   </div>
   <div class='ocr_carea' id='block_1_40' title="bbox 2081 1690 3658 1762">
    <p class='ocr_par' dir='ltr' id='par_1_40' title="bbox 2081 1690 3658 1762">
     <span class='ocr_line' id='line_1_41' title="bbox 2081 1690 3658 1762; baseline -0.001 -16"><span class='ocrx_word' id='word_1_263' title='bbox 2081 1707 2396 1762; x_wconf 87' lang='lat' dir='ltr'><strong>progressos</strong></span> <span class='ocrx_word' id='word_1_264' title='bbox 2421 1690 2551 1761; x_wconf 69' lang='lat' dir='ltr'><strong>legit</strong></span> <span class='ocrx_word' id='word_1_265' title='bbox 2590 1706 2722 1751; x_wconf 63' lang='lat' dir='ltr'><strong>mtas</strong></span> <span class='ocrx_word' id='word_1_266' title='bbox 2757 1705 2965 1761; x_wconf 89' lang='lat' dir='ltr'><strong>nostra,</strong></span> <span class='ocrx_word' id='word_1_267' title='bbox 3008 1704 3067 1749; x_wconf 91' lang='lat' dir='ltr'><strong>ut</strong></span> <span class='ocrx_word' id='word_1_268' title='bbox 3095 1694 3314 1749; x_wconf 89' lang='lat' dir='ltr'><strong>Christo</strong></span> <span class='ocrx_word' id='word_1_269' title='bbox 3340 1690 3501 1755; x_wconf 81' lang='lat' dir='ltr'><strong>Jesu,</strong></span> <span class='ocrx_word' id='word_1_270' title='bbox 3542 1694 3658 1745; x_wconf 83' lang='lat' dir='ltr'><strong>Deo</strong></span> 
     </span>
    </p>
   </div>
   <div class='ocr_carea' id='block_1_41' title="bbox 413 1761 3655 1833">
    <p class='ocr_par' dir='ltr' id='par_1_41' title="bbox 413 1761 3655 1833">
     <span class='ocr_line' id='line_1_42' title="bbox 413 1761 3655 1833; baseline 0 -21"><span class='ocrx_word' id='word_1_271' title='bbox 413 1761 791 1830; x_wconf 68' lang='lat' dir='ltr'><strong>cogitationes,</strong></span> <span class='ocrx_word' id='word_1_272' title='bbox 824 1764 1035 1833; x_wconf 79' lang='lat' dir='ltr'><strong>quidin</strong></span> <span class='ocrx_word' id='word_1_273' title='bbox 1072 1776 1303 1832; x_wconf 88' lang='lat' dir='ltr'><strong>persona</strong></span> <span class='ocrx_word' id='word_1_274' title='bbox 1331 1761 1651 1825; x_wconf 84' lang='lat' dir='ltr'><strong>remanebit,</strong></span> <span class='ocrx_word' id='word_1_275' title='bbox 1685 1763 1786 1815; x_wconf 90' lang='lat' dir='ltr'><strong>nisi</strong></span> <span class='ocrx_word' id='word_1_276' title='bbox 1822 1765 1983 1818; x_wconf 90' lang='lat' dir='ltr'><strong>inane</strong></span> <span class='ocrx_word' id='word_1_277' title='bbox 2013 1766 2055 1822; x_wconf 91' lang='lat' dir='ltr'><strong>B</strong></span> <span class='ocrx_word' id='word_1_278' title='bbox 2085 1774 2138 1816; x_wconf 87' lang='lat' dir='ltr'><strong>et</strong></span> <span class='ocrx_word' id='word_1_279' title='bbox 2178 1761 2408 1825; x_wconf 90' lang='lat' dir='ltr'><strong>homini,</strong></span> <span class='ocrx_word' id='word_1_280' title='bbox 2458 1765 2726 1821; x_wconf 89' lang='lat' dir='ltr'><strong>Salvatori</strong></span> <span class='ocrx_word' id='word_1_281' title='bbox 2781 1777 2985 1829; x_wconf 85' lang='lat' dir='ltr'><strong>nostro,</strong></span> <span class='ocrx_word' id='word_1_282' title='bbox 3038 1764 3402 1833; x_wconf 84' lang='lat' dir='ltr'><strong>ignOrantiam</strong></span> <span class='ocrx_word' id='word_1_283' title='bbox 3461 1777 3655 1814; x_wconf 87' lang='lat' dir='ltr'><strong>rerum</strong></span> 
     </span>
    </p>
   </div>
   <div class='ocr_carea' id='block_1_42' title="bbox 411 1834 1974 1900">
    <p class='ocr_par' dir='ltr' id='par_1_42' title="bbox 411 1834 1974 1900">
     <span class='ocr_line' id='line_1_43' title="bbox 411 1834 1974 1900; baseline 0.004 -20"><span class='ocrx_word' id='word_1_284' title='bbox 411 1835 645 1887; x_wconf 86' lang='lat' dir='ltr'><strong>nomen?</strong></span> <span class='ocrx_word' id='word_1_285' title='bbox 671 1834 732 1885; x_wconf 74' lang='grc' dir='ltr'><strong>το</strong></span> <span class='ocrx_word' id='word_1_286' title='bbox 761 1834 1004 1888; x_wconf 88' lang='lat' dir='ltr'><strong>Humana</strong></span> <span class='ocrx_word' id='word_1_287' title='bbox 1044 1834 1182 1887; x_wconf 89' lang='lat' dir='ltr'><strong>ratio</strong></span> <span class='ocrx_word' id='word_1_288' title='bbox 1205 1848 1310 1885; x_wconf 91' lang='lat' dir='ltr'><strong>non</strong></span> <span class='ocrx_word' id='word_1_289' title='bbox 1334 1840 1514 1900; x_wconf 86' lang='lat' dir='ltr'><strong>potest</strong></span> <span class='ocrx_word' id='word_1_290' title='bbox 1537 1843 1687 1885; x_wconf 90' lang='lat' dir='ltr'><strong>certo</strong></span> <span class='ocrx_word' id='word_1_291' title='bbox 1710 1840 1974 1900; x_wconf 86' lang='lat' dir='ltr'><strong>statuere,</strong></span> 
     </span>
    </p>
   </div>
   <div class='ocr_carea' id='block_1_43' title="bbox 413 1904 1977 1973">
    <p class='ocr_par' dir='ltr' id='par_1_43' title="bbox 413 1904 1977 1973">
     <span class='ocr_line' id='line_1_44' title="bbox 413 1904 1977 1973; baseline 0.003 -21"><span class='ocrx_word' id='word_1_292' title='bbox 413 1907 685 1965; x_wconf 88' lang='lat' dir='ltr'><strong>quomodo</strong></span> <span class='ocrx_word' id='word_1_293' title='bbox 718 1906 875 1959; x_wconf 84' lang='lat' dir='ltr'><strong>culex</strong></span> <span class='ocrx_word' id='word_1_294' title='bbox 900 1914 991 1957; x_wconf 89' lang='lat' dir='ltr'><strong>aut</strong></span> <span class='ocrx_word' id='word_1_295' title='bbox 1016 1904 1176 1972; x_wconf 80' lang='lat' dir='ltr'><strong>pulex</strong></span> <span class='ocrx_word' id='word_1_296' title='bbox 1192 1912 1493 1973; x_wconf 73' lang='lat' dir='ltr'><strong>generetur</strong></span> <span class='ocrx_word' id='word_1_297' title='bbox 1530 1918 1545 1955; x_wconf 88' lang='lat'><strong>:</strong></span> <span class='ocrx_word' id='word_1_298' title='bbox 1579 1916 1700 1969; x_wconf 66' lang='lat' dir='ltr'><strong>qua:</strong></span> <span class='ocrx_word' id='word_1_299' title='bbox 1730 1913 1977 1973; x_wconf 77' lang='lat' dir='ltr'><strong>estergo</strong></span> 
     </span>
    </p>
   </div>
   <div class='ocr_carea' id='block_1_44' title="bbox 412 1972 1979 2030">
    <p class='ocr_par' dir='ltr' id='par_1_44' title="bbox 412 1972 1979 2030">
     <span class='ocr_line' id='line_1_45' title="bbox 412 1972 1979 2030; baseline 0.004 -9"><span class='ocrx_word' id='word_1_300' title='bbox 412 1973 694 2030; x_wconf 87' lang='lat' dir='ltr'><strong>temeritas</strong></span> <span class='ocrx_word' id='word_1_301' title='bbox 720 1976 789 2030; x_wconf 88' lang='lat' dir='ltr'><strong>de</strong></span> <span class='ocrx_word' id='word_1_302' title='bbox 813 1987 1017 2029; x_wconf 71' lang='lat' dir='ltr'><strong>retento</strong></span> <span class='ocrx_word' id='word_1_303' title='bbox 1060 1973 1151 2027; x_wconf 89' lang='lat' dir='ltr'><strong>Dei</strong></span> <span class='ocrx_word' id='word_1_304' title='bbox 1185 1972 1321 2025; x_wconf 86' lang='lat' dir='ltr'><strong>Filio</strong></span> <span class='ocrx_word' id='word_1_305' title='bbox 1351 1972 1430 2026; x_wconf 91' lang='lat' dir='ltr'><strong>sic</strong></span> <span class='ocrx_word' id='word_1_306' title='bbox 1456 1972 1740 2026; x_wconf 84' lang='lat' dir='ltr'><strong>statuere?</strong></span> <span class='ocrx_word' id='word_1_307' title='bbox 1789 1972 1979 2028; x_wconf 80' lang='lat' dir='ltr'><strong>Hacte-</strong></span> 
     </span>
    </p>
   </div>
   <div class='ocr_carea' id='block_1_45' title="bbox 414 2040 1975 2110">
    <p class='ocr_par' dir='ltr' id='par_1_45' title="bbox 414 2040 1975 2110">
     <span class='ocr_line' id='line_1_46' title="bbox 414 2040 1975 2110; baseline 0.003 -17"><span class='ocrx_word' id='word_1_308' title='bbox 414 2055 515 2110; x_wconf 80' lang='lat' dir='ltr'><strong>nus</strong></span> <span class='ocrx_word' id='word_1_309' title='bbox 547 2040 640 2105; x_wconf 90' lang='lat' dir='ltr'><strong>illi.</strong></span> <span class='ocrx_word' id='word_1_310' title='bbox 670 2060 771 2101; x_wconf 92' lang='lat' dir='ltr'><strong>nec</strong></span> <span class='ocrx_word' id='word_1_311' title='bbox 799 2046 1091 2098; x_wconf 85' lang='lat' dir='ltr'><strong>admodum</strong></span> <span class='ocrx_word' id='word_1_312' title='bbox 1130 2041 1289 2095; x_wconf 89' lang='lat' dir='ltr'><strong>male.</strong></span> <span class='ocrx_word' id='word_1_313' title='bbox 1322 2043 1497 2110; x_wconf 86' lang='lat' dir='ltr'><strong>Atque</strong></span> <span class='ocrx_word' id='word_1_314' title='bbox 1524 2042 1729 2095; x_wconf 92' lang='lat' dir='ltr'><strong>utinam</strong></span> <span class='ocrx_word' id='word_1_315' title='bbox 1756 2043 1835 2097; x_wconf 91' lang='lat' dir='ltr'><strong>sic</strong></span> <span class='ocrx_word' id='word_1_316' title='bbox 1867 2053 1975 2098; x_wconf 90' lang='lat' dir='ltr'><strong>tam</strong></span> 
     </span>
    </p>
   </div>
   <div class='ocr_carea' id='block_1_46' title="bbox 410 2108 1977 2184">
    <p class='ocr_par' dir='ltr' id='par_1_46' title="bbox 410 2108 1977 2184">
     <span class='ocr_line' id='line_1_47' title="bbox 410 2108 1977 2184; baseline 0.005 -23"><span class='ocrx_word' id='word_1_317' title='bbox 410 2108 634 2169; x_wconf 85' lang='lat' dir='ltr'><strong>Lutheri</strong></span> <span class='ocrx_word' id='word_1_318' title='bbox 659 2116 763 2182; x_wconf 93' lang='lat' dir='ltr'><strong>sui,</strong></span> <span class='ocrx_word' id='word_1_319' title='bbox 797 2129 960 2184; x_wconf 90' lang='lat' dir='ltr'><strong>quam</strong></span> <span class='ocrx_word' id='word_1_320' title='bbox 992 2113 1234 2184; x_wconf 83' lang='lat' dir='ltr'><strong>ejusdem</strong></span> <span class='ocrx_word' id='word_1_321' title='bbox 1261 2108 1492 2184; x_wconf 79' lang='lat' dir='ltr'><strong>Philippi</strong></span> <span class='ocrx_word' id='word_1_322' title='bbox 1522 2110 1761 2184; x_wconf 85' lang='lat' dir='ltr'><strong>reliquos</strong></span> <span class='ocrx_word' id='word_1_323' title='bbox 1788 2128 1977 2169; x_wconf 89' lang='lat' dir='ltr'><strong>omnes</strong></span> 
     </span>
    </p>
   </div>
   <div class='ocr_carea' id='block_1_47' title="bbox 410 2181 1975 2252">
    <p class='ocr_par' dir='ltr' id='par_1_47' title="bbox 410 2181 1975 2252">
     <span class='ocr_line' id='line_1_48' title="bbox 410 2181 1975 2252; baseline 0.003 -19"><span class='ocrx_word' id='word_1_324' title='bbox 410 2194 629 2252; x_wconf 86' lang='lat' dir='ltr'><strong>errores</strong></span> <span class='ocrx_word' id='word_1_325' title='bbox 652 2188 717 2241; x_wconf 91' lang='lat' dir='ltr'><strong>ad</strong></span> <span class='ocrx_word' id='word_1_326' title='bbox 741 2181 1100 2240; x_wconf 73' lang='lat' dir='ltr'><strong>sanctissimae</strong></span> <span class='ocrx_word' id='word_1_327' title='bbox 1127 2181 1469 2252; x_wconf 82' lang='lat' dir='ltr'><strong>antiquitatis</strong></span> <span class='ocrx_word' id='word_1_328' title='bbox 1500 2181 1741 2249; x_wconf 82' lang='lat' dir='ltr'><strong>regulam</strong></span> <span class='ocrx_word' id='word_1_329' title='bbox 1776 2193 1829 2237; x_wconf 90' lang='lat' dir='ltr'><strong>et</strong></span> <span class='ocrx_word' id='word_1_330' title='bbox 1864 2185 1975 2251; x_wconf 90' lang='lat' dir='ltr'><strong>pri-</strong></span> 
     </span>
    </p>
   </div>
   <div class='ocr_carea' id='block_1_48' title="bbox 410 2250 1975 2320">
    <p class='ocr_par' dir='ltr' id='par_1_48' title="bbox 410 2250 1975 2320">
     <span class='ocr_line' id='line_1_49' title="bbox 410 2250 1975 2320; baseline 0.004 -19"><span class='ocrx_word' id='word_1_331' title='bbox 410 2251 614 2310; x_wconf 77' lang='lat' dir='ltr'><strong>mitivte</strong></span> <span class='ocrx_word' id='word_1_332' title='bbox 666 2255 923 2311; x_wconf 72' lang='lat' dir='ltr'><strong>Ecclesia:</strong></span> <span class='ocrx_word' id='word_1_333' title='bbox 970 2252 1233 2309; x_wconf 90' lang='lat' dir='ltr'><strong>trutinam</strong></span> <span class='ocrx_word' id='word_1_334' title='bbox 1262 2250 1587 2320; x_wconf 30' lang='lat' dir='ltr'><strong>‘diligenter</strong></span> <span class='ocrx_word' id='word_1_335' title='bbox 1629 2260 1684 2305; x_wconf 90' lang='lat' dir='ltr'><strong>et</strong></span> <span class='ocrx_word' id='word_1_336' title='bbox 1743 2250 1975 2308; x_wconf 82' lang='lat' dir='ltr'><strong>ﬁdeliter</strong></span> 
     </span>
    </p>
   </div>
   <div class='ocr_carea' id='block_1_49' title="bbox 408 2322 1974 2390">
    <p class='ocr_par' dir='ltr' id='par_1_49' title="bbox 408 2322 1974 2390">
     <span class='ocr_line' id='line_1_50' title="bbox 408 2322 1974 2390; baseline 0.004 -19"><span class='ocrx_word' id='word_1_337' title='bbox 408 2328 792 2381; x_wconf 81' lang='lat' dir='ltr'><strong>examinareut</strong></span> <span class='ocrx_word' id='word_1_338' title='bbox 842 2342 856 2378; x_wconf 88' lang='lat'><strong>:</strong></span> <span class='ocrx_word' id='word_1_339' title='bbox 909 2326 981 2378; x_wconf 91' lang='lat' dir='ltr'><strong>ita</strong></span> <span class='ocrx_word' id='word_1_340' title='bbox 1032 2324 1177 2376; x_wconf 89' lang='lat' dir='ltr'><strong>enim</strong></span> <span class='ocrx_word' id='word_1_341' title='bbox 1212 2330 1265 2375; x_wconf 92' lang='lat' dir='ltr'><strong>et</strong></span> <span class='ocrx_word' id='word_1_342' title='bbox 1298 2322 1507 2390; x_wconf 86' lang='lat' dir='ltr'><strong>seipsos</strong></span> <span class='ocrx_word' id='word_1_343' title='bbox 1546 2330 1601 2375; x_wconf 91' lang='lat' dir='ltr'><strong>et</strong></span> <span class='ocrx_word' id='word_1_344' title='bbox 1659 2322 1974 2379; x_wconf 85' lang='lat' dir='ltr'><strong>innumeros</strong></span> 
     </span>
    </p>
   </div>
   <div class='ocr_carea' id='block_1_50' title="bbox 409 2391 1973 2456">
    <p class='ocr_par' dir='ltr' id='par_1_50' title="bbox 409 2391 1973 2456">
     <span class='ocr_line' id='line_1_51' title="bbox 409 2391 1973 2456; baseline 0.001 -12"><span class='ocrx_word' id='word_1_345' title='bbox 409 2391 547 2448; x_wconf 80' lang='lat' dir='ltr'><strong>alios</strong></span> <span class='ocrx_word' id='word_1_346' title='bbox 597 2412 626 2449; x_wconf 87' lang='lat' dir='ltr'><strong>a</strong></span> <span class='ocrx_word' id='word_1_347' title='bbox 669 2396 989 2451; x_wconf 71' lang='lat' dir='ltr'><strong>lmdissimis</strong></span> <span class='ocrx_word' id='word_1_348' title='bbox 1035 2392 1331 2447; x_wconf 80' lang='lat' dir='ltr'><strong>bzeresibus</strong></span> <span class='ocrx_word' id='word_1_349' title='bbox 1356 2392 1623 2456; x_wconf 87' lang='lat' dir='ltr'><strong>eluerent,</strong></span> <span class='ocrx_word' id='word_1_350' title='bbox 1644 2404 1698 2445; x_wconf 93' lang='lat' dir='ltr'><strong>et</strong></span> <span class='ocrx_word' id='word_1_351' title='bbox 1719 2392 1787 2446; x_wconf 91' lang='lat' dir='ltr'><strong>ab</strong></span> <span class='ocrx_word' id='word_1_352' title='bbox 1818 2403 1973 2446; x_wconf 77' lang='lat' dir='ltr'><strong>teter-</strong></span> 
     </span>
    </p>
   </div>
   <div class='ocr_carea' id='block_1_51' title="bbox 404 2460 1972 2536">
    <p class='ocr_par' dir='ltr' id='par_1_51' title="bbox 404 2460 1972 2536">
     <span class='ocr_line' id='line_1_52' title="bbox 404 2460 1972 2536; baseline 0.004 -24"><span class='ocrx_word' id='word_1_353' title='bbox 404 2460 494 2536; x_wconf 85' lang='lat' dir='ltr'><strong>nis</strong></span> <span class='ocrx_word' id='word_1_354' title='bbox 536 2467 838 2536; x_wconf 81' lang='lat' dir='ltr'><strong>suppliciis,</strong></span> <span class='ocrx_word' id='word_1_355' title='bbox 867 2466 1007 2534; x_wconf 72' lang='lat' dir='ltr'><strong>iqua:</strong></span> <span class='ocrx_word' id='word_1_356' title='bbox 1055 2477 1153 2531; x_wconf 90' lang='lat' dir='ltr'><strong>pro</strong></span> <span class='ocrx_word' id='word_1_357' title='bbox 1180 2472 1332 2536; x_wconf 63' lang='lat' dir='ltr'><strong>certo</strong></span> <span class='ocrx_word' id='word_1_358' title='bbox 1359 2462 1571 2516; x_wconf 85' lang='lat' dir='ltr'><strong>cunctis</strong></span> <span class='ocrx_word' id='word_1_359' title='bbox 1616 2460 1891 2518; x_wconf 68' lang='lat' dir='ltr'><strong>haereticis</strong></span> <span class='ocrx_word' id='word_1_360' title='bbox 1917 2473 1972 2519; x_wconf 90' lang='lat' dir='ltr'><strong>et</strong></span> 
     </span>
    </p>
   </div>
   <div class='ocr_carea' id='block_1_52' title="bbox 405 2532 1525 2604">
    <p class='ocr_par' dir='ltr' id='par_1_52' title="bbox 405 2532 1525 2604">
     <span class='ocr_line' id='line_1_53' title="bbox 405 2532 1525 2604; baseline 0.002 -22"><span class='ocrx_word' id='word_1_361' title='bbox 405 2532 774 2592; x_wconf 38' lang='lat' dir='ltr'><strong>scliism‘a&#39;ticis</strong></span> <span class='ocrx_word' id='word_1_362' title='bbox 805 2532 991 2604; x_wconf 80' lang='lat' dir='ltr'><strong>parata</strong></span> <span class='ocrx_word' id='word_1_363' title='bbox 1028 2543 1175 2598; x_wconf 91' lang='lat' dir='ltr'><strong>sunt,</strong></span> <span class='ocrx_word' id='word_1_364' title='bbox 1209 2532 1525 2604; x_wconf 81' lang='lat' dir='ltr'><strong>liberarent.</strong></span> 
     </span>
    </p>
   </div>
   <div class='ocr_carea' id='block_1_53' title="bbox 478 2601 1968 2677">
    <p class='ocr_par' dir='ltr' id='par_1_53' title="bbox 478 2601 1968 2677">
     <span class='ocr_line' id='line_1_54' title="bbox 478 2601 1968 2677; baseline -0.001 -18"><span class='ocrx_word' id='word_1_365' title='bbox 478 2604 634 2677; x_wconf 72' lang='lat' dir='ltr'><strong>Hunc</strong></span> <span class='ocrx_word' id='word_1_366' title='bbox 656 2601 818 2677; x_wconf 72' lang='lat' dir='ltr'><strong>quasi</strong></span> <span class='ocrx_word' id='word_1_367' title='bbox 838 2607 956 2671; x_wconf 79' lang='lat' dir='ltr'><strong>ipsi.</strong></span> <span class='ocrx_word' id='word_1_368' title='bbox 996 2604 1073 2658; x_wconf 90' lang='lat' dir='ltr'><strong>lta</strong></span> <span class='ocrx_word' id='word_1_369' title='bbox 1104 2613 1264 2677; x_wconf 74' lang='lat' dir='ltr'><strong>vetus</strong></span> <span class='ocrx_word' id='word_1_370' title='bbox 1281 2601 1968 2677; x_wconf 76' lang='lat' dir='ltr'><strong>cod.;excusi_habebant,</strong></span> 
     </span>
    </p>
   </div>
   <div class='ocr_carea' id='block_1_54' title="bbox 409 2671 1967 2746">
    <p class='ocr_par' dir='ltr' id='par_1_54' title="bbox 409 2671 1967 2746">
     <span class='ocr_line' id='line_1_55' title="bbox 409 2671 1967 2746; baseline 0 -18"><span class='ocrx_word' id='word_1_371' title='bbox 409 2689 429 2721; x_wconf 84' lang='grc'><em>‹</em></span> <span class='ocrx_word' id='word_1_372' title='bbox 474 2676 618 2730; x_wconf 93' lang='lat' dir='ltr'><strong>hunc</strong></span> <span class='ocrx_word' id='word_1_373' title='bbox 648 2671 805 2746; x_wconf 81' lang='lat' dir='ltr'><strong>quasi</strong></span> <span class='ocrx_word' id='word_1_374' title='bbox 856 2677 1032 2745; x_wconf 89' lang='lat' dir='ltr'><strong>ipsum</strong></span> <span class='ocrx_word' id='word_1_375' title='bbox 1068 2671 1545 2729; x_wconf 82' lang='lat' dir='ltr'><strong>obstetricavcriut</strong></span> <span class='ocrx_word' id='word_1_376' title='bbox 1578 2673 1760 2742; x_wconf 88' lang='lat' dir='ltr'><strong>primi,</strong></span> <span class='ocrx_word' id='word_1_377' title='bbox 1786 2684 1842 2728; x_wconf 91' lang='lat' dir='ltr'><strong>et</strong></span> <span class='ocrx_word' id='word_1_378' title='bbox 1872 2689 1967 2745; x_wconf 87' lang='lat' dir='ltr'><strong>ge-</strong></span> 
     </span>
    </p>
   </div>
   <div class='ocr_carea' id='block_1_55' title="bbox 403 2748 1073 2814">
    <p class='ocr_par' dir='ltr' id='par_1_55' title="bbox 403 2748 1073 2814">
     <span class='ocr_line' id='line_1_56' title="bbox 403 2748 1073 2814; baseline 0.001 -19"><span class='ocrx_word' id='word_1_379' title='bbox 403 2748 708 2802; x_wconf 88' lang='lat' dir='ltr'><strong>nerationis</strong></span> <span class='ocrx_word' id='word_1_380' title='bbox 734 2753 870 2814; x_wconf 84' lang='lat' dir='ltr'><strong>ejus,</strong></span> <span class='ocrx_word' id='word_1_381' title='bbox 914 2768 937 2797; x_wconf 73' lang='grc' dir='ltr'><strong>ι</strong></span> <span class='ocrx_word' id='word_1_382' title='bbox 968 2754 1073 2799; x_wconf 90' lang='lat' dir='ltr'><strong>etc.</strong></span> 
     </span>
    </p>
   </div>
   <div class='ocr_carea' id='block_1_56' title="bbox 476 2813 1966 2885">
    <p class='ocr_par' dir='ltr' id='par_1_56' title="bbox 476 2813 1966 2885">
     <span class='ocr_line' id='line_1_57' title="bbox 476 2813 1966 2885; baseline 0.001 -18"><span class='ocrx_word' id='word_1_383' title='bbox 476 2813 838 2870; x_wconf 44' lang='lat' dir='ltr'><strong>Fantasma&#39;ri.</strong></span> <span class='ocrx_word' id='word_1_384' title='bbox 868 2816 1041 2870; x_wconf 88' lang='lat' dir='ltr'><strong>Locus</strong></span> <span class='ocrx_word' id='word_1_385' title='bbox 1094 2814 1198 2868; x_wconf 90' lang='lat' dir='ltr'><strong>iste</strong></span> <span class='ocrx_word' id='word_1_386' title='bbox 1242 2813 1505 2885; x_wconf 86' lang='lat' dir='ltr'><strong>hactenus</strong></span> <span class='ocrx_word' id='word_1_387' title='bbox 1560 2814 1821 2885; x_wconf 88' lang='lat' dir='ltr'><strong>plurimos</strong></span> <span class='ocrx_word' id='word_1_388' title='bbox 1851 2826 1966 2869; x_wconf 90' lang='lat' dir='ltr'><strong>tor-</strong></span> 
     </span>
    </p>
   </div>
   <div class='ocr_carea' id='block_1_57' title="bbox 401 2882 1959 2953">
    <p class='ocr_par' dir='ltr' id='par_1_57' title="bbox 401 2882 1959 2953">
     <span class='ocr_line' id='line_1_58' title="bbox 401 2882 1959 2953; baseline 0.001 -18"><span class='ocrx_word' id='word_1_389' title='bbox 401 2882 498 2953; x_wconf 86' lang='lat' dir='ltr'><strong>sit,</strong></span> <span class='ocrx_word' id='word_1_390' title='bbox 536 2886 658 2942; x_wconf 91' lang='lat' dir='ltr'><strong>aliis</strong></span> <span class='ocrx_word' id='word_1_391' title='bbox 696 2905 715 2939; x_wconf 85' lang='grc'><em>‹</em></span> <span class='ocrx_word' id='word_1_392' title='bbox 771 2887 942 2941; x_wconf 79' lang='lat' dir='ltr'><strong>fastos</strong></span> <span class='ocrx_word' id='word_1_393' title='bbox 983 2886 1143 2949; x_wconf 91' lang='lat' dir='ltr'><strong>mori,</strong></span> <span class='ocrx_word' id='word_1_394' title='bbox 1184 2903 1205 2939; x_wconf 75' lang='grc' dir='ltr'><strong>ι</strong></span> <span class='ocrx_word' id='word_1_395' title='bbox 1244 2884 1369 2941; x_wconf 90' lang='lat' dir='ltr'><strong>aliis</strong></span> <span class='ocrx_word' id='word_1_396' title='bbox 1421 2906 1440 2938; x_wconf 76' lang='grc' dir='ltr'><strong>ι</strong></span> <span class='ocrx_word' id='word_1_397' title='bbox 1488 2882 1666 2941; x_wconf 79' lang='lat' dir='ltr'><strong>factos</strong></span> <span class='ocrx_word' id='word_1_398' title='bbox 1713 2885 1904 2949; x_wconf 86' lang='lat' dir='ltr'><strong>morti,</strong></span> <span class='ocrx_word' id='word_1_399' title='bbox 1940 2904 1959 2937; x_wconf 76' lang='grc' dir='ltr'><strong>ι</strong></span> 
     </span>
    </p>
   </div>
   <div class='ocr_carea' id='block_1_58' title="bbox 403 2953 1965 3026">
    <p class='ocr_par' dir='ltr' id='par_1_58' title="bbox 403 2953 1965 3026">
     <span class='ocr_line' id='line_1_59' title="bbox 403 2953 1965 3026; baseline 0.002 -20"><span class='ocrx_word' id='word_1_400' title='bbox 403 2953 691 3025; x_wconf 90' lang='lat' dir='ltr'><strong>legendum</strong></span> <span class='ocrx_word' id='word_1_401' title='bbox 722 2957 1125 3026; x_wconf 88' lang='lat' dir='ltr'><strong>suspicantibus</strong></span> <span class='ocrx_word' id='word_1_402' title='bbox 1170 2972 1184 3007; x_wconf 89' lang='lat'>:</span> <span class='ocrx_word' id='word_1_403' title='bbox 1229 2956 1532 3026; x_wconf 86' lang='lat' dir='ltr'><strong>restitutam</strong></span> <span class='ocrx_word' id='word_1_404' title='bbox 1576 2972 1720 3010; x_wconf 92' lang='lat' dir='ltr'><strong>nunc</strong></span> <span class='ocrx_word' id='word_1_405' title='bbox 1745 2966 1877 3026; x_wconf 80' lang='lat' dir='ltr'><strong>puto</strong></span> <span class='ocrx_word' id='word_1_406' title='bbox 1897 2969 1965 3009; x_wconf 76' lang='lat' dir='ltr'><strong>ex</strong></span> 
     </span>
    </p>
   </div>
   <div class='ocr_carea' id='block_1_59' title="bbox 401 3023 1966 3099">
    <p class='ocr_par' dir='ltr' id='par_1_59' title="bbox 401 3023 1966 3099">
     <span class='ocr_line' id='line_1_60' title="bbox 401 3023 1966 3099; baseline 0 -20"><span class='ocrx_word' id='word_1_407' title='bbox 401 3023 513 3081; x_wconf 60' lang='grc' dir='ltr'><strong>νει.</strong></span> <span class='ocrx_word' id='word_1_408' title='bbox 540 3029 664 3083; x_wconf 91' lang='lat' dir='ltr'><strong>cod.</strong></span> <span class='ocrx_word' id='word_1_409' title='bbox 700 3023 1027 3099; x_wconf 83' lang='lat' dir='ltr'><strong>germanam</strong></span> <span class='ocrx_word' id='word_1_410' title='bbox 1045 3026 1330 3099; x_wconf 80' lang='lat' dir='ltr'><strong>lectionem</strong></span> <span class='ocrx_word' id='word_1_411' title='bbox 1360 3046 1373 3081; x_wconf 94' lang='lat'><strong>:</strong></span> <span class='ocrx_word' id='word_1_412' title='bbox 1403 3044 1422 3078; x_wconf 73' lang='grc' dir='ltr'><strong>ι</strong></span> <span class='ocrx_word' id='word_1_413' title='bbox 1453 3025 1637 3099; x_wconf 80' lang='lat' dir='ltr'><strong>Neque</strong></span> <span class='ocrx_word' id='word_1_414' title='bbox 1667 3023 1766 3082; x_wconf 80' lang='lat' dir='ltr'><strong>nos</strong></span> <span class='ocrx_word' id='word_1_415' title='bbox 1788 3023 1966 3099; x_wconf 74' lang='lat' dir='ltr'><strong>fanta-</strong></span> 
     </span>
    </p>
   </div>
   <div class='ocr_carea' id='block_1_60' title="bbox 2086 1834 3657 1905">
    <p class='ocr_par' dir='ltr' id='par_1_60' title="bbox 2086 1834 3657 1905">
     <span class='ocr_line' id='line_1_61' title="bbox 2086 1834 3657 1905; baseline -0.002 -17"><span class='ocrx_word' id='word_1_416' title='bbox 2086 1834 2377 1889; x_wconf 84' lang='lat' dir='ltr'><strong>multarum</strong></span> <span class='ocrx_word' id='word_1_417' title='bbox 2412 1836 2674 1890; x_wconf 89' lang='lat' dir='ltr'><strong>tribuant.</strong></span> <span class='ocrx_word' id='word_1_418' title='bbox 2718 1854 2739 1888; x_wconf 75' lang='grc' dir='ltr'><strong>ι</strong></span> <span class='ocrx_word' id='word_1_419' title='bbox 2777 1835 2957 1905; x_wconf 81' lang='lat' dir='ltr'><strong>Ipsum</strong></span> <span class='ocrx_word' id='word_1_420' title='bbox 3000 1836 3141 1889; x_wconf 92' lang='lat' dir='ltr'><strong>enim</strong></span> <span class='ocrx_word' id='word_1_421' title='bbox 3172 1845 3537 1905; x_wconf 18' lang='lat' dir='ltr'><strong>uticorpgre,</strong></span> <span class='ocrx_word' id='word_1_422' title='bbox 3570 1834 3657 1885; x_wconf 83' lang='lat' dir='ltr'><strong>sic</strong></span> 
     </span>
    </p>
   </div>
   <div class='ocr_carea' id='block_1_61' title="bbox 2076 1901 3654 1962">
    <p class='ocr_par' dir='ltr' id='par_1_61' title="bbox 2076 1901 3654 1962">
     <span class='ocr_line' id='line_1_62' title="bbox 2076 1901 3654 1962; baseline -0.003 -5"><span class='ocrx_word' id='word_1_423' title='bbox 2076 1914 2132 1957; x_wconf 89' lang='lat' dir='ltr'><strong>et</strong></span> <span class='ocrx_word' id='word_1_424' title='bbox 2169 1906 2351 1960; x_wconf 87' lang='lat' dir='ltr'><strong>animo</strong></span> <span class='ocrx_word' id='word_1_425' title='bbox 2381 1906 2688 1962; x_wconf 82' lang='lat' dir='ltr'><strong>adolevisse</strong></span> <span class='ocrx_word' id='word_1_426' title='bbox 2715 1926 2736 1962; x_wconf 77' lang='grc' dir='ltr'><strong>ι</strong></span> <span class='ocrx_word' id='word_1_427' title='bbox 2768 1901 2880 1959; x_wconf 80' lang='lat' dir='ltr'><strong>vult</strong></span> <span class='ocrx_word' id='word_1_428' title='bbox 2916 1905 3164 1959; x_wconf 89' lang='lat' dir='ltr'><strong>Brentius</strong></span> <span class='ocrx_word' id='word_1_429' title='bbox 3213 1904 3279 1957; x_wconf 82' lang='lat'><strong>&quot;.</strong></span> <span class='ocrx_word' id='word_1_430' title='bbox 3346 1919 3370 1955; x_wconf 73' lang='grc' dir='ltr'><strong>ι</strong></span> <span class='ocrx_word' id='word_1_431' title='bbox 3408 1901 3654 1955; x_wconf 81' lang='lat' dir='ltr'><strong>Fabrum</strong></span> 
     </span>
    </p>
   </div>
   <div class='ocr_carea' id='block_1_62' title="bbox 2079 1972 3654 2032">
    <p class='ocr_par' dir='ltr' id='par_1_62' title="bbox 2079 1972 3654 2032">
     <span class='ocr_line' id='line_1_63' title="bbox 2079 1972 3654 2032; baseline -0.001 -5"><span class='ocrx_word' id='word_1_432' title='bbox 2079 1974 2300 2029; x_wconf 89' lang='lat' dir='ltr'><strong>idiotam</strong></span> <span class='ocrx_word' id='word_1_433' title='bbox 2332 1994 2350 2027; x_wconf 75' lang='grc' dir='ltr'><strong>ι</strong></span> <span class='ocrx_word' id='word_1_434' title='bbox 2378 1976 2641 2032; x_wconf 89' lang='lat' dir='ltr'><strong>Osiander</strong></span> <span class='ocrx_word' id='word_1_435' title='bbox 2677 1987 2837 2031; x_wconf 86' lang='lat' dir='ltr'><strong>vocat</strong></span> <span class='ocrx_word' id='word_1_436' title='bbox 2876 1977 2943 2028; x_wconf 76' lang='grc'><strong>⁸⁸.</strong></span> <span class='ocrx_word' id='word_1_437' title='bbox 2992 1993 3009 2026; x_wconf 78' lang='grc' dir='ltr'><strong>ι</strong></span> <span class='ocrx_word' id='word_1_438' title='bbox 3049 1974 3331 2029; x_wconf 90' lang='lat' dir='ltr'><strong>Communi</strong></span> <span class='ocrx_word' id='word_1_439' title='bbox 3363 1972 3654 2026; x_wconf 81' lang='lat' dir='ltr'><strong>hominum</strong></span> 
     </span>
    </p>
   </div>
   <div class='ocr_carea' id='block_1_63' title="bbox 2078 2042 3649 2117">
    <p class='ocr_par' dir='ltr' id='par_1_63' title="bbox 2078 2042 3649 2117">
     <span class='ocr_line' id='line_1_64' title="bbox 2078 2042 3649 2117; baseline -0.001 -21"><span class='ocrx_word' id='word_1_440' title='bbox 2078 2043 2400 2117; x_wconf 76' lang='lat' dir='ltr'><strong>ignorantia:</strong></span> <span class='ocrx_word' id='word_1_441' title='bbox 2451 2064 2469 2117; x_wconf 78' lang='grc' dir='ltr'><strong>ι</strong></span> <span class='ocrx_word' id='word_1_442' title='bbox 2537 2047 2757 2117; x_wconf 89' lang='lat' dir='ltr'><strong>subjicit</strong></span> <span class='ocrx_word' id='word_1_443' title='bbox 2814 2044 3128 2117; x_wconf 79' lang='lat' dir='ltr'><strong>Rodolphus</strong></span> <span class='ocrx_word' id='word_1_444' title='bbox 3178 2042 3518 2117; x_wconf 78' lang='lat' dir='ltr'><strong>Cualtherus</strong></span> <span class='ocrx_word' id='word_1_445' title='bbox 3578 2044 3649 2094; x_wconf 80' lang='lat'><strong>&quot;.</strong></span> 
     </span>
    </p>
   </div>
   <div class='ocr_carea' id='block_1_64' title="bbox 2080 2112 3652 2176">
    <p class='ocr_par' dir='ltr' id='par_1_64' title="bbox 2080 2112 3652 2176">
     <span class='ocr_line' id='line_1_65' title="bbox 2080 2112 3652 2176; baseline 0 -11"><span class='ocrx_word' id='word_1_446' title='bbox 2080 2112 2251 2169; x_wconf 71' lang='lat' dir='ltr'><strong>«Non</strong></span> <span class='ocrx_word' id='word_1_447' title='bbox 2306 2116 2563 2170; x_wconf 89' lang='lat' dir='ltr'><strong>habuisse</strong></span> <span class='ocrx_word' id='word_1_448' title='bbox 2609 2112 2830 2171; x_wconf 80' lang='lat' dir='ltr'><strong>omnem</strong></span> <span class='ocrx_word' id='word_1_449' title='bbox 2887 2112 3174 2169; x_wconf 85' lang='lat' dir='ltr'><strong>scientiam</strong></span> <span class='ocrx_word' id='word_1_450' title='bbox 3224 2115 3291 2166; x_wconf 90' lang='lat' dir='ltr'><strong>ab</strong></span> <span class='ocrx_word' id='word_1_451' title='bbox 3340 2112 3506 2164; x_wconf 89' lang='lat' dir='ltr'><strong>initio</strong></span> <span class='ocrx_word' id='word_1_452' title='bbox 3556 2121 3652 2176; x_wconf 81' lang='lat' dir='ltr'><strong>(ut</strong></span> 
     </span>
    </p>
   </div>
   <div class='ocr_carea' id='block_1_65' title="bbox 2074 2181 3647 2257">
    <p class='ocr_par' dir='ltr' id='par_1_65' title="bbox 2074 2181 3647 2257">
     <span class='ocr_line' id='line_1_66' title="bbox 2074 2181 3647 2257; baseline -0.003 -20"><span class='ocrx_word' id='word_1_453' title='bbox 2074 2184 2346 2257; x_wconf 75' lang='lat' dir='ltr'><strong>somniant</strong></span> <span class='ocrx_word' id='word_1_454' title='bbox 2368 2185 2615 2257; x_wconf 70' lang='lat' dir='ltr'><strong>papistte)</strong></span> <span class='ocrx_word' id='word_1_455' title='bbox 2649 2187 2742 2241; x_wconf 91' lang='lat' dir='ltr'><strong>sed</strong></span> <span class='ocrx_word' id='word_1_456' title='bbox 2794 2201 2890 2253; x_wconf 88' lang='lat' dir='ltr'><strong>per</strong></span> <span class='ocrx_word' id='word_1_457' title='bbox 2923 2185 3144 2257; x_wconf 82' lang='lat' dir='ltr'><strong>gradus,</strong></span> <span class='ocrx_word' id='word_1_458' title='bbox 3178 2202 3197 2234; x_wconf 79' lang='grc' dir='ltr'><strong>ι</strong></span> <span class='ocrx_word' id='word_1_459' title='bbox 3227 2184 3494 2257; x_wconf 80' lang='lat' dir='ltr'><strong>blatterat</strong></span> <span class='ocrx_word' id='word_1_460' title='bbox 3532 2181 3647 2233; x_wconf 70' lang='lat' dir='ltr'><strong>Mo-</strong></span> 
     </span>
    </p>
   </div>
   <div class='ocr_carea' id='block_1_66' title="bbox 2072 2251 3643 2322">
    <p class='ocr_par' dir='ltr' id='par_1_66' title="bbox 2072 2251 3643 2322">
     <span class='ocr_line' id='line_1_67' title="bbox 2072 2251 3643 2322; baseline -0.001 -17"><span class='ocrx_word' id='word_1_461' title='bbox 2072 2251 2261 2307; x_wconf 84' lang='lat' dir='ltr'><strong>liuaeus</strong></span> <span class='ocrx_word' id='word_1_462' title='bbox 2293 2251 2539 2310; x_wconf 48' lang='lat' dir='ltr'><strong>&quot;Ir’lta</strong></span> <span class='ocrx_word' id='word_1_463' title='bbox 2581 2251 2882 2322; x_wconf 79' lang='lat' dir='ltr'><strong>ignorasse,</strong></span> <span class='ocrx_word' id='word_1_464' title='bbox 2915 2251 2976 2308; x_wconf 80' lang='lat' dir='ltr'><strong>ut</strong></span> <span class='ocrx_word' id='word_1_465' title='bbox 3022 2254 3253 2309; x_wconf 88' lang='lat' dir='ltr'><strong>disceret</strong></span> <span class='ocrx_word' id='word_1_466' title='bbox 3290 2254 3432 2322; x_wconf 85' lang='lat' dir='ltr'><strong>ipse,</strong></span> <span class='ocrx_word' id='word_1_467' title='bbox 3483 2262 3643 2319; x_wconf 83' lang='lat' dir='ltr'><strong>atque</strong></span> 
     </span>
    </p>
   </div>
   <div class='ocr_carea' id='block_1_67' title="bbox 2071 2323 3643 2390">
    <p class='ocr_par' dir='ltr' id='par_1_67' title="bbox 2071 2323 3643 2390">
     <span class='ocr_line' id='line_1_68' title="bbox 2071 2323 3643 2390; baseline -0.001 -15"><span class='ocrx_word' id='word_1_468' title='bbox 2071 2324 2561 2380; x_wconf 65' lang='lat' dir='ltr'><strong>erudiretur&#39;more</strong></span> <span class='ocrx_word' id='word_1_469' title='bbox 2607 2323 2909 2390; x_wconf 84' lang='lat' dir='ltr'><strong>hominum,</strong></span> <span class='ocrx_word' id='word_1_470' title='bbox 2961 2342 2980 2374; x_wconf 78' lang='grc' dir='ltr'><strong>ι</strong></span> <span class='ocrx_word' id='word_1_471' title='bbox 3020 2339 3125 2378; x_wconf 91' lang='lat' dir='ltr'><strong>non</strong></span> <span class='ocrx_word' id='word_1_472' title='bbox 3150 2324 3369 2377; x_wconf 87' lang='lat' dir='ltr'><strong>erubuit</strong></span> <span class='ocrx_word' id='word_1_473' title='bbox 3397 2323 3643 2375; x_wconf 82' lang='lat' dir='ltr'><strong>scribere</strong></span> 
     </span>
    </p>
   </div>
   <div class='ocr_carea' id='block_1_68' title="bbox 2071 2391 3603 2457">
    <p class='ocr_par' dir='ltr' id='par_1_68' title="bbox 2071 2391 3603 2457">
     <span class='ocr_line' id='line_1_69' title="bbox 2071 2391 3603 2457; baseline -0.001 -11"><span class='ocrx_word' id='word_1_474' title='bbox 2071 2391 2341 2449; x_wconf 85' lang='lat' dir='ltr'><strong>Callasius</strong></span> <span class='ocrx_word' id='word_1_475' title='bbox 2361 2434 2377 2457; x_wconf 87' lang='lat'><strong>,</strong></span> <span class='ocrx_word' id='word_1_476' title='bbox 2400 2394 2858 2450; x_wconf 86' lang='lat' dir='ltr'><strong>Aduotationibus</strong></span> <span class='ocrx_word' id='word_1_477' title='bbox 2888 2397 2943 2447; x_wconf 89' lang='lat' dir='ltr'><strong>in</strong></span> <span class='ocrx_word' id='word_1_478' title='bbox 2988 2394 3134 2448; x_wconf 90' lang='lat' dir='ltr'><strong>hunc</strong></span> <span class='ocrx_word' id='word_1_479' title='bbox 3161 2392 3351 2449; x_wconf 75' lang='lat' dir='ltr'><strong>lrenzei</strong></span> <span class='ocrx_word' id='word_1_480' title='bbox 3395 2392 3603 2446; x_wconf 88' lang='lat' dir='ltr'><strong>locum.</strong></span> 
     </span>
    </p>
   </div>
   <div class='ocr_carea' id='block_1_69' title="bbox 2137 2463 3646 2537">
    <p class='ocr_par' dir='ltr' id='par_1_69' title="bbox 2137 2463 3646 2537">
     <span class='ocr_line' id='line_1_70' title="bbox 2137 2463 3646 2537; baseline -0.003 -21"><span class='ocrx_word' id='word_1_481' title='bbox 2137 2464 2330 2519; x_wconf 83' lang='lat' dir='ltr'><strong>Annon</strong></span> <span class='ocrx_word' id='word_1_482' title='bbox 2354 2466 2465 2537; x_wconf 26' lang='lat' dir='ltr'><strong>‘boc</strong></span> <span class='ocrx_word' id='word_1_483' title='bbox 2493 2474 2579 2520; x_wconf 84' lang='lat' dir='ltr'><strong>est</strong></span> <span class='ocrx_word' id='word_1_484' title='bbox 2609 2464 2989 2537; x_wconf 74' lang='grc' dir='ltr'><strong>ῥᾳδιούργημα</strong></span> <span class='ocrx_word' id='word_1_485' title='bbox 3025 2463 3181 2537; x_wconf 79' lang='lat' dir='ltr'><strong>illud,</strong></span> <span class='ocrx_word' id='word_1_486' title='bbox 3228 2464 3284 2519; x_wconf 91' lang='lat' dir='ltr'><strong>id</strong></span> <span class='ocrx_word' id='word_1_487' title='bbox 3324 2471 3413 2517; x_wconf 83' lang='lat' dir='ltr'><strong>est</strong></span> <span class='ocrx_word' id='word_1_488' title='bbox 3474 2463 3646 2515; x_wconf 78' lang='lat' dir='ltr'><strong>fallax</strong></span> 
     </span>
    </p>
   </div>
   <div class='ocr_carea' id='block_1_70' title="bbox 2070 2534 3645 2604">
    <p class='ocr_par' dir='ltr' id='par_1_70' title="bbox 2070 2534 3645 2604">
     <span class='ocr_line' id='line_1_71' title="bbox 2070 2534 3645 2604; baseline -0.003 -17"><span class='ocrx_word' id='word_1_489' title='bbox 2070 2542 2124 2587; x_wconf 90' lang='lat' dir='ltr'><strong>et</strong></span> <span class='ocrx_word' id='word_1_490' title='bbox 2146 2534 2483 2604; x_wconf 89' lang='lat' dir='ltr'><strong>suppositum</strong></span> <span class='ocrx_word' id='word_1_491' title='bbox 2508 2534 2876 2591; x_wconf 82' lang='lat' dir='ltr'><strong>commentum</strong></span> <span class='ocrx_word' id='word_1_492' title='bbox 2895 2534 3316 2598; x_wconf 70' lang='lat' dir='ltr'><strong>Gnosdcornm,</strong></span> <span class='ocrx_word' id='word_1_493' title='bbox 3351 2546 3463 2604; x_wconf 82' lang='lat' dir='ltr'><strong>quo</strong></span> <span class='ocrx_word' id='word_1_494' title='bbox 3478 2547 3645 2604; x_wconf 79' lang='lat' dir='ltr'><strong>som-</strong></span> 
     </span>
    </p>
   </div>
   <div class='ocr_carea' id='block_1_71' title="bbox 2071 2602 3649 2675">
    <p class='ocr_par' dir='ltr' id='par_1_71' title="bbox 2071 2602 3649 2675">
     <span class='ocr_line' id='line_1_72' title="bbox 2071 2602 3649 2675; baseline 0.002 -19"><span class='ocrx_word' id='word_1_495' title='bbox 2071 2602 2611 2675; x_wconf 82' lang='lat' dir='ltr'><strong>niabantChristum</strong></span> <span class='ocrx_word' id='word_1_496' title='bbox 2639 2606 2740 2663; x_wconf 91' lang='lat' dir='ltr'><strong>sub</strong></span> <span class='ocrx_word' id='word_1_497' title='bbox 2786 2606 2956 2661; x_wconf 80' lang='lat' dir='ltr'><strong>ferula</strong></span> <span class='ocrx_word' id='word_1_498' title='bbox 2997 2604 3346 2675; x_wconf 70' lang='lat' dir='ltr'><strong>praeceptoris</strong></span> <span class='ocrx_word' id='word_1_499' title='bbox 3374 2602 3649 2675; x_wconf 39' lang='lat' dir='ltr'><strong>’alpbaltej</strong></span> 
     </span>
    </p>
   </div>
   <div class='ocr_carea' id='block_1_72' title="bbox 2073 2672 3647 2745">
    <p class='ocr_par' dir='ltr' id='par_1_72' title="bbox 2073 2672 3647 2745">
     <span class='ocr_line' id='line_1_73' title="bbox 2073 2672 3647 2745; baseline -0.003 -20"><span class='ocrx_word' id='word_1_500' title='bbox 2073 2682 2184 2745; x_wconf 65' lang='lat' dir='ltr'><strong>tum</strong></span> <span class='ocrx_word' id='word_1_501' title='bbox 2230 2674 2507 2741; x_wconf 87' lang='lat' dir='ltr'><strong>didicisse,</strong></span> <span class='ocrx_word' id='word_1_502' title='bbox 2535 2684 2593 2731; x_wconf 89' lang='lat' dir='ltr'><strong>ut</strong></span> <span class='ocrx_word' id='word_1_503' title='bbox 2639 2676 2734 2734; x_wconf 92' lang='lat' dir='ltr'><strong>lib.</strong></span> <span class='ocrx_word' id='word_1_504' title='bbox 2776 2692 2814 2741; x_wconf 86' lang='grc' dir='ltr'>ι,</span> <span class='ocrx_word' id='word_1_505' title='bbox 2847 2691 2967 2745; x_wconf 89' lang='lat' dir='ltr'><strong>cap.</strong></span> <span class='ocrx_word' id='word_1_506' title='bbox 3000 2672 3090 2738; x_wconf 68' lang='grc'>17,</span> <span class='ocrx_word' id='word_1_507' title='bbox 3134 2672 3370 2729; x_wconf 76' lang='lat' dir='ltr'><strong>Irenaeus</strong></span> <span class='ocrx_word' id='word_1_508' title='bbox 3419 2672 3647 2745; x_wconf 69' lang='lat' dir='ltr'><strong>retulit?</strong></span> 
     </span>
    </p>
   </div>
   <div class='ocr_carea' id='block_1_73' title="bbox 2070 2741 3641 2817">
    <p class='ocr_par' dir='ltr' id='par_1_73' title="bbox 2070 2741 3641 2817">
     <span class='ocr_line' id='line_1_74' title="bbox 2070 2741 3641 2817; baseline -0.004 -20"><span class='ocrx_word' id='word_1_509' title='bbox 2070 2741 2176 2817; x_wconf 73' lang='lat' dir='ltr'><strong>§ed</strong></span> <span class='ocrx_word' id='word_1_510' title='bbox 2204 2754 2426 2817; x_wconf 68' lang='lat' dir='ltr'><strong>praestat</strong></span> <span class='ocrx_word' id='word_1_511' title='bbox 2459 2748 2573 2802; x_wconf 59' lang='lat' dir='ltr'><strong>haec</strong></span> <span class='ocrx_word' id='word_1_512' title='bbox 2602 2741 3367 2817; x_wconf 60' lang='lat' dir='ltr'><strong>viperarum&#39;geuimiua_telis</strong></span> <span class='ocrx_word' id='word_1_513' title='bbox 3401 2742 3469 2817; x_wconf 84' lang='lat' dir='ltr'><strong>iis</strong></span> <span class='ocrx_word' id='word_1_514' title='bbox 3504 2757 3641 2795; x_wconf 86' lang='lat' dir='ltr'><strong>cou-</strong></span> 
     </span>
    </p>
   </div>
   <div class='ocr_carea' id='block_1_74' title="bbox 2069 2812 3645 2883">
    <p class='ocr_par' dir='ltr' id='par_1_74' title="bbox 2069 2812 3645 2883">
     <span class='ocr_line' id='line_1_75' title="bbox 2069 2812 3645 2883; baseline -0.001 -18"><span class='ocrx_word' id='word_1_515' title='bbox 2069 2812 2254 2879; x_wconf 79' lang='lat' dir='ltr'><strong>iicere,</strong></span> <span class='ocrx_word' id='word_1_516' title='bbox 2278 2816 2473 2883; x_wconf 90' lang='lat' dir='ltr'><strong>quibus</strong></span> <span class='ocrx_word' id='word_1_517' title='bbox 2499 2817 2629 2872; x_wconf 90' lang='lat' dir='ltr'><strong>olim</strong></span> <span class='ocrx_word' id='word_1_518' title='bbox 2654 2812 2890 2871; x_wconf 66' lang='lat' dir='ltr'><strong>Arianos</strong></span> <span class='ocrx_word' id='word_1_519' title='bbox 2928 2812 3169 2871; x_wconf 79' lang='lat' dir='ltr'><strong>Hilarius</strong></span> <span class='ocrx_word' id='word_1_520' title='bbox 3197 2814 3239 2846; x_wconf 84' lang='lat'>&quot;</span> <span class='ocrx_word' id='word_1_521' title='bbox 3274 2832 3289 2867; x_wconf 89' lang='lat'><strong>:</strong></span> <span class='ocrx_word' id='word_1_522' title='bbox 3336 2832 3356 2865; x_wconf 73' lang='grc' dir='ltr'><strong>ι</strong></span> <span class='ocrx_word' id='word_1_523' title='bbox 3404 2816 3489 2867; x_wconf 83' lang='lat' dir='ltr'><strong>An</strong></span> <span class='ocrx_word' id='word_1_524' title='bbox 3525 2825 3645 2864; x_wconf 65' lang='grc' dir='ltr'><strong>προ</strong></span> 
     </span>
    </p>
   </div>
   <div class='ocr_carea' id='block_1_75' title="bbox 2067 2883 3642 2958">
    <p class='ocr_par' dir='ltr' id='par_1_75' title="bbox 2067 2883 3642 2958">
     <span class='ocr_line' id='line_1_76' title="bbox 2067 2883 3642 2958; baseline -0.015 -5"><span class='ocrx_word' id='word_1_525' title='bbox 2067 2883 2253 2958; x_wconf 64' lang='grc' dir='ltr'><strong>ἀὲβίιθν</strong></span> <span class='ocrx_word' id='word_1_526' title='bbox 2291 2885 2397 2958; x_wconf 56' lang='lat' dir='ltr'><strong>ait,</strong></span> <span class='ocrx_word' id='word_1_527' title='bbox 2424 2896 2482 2940; x_wconf 91' lang='lat' dir='ltr'><strong>ut</strong></span> <span class='ocrx_word' id='word_1_528' title='bbox 2511 2886 2714 2958; x_wconf 78' lang='lat' dir='ltr'><strong>aliquid</strong></span> <span class='ocrx_word' id='word_1_529' title='bbox 2737 2902 2803 2942; x_wconf 77' lang='lat' dir='ltr'><strong>ex</strong></span> <span class='ocrx_word' id='word_1_530' title='bbox 2852 2886 3104 2941; x_wconf 89' lang='lat' dir='ltr'><strong>omnibus</strong></span> <span class='ocrx_word' id='word_1_531' title='bbox 3133 2886 3362 2951; x_wconf 89' lang='lat' dir='ltr'><strong>nesciat,</strong></span> <span class='ocrx_word' id='word_1_532' title='bbox 3399 2884 3494 2952; x_wconf 82' lang='lat' dir='ltr'><strong>qui</strong></span> <span class='ocrx_word' id='word_1_533' title='bbox 3517 2897 3642 2958; x_wconf 35' lang='lat' dir='ltr'><strong>cui:</strong></span> 
     </span>
    </p>
   </div>
   <div class='ocr_carea' id='block_1_76' title="bbox 2068 2950 3638 3027">
    <p class='ocr_par' dir='ltr' id='par_1_76' title="bbox 2068 2950 3638 3027">
     <span class='ocr_line' id='line_1_77' title="bbox 2068 2950 3638 3027; baseline -0.004 -20"><span class='ocrx_word' id='word_1_534' title='bbox 2068 2953 2226 3027; x_wconf 81' lang='lat' dir='ltr'><strong>nibus</strong></span> <span class='ocrx_word' id='word_1_535' title='bbox 2255 2955 2321 3009; x_wconf 88' lang='lat' dir='ltr'><strong>ad</strong></span> <span class='ocrx_word' id='word_1_536' title='bbox 2350 2956 2401 3009; x_wconf 84' lang='lat' dir='ltr'><strong>id</strong></span> <span class='ocrx_word' id='word_1_537' title='bbox 2418 2958 2576 3027; x_wconf 82' lang='lat' dir='ltr'><strong>quod</strong></span> <span class='ocrx_word' id='word_1_538' title='bbox 2600 2950 2745 3024; x_wconf 75' lang='lat' dir='ltr'><strong>sunt,</strong></span> <span class='ocrx_word' id='word_1_539' title='bbox 2775 2967 2935 3027; x_wconf 88' lang='lat' dir='ltr'><strong>atque</strong></span> <span class='ocrx_word' id='word_1_540' title='bbox 2960 2966 3145 3020; x_wconf 86' lang='lat' dir='ltr'><strong>erunt,</strong></span> <span class='ocrx_word' id='word_1_541' title='bbox 3183 2950 3377 3010; x_wconf 87' lang='lat' dir='ltr'><strong>auctor</strong></span> <span class='ocrx_word' id='word_1_542' title='bbox 3410 2950 3539 3027; x_wconf 77' lang='lat' dir='ltr'><strong>est?</strong></span> <span class='ocrx_word' id='word_1_543' title='bbox 3583 2950 3638 3002; x_wconf 76' lang='lat' dir='ltr'><strong>Si</strong></span> 
     </span>
    </p>
   </div>
   <div class='ocr_carea' id='block_1_77' title="bbox 2065 3025 3638 3094">
    <p class='ocr_par' dir='ltr' id='par_1_77' title="bbox 2065 3025 3638 3094">
     <span class='ocr_line' id='line_1_78' title="bbox 2065 3025 3638 3094; baseline -0.003 -16"><span class='ocrx_word' id='word_1_544' title='bbox 2065 3025 2249 3079; x_wconf 88' lang='lat' dir='ltr'><strong>omnia</strong></span> <span class='ocrx_word' id='word_1_545' title='bbox 2278 3038 2373 3093; x_wconf 92' lang='lat' dir='ltr'><strong>per</strong></span> <span class='ocrx_word' id='word_1_546' title='bbox 2398 3026 2697 3092; x_wconf 89' lang='lat' dir='ltr'><strong>Christum,</strong></span> <span class='ocrx_word' id='word_1_547' title='bbox 2729 3041 2783 3082; x_wconf 90' lang='lat' dir='ltr'><strong>et</strong></span> <span class='ocrx_word' id='word_1_548' title='bbox 2805 3025 2863 3083; x_wconf 77' lang='lat' dir='ltr'><strong>in</strong></span> <span class='ocrx_word' id='word_1_549' title='bbox 2890 3028 3126 3092; x_wconf 91' lang='lat' dir='ltr'><strong>Christo,</strong></span> <span class='ocrx_word' id='word_1_550' title='bbox 3150 3036 3207 3081; x_wconf 90' lang='lat' dir='ltr'><strong>et</strong></span> <span class='ocrx_word' id='word_1_551' title='bbox 3232 3028 3305 3079; x_wconf 91' lang='lat' dir='ltr'><strong>ita</strong></span> <span class='ocrx_word' id='word_1_552' title='bbox 3323 3026 3638 3094; x_wconf 88' lang='lat' dir='ltr'><strong>peripsum,</strong></span> 
     </span>
    </p>
   </div>
   <div class='ocr_carea' id='block_1_78' title="bbox 401 3095 3638 3168">
    <p class='ocr_par' dir='ltr' id='par_1_78' title="bbox 401 3095 3638 3168">
     <span class='ocr_line' id='line_1_79' title="bbox 401 3095 3638 3168; baseline -0.001 -20"><span class='ocrx_word' id='word_1_553' title='bbox 401 3099 568 3151; x_wconf 84' lang='lat' dir='ltr'><strong>smari</strong></span> <span class='ocrx_word' id='word_1_554' title='bbox 603 3095 818 3167; x_wconf 73' lang='lat' dir='ltr'><strong>oportet</strong></span> <span class='ocrx_word' id='word_1_555' title='bbox 843 3112 921 3168; x_wconf 12' lang='lat' dir='ltr'><strong>ex,</strong></span> <span class='ocrx_word' id='word_1_556' title='bbox 942 3095 1289 3166; x_wconf 91' lang='lat' dir='ltr'><strong>opinionibus</strong></span> <span class='ocrx_word' id='word_1_557' title='bbox 1321 3098 1601 3168; x_wconf 81' lang='lat' dir='ltr'><strong>propriis:</strong></span> <span class='ocrx_word' id='word_1_558' title='bbox 1638 3114 1657 3149; x_wconf 78' lang='grc' dir='ltr'><strong>ι</strong></span> <span class='ocrx_word' id='word_1_559' title='bbox 1689 3099 1771 3151; x_wconf 88' lang='lat' dir='ltr'><strong>sic</strong></span> <span class='ocrx_word' id='word_1_560' title='bbox 1818 3096 1963 3149; x_wconf 90' lang='lat' dir='ltr'><strong>enim</strong></span> <span class='ocrx_word' id='word_1_561' title='bbox 1994 3103 2036 3162; x_wconf 75' lang='grc' dir='ltr'>ο</span> <span class='ocrx_word' id='word_1_562' title='bbox 2070 3096 2330 3149; x_wconf 88' lang='lat' dir='ltr'><strong>utomnia</strong></span> <span class='ocrx_word' id='word_1_563' title='bbox 2362 3096 2417 3150; x_wconf 91' lang='lat' dir='ltr'><strong>in</strong></span> <span class='ocrx_word' id='word_1_564' title='bbox 2440 3096 2560 3165; x_wconf 88' lang='lat' dir='ltr'><strong>ipso</strong></span> <span class='ocrx_word' id='word_1_565' title='bbox 2589 3098 2725 3163; x_wconf 90' lang='lat' dir='ltr'><strong>sint,</strong></span> <span class='ocrx_word' id='word_1_566' title='bbox 2770 3099 2824 3153; x_wconf 91' lang='lat' dir='ltr'><strong>id</strong></span> <span class='ocrx_word' id='word_1_567' title='bbox 2864 3098 3009 3168; x_wconf 90' lang='lat' dir='ltr'><strong>quod</strong></span> <span class='ocrx_word' id='word_1_568' title='bbox 3061 3112 3238 3168; x_wconf 88' lang='lat' dir='ltr'><strong>neque</strong></span> <span class='ocrx_word' id='word_1_569' title='bbox 3286 3107 3448 3149; x_wconf 72' lang='lat' dir='ltr'><strong>cura</strong></span> <span class='ocrx_word' id='word_1_570' title='bbox 3486 3109 3638 3168; x_wconf 70' lang='lat' dir='ltr'><strong>eum,</strong></span> 
     </span>
    </p>
   </div>
   <div class='ocr_carea' id='block_1_79' title="bbox 399 3166 1966 3237">
    <p class='ocr_par' dir='ltr' id='par_1_79' title="bbox 399 3166 1966 3237">
     <span class='ocr_line' id='line_1_80' title="bbox 399 3166 1966 3237; baseline -0.001 -16"><span class='ocrx_word' id='word_1_571' title='bbox 399 3178 557 3224; x_wconf 80' lang='lat' dir='ltr'><strong>vetus</strong></span> <span class='ocrx_word' id='word_1_572' title='bbox 582 3166 856 3237; x_wconf 83' lang='lat' dir='ltr'><strong>interpres</strong></span> <span class='ocrx_word' id='word_1_573' title='bbox 895 3167 1145 3237; x_wconf 64' lang='lat' dir='ltr'><strong>Graecum</strong></span> <span class='ocrx_word' id='word_1_574' title='bbox 1194 3166 1563 3235; x_wconf 73' lang='grc' dir='ltr'><strong>φαντάζεσθαι</strong></span> <span class='ocrx_word' id='word_1_575' title='bbox 1602 3168 1827 3221; x_wconf 82' lang='lat' dir='ltr'><strong>reddere</strong></span> <span class='ocrx_word' id='word_1_576' title='bbox 1849 3176 1966 3220; x_wconf 88' lang='lat' dir='ltr'><strong>stu-</strong></span> 
     </span>
    </p>
   </div>
   <div class='ocr_carea' id='block_1_80' title="bbox 401 3235 1964 3307">
    <p class='ocr_par' dir='ltr' id='par_1_80' title="bbox 401 3235 1964 3307">
     <span class='ocr_line' id='line_1_81' title="bbox 401 3235 1964 3307; baseline -0.001 -18"><span class='ocrx_word' id='word_1_577' title='bbox 401 3238 540 3293; x_wconf 89' lang='lat' dir='ltr'><strong>duit.</strong></span> <span class='ocrx_word' id='word_1_578' title='bbox 570 3235 951 3307; x_wconf 79' lang='lat' dir='ltr'><strong>Expunximus</strong></span> <span class='ocrx_word' id='word_1_579' title='bbox 982 3235 1187 3292; x_wconf 69' lang='lat' dir='ltr'><strong>«fastos</strong></span> <span class='ocrx_word' id='word_1_580' title='bbox 1226 3239 1388 3300; x_wconf 90' lang='lat' dir='ltr'><strong>mori,</strong></span> <span class='ocrx_word' id='word_1_581' title='bbox 1422 3237 1621 3307; x_wconf 77' lang='lat' dir='ltr'><strong>exponi</strong></span> <span class='ocrx_word' id='word_1_582' title='bbox 1658 3238 1964 3291; x_wconf 63' lang='lat' dir='ltr'><strong>omnibus.»</strong></span> 
     </span>
    </p>
   </div>
   <div class='ocr_carea' id='block_1_81' title="bbox 473 3305 1970 3379">
    <p class='ocr_par' dir='ltr' id='par_1_81' title="bbox 473 3305 1970 3379">
     <span class='ocr_line' id='line_1_82' title="bbox 473 3305 1970 3379; baseline -0.003 -16"><span class='ocrx_word' id='word_1_583' title='bbox 473 3307 902 3379; x_wconf 72' lang='lat' dir='ltr'><strong>Suppedaneum.</strong></span> <span class='ocrx_word' id='word_1_584' title='bbox 927 3305 1019 3379; x_wconf 88' lang='lat' dir='ltr'><strong>Sic</strong></span> <span class='ocrx_word' id='word_1_585' title='bbox 1034 3305 1663 3379; x_wconf 74' lang='lat' dir='ltr'><strong>legitetiamCyprianus</strong></span> <span class='ocrx_word' id='word_1_586' title='bbox 1684 3308 1778 3360; x_wconf 91' lang='lat' dir='ltr'><strong>lib.</strong></span> <span class='ocrx_word' id='word_1_587' title='bbox 1800 3308 1970 3379; x_wconf 83' lang='lat' dir='ltr'><strong>t_t_Ad-</strong></span> 
     </span>
    </p>
   </div>
   <div class='ocr_carea' id='block_1_82' title="bbox 402 3376 1965 3447">
    <p class='ocr_par' dir='ltr' id='par_1_82' title="bbox 402 3376 1965 3447">
     <span class='ocr_line' id='line_1_83' title="bbox 402 3376 1965 3447; baseline 0.004 -21"><span class='ocrx_word' id='word_1_588' title='bbox 402 3376 580 3432; x_wconf 61' lang='lat' dir='ltr'><strong>versus</strong></span> <span class='ocrx_word' id='word_1_589' title='bbox 603 3377 845 3439; x_wconf 76' lang='lat' dir='ltr'><strong>Judwos,</strong></span> <span class='ocrx_word' id='word_1_590' title='bbox 866 3378 1044 3447; x_wconf 89' lang='lat' dir='ltr'><strong>capite</strong></span> <span class='ocrx_word' id='word_1_591' title='bbox 1061 3378 1326 3447; x_wconf 88' lang='lat' dir='ltr'><strong>vigesimo</strong></span> <span class='ocrx_word' id='word_1_592' title='bbox 1348 3376 1523 3444; x_wconf 38' lang='lat' dir='ltr'><strong>se&#39;x’to,</strong></span> <span class='ocrx_word' id='word_1_593' title='bbox 1541 3376 1635 3432; x_wconf 87' lang='lat' dir='ltr'><strong>Gr.</strong></span> <span class='ocrx_word' id='word_1_594' title='bbox 1656 3376 1965 3432; x_wconf 78' lang='grc' dir='ltr'><strong>ὑποπόδιον.</strong></span> 
     </span>
    </p>
   </div>
   <div class='ocr_carea' id='block_1_83' title="bbox 472 3448 1771 3514">
    <p class='ocr_par' dir='ltr' id='par_1_83' title="bbox 472 3448 1771 3514">
     <span class='ocr_line' id='line_1_84' title="bbox 472 3448 1771 3514; baseline -0.001 -15"><span class='ocrx_word' id='word_1_595' title='bbox 472 3448 541 3500; x_wconf 86' lang='lat' dir='ltr'><strong>Et</strong></span> <span class='ocrx_word' id='word_1_596' title='bbox 566 3449 871 3502; x_wconf 75' lang='lat' dir='ltr'><strong>divisiones.</strong></span> <span class='ocrx_word' id='word_1_597' title='bbox 906 3448 1280 3514; x_wconf 84' lang='lat' dir='ltr'><strong>Expunxitnus</strong></span> <span class='ocrx_word' id='word_1_598' title='bbox 1309 3465 1328 3498; x_wconf 84' lang='grc'><strong>‹</strong></span> <span class='ocrx_word' id='word_1_599' title='bbox 1370 3449 1569 3502; x_wconf 81' lang='lat' dir='ltr'><strong>divisio</strong></span> <span class='ocrx_word' id='word_1_600' title='bbox 1602 3462 1723 3503; x_wconf 87' lang='lat' dir='ltr'><strong>nos.</strong></span> <span class='ocrx_word' id='word_1_601' title='bbox 1752 3466 1771 3498; x_wconf 76' lang='grc' dir='ltr'><strong>ι</strong></span> 
     </span>
    </p>
   </div>
   <div class='ocr_carea' id='block_1_84' title="bbox 485 3516 1969 3583">
    <p class='ocr_par' dir='ltr' id='par_1_84' title="bbox 485 3516 1969 3583">
     <span class='ocr_line' id='line_1_85' title="bbox 485 3516 1969 3583; baseline 0.001 -15"><span class='ocrx_word' id='word_1_602' title='bbox 485 3516 617 3571; x_wconf 78' lang='lat' dir='ltr'><strong>Post</strong></span> <span class='ocrx_word' id='word_1_603' title='bbox 669 3519 876 3571; x_wconf 83' lang='lat' dir='ltr'><strong>deinde.</strong></span> <span class='ocrx_word' id='word_1_604' title='bbox 906 3518 1037 3583; x_wconf 65' lang='lat' dir='ltr'><strong>Quae</strong></span> <span class='ocrx_word' id='word_1_605' title='bbox 1070 3517 1159 3573; x_wconf 89' lang='lat' dir='ltr'><strong>hic</strong></span> <span class='ocrx_word' id='word_1_606' title='bbox 1192 3516 1391 3571; x_wconf 83' lang='lat' dir='ltr'><strong>refellit</strong></span> <span class='ocrx_word' id='word_1_607' title='bbox 1425 3518 1491 3571; x_wconf 91' lang='lat' dir='ltr'><strong>de</strong></span> <span class='ocrx_word' id='word_1_608' title='bbox 1527 3520 1791 3582; x_wconf 88' lang='lat' dir='ltr'><strong>numeris,</strong></span> <span class='ocrx_word' id='word_1_609' title='bbox 1825 3517 1969 3570; x_wconf 88' lang='lat' dir='ltr'><strong>litte-</strong></span> 
     </span>
    </p>
   </div>
   <div class='ocr_carea' id='block_1_85' title="bbox 400 3586 1968 3659">
    <p class='ocr_par' dir='ltr' id='par_1_85' title="bbox 400 3586 1968 3659">
     <span class='ocr_line' id='line_1_86' title="bbox 400 3586 1968 3659; baseline -0.003 -15"><span class='ocrx_word' id='word_1_610' title='bbox 400 3592 482 3645; x_wconf 86' lang='lat' dir='ltr'><strong>ris</strong></span> <span class='ocrx_word' id='word_1_611' title='bbox 517 3600 570 3642; x_wconf 88' lang='lat' dir='ltr'><strong>et</strong></span> <span class='ocrx_word' id='word_1_612' title='bbox 606 3587 852 3659; x_wconf 87' lang='lat' dir='ltr'><strong>syllabis,</strong></span> <span class='ocrx_word' id='word_1_613' title='bbox 888 3586 1142 3659; x_wconf 82' lang='lat' dir='ltr'><strong>recitavit</strong></span> <span class='ocrx_word' id='word_1_614' title='bbox 1196 3587 1335 3642; x_wconf 90' lang='lat' dir='ltr'><strong>libro</strong></span> <span class='ocrx_word' id='word_1_615' title='bbox 1378 3590 1573 3659; x_wconf 84' lang='lat' dir='ltr'><strong>primo,</strong></span> <span class='ocrx_word' id='word_1_616' title='bbox 1612 3589 1790 3656; x_wconf 85' lang='lat' dir='ltr'><strong>capite</strong></span> <span class='ocrx_word' id='word_1_617' title='bbox 1820 3588 1968 3641; x_wconf 82' lang='lat' dir='ltr'><strong>deci-</strong></span> 
     </span>
    </p>
   </div>
   <div class='ocr_carea' id='block_1_86' title="bbox 400 3657 1967 3715">
    <p class='ocr_par' dir='ltr' id='par_1_86' title="bbox 400 3657 1967 3715">
     <span class='ocr_line' id='line_1_87' title="bbox 400 3657 1967 3715; baseline -0.003 0"><span class='ocrx_word' id='word_1_618' title='bbox 400 3676 492 3715; x_wconf 88' lang='lat' dir='ltr'><strong>mo</strong></span> <span class='ocrx_word' id='word_1_619' title='bbox 517 3667 571 3713; x_wconf 88' lang='lat' dir='ltr'><strong>et</strong></span> <span class='ocrx_word' id='word_1_620' title='bbox 605 3657 913 3714; x_wconf 79' lang='lat' dir='ltr'><strong>undecimo.</strong></span> <span class='ocrx_word' id='word_1_621' title='bbox 956 3657 1130 3713; x_wconf 79' lang='lat' dir='ltr'><strong>Docet</strong></span> <span class='ocrx_word' id='word_1_622' title='bbox 1168 3668 1351 3712; x_wconf 90' lang='lat' dir='ltr'><strong>autem</strong></span> <span class='ocrx_word' id='word_1_623' title='bbox 1405 3657 1611 3710; x_wconf 91' lang='lat' dir='ltr'><strong>nullum</strong></span> <span class='ocrx_word' id='word_1_624' title='bbox 1662 3666 1879 3713; x_wconf 80' lang='lat' dir='ltr'><strong>exstare</strong></span> <span class='ocrx_word' id='word_1_625' title='bbox 1913 3660 1967 3711; x_wconf 90' lang='lat' dir='ltr'><strong>in</strong></span> 
     </span>
    </p>
   </div>
   <div class='ocr_carea' id='block_1_87' title="bbox 403 3726 1968 3799">
    <p class='ocr_par' dir='ltr' id='par_1_87' title="bbox 403 3726 1968 3799">
     <span class='ocr_line' id='line_1_88' title="bbox 403 3726 1968 3799; baseline -0.003 -14"><span class='ocrx_word' id='word_1_626' title='bbox 403 3731 703 3799; x_wconf 83' lang='lat' dir='ltr'><strong>Scripturis</strong></span> <span class='ocrx_word' id='word_1_627' title='bbox 745 3728 1142 3799; x_wconf 85' lang='lat' dir='ltr'><strong>testimonium,</strong></span> <span class='ocrx_word' id='word_1_628' title='bbox 1175 3742 1283 3796; x_wconf 90' lang='lat' dir='ltr'><strong>quo</strong></span> <span class='ocrx_word' id='word_1_629' title='bbox 1318 3728 1529 3796; x_wconf 89' lang='lat' dir='ltr'><strong>possint</strong></span> <span class='ocrx_word' id='word_1_630' title='bbox 1562 3726 1839 3799; x_wconf 12' lang='lat' dir='ltr'><strong>faliirmare</strong></span> <span class='ocrx_word' id='word_1_631' title='bbox 1903 3728 1968 3781; x_wconf 76' lang='lat' dir='ltr'><strong>ti-</strong></span> 
     </span>
    </p>
   </div>
   <div class='ocr_carea' id='block_1_88' title="bbox 396 3797 1966 3870">
    <p class='ocr_par' dir='ltr' id='par_1_88' title="bbox 396 3797 1966 3870">
     <span class='ocr_line' id='line_1_89' title="bbox 396 3797 1966 3870; baseline 0 -17"><span class='ocrx_word' id='word_1_632' title='bbox 396 3797 619 3870; x_wconf 74' lang='lat' dir='ltr'><strong>gmenta</strong></span> <span class='ocrx_word' id='word_1_633' title='bbox 656 3814 751 3854; x_wconf 90' lang='lat' dir='ltr'><strong>sua</strong></span> <span class='ocrx_word' id='word_1_634' title='bbox 784 3813 882 3870; x_wconf 88' lang='lat' dir='ltr'><strong>per</strong></span> <span class='ocrx_word' id='word_1_635' title='bbox 924 3797 1159 3870; x_wconf 82' lang='lat' dir='ltr'><strong>litteras,</strong></span> <span class='ocrx_word' id='word_1_636' title='bbox 1186 3799 1445 3869; x_wconf 86' lang='lat' dir='ltr'><strong>syllabas,</strong></span> <span class='ocrx_word' id='word_1_637' title='bbox 1492 3798 1576 3852; x_wconf 90' lang='lat' dir='ltr'><strong>vel</strong></span> <span class='ocrx_word' id='word_1_638' title='bbox 1610 3812 1866 3870; x_wconf 88' lang='lat' dir='ltr'><strong>numeros</strong></span> <span class='ocrx_word' id='word_1_639' title='bbox 1899 3813 1966 3853; x_wconf 80' lang='lat' dir='ltr'><strong>ex</strong></span> 
     </span>
    </p>
   </div>
   <div class='ocr_carea' id='block_1_89' title="bbox 401 3869 1959 3939">
    <p class='ocr_par' dir='ltr' id='par_1_89' title="bbox 401 3869 1959 3939">
     <span class='ocr_line' id='line_1_90' title="bbox 401 3869 1959 3939; baseline -0.003 -13"><span class='ocrx_word' id='word_1_640' title='bbox 401 3869 489 3927; x_wconf 84' lang='lat' dir='ltr'><strong>his</strong></span> <span class='ocrx_word' id='word_1_641' title='bbox 522 3870 803 3925; x_wconf 88' lang='lat' dir='ltr'><strong>deductos.</strong></span> <span class='ocrx_word' id='word_1_642' title='bbox 860 3869 1026 3924; x_wconf 88' lang='lat' dir='ltr'><strong>Paulo</strong></span> <span class='ocrx_word' id='word_1_643' title='bbox 1058 3879 1201 3939; x_wconf 90' lang='lat' dir='ltr'><strong>post,</strong></span> <span class='ocrx_word' id='word_1_644' title='bbox 1247 3886 1266 3920; x_wconf 77' lang='grc' dir='ltr'><strong>ι</strong></span> <span class='ocrx_word' id='word_1_645' title='bbox 1308 3880 1391 3924; x_wconf 88' lang='lat' dir='ltr'><strong>est</strong></span> <span class='ocrx_word' id='word_1_646' title='bbox 1424 3878 1607 3922; x_wconf 89' lang='lat' dir='ltr'><strong>autem</strong></span> <span class='ocrx_word' id='word_1_647' title='bbox 1658 3869 1898 3937; x_wconf 88' lang='lat' dir='ltr'><strong>quando,</strong></span> <span class='ocrx_word' id='word_1_648' title='bbox 1939 3888 1959 3921; x_wconf 80' lang='grc' dir='ltr'><strong>ι</strong></span> 
     </span>
    </p>
   </div>
   <div class='ocr_carea' id='block_1_90' title="bbox 399 3940 1939 4010">
    <p class='ocr_par' dir='ltr' id='par_1_90' title="bbox 399 3940 1939 4010">
     <span class='ocr_line' id='line_1_91' title="bbox 399 3940 1939 4010; baseline -0.003 -14"><span class='ocrx_word' id='word_1_649' title='bbox 399 3954 535 4004; x_wconf 86' lang='lat' dir='ltr'><strong>ctc.,</strong></span> <span class='ocrx_word' id='word_1_650' title='bbox 571 3943 771 3996; x_wconf 92' lang='lat' dir='ltr'><strong>dicitur</strong></span> <span class='ocrx_word' id='word_1_651' title='bbox 788 3940 978 3996; x_wconf 72' lang='lat' dir='ltr'><strong>Graeca</strong></span> <span class='ocrx_word' id='word_1_652' title='bbox 999 3940 1209 4010; x_wconf 90' lang='lat' dir='ltr'><strong>pbrasi,</strong></span> <span class='ocrx_word' id='word_1_653' title='bbox 1234 3953 1332 4009; x_wconf 90' lang='lat' dir='ltr'><strong>pro</strong></span> <span class='ocrx_word' id='word_1_654' title='bbox 1372 3940 1675 3993; x_wconf 68' lang='lat' dir='ltr'><strong>«interdum</strong></span> <span class='ocrx_word' id='word_1_655' title='bbox 1702 3947 1939 4010; x_wconf 57' lang='lat' dir='ltr'><strong>autem.»</strong></span> 
     </span>
    </p>
   </div>
   <div class='ocr_carea' id='block_1_91' title="bbox 473 4009 1960 4081">
    <p class='ocr_par' dir='ltr' id='par_1_91' title="bbox 473 4009 1960 4081">
     <span class='ocr_line' id='line_1_92' title="bbox 473 4009 1960 4081; baseline -0.003 -14"><span class='ocrx_word' id='word_1_656' title='bbox 473 4011 687 4067; x_wconf 82' lang='lat' dir='ltr'><strong>Etenim</strong></span> <span class='ocrx_word' id='word_1_657' title='bbox 727 4011 771 4065; x_wconf 74' lang='lat' dir='ltr'><strong>si</strong></span> <span class='ocrx_word' id='word_1_658' title='bbox 797 4012 916 4081; x_wconf 81' lang='lat' dir='ltr'><strong>quis</strong></span> <span class='ocrx_word' id='word_1_659' title='bbox 955 4009 1217 4080; x_wconf 59' lang='lat' dir='ltr'><strong>exquirat.</strong></span> <span class='ocrx_word' id='word_1_660' title='bbox 1254 4010 1655 4081; x_wconf 73' lang='lat' dir='ltr'><strong>Existimarunt</strong></span> <span class='ocrx_word' id='word_1_661' title='bbox 1693 4009 1960 4081; x_wconf 87' lang='lat' dir='ltr'><strong>nonnulli,</strong></span> 
     </span>
    </p>
   </div>
   <div class='ocr_carea' id='block_1_92' title="bbox 396 4079 1963 4148">
    <p class='ocr_par' dir='ltr' id='par_1_92' title="bbox 396 4079 1963 4148">
     <span class='ocr_line' id='line_1_93' title="bbox 396 4079 1963 4148; baseline -0.002 -10"><span class='ocrx_word' id='word_1_662' title='bbox 396 4082 486 4139; x_wconf 87' lang='lat' dir='ltr'><strong>bis</strong></span> <span class='ocrx_word' id='word_1_663' title='bbox 522 4082 722 4148; x_wconf 79' lang='lat' dir='ltr'><strong>verbis,</strong></span> <span class='ocrx_word' id='word_1_664' title='bbox 777 4079 995 4136; x_wconf 82' lang='lat' dir='ltr'><strong>beatum</strong></span> <span class='ocrx_word' id='word_1_665' title='bbox 1031 4079 1289 4135; x_wconf 65' lang='lat' dir='ltr'><strong>Irenaeum</strong></span> <span class='ocrx_word' id='word_1_666' title='bbox 1310 4080 1529 4135; x_wconf 87' lang='lat' dir='ltr'><strong>Christo</strong></span> <span class='ocrx_word' id='word_1_667' title='bbox 1551 4079 1780 4135; x_wconf 89' lang='lat' dir='ltr'><strong>Domino</strong></span> <span class='ocrx_word' id='word_1_668' title='bbox 1806 4080 1963 4148; x_wconf 89' lang='lat' dir='ltr'><strong>igno-</strong></span> 
     </span>
    </p>
   </div>
   <div class='ocr_carea' id='block_1_93' title="bbox 398 4150 1963 4223">
    <p class='ocr_par' dir='ltr' id='par_1_93' title="bbox 398 4150 1963 4223">
     <span class='ocr_line' id='line_1_94' title="bbox 398 4150 1963 4223; baseline -0.002 -14"><span class='ocrx_word' id='word_1_669' title='bbox 398 4156 635 4209; x_wconf 87' lang='lat' dir='ltr'><strong>rantiam</strong></span> <span class='ocrx_word' id='word_1_670' title='bbox 672 4152 992 4223; x_wconf 88' lang='lat' dir='ltr'><strong>simpliciter</strong></span> <span class='ocrx_word' id='word_1_671' title='bbox 1026 4152 1265 4223; x_wconf 84' lang='lat' dir='ltr'><strong>tribuere</strong></span> <span class='ocrx_word' id='word_1_672' title='bbox 1287 4190 1303 4214; x_wconf 91' lang='lat'><strong>,</strong></span> <span class='ocrx_word' id='word_1_673' title='bbox 1347 4151 1445 4223; x_wconf 89' lang='lat' dir='ltr'><strong>qui</strong></span> <span class='ocrx_word' id='word_1_674' title='bbox 1474 4158 1631 4223; x_wconf 80' lang='lat' dir='ltr'><strong>certe</strong></span> <span class='ocrx_word' id='word_1_675' title='bbox 1663 4150 1848 4219; x_wconf 87' lang='lat' dir='ltr'><strong>lapsus</strong></span> <span class='ocrx_word' id='word_1_676' title='bbox 1875 4165 1963 4206; x_wconf 63' lang='lat' dir='ltr'><strong>es-</strong></span> 
     </span>
    </p>
   </div>
   <div class='ocr_carea' id='block_1_94' title="bbox 396 4221 1964 4292">
    <p class='ocr_par' dir='ltr' id='par_1_94' title="bbox 396 4221 1964 4292">
     <span class='ocr_line' id='line_1_95' title="bbox 396 4221 1964 4292; baseline -0.002 -13"><span class='ocrx_word' id='word_1_677' title='bbox 396 4237 505 4292; x_wconf 88' lang='lat' dir='ltr'><strong>set,</strong></span> <span class='ocrx_word' id='word_1_678' title='bbox 542 4223 714 4292; x_wconf 83' lang='lat' dir='ltr'><strong>magis</strong></span> <span class='ocrx_word' id='word_1_679' title='bbox 731 4221 1124 4278; x_wconf 75' lang='lat' dir='ltr'><strong>cundouandus</strong></span> <span class='ocrx_word' id='word_1_680' title='bbox 1156 4221 1228 4285; x_wconf 91' lang='lat' dir='ltr'><strong>ei,</strong></span> <span class='ocrx_word' id='word_1_681' title='bbox 1264 4222 1356 4290; x_wconf 91' lang='lat' dir='ltr'><strong>qui</strong></span> <span class='ocrx_word' id='word_1_682' title='bbox 1390 4221 1591 4292; x_wconf 74' lang='lat' dir='ltr'><strong>ardore</strong></span> <span class='ocrx_word' id='word_1_683' title='bbox 1616 4223 1964 4277; x_wconf 70' lang='lat' dir='ltr'><strong>retundendrc</strong></span> 
     </span>
    </p>
   </div>
   <div class='ocr_carea' id='block_1_95' title="bbox 397 4290 1966 4365">
    <p class='ocr_par' dir='ltr' id='par_1_95' title="bbox 397 4290 1966 4365">
     <span class='ocr_line' id='line_1_96' title="bbox 397 4290 1966 4365; baseline -0.003 -16"><span class='ocrx_word' id='word_1_684' title='bbox 397 4290 696 4365; x_wconf 79' lang='lat' dir='ltr'><strong>impietatis</strong></span> <span class='ocrx_word' id='word_1_685' title='bbox 719 4292 1124 4365; x_wconf 85' lang='lat' dir='ltr'><strong>Cnosticorum,</strong></span> <span class='ocrx_word' id='word_1_686' title='bbox 1159 4305 1267 4365; x_wconf 72' lang='lat' dir='ltr'><strong>qua</strong></span> <span class='ocrx_word' id='word_1_687' title='bbox 1302 4306 1463 4365; x_wconf 84' lang='lat' dir='ltr'><strong>supra</strong></span> <span class='ocrx_word' id='word_1_688' title='bbox 1499 4290 1713 4365; x_wconf 76' lang='lat' dir='ltr'><strong>Patres,</strong></span> <span class='ocrx_word' id='word_1_689' title='bbox 1748 4300 1966 4359; x_wconf 79' lang='lat' dir='ltr'><strong>aposto-</strong></span> 
     </span>
    </p>
   </div>
   <div class='ocr_carea' id='block_1_96' title="bbox 338 4361 1964 4446">
    <p class='ocr_par' dir='ltr' id='par_1_96' title="bbox 338 4361 1964 4446">
     <span class='ocr_line' id='line_1_97' title="bbox 338 4361 1964 4446; baseline -0.002 -26"><span class='ocrx_word' id='word_1_690' title='bbox 338 4378 351 4441; x_wconf 64' lang='grc' dir='ltr'>ξ</span> <span class='ocrx_word' id='word_1_691' title='bbox 396 4361 511 4431; x_wconf 64' lang='grc' dir='ltr'><strong>ιυέ,</strong></span> <span class='ocrx_word' id='word_1_692' title='bbox 563 4366 875 4446; x_wconf 79' lang='lat' dir='ltr'><strong>prophetas,</strong></span> <span class='ocrx_word' id='word_1_693' title='bbox 922 4363 1049 4446; x_wconf 82' lang='lat' dir='ltr'><strong>_imo</strong></span> <span class='ocrx_word' id='word_1_694' title='bbox 1091 4371 1149 4443; x_wconf 72' lang='lat' dir='ltr'><strong>et</strong></span> <span class='ocrx_word' id='word_1_695' title='bbox 1192 4362 1472 4446; x_wconf 83' lang='lat' dir='ltr'><strong>Christum</strong></span> <span class='ocrx_word' id='word_1_696' title='bbox 1525 4361 1730 4446; x_wconf 34' lang='lat' dir='ltr'><strong>“ipsum</strong></span> <span class='ocrx_word' id='word_1_697' title='bbox 1771 4374 1964 4428; x_wconf 88' lang='lat' dir='ltr'><strong>sapere</strong></span> 
     </span>
    </p>
   </div>
   <div class='ocr_carea' id='block_1_97' title="bbox 350 4432 1956 4503">
    <p class='ocr_par' dir='ltr' id='par_1_97' title="bbox 350 4432 1956 4503">
     <span class='ocr_line' id='line_1_98' title="bbox 350 4432 1956 4503; baseline -0.003 -14"><span class='ocrx_word' id='word_1_698' title='bbox 350 4438 351 4441; x_wconf 65' lang='grc'><em>“</em></span> <span class='ocrx_word' id='word_1_699' title='bbox 394 4452 518 4490; x_wconf 87' lang='lat' dir='ltr'><strong>sese</strong></span> <span class='ocrx_word' id='word_1_700' title='bbox 561 4432 864 4503; x_wconf 75' lang='lat' dir='ltr'><strong>iactabant,</strong></span> <span class='ocrx_word' id='word_1_701' title='bbox 922 4435 1025 4487; x_wconf 90' lang='lat' dir='ltr'><strong>hoc</strong></span> <span class='ocrx_word' id='word_1_702' title='bbox 1069 4432 1249 4486; x_wconf 88' lang='lat' dir='ltr'><strong>minus</strong></span> <span class='ocrx_word' id='word_1_703' title='bbox 1303 4441 1464 4488; x_wconf 91' lang='lat' dir='ltr'><strong>caute</strong></span> <span class='ocrx_word' id='word_1_704' title='bbox 1506 4432 1752 4503; x_wconf 77' lang='lat' dir='ltr'><strong>dixisset,</strong></span> <span class='ocrx_word' id='word_1_705' title='bbox 1794 4445 1956 4503; x_wconf 80' lang='lat' dir='ltr'><strong>quam</strong></span> 
     </span>
    </p>
   </div>
   <div class='ocr_carea' id='block_1_98' title="bbox 382 4501 1953 4575">
    <p class='ocr_par' dir='ltr' id='par_1_98' title="bbox 382 4501 1953 4575">
     <span class='ocr_line' id='line_1_99' title="bbox 382 4501 1953 4575; baseline 0.001 -21"><span class='ocrx_word' id='word_1_706' title='bbox 382 4501 708 4575; x_wconf 67' lang='lat' dir='ltr'><strong>procaciter</strong></span> <span class='ocrx_word' id='word_1_707' title='bbox 740 4516 793 4559; x_wconf 89' lang='lat' dir='ltr'><strong>et</strong></span> <span class='ocrx_word' id='word_1_708' title='bbox 839 4505 1026 4559; x_wconf 90' lang='lat' dir='ltr'><strong>odiose</strong></span> <span class='ocrx_word' id='word_1_709' title='bbox 1077 4502 1451 4570; x_wconf 81' lang='lat' dir='ltr'><strong>exagitandus.</strong></span> <span class='ocrx_word' id='word_1_710' title='bbox 1495 4501 1743 4575; x_wconf 85' lang='lat' dir='ltr'><strong>At__mihi</strong></span> <span class='ocrx_word' id='word_1_711' title='bbox 1796 4501 1953 4570; x_wconf 86' lang='lat' dir='ltr'><strong>longe</strong></span> 
     </span>
    </p>
   </div>
   <div class='ocr_carea' id='block_1_99' title="bbox 396 4571 1949 4641">
    <p class='ocr_par' dir='ltr' id='par_1_99' title="bbox 396 4571 1949 4641">
     <span class='ocr_line' id='line_1_100' title="bbox 396 4571 1949 4641; baseline -0.003 -11"><span class='ocrx_word' id='word_1_712' title='bbox 396 4571 544 4630; x_wconf 72' lang='lat' dir='ltr'><strong>aliud</strong></span> <span class='ocrx_word' id='word_1_713' title='bbox 584 4577 813 4630; x_wconf 88' lang='lat' dir='ltr'><strong>videtur.</strong></span> <span class='ocrx_word' id='word_1_714' title='bbox 861 4574 965 4641; x_wconf 85' lang='lat' dir='ltr'><strong>Qui</strong></span> <span class='ocrx_word' id='word_1_715' title='bbox 1017 4574 1160 4627; x_wconf 90' lang='lat' dir='ltr'><strong>enim</strong></span> <span class='ocrx_word' id='word_1_716' title='bbox 1204 4576 1379 4634; x_wconf 90' lang='lat' dir='ltr'><strong>tieret,</strong></span> <span class='ocrx_word' id='word_1_717' title='bbox 1438 4584 1494 4627; x_wconf 93' lang='lat' dir='ltr'><strong>ut</strong></span> <span class='ocrx_word' id='word_1_718' title='bbox 1539 4571 1755 4625; x_wconf 87' lang='lat' dir='ltr'><strong>Christo</strong></span> <span class='ocrx_word' id='word_1_719' title='bbox 1804 4586 1949 4626; x_wconf 87' lang='lat' dir='ltr'><strong>nunc</strong></span> 
     </span>
    </p>
   </div>
   <div class='ocr_carea' id='block_1_100' title="bbox 396 4641 1952 4716">
    <p class='ocr_par' dir='ltr' id='par_1_100' title="bbox 396 4641 1952 4716">
     <span class='ocr_line' id='line_1_101' title="bbox 396 4641 1952 4716; baseline -0.003 -15"><span class='ocrx_word' id='word_1_720' title='bbox 396 4648 762 4716; x_wconf 89' lang='lat' dir='ltr'><strong>ignorantiam</strong></span> <span class='ocrx_word' id='word_1_721' title='bbox 814 4645 1113 4716; x_wconf 81' lang='lat' dir='ltr'><strong>aliingeret,</strong></span> <span class='ocrx_word' id='word_1_722' title='bbox 1148 4646 1239 4712; x_wconf 88' lang='lat' dir='ltr'><strong>qui</strong></span> <span class='ocrx_word' id='word_1_723' title='bbox 1276 4645 1435 4697; x_wconf 85' lang='lat' dir='ltr'><strong>toties</strong></span> <span class='ocrx_word' id='word_1_724' title='bbox 1487 4641 1952 4716; x_wconf 7' lang='lat' dir='ltr'><strong>ingsuperioribus</strong></span> 
     </span>
    </p>
   </div>
   <div class='ocr_carea' id='block_1_101' title="bbox 396 4714 1954 4784">
    <p class='ocr_par' dir='ltr' id='par_1_101' title="bbox 396 4714 1954 4784">
     <span class='ocr_line' id='line_1_102' title="bbox 396 4714 1954 4784; baseline -0.004 -11"><span class='ocrx_word' id='word_1_725' title='bbox 396 4714 686 4773; x_wconf 79' lang='lat' dir='ltr'><strong>Gnosticos</strong></span> <span class='ocrx_word' id='word_1_726' title='bbox 744 4715 1039 4784; x_wconf 89' lang='lat' dir='ltr'><strong>impietatis</strong></span> <span class='ocrx_word' id='word_1_727' title='bbox 1090 4728 1213 4768; x_wconf 88' lang='lat' dir='ltr'><strong>reos</strong></span> <span class='ocrx_word' id='word_1_728' title='bbox 1244 4716 1373 4783; x_wconf 86' lang='lat' dir='ltr'><strong>egit,</strong></span> <span class='ocrx_word' id='word_1_729' title='bbox 1420 4714 1562 4783; x_wconf 88' lang='lat' dir='ltr'><strong>quod</strong></span> <span class='ocrx_word' id='word_1_730' title='bbox 1615 4714 1954 4784; x_wconf 73' lang='lat' dir='ltr'><strong>Saphiantet</strong></span> 
     </span>
    </p>
   </div>
   <div class='ocr_carea' id='block_1_102' title="bbox 395 4782 1953 4858">
    <p class='ocr_par' dir='ltr' id='par_1_102' title="bbox 395 4782 1953 4858">
     <span class='ocr_line' id='line_1_103' title="bbox 395 4782 1953 4858; baseline -0.005 -16"><span class='ocrx_word' id='word_1_731' title='bbox 395 4789 751 4858; x_wconf 81' lang='lat' dir='ltr'><strong>Monogcncm</strong></span> <span class='ocrx_word' id='word_1_732' title='bbox 792 4782 971 4840; x_wconf 84' lang='lat' dir='ltr'><strong>Patris</strong></span> <span class='ocrx_word' id='word_1_733' title='bbox 1009 4782 1337 4858; x_wconf 66' lang='lat' dir='ltr'><strong>ignorantiae</strong></span> <span class='ocrx_word' id='word_1_734' title='bbox 1404 4785 1744 4858; x_wconf 86' lang='lat' dir='ltr'><strong>passiouibus</strong></span> <span class='ocrx_word' id='word_1_735' title='bbox 1781 4782 1953 4858; x_wconf 78' lang='lat' dir='ltr'><strong>subji-</strong></span> 
     </span>
    </p>
   </div>
   <div class='ocr_carea' id='block_1_103' title="bbox 395 4854 1951 4926">
    <p class='ocr_par' dir='ltr' id='par_1_103' title="bbox 395 4854 1951 4926">
     <span class='ocr_line' id='line_1_104' title="bbox 395 4854 1951 4926; baseline -0.003 -15"><span class='ocrx_word' id='word_1_736' title='bbox 395 4854 616 4913; x_wconf 65' lang='lat' dir='ltr'><strong>ccrcni?</strong></span> <span class='ocrx_word' id='word_1_737' title='bbox 650 4860 759 4912; x_wconf 79' lang='lat' dir='ltr'><strong>Aut</strong></span> <span class='ocrx_word' id='word_1_738' title='bbox 791 4854 1062 4926; x_wconf 87' lang='lat' dir='ltr'><strong>quomodo</strong></span> <span class='ocrx_word' id='word_1_739' title='bbox 1097 4856 1182 4909; x_wconf 91' lang='lat' dir='ltr'><strong>hic</strong></span> <span class='ocrx_word' id='word_1_740' title='bbox 1215 4856 1565 4926; x_wconf 84' lang='lat' dir='ltr'><strong>ignorationis</strong></span> <span class='ocrx_word' id='word_1_741' title='bbox 1601 4854 1837 4908; x_wconf 89' lang='lat' dir='ltr'><strong>tenebris</strong></span> <span class='ocrx_word' id='word_1_742' title='bbox 1870 4854 1951 4912; x_wconf 85' lang='lat' dir='ltr'><strong>in-</strong></span> 
     </span>
    </p>
   </div>
   <div class='ocr_carea' id='block_1_104' title="bbox 394 4925 1947 4995">
    <p class='ocr_par' dir='ltr' id='par_1_104' title="bbox 394 4925 1947 4995">
     <span class='ocr_line' id='line_1_105' title="bbox 394 4925 1947 4995; baseline -0.003 -16"><span class='ocrx_word' id='word_1_743' title='bbox 394 4930 644 4984; x_wconf 86' lang='lat' dir='ltr'><strong>volverct</strong></span> <span class='ocrx_word' id='word_1_744' title='bbox 674 4925 823 4994; x_wconf 78' lang='lat' dir='ltr'><strong>eum,</strong></span> <span class='ocrx_word' id='word_1_745' title='bbox 859 4939 1020 4995; x_wconf 85' lang='lat' dir='ltr'><strong>quem</strong></span> <span class='ocrx_word' id='word_1_746' title='bbox 1064 4936 1215 4980; x_wconf 90' lang='lat' dir='ltr'><strong>tanto</strong></span> <span class='ocrx_word' id='word_1_747' title='bbox 1244 4930 1454 4979; x_wconf 85' lang='lat' dir='ltr'><strong>lervore</strong></span> <span class='ocrx_word' id='word_1_748' title='bbox 1494 4925 1665 4979; x_wconf 85' lang='lat' dir='ltr'><strong>Deum</strong></span> <span class='ocrx_word' id='word_1_749' title='bbox 1701 4927 1947 4989; x_wconf 88' lang='lat' dir='ltr'><strong>deorutn,</strong></span> 
     </span>
    </p>
   </div>
   <div class='ocr_carea' id='block_1_105' title="bbox 397 4995 1952 5064">
    <p class='ocr_par' dir='ltr' id='par_1_105' title="bbox 397 4995 1952 5064">
     <span class='ocr_line' id='line_1_106' title="bbox 397 4995 1952 5064; baseline -0.005 -11"><span class='ocrx_word' id='word_1_750' title='bbox 397 5011 453 5053; x_wconf 90' lang='lat' dir='ltr'><strong>et</strong></span> <span class='ocrx_word' id='word_1_751' title='bbox 478 5000 763 5055; x_wconf 87' lang='lat' dir='ltr'><strong>Dominum</strong></span> <span class='ocrx_word' id='word_1_752' title='bbox 812 4997 1075 5062; x_wconf 92' lang='lat' dir='ltr'><strong>omnium,</strong></span> <span class='ocrx_word' id='word_1_753' title='bbox 1124 4996 1272 5049; x_wconf 87' lang='lat' dir='ltr'><strong>Patri</strong></span> <span class='ocrx_word' id='word_1_754' title='bbox 1319 4997 1539 5050; x_wconf 85' lang='lat' dir='ltr'><strong>omnino</strong></span> <span class='ocrx_word' id='word_1_755' title='bbox 1593 4995 1851 5064; x_wconf 75' lang='lat' dir='ltr'><strong>aequalem</strong></span> <span class='ocrx_word' id='word_1_756' title='bbox 1897 5005 1952 5047; x_wconf 90' lang='lat' dir='ltr'><strong>et</strong></span> 
     </span>
    </p>
   </div>
   <div class='ocr_carea' id='block_1_106' title="bbox 394 5065 1950 5140">
    <p class='ocr_par' dir='ltr' id='par_1_106' title="bbox 394 5065 1950 5140">
     <span class='ocr_line' id='line_1_107' title="bbox 394 5065 1950 5140; baseline -0.003 -17"><span class='ocrx_word' id='word_1_757' title='bbox 394 5081 750 5135; x_wconf 68' lang='lat' dir='ltr'><strong>coaeternutn,</strong></span> <span class='ocrx_word' id='word_1_758' title='bbox 784 5067 1443 5140; x_wconf 18' lang='lat' dir='ltr'><strong>plusquamA§alomonem</strong></span> <span class='ocrx_word' id='word_1_759' title='bbox 1474 5074 1528 5119; x_wconf 85' lang='lat' dir='ltr'><strong>et</strong></span> <span class='ocrx_word' id='word_1_760' title='bbox 1554 5065 1768 5140; x_wconf 68' lang='lat' dir='ltr'><strong>lunam,</strong></span> <span class='ocrx_word' id='word_1_761' title='bbox 1800 5065 1950 5118; x_wconf 81' lang='lat' dir='ltr'><strong>vivo-</strong></span> 
     </span>
    </p>
   </div>
   <div class='ocr_carea' id='block_1_107' title="bbox 399 5135 1758 5204">
    <p class='ocr_par' dir='ltr' id='par_1_107' title="bbox 399 5135 1758 5204">
     <span class='ocr_line' id='line_1_108' title="bbox 399 5135 1758 5204; baseline -0.004 -11"><span class='ocrx_word' id='word_1_762' title='bbox 399 5157 517 5194; x_wconf 87' lang='lat' dir='ltr'><strong>rum</strong></span> <span class='ocrx_word' id='word_1_763' title='bbox 541 5152 595 5196; x_wconf 91' lang='lat' dir='ltr'><strong>et</strong></span> <span class='ocrx_word' id='word_1_764' title='bbox 618 5135 952 5194; x_wconf 76' lang='lat' dir='ltr'><strong>mortuorum</strong></span> <span class='ocrx_word' id='word_1_765' title='bbox 977 5135 1217 5204; x_wconf 70' lang='lat' dir='ltr'><strong>judicent</strong></span> <span class='ocrx_word' id='word_1_766' title='bbox 1250 5138 1449 5204; x_wconf 88' lang='lat' dir='ltr'><strong>passim</strong></span> <span class='ocrx_word' id='word_1_767' title='bbox 1484 5135 1758 5190; x_wconf 87' lang='lat' dir='ltr'><strong>inculcat?</strong></span> 
     </span>
    </p>
   </div>
   <div class='ocr_carea' id='block_1_108' title="bbox 470 5205 1954 5282">
    <p class='ocr_par' dir='ltr' id='par_1_108' title="bbox 470 5205 1954 5282">
     <span class='ocr_line' id='line_1_109' title="bbox 470 5205 1954 5282; baseline -0.005 -17"><span class='ocrx_word' id='word_1_768' title='bbox 470 5212 612 5282; x_wconf 81' lang='lat' dir='ltr'><strong>Ergo</strong></span> <span class='ocrx_word' id='word_1_769' title='bbox 649 5220 858 5264; x_wconf 90' lang='lat' dir='ltr'><strong>tantum</strong></span> <span class='ocrx_word' id='word_1_770' title='bbox 905 5210 1018 5262; x_wconf 91' lang='lat' dir='ltr'><strong>vult</strong></span> <span class='ocrx_word' id='word_1_771' title='bbox 1059 5208 1341 5282; x_wconf 73' lang='lat' dir='ltr'><strong>Christum</strong></span> <span class='ocrx_word' id='word_1_772' title='bbox 1376 5208 1481 5282; x_wconf 84' lang='lat' dir='ltr'><strong>diei</strong></span> <span class='ocrx_word' id='word_1_773' title='bbox 1525 5206 1782 5282; x_wconf 80' lang='lat' dir='ltr'><strong>postremi</strong></span> <span class='ocrx_word' id='word_1_774' title='bbox 1811 5205 1954 5259; x_wconf 91' lang='lat' dir='ltr'><strong>noti-</strong></span> 
     </span>
    </p>
   </div>
   <div class='ocr_carea' id='block_1_109' title="bbox 397 5278 1949 5350">
    <p class='ocr_par' dir='ltr' id='par_1_109' title="bbox 397 5278 1949 5350">
     <span class='ocr_line' id='line_1_110' title="bbox 397 5278 1949 5350; baseline -0.005 -16"><span class='ocrx_word' id='word_1_775' title='bbox 397 5278 641 5345; x_wconf 54' lang='lat' dir='ltr'><strong>tiamfde</strong></span> <span class='ocrx_word' id='word_1_776' title='bbox 663 5295 766 5350; x_wconf 90' lang='lat' dir='ltr'><strong>qua</strong></span> <span class='ocrx_word' id='word_1_777' title='bbox 784 5282 981 5348; x_wconf 85' lang='lat' dir='ltr'><strong>agitur,</strong></span> <span class='ocrx_word' id='word_1_778' title='bbox 1006 5278 1071 5331; x_wconf 88' lang='lat' dir='ltr'><strong>ad</strong></span> <span class='ocrx_word' id='word_1_779' title='bbox 1096 5279 1310 5350; x_wconf 75' lang='lat' dir='ltr'><strong>Patrem</strong></span> <span class='ocrx_word' id='word_1_780' title='bbox 1338 5279 1538 5331; x_wconf 88' lang='lat' dir='ltr'><strong>rclerre</strong></span> <span class='ocrx_word' id='word_1_781' title='bbox 1562 5292 1575 5327; x_wconf 91' lang='lat'><strong>:</strong></span> <span class='ocrx_word' id='word_1_782' title='bbox 1601 5278 1739 5329; x_wconf 90' lang='lat' dir='ltr'><strong>sicut</strong></span> <span class='ocrx_word' id='word_1_783' title='bbox 1761 5290 1949 5343; x_wconf 87' lang='lat' dir='ltr'><strong>opera,</strong></span> 
     </span>
    </p>
   </div>
   <div class='ocr_carea' id='block_1_110' title="bbox 398 5348 1952 5417">
    <p class='ocr_par' dir='ltr' id='par_1_110' title="bbox 398 5348 1952 5417">
     <span class='ocr_line' id='line_1_111' title="bbox 398 5348 1952 5417; baseline -0.005 -13"><span class='ocrx_word' id='word_1_784' title='bbox 398 5354 587 5414; x_wconf 85' lang='lat' dir='ltr'><strong>vitam,</strong></span> <span class='ocrx_word' id='word_1_785' title='bbox 612 5348 721 5404; x_wconf 76' lang='lat' dir='ltr'><strong>imo</strong></span> <span class='ocrx_word' id='word_1_786' title='bbox 746 5362 800 5404; x_wconf 91' lang='lat' dir='ltr'><strong>et</strong></span> <span class='ocrx_word' id='word_1_787' title='bbox 827 5352 1077 5404; x_wconf 87' lang='lat' dir='ltr'><strong>deitatem</strong></span> <span class='ocrx_word' id='word_1_788' title='bbox 1104 5348 1272 5417; x_wconf 90' lang='lat' dir='ltr'><strong>ipsam</strong></span> <span class='ocrx_word' id='word_1_789' title='bbox 1303 5350 1370 5401; x_wconf 86' lang='lat' dir='ltr'><strong>ab</strong></span> <span class='ocrx_word' id='word_1_790' title='bbox 1390 5351 1576 5401; x_wconf 87' lang='lat' dir='ltr'><strong>eodem</strong></span> <span class='ocrx_word' id='word_1_791' title='bbox 1622 5357 1821 5399; x_wconf 74' lang='lat' dir='ltr'><strong>tcterua</strong></span> <span class='ocrx_word' id='word_1_792' title='bbox 1862 5360 1952 5412; x_wconf 75' lang='lat' dir='ltr'><strong>ge-</strong></span> 
     </span>
    </p>
   </div>
   <div class='ocr_carea' id='block_1_111' title="bbox 397 5418 1953 5490">
    <p class='ocr_par' dir='ltr' id='par_1_111' title="bbox 397 5418 1953 5490">
     <span class='ocr_line' id='line_1_112' title="bbox 397 5418 1953 5490; baseline -0.004 -15"><span class='ocrx_word' id='word_1_793' title='bbox 397 5438 457 5476; x_wconf 77' lang='grc' dir='ltr'>ιι(</span> <span class='ocrx_word' id='word_1_794' title='bbox 472 5422 679 5475; x_wconf 85' lang='lat' dir='ltr'><strong>ratione</strong></span> <span class='ocrx_word' id='word_1_795' title='bbox 706 5423 977 5490; x_wconf 88' lang='lat' dir='ltr'><strong>accepisse</strong></span> <span class='ocrx_word' id='word_1_796' title='bbox 999 5418 1174 5488; x_wconf 89' lang='lat' dir='ltr'><strong>palam</strong></span> <span class='ocrx_word' id='word_1_797' title='bbox 1198 5422 1513 5487; x_wconf 89' lang='lat' dir='ltr'><strong>protitctur;</strong></span> <span class='ocrx_word' id='word_1_798' title='bbox 1552 5428 1610 5471; x_wconf 93' lang='lat' dir='ltr'><strong>ut</strong></span> <span class='ocrx_word' id='word_1_799' title='bbox 1637 5430 1828 5486; x_wconf 86' lang='lat' dir='ltr'><strong>sapere</strong></span> <span class='ocrx_word' id='word_1_800' title='bbox 1853 5432 1953 5469; x_wconf 84' lang='lat' dir='ltr'><strong>nos</strong></span> 
     </span>
    </p>
   </div>
   <div class='ocr_carea' id='block_1_112' title="bbox 1338 5552 1900 5609">
    <p class='ocr_par' dir='ltr' id='par_1_112' title="bbox 1338 5552 1900 5609">
     <span class='ocr_line' id='line_1_113' title="bbox 1338 5552 1900 5609; baseline 0 0"><span class='ocrx_word' id='word_1_801' title='bbox 1338 5557 1382 5587; x_wconf 74' lang='lat'><strong>‘°</strong></span> <span class='ocrx_word' id='word_1_802' title='bbox 1410 5555 1529 5608; x_wconf 88' lang='lat' dir='ltr'><strong>Lib.</strong></span> <span class='ocrx_word' id='word_1_803' title='bbox 1573 5568 1624 5606; x_wconf 72' lang='grc' dir='ltr'>ιχ</span> <span class='ocrx_word' id='word_1_804' title='bbox 1652 5555 1715 5608; x_wconf 87' lang='lat' dir='ltr'><strong>de</strong></span> <span class='ocrx_word' id='word_1_805' title='bbox 1747 5552 1900 5609; x_wconf 90' lang='lat' dir='ltr'><strong>Trin.</strong></span> 
     </span>
    </p>
   </div>
   <div class='ocr_carea' id='block_1_113' title="bbox 1293 5624 1750 5679">
    <p class='ocr_par' dir='ltr' id='par_1_113' title="bbox 1293 5624 1750 5679">
     <span class='ocr_line' id='line_1_114' title="bbox 1293 5624 1750 5679; baseline -0.004 0"><span class='ocrx_word' id='word_1_806' title='bbox 1293 5627 1338 5659; x_wconf 90' lang='lat'><strong>&quot;°</strong></span> <span class='ocrx_word' id='word_1_807' title='bbox 1395 5629 1448 5679; x_wconf 87' lang='lat' dir='ltr'><strong>ltt</strong></span> <span class='ocrx_word' id='word_1_808' title='bbox 1488 5624 1750 5677; x_wconf 83' lang='lat' dir='ltr'><strong>llartuou.</strong></span> 
     </span>
    </p>
   </div>
   <div class='ocr_carea' id='block_1_114' title="bbox 471 5559 1238 5613">
    <p class='ocr_par' dir='ltr' id='par_1_114' title="bbox 471 5559 1238 5613">
     <span class='ocr_line' id='line_1_115' title="bbox 471 5559 1238 5613; baseline -0.005 1"><span class='ocrx_word' id='word_1_809' title='bbox 471 5560 515 5590; x_wconf 80' lang='grc'><strong>⁸⁸</strong></span> <span class='ocrx_word' id='word_1_810' title='bbox 566 5559 685 5613; x_wconf 83' lang='lat' dir='ltr'><strong>Ser.</strong></span> <span class='ocrx_word' id='word_1_811' title='bbox 736 5559 769 5611; x_wconf 70' lang='grc'><strong>4</strong></span> <span class='ocrx_word' id='word_1_812' title='bbox 812 5569 1000 5613; x_wconf 84' lang='lat' dir='ltr'><strong>contra</strong></span> <span class='ocrx_word' id='word_1_813' title='bbox 1051 5560 1238 5611; x_wconf 80' lang='lat' dir='ltr'><strong>Arian.</strong></span> 
     </span>
    </p>
   </div>
   <div class='ocr_carea' id='block_1_115' title="bbox 395 5628 1157 5682">
    <p class='ocr_par' dir='ltr' id='par_1_115' title="bbox 395 5628 1157 5682">
     <span class='ocr_line' id='line_1_116' title="bbox 395 5628 1157 5682; baseline -0.001 0"><span class='ocrx_word' id='word_1_814' title='bbox 395 5632 443 5663; x_wconf 60' lang='grc' dir='ltr'><strong>τ’</strong></span> <span class='ocrx_word' id='word_1_815' title='bbox 502 5630 656 5682; x_wconf 81' lang='lat' dir='ltr'><strong>Ilum.</strong></span> <span class='ocrx_word' id='word_1_816' title='bbox 727 5631 831 5682; x_wconf 74' lang='lat'><strong>“2</strong></span> <span class='ocrx_word' id='word_1_817' title='bbox 894 5632 947 5682; x_wconf 89' lang='lat' dir='ltr'><strong>itt</strong></span> <span class='ocrx_word' id='word_1_818' title='bbox 989 5628 1157 5681; x_wconf 78' lang='lat' dir='ltr'><strong>Marc.</strong></span> 
     </span>
    </p>
   </div>
   <div class='ocr_carea' id='block_1_116' title="bbox 397 5700 922 5761">
    <p class='ocr_par' dir='ltr' id='par_1_116' title="bbox 397 5700 922 5761">
     <span class='ocr_line' id='line_1_117' title="bbox 397 5700 922 5761; baseline -0.004 -8"><span class='ocrx_word' id='word_1_819' title='bbox 397 5701 438 5734; x_wconf 69' lang='grc'><strong>⁷⁸</strong></span> <span class='ocrx_word' id='word_1_820' title='bbox 480 5700 690 5753; x_wconf 84' lang='lat' dir='ltr'><strong>Coloss.</strong></span> <span class='ocrx_word' id='word_1_821' title='bbox 745 5716 783 5761; x_wconf 85' lang='grc' dir='ltr'>ι,</span> <span class='ocrx_word' id='word_1_822' title='bbox 832 5702 922 5752; x_wconf 71' lang='grc' dir='ltr'><strong>1ϋο</strong></span> 
     </span>
    </p>
   </div>
   <div class='ocr_carea' id='block_1_117' title="bbox 396 5770 1148 5839">
    <p class='ocr_par' dir='ltr' id='par_1_117' title="bbox 396 5770 1148 5839">
     <span class='ocr_line' id='line_1_118' title="bbox 396 5770 1148 5839; baseline -0.001 -18"><span class='ocrx_word' id='word_1_823' title='bbox 396 5770 443 5802; x_wconf 60' lang='grc' dir='ltr'><strong>’τ</strong></span> <span class='ocrx_word' id='word_1_824' title='bbox 477 5778 677 5839; x_wconf 64' lang='lat' dir='ltr'><strong>Quaest.</strong></span> <span class='ocrx_word' id='word_1_825' title='bbox 716 5771 784 5825; x_wconf 77' lang='grc'><strong>58</strong></span> <span class='ocrx_word' id='word_1_826' title='bbox 823 5774 887 5823; x_wconf 82' lang='lat' dir='ltr'><strong>ad</strong></span> <span class='ocrx_word' id='word_1_827' title='bbox 933 5770 1148 5825; x_wconf 82' lang='lat' dir='ltr'><strong>urthod.</strong></span> 
     </span>
    </p>
   </div>
   <div class='ocr_carea' id='block_1_118' title="bbox 1474 5903 1485 5927">
    <p class='ocr_par' dir='ltr' id='par_1_118' title="bbox 1474 5903 1485 5927">
     <span class='ocr_line' id='line_1_119' title="bbox 1474 5903 1485 5927; baseline 0 0"><span class='ocrx_word' id='word_1_828' title='bbox 1474 5903 1485 5927; x_wconf 78' lang='grc' dir='ltr'><strong>Ι</strong></span> 
     </span>
    </p>
   </div>
   <div class='ocr_carea' id='block_1_119' title="bbox 2011 5551 2601 5607">
    <p class='ocr_par' dir='ltr' id='par_1_119' title="bbox 2011 5551 2601 5607">
     <span class='ocr_line' id='line_1_120' title="bbox 2011 5551 2601 5607; baseline -0.005 0"><span class='ocrx_word' id='word_1_829' title='bbox 2011 5553 2053 5584; x_wconf 84' lang='grc'>⁶⁷</span> <span class='ocrx_word' id='word_1_830' title='bbox 2092 5553 2248 5607; x_wconf 87' lang='lat' dir='ltr'><strong>Hom.</strong></span> <span class='ocrx_word' id='word_1_831' title='bbox 2285 5552 2353 5606; x_wconf 83' lang='lat' dir='ltr'><strong>l9</strong></span> <span class='ocrx_word' id='word_1_832' title='bbox 2384 5552 2436 5607; x_wconf 91' lang='lat' dir='ltr'><strong>in</strong></span> <span class='ocrx_word' id='word_1_833' title='bbox 2470 5551 2601 5605; x_wconf 91' lang='lat' dir='ltr'><strong>Luc.</strong></span> 
     </span>
    </p>
   </div>
   <div class='ocr_carea' id='block_1_120' title="bbox 1868 5624 2479 5677">
    <p class='ocr_par' dir='ltr' id='par_1_120' title="bbox 1868 5624 2479 5677">
     <span class='ocr_line' id='line_1_121' title="bbox 1868 5624 2479 5677; baseline 0 0"><span class='ocrx_word' id='word_1_834' title='bbox 1868 5624 1908 5653; x_wconf 76' lang='grc'>⁷³</span> <span class='ocrx_word' id='word_1_835' title='bbox 1968 5624 2087 5677; x_wconf 84' lang='lat' dir='ltr'><strong>Lib.</strong></span> <span class='ocrx_word' id='word_1_836' title='bbox 2143 5640 2197 5677; x_wconf 64' lang='grc' dir='ltr'><strong>ιι</strong></span> <span class='ocrx_word' id='word_1_837' title='bbox 2229 5624 2296 5676; x_wconf 85' lang='lat' dir='ltr'><strong>de</strong></span> <span class='ocrx_word' id='word_1_838' title='bbox 2329 5624 2479 5677; x_wconf 79' lang='lat' dir='ltr'><strong>Trin.</strong></span> 
     </span>
    </p>
   </div>
   <div class='ocr_carea' id='block_1_121' title="bbox 1026 5694 2097 5765">
    <p class='ocr_par' dir='ltr' id='par_1_121' title="bbox 1026 5694 2097 5765">
     <span class='ocr_line' id='line_1_122' title="bbox 1026 5694 2097 5765; baseline -0.005 -12"><span class='ocrx_word' id='word_1_839' title='bbox 1026 5700 1069 5727; x_wconf 79' lang='grc'><strong>⁷⁸</strong></span> <span class='ocrx_word' id='word_1_840' title='bbox 1123 5696 1355 5753; x_wconf 78' lang='lat' dir='ltr'><strong>lTbcss.</strong></span> <span class='ocrx_word' id='word_1_841' title='bbox 1399 5714 1449 5765; x_wconf 71' lang='grc' dir='ltr'><strong>γ,</strong></span> <span class='ocrx_word' id='word_1_842' title='bbox 1479 5695 1530 5747; x_wconf 81' lang='lat'><strong>‘2.</strong></span> <span class='ocrx_word' id='word_1_843' title='bbox 1605 5697 1648 5726; x_wconf 70' lang='lat'><strong>7&#39;</strong></span> <span class='ocrx_word' id='word_1_844' title='bbox 1679 5696 1889 5752; x_wconf 77' lang='lat' dir='ltr'><strong>Coloss.</strong></span> <span class='ocrx_word' id='word_1_845' title='bbox 1946 5710 2004 5762; x_wconf 91' lang='lat' dir='ltr'><strong>tt,</strong></span> <span class='ocrx_word' id='word_1_846' title='bbox 2044 5694 2097 5748; x_wconf 74' lang='grc' dir='ltr'><strong>ὅ.</strong></span> 
     </span>
    </p>
   </div>
   <div class='ocr_carea' id='block_1_122' title="bbox 2073 3165 3638 3237">
    <p class='ocr_par' dir='ltr' id='par_1_122' title="bbox 2073 3165 3638 3237">
     <span class='ocr_line' id='line_1_123' title="bbox 2073 3165 3638 3237; baseline -0.004 -18"><span class='ocrx_word' id='word_1_847' title='bbox 2073 3180 2259 3237; x_wconf 85' lang='lat' dir='ltr'><strong>neque</strong></span> <span class='ocrx_word' id='word_1_848' title='bbox 2304 3180 2410 3237; x_wconf 88' lang='lat' dir='ltr'><strong>non</strong></span> <span class='ocrx_word' id='word_1_849' title='bbox 2453 3182 2553 3237; x_wconf 91' lang='lat' dir='ltr'><strong>per</strong></span> <span class='ocrx_word' id='word_1_850' title='bbox 2591 3183 2713 3221; x_wconf 92' lang='lat' dir='ltr'><strong>eum</strong></span> <span class='ocrx_word' id='word_1_851' title='bbox 2758 3165 3171 3237; x_wconf 49' lang='lat' dir='ltr'><strong>esu—quomodo</strong></span> <span class='ocrx_word' id='word_1_852' title='bbox 3214 3182 3321 3220; x_wconf 86' lang='lat' dir='ltr'><strong>non</strong></span> <span class='ocrx_word' id='word_1_853' title='bbox 3365 3167 3539 3220; x_wconf 86' lang='lat' dir='ltr'><strong>etiam</strong></span> <span class='ocrx_word' id='word_1_854' title='bbox 3588 3165 3638 3214; x_wconf 90' lang='lat' dir='ltr'><strong>iu</strong></span> 
     </span>
    </p>
   </div>
   <div class='ocr_carea' id='block_1_123' title="bbox 2071 3235 3637 3309">
    <p class='ocr_par' dir='ltr' id='par_1_123' title="bbox 2071 3235 3637 3309">
     <span class='ocr_line' id='line_1_124' title="bbox 2071 3235 3637 3309; baseline -0.004 -19"><span class='ocrx_word' id='word_1_855' title='bbox 2071 3236 2295 3290; x_wconf 88' lang='lat' dir='ltr'><strong>scientia</strong></span> <span class='ocrx_word' id='word_1_856' title='bbox 2312 3235 2435 3309; x_wconf 83' lang='lat' dir='ltr'><strong>ejus</strong></span> <span class='ocrx_word' id='word_1_857' title='bbox 2455 3235 2948 3309; x_wconf 49' lang='lat' dir='ltr'><strong>&#39;sit?Cogitatione&#39;s</strong></span> <span class='ocrx_word' id='word_1_858' title='bbox 2976 3238 3263 3309; x_wconf 89' lang='lat' dir='ltr'><strong>humanas,</strong></span> <span class='ocrx_word' id='word_1_859' title='bbox 3294 3251 3399 3290; x_wconf 94' lang='lat' dir='ltr'><strong>non</strong></span> <span class='ocrx_word' id='word_1_860' title='bbox 3425 3244 3637 3309; x_wconf 73' lang='lat' dir='ltr'><strong>tantum</strong></span> 
     </span>
    </p>
   </div>
   <div class='ocr_carea' id='block_1_124' title="bbox 2071 3306 3639 3374">
    <p class='ocr_par' dir='ltr' id='par_1_124' title="bbox 2071 3306 3639 3374">
     <span class='ocr_line' id='line_1_125' title="bbox 2071 3306 3639 3374; baseline -0.003 -15"><span class='ocrx_word' id='word_1_861' title='bbox 2071 3308 2325 3374; x_wconf 69' lang='lat' dir='ltr'><strong>praesenti</strong></span> <span class='ocrx_word' id='word_1_862' title='bbox 2350 3315 2500 3361; x_wconf 92' lang='lat' dir='ltr'><strong>motu</strong></span> <span class='ocrx_word' id='word_1_863' title='bbox 2528 3306 2804 3374; x_wconf 77' lang='lat' dir='ltr'><strong>incitatas,</strong></span> <span class='ocrx_word' id='word_1_864' title='bbox 2839 3311 2930 3363; x_wconf 87' lang='lat' dir='ltr'><strong>sed</strong></span> <span class='ocrx_word' id='word_1_865' title='bbox 2954 3309 3119 3362; x_wconf 86' lang='lat' dir='ltr'><strong>etiam</strong></span> <span class='ocrx_word' id='word_1_866' title='bbox 3143 3308 3407 3361; x_wconf 87' lang='lat' dir='ltr'><strong>instinctu</strong></span> <span class='ocrx_word' id='word_1_867' title='bbox 3437 3306 3639 3359; x_wconf 76' lang='lat' dir='ltr'><strong>futura:</strong></span> 
     </span>
    </p>
   </div>
   <div class='ocr_carea' id='block_1_125' title="bbox 2070 3376 3639 3448">
    <p class='ocr_par' dir='ltr' id='par_1_125' title="bbox 2070 3376 3639 3448">
     <span class='ocr_line' id='line_1_126' title="bbox 2070 3376 3639 3448; baseline -0.002 -19"><span class='ocrx_word' id='word_1_868' title='bbox 2070 3376 2365 3448; x_wconf 85' lang='lat' dir='ltr'><strong>voluntatis</strong></span> <span class='ocrx_word' id='word_1_869' title='bbox 2398 3377 2701 3446; x_wconf 76' lang='lat' dir='ltr'><strong>agitandus,</strong></span> <span class='ocrx_word' id='word_1_870' title='bbox 2742 3379 2993 3434; x_wconf 90' lang='lat' dir='ltr'><strong>Christus</strong></span> <span class='ocrx_word' id='word_1_871' title='bbox 3043 3393 3152 3431; x_wconf 87' lang='lat' dir='ltr'><strong>non</strong></span> <span class='ocrx_word' id='word_1_872' title='bbox 3187 3379 3427 3448; x_wconf 84' lang='lat' dir='ltr'><strong>ignorat,</strong></span> <span class='ocrx_word' id='word_1_873' title='bbox 3463 3377 3639 3431; x_wconf 83' lang='lat' dir='ltr'><strong>Evan-</strong></span> 
     </span>
    </p>
   </div>
   <div class='ocr_carea' id='block_1_126' title="bbox 2069 3446 3637 3516">
    <p class='ocr_par' dir='ltr' id='par_1_126' title="bbox 2069 3446 3637 3516">
     <span class='ocr_line' id='line_1_127' title="bbox 2069 3446 3637 3516; baseline -0.001 -17"><span class='ocrx_word' id='word_1_874' title='bbox 2069 3446 2211 3515; x_wconf 89' lang='lat' dir='ltr'><strong>gelio</strong></span> <span class='ocrx_word' id='word_1_875' title='bbox 2236 3474 2241 3477; x_wconf 54' lang='grc'>&lt;</span> <span class='ocrx_word' id='word_1_876' title='bbox 2267 3456 2501 3503; x_wconf 89' lang='lat' dir='ltr'><strong>testante</strong></span> <span class='ocrx_word' id='word_1_877' title='bbox 2538 3464 2551 3500; x_wconf 92' lang='lat'><strong>:</strong></span> <span class='ocrx_word' id='word_1_878' title='bbox 2598 3468 2617 3501; x_wconf 74' lang='grc' dir='ltr'><strong>ι</strong></span> <span class='ocrx_word' id='word_1_879' title='bbox 2662 3448 2877 3504; x_wconf 90' lang='lat' dir='ltr'><strong>Sciebat</strong></span> <span class='ocrx_word' id='word_1_880' title='bbox 2905 3448 3062 3503; x_wconf 83' lang='lat' dir='ltr'><strong>Jesus</strong></span> <span class='ocrx_word' id='word_1_881' title='bbox 3094 3449 3163 3502; x_wconf 88' lang='lat' dir='ltr'><strong>ab</strong></span> <span class='ocrx_word' id='word_1_882' title='bbox 3214 3446 3376 3502; x_wconf 85' lang='lat' dir='ltr'><strong>initio</strong></span> <span class='ocrx_word' id='word_1_883' title='bbox 3413 3448 3513 3516; x_wconf 88' lang='lat' dir='ltr'><strong>qui</strong></span> <span class='ocrx_word' id='word_1_884' title='bbox 3548 3460 3637 3498; x_wconf 82' lang='lat' dir='ltr'><strong>es-</strong></span> 
     </span>
    </p>
   </div>
   <div class='ocr_carea' id='block_1_127' title="bbox 2073 3517 3631 3589">
    <p class='ocr_par' dir='ltr' id='par_1_127' title="bbox 2073 3517 3631 3589">
     <span class='ocr_line' id='line_1_128' title="bbox 2073 3517 3631 3589; baseline -0.002 -19"><span class='ocrx_word' id='word_1_885' title='bbox 2073 3525 2347 3589; x_wconf 66' lang='lat' dir='ltr'><strong>gsentnon</strong></span> <span class='ocrx_word' id='word_1_886' title='bbox 2363 3518 2670 3589; x_wconf 82' lang='lat' dir='ltr'><strong>credentes,</strong></span> <span class='ocrx_word' id='word_1_887' title='bbox 2703 3529 2758 3573; x_wconf 92' lang='lat' dir='ltr'><strong>et</strong></span> <span class='ocrx_word' id='word_1_888' title='bbox 2780 3520 3027 3589; x_wconf 88' lang='lat' dir='ltr'><strong>quiesset</strong></span> <span class='ocrx_word' id='word_1_889' title='bbox 3053 3520 3348 3589; x_wconf 73' lang='lat' dir='ltr'><strong>traditurus</strong></span> <span class='ocrx_word' id='word_1_890' title='bbox 3366 3532 3495 3589; x_wconf 86' lang='lat' dir='ltr'><strong>eum</strong></span> <span class='ocrx_word' id='word_1_891' title='bbox 3517 3517 3584 3570; x_wconf 81' lang='lat'><strong>&quot;.</strong></span> <span class='ocrx_word' id='word_1_892' title='bbox 3612 3534 3631 3567; x_wconf 71' lang='grc' dir='ltr'><strong>ι</strong></span> 
     </span>
    </p>
   </div>
   <div class='ocr_carea' id='block_1_128' title="bbox 2067 3586 3635 3669">
    <p class='ocr_par' dir='ltr' id='par_1_128' title="bbox 2067 3586 3635 3669">
     <span class='ocr_line' id='line_1_129' title="bbox 2067 3586 3635 3669; baseline -0.001 -28"><span class='ocrx_word' id='word_1_893' title='bbox 2067 3587 2143 3641; x_wconf 91' lang='lat' dir='ltr'><strong>De</strong></span> <span class='ocrx_word' id='word_1_894' title='bbox 2174 3600 2248 3669; x_wconf 44' lang='lat' dir='ltr'><strong>eo.</strong></span> <span class='ocrx_word' id='word_1_895' title='bbox 2272 3587 2533 3667; x_wconf 77' lang='lat' dir='ltr'><strong>scriptum</strong></span> <span class='ocrx_word' id='word_1_896' title='bbox 2558 3586 2999 3644; x_wconf 81' lang='lat' dir='ltr'><strong>meminerimus:</strong></span> <span class='ocrx_word' id='word_1_897' title='bbox 3024 3586 3268 3669; x_wconf 42' lang='lat' dir='ltr'><strong>«.0muia</strong></span> <span class='ocrx_word' id='word_1_898' title='bbox 3305 3603 3404 3657; x_wconf 86' lang='lat' dir='ltr'><strong>per</strong></span> <span class='ocrx_word' id='word_1_899' title='bbox 3430 3588 3635 3655; x_wconf 88' lang='lat' dir='ltr'><strong>ipsum,</strong></span> 
     </span>
    </p>
   </div>
   <div class='ocr_carea' id='block_1_129' title="bbox 2073 3658 3636 3727">
    <p class='ocr_par' dir='ltr' id='par_1_129' title="bbox 2073 3658 3636 3727">
     <span class='ocr_line' id='line_1_130' title="bbox 2073 3658 3636 3727; baseline 0.001 -19"><span class='ocrx_word' id='word_1_900' title='bbox 2073 3674 2092 3708; x_wconf 76' lang='grc' dir='ltr'><strong>ι</strong></span> <span class='ocrx_word' id='word_1_901' title='bbox 2128 3667 2183 3711; x_wconf 90' lang='lat' dir='ltr'><strong>et</strong></span> <span class='ocrx_word' id='word_1_902' title='bbox 2235 3658 2286 3711; x_wconf 93' lang='lat' dir='ltr'><strong>in</strong></span> <span class='ocrx_word' id='word_1_903' title='bbox 2343 3658 2461 3727; x_wconf 88' lang='lat' dir='ltr'><strong>ipso</strong></span> <span class='ocrx_word' id='word_1_904' title='bbox 2505 3668 2688 3714; x_wconf 90' lang='lat' dir='ltr'><strong>creata</strong></span> <span class='ocrx_word' id='word_1_905' title='bbox 2738 3670 2889 3723; x_wconf 87' lang='lat' dir='ltr'><strong>sunt,</strong></span> <span class='ocrx_word' id='word_1_906' title='bbox 2940 3668 2995 3715; x_wconf 87' lang='lat' dir='ltr'><strong>et</strong></span> <span class='ocrx_word' id='word_1_907' title='bbox 3054 3658 3170 3727; x_wconf 88' lang='lat' dir='ltr'><strong>ipse</strong></span> <span class='ocrx_word' id='word_1_908' title='bbox 3217 3667 3301 3714; x_wconf 88' lang='lat' dir='ltr'><strong>est</strong></span> <span class='ocrx_word' id='word_1_909' title='bbox 3339 3668 3470 3711; x_wconf 88' lang='lat' dir='ltr'><strong>ante</strong></span> <span class='ocrx_word' id='word_1_910' title='bbox 3511 3672 3636 3711; x_wconf 82' lang='lat' dir='ltr'><strong>om—</strong></span> 
     </span>
    </p>
   </div>
   <div class='ocr_carea' id='block_1_130' title="bbox 2073 3727 3637 3798">
    <p class='ocr_par' dir='ltr' id='par_1_130' title="bbox 2073 3727 3637 3798">
     <span class='ocr_line' id='line_1_131' title="bbox 2073 3727 3637 3798; baseline 0.003 -19"><span class='ocrx_word' id='word_1_911' title='bbox 2073 3745 2093 3779; x_wconf 72' lang='grc' dir='ltr'><strong>ι</strong></span> <span class='ocrx_word' id='word_1_912' title='bbox 2135 3741 2232 3781; x_wconf 90' lang='lat' dir='ltr'><strong>nes</strong></span> <span class='ocrx_word' id='word_1_913' title='bbox 2259 3727 2359 3798; x_wconf 58' lang='grc'><strong>⁷³.)</strong></span> <span class='ocrx_word' id='word_1_914' title='bbox 2390 3727 2455 3781; x_wconf 86' lang='lat' dir='ltr'><strong>Et</strong></span> <span class='ocrx_word' id='word_1_915' title='bbox 2494 3730 2629 3785; x_wconf 89' lang='lat' dir='ltr'><strong>illud</strong></span> <span class='ocrx_word' id='word_1_916' title='bbox 2667 3748 2683 3786; x_wconf 90' lang='lat'><strong>:</strong></span> <span class='ocrx_word' id='word_1_917' title='bbox 2720 3748 2738 3782; x_wconf 71' lang='grc' dir='ltr'>α</span> <span class='ocrx_word' id='word_1_918' title='bbox 2765 3732 2901 3797; x_wconf 85' lang='lat' dir='ltr'><strong>Quia</strong></span> <span class='ocrx_word' id='word_1_919' title='bbox 2933 3731 2985 3784; x_wconf 93' lang='lat' dir='ltr'><strong>in</strong></span> <span class='ocrx_word' id='word_1_920' title='bbox 3024 3729 3141 3798; x_wconf 88' lang='lat' dir='ltr'><strong>ipso</strong></span> <span class='ocrx_word' id='word_1_921' title='bbox 3161 3729 3493 3797; x_wconf 88' lang='lat' dir='ltr'><strong>complacuit</strong></span> <span class='ocrx_word' id='word_1_922' title='bbox 3514 3745 3637 3784; x_wconf 81' lang='lat' dir='ltr'><strong>om-</strong></span> 
     </span>
    </p>
   </div>
   <div class='ocr_carea' id='block_1_131' title="bbox 2071 3797 3635 3871">
    <p class='ocr_par' dir='ltr' id='par_1_131' title="bbox 2071 3797 3635 3871">
     <span class='ocr_line' id='line_1_132' title="bbox 2071 3797 3635 3871; baseline 0.005 -23"><span class='ocrx_word' id='word_1_923' title='bbox 2071 3815 2090 3847; x_wconf 74' lang='grc' dir='ltr'><strong>ι</strong></span> <span class='ocrx_word' id='word_1_924' title='bbox 2133 3811 2255 3850; x_wconf 91' lang='lat' dir='ltr'><strong>nem</strong></span> <span class='ocrx_word' id='word_1_925' title='bbox 2290 3797 3135 3871; x_wconf 18' lang='lat' dir='ltr'><strong>plenitudineminhabitare,7et</strong></span> <span class='ocrx_word' id='word_1_926' title='bbox 3179 3801 3361 3855; x_wconf 87' lang='lat' dir='ltr'><strong>omnia</strong></span> <span class='ocrx_word' id='word_1_927' title='bbox 3399 3799 3456 3853; x_wconf 91' lang='lat' dir='ltr'><strong>in</strong></span> <span class='ocrx_word' id='word_1_928' title='bbox 3513 3803 3635 3871; x_wconf 86' lang='lat' dir='ltr'><strong>ipso</strong></span> 
     </span>
    </p>
   </div>
   <div class='ocr_carea' id='block_1_132' title="bbox 2071 3867 3631 3933">
    <p class='ocr_par' dir='ltr' id='par_1_132' title="bbox 2071 3867 3631 3933">
     <span class='ocr_line' id='line_1_133' title="bbox 2071 3867 3631 3933; baseline 0.005 -17"><span class='ocrx_word' id='word_1_929' title='bbox 2071 3884 2091 3916; x_wconf 75' lang='grc' dir='ltr'><strong><em>ο</em></strong></span> <span class='ocrx_word' id='word_1_930' title='bbox 2132 3867 2475 3923; x_wconf 88' lang='lat' dir='ltr'><strong>reconciliari</strong></span> <span class='ocrx_word' id='word_1_931' title='bbox 2509 3870 2574 3925; x_wconf 71' lang='grc'><strong>⁷⁸.</strong></span> <span class='ocrx_word' id='word_1_932' title='bbox 2612 3889 2631 3923; x_wconf 77' lang='grc' dir='ltr'><strong>ι</strong></span> <span class='ocrx_word' id='word_1_933' title='bbox 2664 3870 2913 3926; x_wconf 87' lang='lat' dir='ltr'><strong>Christus</strong></span> <span class='ocrx_word' id='word_1_934' title='bbox 2947 3870 3143 3933; x_wconf 89' lang='lat' dir='ltr'><strong>aderit,</strong></span> <span class='ocrx_word' id='word_1_935' title='bbox 3173 3881 3228 3924; x_wconf 90' lang='lat' dir='ltr'><strong>et</strong></span> <span class='ocrx_word' id='word_1_936' title='bbox 3250 3873 3517 3925; x_wconf 83' lang='lat' dir='ltr'><strong>adventus</strong></span> <span class='ocrx_word' id='word_1_937' title='bbox 3534 3867 3631 3925; x_wconf 73' lang='lat' dir='ltr'><strong>siti</strong></span> 
     </span>
    </p>
   </div>
   <div class='ocr_carea' id='block_1_133' title="bbox 2047 3935 3636 4010">
    <p class='ocr_par' dir='ltr' id='par_1_133' title="bbox 2047 3935 3636 4010">
     <span class='ocr_line' id='line_1_134' title="bbox 2047 3935 3636 4010; baseline -0.006 -11"><span class='ocrx_word' id='word_1_938' title='bbox 2047 3942 2192 3999; x_wconf 87' lang='lat' dir='ltr'><strong>diem</strong></span> <span class='ocrx_word' id='word_1_939' title='bbox 2232 3939 2480 4010; x_wconf 79' lang='lat' dir='ltr'><strong>ignorat?</strong></span> <span class='ocrx_word' id='word_1_940' title='bbox 2520 3938 2648 3995; x_wconf 90' lang='lat' dir='ltr'><strong>Dies</strong></span> <span class='ocrx_word' id='word_1_941' title='bbox 2697 3953 2835 3996; x_wconf 88' lang='lat' dir='ltr'><strong>suus</strong></span> <span class='ocrx_word' id='word_1_942' title='bbox 2881 3942 2986 4010; x_wconf 80' lang='lat' dir='ltr'><strong>est,</strong></span> <span class='ocrx_word' id='word_1_943' title='bbox 3035 3935 3636 4010; x_wconf 35' lang='lat' dir='ltr'><strong>secundunruAposto-</strong></span> 
     </span>
    </p>
   </div>
   <div class='ocr_carea' id='block_1_134' title="bbox 2047 4006 3633 4081">
    <p class='ocr_par' dir='ltr' id='par_1_134' title="bbox 2047 4006 3633 4081">
     <span class='ocr_line' id='line_1_135' title="bbox 2047 4006 3633 4081; baseline -0.004 -13"><span class='ocrx_word' id='word_1_944' title='bbox 2047 4015 2162 4069; x_wconf 89' lang='lat' dir='ltr'><strong>lum</strong></span> <span class='ocrx_word' id='word_1_945' title='bbox 2194 4006 2281 4075; x_wconf 52' lang='grc' dir='ltr'>⁷⁵ζ⁷</span> <span class='ocrx_word' id='word_1_946' title='bbox 2304 4019 2359 4066; x_wconf 90' lang='lat' dir='ltr'><strong>et</strong></span> <span class='ocrx_word' id='word_1_947' title='bbox 2402 4011 2744 4081; x_wconf 86' lang='lat' dir='ltr'><strong>ignoratione</strong></span> <span class='ocrx_word' id='word_1_948' title='bbox 2780 4010 2911 4081; x_wconf 79' lang='lat' dir='ltr'><strong>ejus</strong></span> <span class='ocrx_word' id='word_1_949' title='bbox 2956 4006 3189 4081; x_wconf 78' lang='lat' dir='ltr'><strong>detineri</strong></span> <span class='ocrx_word' id='word_1_950' title='bbox 3237 4006 3633 4081; x_wconf 72' lang='lat' dir='ltr'><strong>intelligendus</strong></span> 
     </span>
    </p>
   </div>
   <div class='ocr_carea' id='block_1_135' title="bbox 2047 4075 3633 4148">
    <p class='ocr_par' dir='ltr' id='par_1_135' title="bbox 2047 4075 3633 4148">
     <span class='ocr_line' id='line_1_136' title="bbox 2047 4075 3633 4148; baseline -0.005 -8"><span class='ocrx_word' id='word_1_951' title='bbox 2047 4084 2168 4140; x_wconf 83' lang='lat' dir='ltr'><strong>est?</strong></span> <span class='ocrx_word' id='word_1_952' title='bbox 2212 4075 2471 4135; x_wconf 62' lang='lat' dir='ltr'><strong>Humana}:</strong></span> <span class='ocrx_word' id='word_1_953' title='bbox 2513 4091 2739 4142; x_wconf 76' lang='lat' dir='ltr'><strong>naturae.</strong></span> <span class='ocrx_word' id='word_1_954' title='bbox 2771 4075 2917 4148; x_wconf 81' lang='lat' dir='ltr'><strong>quod</strong></span> <span class='ocrx_word' id='word_1_955' title='bbox 2961 4091 3119 4147; x_wconf 84' lang='lat' dir='ltr'><strong>agere</strong></span> <span class='ocrx_word' id='word_1_956' title='bbox 3159 4075 3453 4148; x_wconf 76' lang='lat' dir='ltr'><strong>deﬁniunt,</strong></span> <span class='ocrx_word' id='word_1_957' title='bbox 3488 4092 3633 4145; x_wconf 77' lang='lat' dir='ltr'><strong>pra:-</strong></span> 
     </span>
    </p>
   </div>
   <div class='ocr_carea' id='block_1_136' title="bbox 2066 4146 3629 4219">
    <p class='ocr_par' dir='ltr' id='par_1_136' title="bbox 2066 4146 3629 4219">
     <span class='ocr_line' id='line_1_137' title="bbox 2066 4146 3629 4219; baseline -0.001 -18"><span class='ocrx_word' id='word_1_958' title='bbox 2066 4148 2265 4212; x_wconf 89' lang='lat' dir='ltr'><strong>sciunt,</strong></span> <span class='ocrx_word' id='word_1_959' title='bbox 2297 4157 2353 4201; x_wconf 90' lang='lat' dir='ltr'><strong>et</strong></span> <span class='ocrx_word' id='word_1_960' title='bbox 2377 4150 2644 4219; x_wconf 70' lang='lat' dir='ltr'><strong>sequitur</strong></span> <span class='ocrx_word' id='word_1_961' title='bbox 2677 4146 3042 4219; x_wconf 81' lang='lat' dir='ltr'><strong>gerendorum</strong></span> <span class='ocrx_word' id='word_1_962' title='bbox 3094 4146 3336 4219; x_wconf 76' lang='lat' dir='ltr'><strong>conditio</strong></span> <span class='ocrx_word' id='word_1_963' title='bbox 3372 4149 3629 4201; x_wconf 74' lang='lat' dir='ltr'><strong>volunta-</strong></span> 
     </span>
    </p>
   </div>
   <div class='ocr_carea' id='block_1_137' title="bbox 2067 4216 3634 4286">
    <p class='ocr_par' dir='ltr' id='par_1_137' title="bbox 2067 4216 3634 4286">
     <span class='ocr_line' id='line_1_138' title="bbox 2067 4216 3634 4286; baseline -0.001 -15"><span class='ocrx_word' id='word_1_964' title='bbox 2067 4227 2173 4271; x_wconf 91' lang='lat' dir='ltr'><strong>tem</strong></span> <span class='ocrx_word' id='word_1_965' title='bbox 2217 4218 2410 4286; x_wconf 86' lang='lat' dir='ltr'><strong>agendi</strong></span> <span class='ocrx_word' id='word_1_966' title='bbox 2456 4232 2471 4269; x_wconf 86' lang='lat'><strong>:</strong></span> <span class='ocrx_word' id='word_1_967' title='bbox 2515 4219 2653 4274; x_wconf 91' lang='lat' dir='ltr'><strong>Deus</strong></span> <span class='ocrx_word' id='word_1_968' title='bbox 2682 4216 2812 4276; x_wconf 69' lang='lat' dir='ltr'><strong>vero</strong></span> <span class='ocrx_word' id='word_1_969' title='bbox 2851 4230 3026 4280; x_wconf 83' lang='lat' dir='ltr'><strong>natus,</strong></span> <span class='ocrx_word' id='word_1_970' title='bbox 3051 4216 3200 4286; x_wconf 81' lang='lat' dir='ltr'><strong>quod</strong></span> <span class='ocrx_word' id='word_1_971' title='bbox 3231 4217 3284 4269; x_wconf 93' lang='lat' dir='ltr'><strong>in</strong></span> <span class='ocrx_word' id='word_1_972' title='bbox 3317 4230 3396 4280; x_wconf 87' lang='lat' dir='ltr'><strong>se,</strong></span> <span class='ocrx_word' id='word_1_973' title='bbox 3448 4229 3505 4271; x_wconf 87' lang='lat' dir='ltr'><strong>et</strong></span> <span class='ocrx_word' id='word_1_974' title='bbox 3534 4234 3634 4285; x_wconf 89' lang='lat' dir='ltr'><strong>per</strong></span> 
     </span>
    </p>
   </div>
   <div class='ocr_carea' id='block_1_138' title="bbox 2065 4284 3630 4358">
    <p class='ocr_par' dir='ltr' id='par_1_138' title="bbox 2065 4284 3630 4358">
     <span class='ocr_line' id='line_1_139' title="bbox 2065 4284 3630 4358; baseline -0.002 -17"><span class='ocrx_word' id='word_1_975' title='bbox 2065 4301 2123 4358; x_wconf 75' lang='lat' dir='ltr'><strong>se</strong></span> <span class='ocrx_word' id='word_1_976' title='bbox 2146 4284 2483 4353; x_wconf 49' lang='lat' dir='ltr'><strong>esu—nescit?</strong></span> <span class='ocrx_word' id='word_1_977' title='bbox 2515 4288 2631 4343; x_wconf 80' lang='lat' dir='ltr'><strong>Non</strong></span> <span class='ocrx_word' id='word_1_978' title='bbox 2658 4292 2865 4358; x_wconf 89' lang='lat' dir='ltr'><strong>patitur</strong></span> <span class='ocrx_word' id='word_1_979' title='bbox 2894 4290 2947 4344; x_wconf 91' lang='lat' dir='ltr'><strong>in</strong></span> <span class='ocrx_word' id='word_1_980' title='bbox 2973 4284 3130 4358; x_wconf 89' lang='lat' dir='ltr'><strong>nobis</strong></span> <span class='ocrx_word' id='word_1_981' title='bbox 3156 4287 3345 4339; x_wconf 91' lang='lat' dir='ltr'><strong>doctor</strong></span> <span class='ocrx_word' id='word_1_982' title='bbox 3381 4284 3630 4358; x_wconf 85' lang='lat' dir='ltr'><strong>gentium</strong></span> 
     </span>
    </p>
   </div>
   <div class='ocr_carea' id='block_1_139' title="bbox 2064 4356 3631 4428">
    <p class='ocr_par' dir='ltr' id='par_1_139' title="bbox 2064 4356 3631 4428">
     <span class='ocr_line' id='line_1_140' title="bbox 2064 4356 3631 4428; baseline 0.001 -18"><span class='ocrx_word' id='word_1_983' title='bbox 2064 4356 2261 4410; x_wconf 88' lang='lat' dir='ltr'><strong>Paulus</strong></span> <span class='ocrx_word' id='word_1_984' title='bbox 2293 4358 2434 4413; x_wconf 86' lang='lat' dir='ltr'><strong>hanc</strong></span> <span class='ocrx_word' id='word_1_985' title='bbox 2466 4360 2618 4428; x_wconf 88' lang='lat' dir='ltr'><strong>impii</strong></span> <span class='ocrx_word' id='word_1_986' title='bbox 2654 4356 2866 4415; x_wconf 77' lang='lat' dir='ltr'><strong>erroris</strong></span> <span class='ocrx_word' id='word_1_987' title='bbox 2918 4356 3328 4428; x_wconf 79' lang='lat' dir='ltr'><strong>professionem,</strong></span> <span class='ocrx_word' id='word_1_988' title='bbox 3370 4356 3429 4411; x_wconf 82' lang='lat' dir='ltr'><strong>ut</strong></span> <span class='ocrx_word' id='word_1_989' title='bbox 3472 4359 3631 4427; x_wconf 81' lang='lat' dir='ltr'><strong>igno-</strong></span> 
     </span>
    </p>
   </div>
   <div class='ocr_carea' id='block_1_140' title="bbox 2064 4427 3632 4501">
    <p class='ocr_par' dir='ltr' id='par_1_140' title="bbox 2064 4427 3632 4501">
     <span class='ocr_line' id='line_1_141' title="bbox 2064 4427 3632 4501; baseline 0.001 -22"><span class='ocrx_word' id='word_1_990' title='bbox 2064 4441 2221 4501; x_wconf 61' lang='lat' dir='ltr'><strong>rasse</strong></span> <span class='ocrx_word' id='word_1_991' title='bbox 2249 4428 2404 4498; x_wconf 79' lang='lat'><strong>105</strong></span> <span class='ocrx_word' id='word_1_992' title='bbox 2428 4427 2629 4501; x_wconf 84' lang='lat' dir='ltr'><strong>aliquid</strong></span> <span class='ocrx_word' id='word_1_993' title='bbox 2649 4427 2957 4501; x_wconf 86' lang='lat' dir='ltr'><strong>unigenitus</strong></span> <span class='ocrx_word' id='word_1_994' title='bbox 2976 4427 3127 4501; x_wconf 83' lang='lat' dir='ltr'><strong>Deus</strong></span> <span class='ocrx_word' id='word_1_995' title='bbox 3150 4427 3500 4501; x_wconf 81' lang='lat' dir='ltr'><strong>existimetur</strong></span> <span class='ocrx_word' id='word_1_996' title='bbox 3518 4445 3535 4493; x_wconf 87' lang='lat'><strong>;</strong></span> <span class='ocrx_word' id='word_1_997' title='bbox 3553 4441 3632 4480; x_wconf 77' lang='lat' dir='ltr'><strong>ait</strong></span> 
     </span>
    </p>
   </div>
   <div class='ocr_carea' id='block_1_141' title="bbox 2060 4498 3632 4568">
    <p class='ocr_par' dir='ltr' id='par_1_141' title="bbox 2060 4498 3632 4568">
     <span class='ocr_line' id='line_1_142' title="bbox 2060 4498 3632 4568; baseline 0.001 -18"><span class='ocrx_word' id='word_1_998' title='bbox 2060 4498 2204 4551; x_wconf 89' lang='lat' dir='ltr'><strong>enim</strong></span> <span class='ocrx_word' id='word_1_999' title='bbox 2241 4516 2256 4552; x_wconf 87' lang='lat'><strong>:</strong></span> <span class='ocrx_word' id='word_1_1000' title='bbox 2295 4518 2314 4552; x_wconf 87' lang='grc'><strong>‹</strong></span> <span class='ocrx_word' id='word_1_1001' title='bbox 2361 4503 2418 4553; x_wconf 83' lang='lat' dir='ltr'><strong>tu</strong></span> <span class='ocrx_word' id='word_1_1002' title='bbox 2456 4498 2533 4554; x_wconf 64' lang='lat' dir='ltr'><strong>eo&#39;</strong></span> <span class='ocrx_word' id='word_1_1003' title='bbox 2556 4511 2684 4555; x_wconf 88' lang='lat' dir='ltr'><strong>sum</strong></span> <span class='ocrx_word' id='word_1_1004' title='bbox 2716 4498 2905 4558; x_wconf 77' lang='lat' dir='ltr'><strong>omnes</strong></span> <span class='ocrx_word' id='word_1_1005' title='bbox 2949 4498 3189 4553; x_wconf 86' lang='lat' dir='ltr'><strong>thesauri</strong></span> <span class='ocrx_word' id='word_1_1006' title='bbox 3239 4498 3531 4568; x_wconf 71' lang='lat' dir='ltr'><strong>sapientia:</strong></span> <span class='ocrx_word' id='word_1_1007' title='bbox 3576 4510 3632 4554; x_wconf 85' lang='lat' dir='ltr'><strong>et</strong></span> 
     </span>
    </p>
   </div>
   <div class='ocr_carea' id='block_1_142' title="bbox 2063 4569 2857 4627">
    <p class='ocr_par' dir='ltr' id='par_1_142' title="bbox 2063 4569 2857 4627">
     <span class='ocr_line' id='line_1_143' title="bbox 2063 4569 2857 4627; baseline 0.009 -7"><span class='ocrx_word' id='word_1_1008' title='bbox 2063 4586 2082 4620; x_wconf 75' lang='grc' dir='ltr'><strong>ι</strong></span> <span class='ocrx_word' id='word_1_1009' title='bbox 2127 4569 2365 4623; x_wconf 67' lang='lat' dir='ltr'><strong>scientia:</strong></span> <span class='ocrx_word' id='word_1_1010' title='bbox 2395 4570 2703 4625; x_wconf 88' lang='lat' dir='ltr'><strong>absconditi</strong></span> <span class='ocrx_word' id='word_1_1011' title='bbox 2733 4572 2800 4627; x_wconf 80' lang='grc'><strong>⁷⁸.</strong></span> <span class='ocrx_word' id='word_1_1012' title='bbox 2837 4594 2857 4627; x_wconf 76' lang='grc' dir='ltr'><strong>ι</strong></span> 
     </span>
    </p>
   </div>
   <div class='ocr_carea' id='block_1_143' title="bbox 2127 4639 3629 4712">
    <p class='ocr_par' dir='ltr' id='par_1_143' title="bbox 2127 4639 3629 4712">
     <span class='ocr_line' id='line_1_144' title="bbox 2127 4639 3629 4712; baseline 0 -18"><span class='ocrx_word' id='word_1_1013' title='bbox 2127 4640 2222 4694; x_wconf 88' lang='lat' dir='ltr'><strong>His</strong></span> <span class='ocrx_word' id='word_1_1014' title='bbox 2269 4639 2458 4712; x_wconf 81' lang='lat' dir='ltr'><strong>Hilarii</strong></span> <span class='ocrx_word' id='word_1_1015' title='bbox 2508 4642 2690 4712; x_wconf 89' lang='lat' dir='ltr'><strong>verbis</strong></span> <span class='ocrx_word' id='word_1_1016' title='bbox 2744 4646 2880 4701; x_wconf 86' lang='lat' dir='ltr'><strong>addo</strong></span> <span class='ocrx_word' id='word_1_1017' title='bbox 2923 4645 3296 4712; x_wconf 84' lang='lat' dir='ltr'><strong>gravissimum</strong></span> <span class='ocrx_word' id='word_1_1018' title='bbox 3334 4641 3629 4709; x_wconf 79' lang='lat' dir='ltr'><strong>Augustini</strong></span> 
     </span>
    </p>
   </div>
   <div class='ocr_carea' id='block_1_144' title="bbox 2050 4709 3632 4786">
    <p class='ocr_par' dir='ltr' id='par_1_144' title="bbox 2050 4709 3632 4786">
     <span class='ocr_line' id='line_1_145' title="bbox 2050 4709 3632 4786; baseline 0.004 -26"><span class='ocrx_word' id='word_1_1019' title='bbox 2050 4709 2317 4786; x_wconf 74' lang='lat' dir='ltr'><strong>judicium</strong></span> <span class='ocrx_word' id='word_1_1020' title='bbox 2350 4711 2393 4747; x_wconf 82' lang='grc'><strong>⁷⁷</strong></span> <span class='ocrx_word' id='word_1_1021' title='bbox 2422 4728 2498 4786; x_wconf 29' lang='grc' dir='ltr'><strong>τρι</strong></span> <span class='ocrx_word' id='word_1_1022' title='bbox 2523 4711 2905 4786; x_wconf 84' lang='lat' dir='ltr'><strong>Ignorantiam,</strong></span> <span class='ocrx_word' id='word_1_1023' title='bbox 2927 4709 2959 4766; x_wconf 60' lang='grc' dir='ltr'><strong>ἲ</strong></span> <span class='ocrx_word' id='word_1_1024' title='bbox 2994 4716 3191 4786; x_wconf 87' lang='lat' dir='ltr'><strong>inquit,</strong></span> <span class='ocrx_word' id='word_1_1025' title='bbox 3218 4733 3238 4765; x_wconf 70' lang='grc' dir='ltr'><strong>ι</strong></span> <span class='ocrx_word' id='word_1_1026' title='bbox 3274 4713 3424 4786; x_wconf 67' lang='lat' dir='ltr'><strong>nullo</strong></span> <span class='ocrx_word' id='word_1_1027' title='bbox 3469 4716 3632 4767; x_wconf 81' lang='lat' dir='ltr'><strong>modo</strong></span> 
     </span>
    </p>
   </div>
   <div class='ocr_carea' id='block_1_145' title="bbox 2057 4781 3628 4852">
    <p class='ocr_par' dir='ltr' id='par_1_145' title="bbox 2057 4781 3628 4852">
     <span class='ocr_line' id='line_1_146' title="bbox 2057 4781 3628 4852; baseline 0 -17"><span class='ocrx_word' id='word_1_1028' title='bbox 2057 4781 2382 4836; x_wconf 85' lang='lat' dir='ltr'><strong>crediderim</strong></span> <span class='ocrx_word' id='word_1_1029' title='bbox 2427 4781 2595 4837; x_wconf 81' lang='lat' dir='ltr'><strong>fuisse</strong></span> <span class='ocrx_word' id='word_1_1030' title='bbox 2641 4783 2695 4836; x_wconf 91' lang='lat' dir='ltr'><strong>in</strong></span> <span class='ocrx_word' id='word_1_1031' title='bbox 2743 4786 2946 4841; x_wconf 88' lang='lat' dir='ltr'><strong>inl‘aute</strong></span> <span class='ocrx_word' id='word_1_1032' title='bbox 2998 4781 3110 4851; x_wconf 76' lang='lat' dir='ltr'><strong>illo,</strong></span> <span class='ocrx_word' id='word_1_1033' title='bbox 3144 4787 3197 4839; x_wconf 92' lang='lat' dir='ltr'><strong>in</strong></span> <span class='ocrx_word' id='word_1_1034' title='bbox 3245 4799 3356 4852; x_wconf 86' lang='lat' dir='ltr'><strong>quo</strong></span> <span class='ocrx_word' id='word_1_1035' title='bbox 3385 4784 3628 4837; x_wconf 76' lang='lat' dir='ltr'><strong>Verbum</strong></span> 
     </span>
    </p>
   </div>
   <div class='ocr_carea' id='block_1_146' title="bbox 2059 4854 3629 4916">
    <p class='ocr_par' dir='ltr' id='par_1_146' title="bbox 2059 4854 3629 4916">
     <span class='ocr_line' id='line_1_147' title="bbox 2059 4854 3629 4916; baseline 0.001 -12"><span class='ocrx_word' id='word_1_1036' title='bbox 2059 4866 2188 4905; x_wconf 88' lang='lat' dir='ltr'><strong>caro</strong></span> <span class='ocrx_word' id='word_1_1037' title='bbox 2224 4854 2425 4907; x_wconf 77' lang='lat' dir='ltr'><strong>factum</strong></span> <span class='ocrx_word' id='word_1_1038' title='bbox 2467 4861 2569 4916; x_wconf 87' lang='lat' dir='ltr'><strong>est,</strong></span> <span class='ocrx_word' id='word_1_1039' title='bbox 2606 4862 2662 4906; x_wconf 91' lang='lat' dir='ltr'><strong>ut</strong></span> <span class='ocrx_word' id='word_1_1040' title='bbox 2704 4855 3032 4911; x_wconf 87' lang='lat' dir='ltr'><strong>inbabitaret</strong></span> <span class='ocrx_word' id='word_1_1041' title='bbox 3086 4859 3139 4911; x_wconf 89' lang='lat' dir='ltr'><strong>in</strong></span> <span class='ocrx_word' id='word_1_1042' title='bbox 3188 4856 3386 4909; x_wconf 87' lang='lat' dir='ltr'><strong>nobis:</strong></span> <span class='ocrx_word' id='word_1_1043' title='bbox 3424 4869 3532 4908; x_wconf 86' lang='lat' dir='ltr'><strong>nec</strong></span> <span class='ocrx_word' id='word_1_1044' title='bbox 3565 4855 3629 4906; x_wconf 83' lang='lat' dir='ltr'><strong>il-</strong></span> 
     </span>
    </p>
   </div>
   <div class='ocr_carea' id='block_1_147' title="bbox 2059 4922 3627 4994">
    <p class='ocr_par' dir='ltr' id='par_1_147' title="bbox 2059 4922 3627 4994">
     <span class='ocr_line' id='line_1_148' title="bbox 2059 4922 3627 4994; baseline 0.003 -21"><span class='ocrx_word' id='word_1_1045' title='bbox 2059 4922 2373 4994; x_wconf 68' lang='lat' dir='ltr'><strong>iamipsius</strong></span> <span class='ocrx_word' id='word_1_1046' title='bbox 2411 4923 2579 4994; x_wconf 88' lang='lat' dir='ltr'><strong>animi</strong></span> <span class='ocrx_word' id='word_1_1047' title='bbox 2627 4923 2995 4980; x_wconf 81' lang='lat' dir='ltr'><strong>inﬁrmitatem</strong></span> <span class='ocrx_word' id='word_1_1048' title='bbox 3034 4927 3089 4981; x_wconf 92' lang='lat' dir='ltr'><strong>in</strong></span> <span class='ocrx_word' id='word_1_1049' title='bbox 3139 4924 3356 4978; x_wconf 81' lang='lat' dir='ltr'><strong>Christo</strong></span> <span class='ocrx_word' id='word_1_1050' title='bbox 3401 4927 3627 4994; x_wconf 85' lang='lat' dir='ltr'><strong>parvulo</strong></span> 
     </span>
    </p>
   </div>
   <div class='ocr_carea' id='block_1_148' title="bbox 2058 4991 3558 5064">
    <p class='ocr_par' dir='ltr' id='par_1_148' title="bbox 2058 4991 3558 5064">
     <span class='ocr_line' id='line_1_149' title="bbox 2058 4991 3558 5064; baseline 0.002 -20"><span class='ocrx_word' id='word_1_1051' title='bbox 2058 4991 2253 5064; x_wconf 77' lang='lat' dir='ltr'><strong>fuerim</strong></span> <span class='ocrx_word' id='word_1_1052' title='bbox 2293 4993 2618 5064; x_wconf 80' lang='lat' dir='ltr'><strong>suspicatus,</strong></span> <span class='ocrx_word' id='word_1_1053' title='bbox 2656 5009 2817 5062; x_wconf 82' lang='lat' dir='ltr'><strong>quam</strong></span> <span class='ocrx_word' id='word_1_1054' title='bbox 2852 4997 3098 5052; x_wconf 89' lang='lat' dir='ltr'><strong>videmus</strong></span> <span class='ocrx_word' id='word_1_1055' title='bbox 3136 4997 3189 5049; x_wconf 88' lang='lat' dir='ltr'><strong>in</strong></span> <span class='ocrx_word' id='word_1_1056' title='bbox 3224 4991 3493 5064; x_wconf 84' lang='lat' dir='ltr'><strong>parvulis.</strong></span> <span class='ocrx_word' id='word_1_1057' title='bbox 3538 5015 3558 5046; x_wconf 79' lang='grc' dir='ltr'><strong>ι</strong></span> 
     </span>
    </p>
   </div>
   <div class='ocr_carea' id='block_1_149' title="bbox 2131 5061 3624 5134">
    <p class='ocr_par' dir='ltr' id='par_1_149' title="bbox 2131 5061 3624 5134">
     <span class='ocr_line' id='line_1_150' title="bbox 2131 5061 3624 5134; baseline 0.003 -20"><span class='ocrx_word' id='word_1_1058' title='bbox 2131 5061 2338 5117; x_wconf 80' lang='lat' dir='ltr'><strong>Latinis</strong></span> <span class='ocrx_word' id='word_1_1059' title='bbox 2366 5063 2573 5118; x_wconf 89' lang='lat' dir='ltr'><strong>duobus</strong></span> <span class='ocrx_word' id='word_1_1060' title='bbox 2604 5061 2826 5119; x_wconf 86' lang='lat' dir='ltr'><strong>totidem</strong></span> <span class='ocrx_word' id='word_1_1061' title='bbox 2862 5066 3035 5121; x_wconf 60' lang='lat' dir='ltr'><strong>Graeci</strong></span> <span class='ocrx_word' id='word_1_1062' title='bbox 3082 5061 3241 5122; x_wconf 62' lang='lat' dir='ltr'><strong>aetate</strong></span> <span class='ocrx_word' id='word_1_1063' title='bbox 3288 5067 3624 5134; x_wconf 86' lang='lat' dir='ltr'><strong>superiores,</strong></span> 
     </span>
    </p>
   </div>
   <div class='ocr_carea' id='block_1_150' title="bbox 2060 5134 3627 5205">
    <p class='ocr_par' dir='ltr' id='par_1_150' title="bbox 2060 5134 3627 5205">
     <span class='ocr_line' id='line_1_151' title="bbox 2060 5134 3627 5205; baseline 0.001 -19"><span class='ocrx_word' id='word_1_1064' title='bbox 2060 5147 2159 5186; x_wconf 91' lang='lat' dir='ltr'><strong>nec</strong></span> <span class='ocrx_word' id='word_1_1065' title='bbox 2204 5134 2405 5205; x_wconf 88' lang='lat' dir='ltr'><strong>pietate</strong></span> <span class='ocrx_word' id='word_1_1066' title='bbox 2447 5142 2540 5187; x_wconf 87' lang='lat' dir='ltr'><strong>aut</strong></span> <span class='ocrx_word' id='word_1_1067' title='bbox 2577 5135 2822 5190; x_wconf 89' lang='lat' dir='ltr'><strong>doctrina</strong></span> <span class='ocrx_word' id='word_1_1068' title='bbox 2871 5136 3173 5201; x_wconf 76' lang='lat' dir='ltr'><strong>inieriores,</strong></span> <span class='ocrx_word' id='word_1_1069' title='bbox 3212 5141 3506 5190; x_wconf 84' lang='lat' dir='ltr'><strong>accedant.</strong></span> <span class='ocrx_word' id='word_1_1070' title='bbox 3537 5135 3627 5188; x_wconf 77' lang='lat' dir='ltr'><strong>Ju-</strong></span> 
     </span>
    </p>
   </div>
   <div class='ocr_carea' id='block_1_151' title="bbox 2057 5206 3625 5277">
    <p class='ocr_par' dir='ltr' id='par_1_151' title="bbox 2057 5206 3625 5277">
     <span class='ocr_line' id='line_1_152' title="bbox 2057 5206 3625 5277; baseline 0.001 -21"><span class='ocrx_word' id='word_1_1071' title='bbox 2057 5208 2256 5277; x_wconf 27' lang='lat' dir='ltr'><strong>stinus‘</strong></span> <span class='ocrx_word' id='word_1_1072' title='bbox 2286 5214 2491 5277; x_wconf 81' lang='lat' dir='ltr'><strong>martyr</strong></span> <span class='ocrx_word' id='word_1_1073' title='bbox 2543 5215 2733 5277; x_wconf 87' lang='lat' dir='ltr'><strong>aperte</strong></span> <span class='ocrx_word' id='word_1_1074' title='bbox 2789 5207 2976 5277; x_wconf 82' lang='lat' dir='ltr'><strong>scribit</strong></span> <span class='ocrx_word' id='word_1_1075' title='bbox 3013 5208 3059 5239; x_wconf 80' lang='lat'>&quot;</span> <span class='ocrx_word' id='word_1_1076' title='bbox 3099 5226 3113 5262; x_wconf 84' lang='lat'><strong>:</strong></span> <span class='ocrx_word' id='word_1_1077' title='bbox 3154 5206 3505 5277; x_wconf 80' lang='grc' dir='ltr'><strong>Προσάπτειν</strong></span> <span class='ocrx_word' id='word_1_1078' title='bbox 3552 5206 3625 5275; x_wconf 78' lang='grc' dir='ltr'>τῷ</span> 
     </span>
    </p>
   </div>
   <div class='ocr_carea' id='block_1_152' title="bbox 2050 5274 3623 5349">
    <p class='ocr_par' dir='ltr' id='par_1_152' title="bbox 2050 5274 3623 5349">
     <span class='ocr_line' id='line_1_153' title="bbox 2050 5274 3623 5349; baseline 0.002 -23"><span class='ocrx_word' id='word_1_1079' title='bbox 2050 5274 2267 5344; x_wconf 86' lang='grc' dir='ltr'><strong>Χριστῷ</strong></span> <span class='ocrx_word' id='word_1_1080' title='bbox 2287 5274 2524 5349; x_wconf 80' lang='grc' dir='ltr'><strong>ἄγνοιαν,</strong></span> <span class='ocrx_word' id='word_1_1081' title='bbox 2547 5277 2691 5330; x_wconf 75' lang='grc' dir='ltr'>ἐστὶν</span> <span class='ocrx_word' id='word_1_1082' title='bbox 2713 5276 2927 5341; x_wconf 79' lang='grc' dir='ltr'><strong>ἀσεϐές,</strong></span> <span class='ocrx_word' id='word_1_1083' title='bbox 2962 5297 2979 5329; x_wconf 79' lang='grc' dir='ltr'><strong>ι</strong></span> <span class='ocrx_word' id='word_1_1084' title='bbox 3016 5274 3232 5333; x_wconf 77' lang='lat' dir='ltr'><strong>Christo</strong></span> <span class='ocrx_word' id='word_1_1085' title='bbox 3260 5274 3623 5349; x_wconf 75' lang='lat' dir='ltr'><strong>’gnorautiam</strong></span> 
     </span>
    </p>
   </div>
   <div class='ocr_carea' id='block_1_153' title="bbox 2054 5348 3622 5416">
    <p class='ocr_par' dir='ltr' id='par_1_153' title="bbox 2054 5348 3622 5416">
     <span class='ocr_line' id='line_1_154' title="bbox 2054 5348 3622 5416; baseline 0.002 -18"><span class='ocrx_word' id='word_1_1086' title='bbox 2054 5349 2326 5416; x_wconf 78' lang='lat' dir='ltr'><strong>tribuere,</strong></span> <span class='ocrx_word' id='word_1_1087' title='bbox 2387 5348 2608 5416; x_wconf 87' lang='lat' dir='ltr'><strong>impium</strong></span> <span class='ocrx_word' id='word_1_1088' title='bbox 2657 5360 2757 5401; x_wconf 90' lang='lat' dir='ltr'><strong>est.</strong></span> <span class='ocrx_word' id='word_1_1089' title='bbox 2797 5369 2816 5400; x_wconf 79' lang='grc' dir='ltr'><strong>ι</strong></span> <span class='ocrx_word' id='word_1_1090' title='bbox 2872 5351 2935 5402; x_wconf 71' lang='grc' dir='ltr'><strong>ΕΙ.</strong></span> <span class='ocrx_word' id='word_1_1091' title='bbox 2980 5349 3232 5405; x_wconf 90' lang='lat' dir='ltr'><strong>Clemens</strong></span> <span class='ocrx_word' id='word_1_1092' title='bbox 3284 5348 3557 5402; x_wconf 73' lang='lat' dir='ltr'><strong>Alexand.</strong></span> <span class='ocrx_word' id='word_1_1093' title='bbox 3607 5366 3622 5401; x_wconf 82' lang='lat'><strong>:</strong></span> 
     </span>
    </p>
   </div>
   <div class='ocr_carea' id='block_1_154' title="bbox 2060 5413 3621 5489">
    <p class='ocr_par' dir='ltr' id='par_1_154' title="bbox 2060 5413 3621 5489">
     <span class='ocr_line' id='line_1_155' title="bbox 2060 5413 3621 5489; baseline 0.002 -23"><span class='ocrx_word' id='word_1_1094' title='bbox 2060 5434 2079 5466; x_wconf 71' lang='grc' dir='ltr'><strong>ι</strong></span> <span class='ocrx_word' id='word_1_1095' title='bbox 2115 5413 2363 5473; x_wconf 80' lang='lat' dir='ltr'><strong>Christus</strong></span> <span class='ocrx_word' id='word_1_1096' title='bbox 2398 5413 2557 5473; x_wconf 77' lang='lat' dir='ltr'><strong>hodie</strong></span> <span class='ocrx_word' id='word_1_1097' title='bbox 2596 5428 2967 5486; x_wconf 78' lang='lat' dir='ltr'><strong>regeneratus,</strong></span> <span class='ocrx_word' id='word_1_1098' title='bbox 2993 5421 3177 5488; x_wconf 86' lang='lat' dir='ltr'><strong>jamue</strong></span> <span class='ocrx_word' id='word_1_1099' title='bbox 3209 5429 3292 5474; x_wconf 88' lang='lat' dir='ltr'><strong>est</strong></span> <span class='ocrx_word' id='word_1_1100' title='bbox 3322 5419 3621 5489; x_wconf 70' lang='lat' dir='ltr'><strong>perfectus,</strong></span> 
     </span>
    </p>
   </div>
   <div class='ocr_carea' id='block_1_155' title="bbox 2694 5551 3617 5621">
    <p class='ocr_par' dir='ltr' id='par_1_155' title="bbox 2694 5551 3617 5621">
     <span class='ocr_line' id='line_1_156' title="bbox 2694 5551 3617 5621; baseline -0.001 -13"><span class='ocrx_word' id='word_1_1101' title='bbox 2694 5552 2740 5621; x_wconf 58' lang='lat' dir='ltr'><strong>&#39;ﬁ&quot;</strong></span> <span class='ocrx_word' id='word_1_1102' title='bbox 2771 5551 3091 5621; x_wconf 73' lang='lat' dir='ltr'><strong>Coniectura</strong></span> <span class='ocrx_word' id='word_1_1103' title='bbox 3115 5552 3149 5605; x_wconf 67' lang='grc'>4</span> <span class='ocrx_word' id='word_1_1104' title='bbox 3175 5552 3239 5604; x_wconf 89' lang='lat' dir='ltr'><strong>de</strong></span> <span class='ocrx_word' id='word_1_1105' title='bbox 3276 5553 3384 5605; x_wconf 85' lang='lat' dir='ltr'><strong>ﬁne</strong></span> <span class='ocrx_word' id='word_1_1106' title='bbox 3407 5556 3617 5607; x_wconf 80' lang='lat' dir='ltr'><strong>mundi.</strong></span> 
     </span>
    </p>
   </div>
   <div class='ocr_carea' id='block_1_156' title="bbox 2592 5620 3615 5688">
    <p class='ocr_par' dir='ltr' id='par_1_156' title="bbox 2592 5620 3615 5688">
     <span class='ocr_line' id='line_1_157' title="bbox 2592 5620 3615 5688; baseline -0.003 -11"><span class='ocrx_word' id='word_1_1107' title='bbox 2592 5624 2634 5653; x_wconf 71' lang='lat'><strong>7’</strong></span> <span class='ocrx_word' id='word_1_1108' title='bbox 2689 5620 2845 5677; x_wconf 82' lang='lat' dir='ltr'><strong>Joau.</strong></span> <span class='ocrx_word' id='word_1_1109' title='bbox 2879 5620 2953 5688; x_wconf 77' lang='lat' dir='ltr'><strong>vt,</strong></span> <span class='ocrx_word' id='word_1_1110' title='bbox 2984 5625 3073 5678; x_wconf 77' lang='lat'><strong>65.</strong></span> <span class='ocrx_word' id='word_1_1111' title='bbox 3151 5623 3195 5653; x_wconf 77' lang='grc'>⁷³</span> <span class='ocrx_word' id='word_1_1112' title='bbox 3247 5623 3406 5676; x_wconf 75' lang='lat' dir='ltr'><strong>Juau.</strong></span> <span class='ocrx_word' id='word_1_1113' title='bbox 3475 5640 3515 5687; x_wconf 77' lang='grc' dir='ltr'>ι,</span> <span class='ocrx_word' id='word_1_1114' title='bbox 3566 5630 3615 5674; x_wconf 60' lang='grc' dir='ltr'><strong>ξ).</strong></span> 
     </span>
    </p>
   </div>
   <div class='ocr_carea' id='block_1_157' title="bbox 2173 5692 3595 5766">
    <p class='ocr_par' dir='ltr' id='par_1_157' title="bbox 2173 5692 3595 5766">
     <span class='ocr_line' id='line_1_158' title="bbox 2173 5692 3595 5766; baseline -0.001 -16"><span class='ocrx_word' id='word_1_1115' title='bbox 2173 5695 2215 5726; x_wconf 86' lang='grc'><strong>⁷⁷</strong></span> <span class='ocrx_word' id='word_1_1116' title='bbox 2245 5694 2362 5751; x_wconf 87' lang='lat' dir='ltr'><strong>Lib.</strong></span> <span class='ocrx_word' id='word_1_1117' title='bbox 2399 5711 2435 5750; x_wconf 88' lang='grc' dir='ltr'><strong>ιι</strong></span> <span class='ocrx_word' id='word_1_1118' title='bbox 2486 5696 2552 5750; x_wconf 84' lang='lat' dir='ltr'><strong>de</strong></span> <span class='ocrx_word' id='word_1_1119' title='bbox 2601 5708 2718 5766; x_wconf 84' lang='lat' dir='ltr'><strong>pec.</strong></span> <span class='ocrx_word' id='word_1_1120' title='bbox 2769 5695 2950 5749; x_wconf 85' lang='lat' dir='ltr'><strong>merit.</strong></span> <span class='ocrx_word' id='word_1_1121' title='bbox 3005 5703 3058 5748; x_wconf 87' lang='lat' dir='ltr'><strong>et</strong></span> <span class='ocrx_word' id='word_1_1122' title='bbox 3110 5694 3349 5759; x_wconf 85' lang='lat' dir='ltr'><strong>remiss.,</strong></span> <span class='ocrx_word' id='word_1_1123' title='bbox 3382 5692 3595 5763; x_wconf 51' lang='lat' dir='ltr'><strong>canit!</strong></span> 
     </span>
    </p>
   </div>
  </div>
