3906 6366
407 410 549 473 ιδεγ

1706 417 2066 477 VARIORUM
2108 417 2313 475 NOTAE

3507 419 3653 475 1588

407 530 570 606 facile
604 533 707 589 sibi
743 536 888 592 viam
923 535 1248 595 munituros.
1282 550 1385 606 qua
1431 537 1496 590 ad
1550 535 1840 591 aetheream
1888 554 1978 592 su-
2005 540 2051 597 Α
2080 536 2203 591 cod.
2237 551 2358 589 cum
2400 534 2693 606 epigraphe
2731 536 2821 592 hic
2857 534 3031 590 allisa.
3064 532 3653 606 Expunximusautem

405 601 727 675 bﬂmitatem
779 609 1108 670 evaderent,
1163 601 1370 675 superis
1430 608 1625 662 bellum
1687 607 1972 672 inferrent,

402 668 891 751 .lovemque__ecelo_
933 668 1279 751 deturbarent
1316 693 1331 731 :
1388 678 1480 751 sed
1508 668 1975 751 Amisso_l‘uhnine

404 746 554 817 ipsos
596 746 840 817 periisse.
876 748 1003 803 Inde
1049 756 1233 801 natum
1270 746 1614 815 proverbium
1651 767 1662 800 :
1701 748 1973 817 Γιγάντων

401 812 650 880 emata,
686 814 975 887 Gigantum
1022 812 1355 886 arrogantia,
1392 818 1443 871 in
1495 833 1589 873 eos
1631 819 1720 887 qui
1773 812 1974 874 temere

400 895 490 936 res
519 899 623 937 non
666 886 968 951 tentandas,
1006 897 1065 941 ut
1094 890 1351 941 adversus
1384 886 1550 942 Deum
1592 888 1863 957 pietatem,
1885 888 1973 958 jus

398 960 454 1002 et
498 968 743 1022 aequum,
797 960 1120 1021 moliuntur,
1215 960 1319 1011 uod
1372 958 1710 1028 inauspicato
1758 973 1974 1028 semper

398 1019 506 1075 illis
550 1026 761 1079 recidit.
798 1027 891 1079 His
932 1028 1096 1079 igitur
1144 972 1431 1079 aiimodum
1472 1029 1715 1079 apposite
1747 1027 1973 1079 Gnosli-

396 1019 506 1075 illis
550 1019 891 1098 recidit.His
932 1019 1115 1098 igitur
1144 1019 1431 1098 admodum
1472 1019 1715 1097 apposite
1747 1019 1973 1084 (ἰηοέιί-

396 1102 491 1172 eos
521 1095 880 1172 similes‘dicit
910 1095 1135 1172 Iren._ac
1161 1097 1418 1166 deinceps
1450 1095 1735 1153 haéreticos
1761 1112 1969 1172 omnes,

395 1162 489 1238 qui
526 1162 633 1218 Deo
668 1167 897 1238 rebelles
931 1169 1166 1237 gaudent
1206 1162 1390 1221 errore
1435 1183 1552 1231 suo,
1601 1177 1656 1223 et
1689 1178 1815 1222 tunc
1854 1162 1970 1238 glo4

393 1237 863 1302 rtantur,quando
890 1238 1138 1293 Ecclesite
1166 1238 1547 1291 contumeliam
1578 1240 1827 1301 fecerint,
1847 1237 1970 1293 Ori-

394 1312 519 1377 gen.
554 1303 738 1377 homjl.
767 1308 798 1361 Ἰ
835 1308 886 1362 in
924 1307 1107 1367 Νιιιιι..
1129 1316 1185 1360 et
1217 1305 1528 1377 Hieronym.
1558 1308 1610 1362 in
1644 1323 1771 1362 xxrv
1796 1307 1966 1365 Isaiae.

462 1368 647 1491 dlfana.
671 1374 745 1430 Ita
768 1392 864 1448 pro
895 1398 913 1429 ι
944 1381 1067 1432 vani
1100 1394 1121 1427 ι
1148 1368 1526 1445 supposuimus
1554 1389 1768 1435 auctor.
1799 1390 1967 1436 veter.

501 1456 567 1491 lC.

393 1454 567 1495 COﬂlC.

468 1509 796 1587 Elleborum.
846 1516 1077 1573 Ellebori
1111 1520 1218 1572 duo
1251 1533 1449 1587 genera
1503 1516 1706 1572 faciunt
1750 1516 1888 1572 Plin.
1922 1520 1967 1552 ’°

390 1591 448 1636 et
500 1576 782 1658 Dioscor.:
821 1588 1110 1642 candidum
1134 1629 1148 1651 ,
1187 1576 1293 1658 qui)
1347 1588 1669 1642 vomitiones
1732 1588 1965 1655 cientur,

391 1656 707 1728 stomachus
732 1668 786 1712 et
818 1660 1066 1727 superior
1087 1656 1624 1728 venteripurgantur;
1654 1666 1709 1712 et
1751 1659 1965 1728 nigrum

390 1737 503 1792 quo
535 1725 688 1781 alvus
725 1725 953 1783 inferior
979 1729 1223 1782 diluitur.
1250 1725 1553 1797 U‘trm'nque
1573 1738 1751 1781 autem
1776 1725 1968 1782 adver-

388 1808 484 1849 sus
514 1797 924 1853 melancholiam
951 1799 1249 1853 remedium
1286 1796 1477 1852 eﬂicax
1514 1796 1735 1863 habere,
1771 1800 1969 1867 capitis

388 1867 701 1957 mentisque
741 1869 923 1951 levare
980 1870 1143 1936 vitia,
1194 1869 1429 1935 antiquis
1472 1882 1787 1937 persuasum
1844 1870 1964 1933 fuit,
2003 1901 2046 1957 Β

389 1930 625 2007 indeque
668 1938 1000 1993 insanientes
1041 1930 1341 2007 menteque
1374 1930 1966 2007 parumiconstantes,

388 2001 675 2080 ἐλλεϐόρου
703 2008 935 2072 δεῖσθαι,
965 2010 1016 2064 id
1045 2017 1127 2064 est
1150 2001 1391 2064 elleboro
1415 2023 1550 2078 opus
1582 2006 1805 2076 habere,
1838 2001 1966 2065 dicti

386 2084 533 2129 sunt.

651 2147 920 2221 Meliorem
961 2149 1122 2221 enim.
1157 2147 1301 2221 Cap.
1335 2147 1402 2221 57
1432 2147 1617 2221 _signat
1650 2148 1961 2217 cod.vetus,

386 2218 544 2277 cujus
575 2218 902 2277 auctoritate
934 2238 951 2270 ι
991 2220 1183 2272 melior
1224 2237 1241 2268 ι
1272 2218 1589 2273 delevimus.

484 2288 586 2356 ’ag.
617 2289 741 2342 161.
788 2290 864 2342 Ab
919 2290 1161 2357 operibus
1212 2289 1405 2357 itaque.
1441 2286 1570 2340 .lnre
1620 2288 1822 2356 optimo
1856 2304 1961 2343 non

386 2362 597 2430 tantinn
634 2358 923 2430 Demiurgo
958 2358 1267 2430 inferiores,
1301 2358 1393 2411 sed
1436 2358 1684 2430 nedigni
1720 2360 1959 2427 quidem,

384 2425 476 2491 qui
523 2425 939 2497 apostolicortim
980 2428 1287 2486 calceorum
1331 2425 1621 2496 corrigiam
1664 2425 1961 2494 solverent,

380 2508 485 2571 eos
508 2511 631 2552 esse
665 2500 929 2571 coarguit,
959 2513 1217 2571 cumunce
1252 2501 1373 2571 vine
1408 2499 1661 2571 puritate,
1699 2514 1964 2571 nee_ope-

382 2565 594 2622 ratione
630 2565 1019 2623 miraculorum
1052 2568 1161 2622 ullo
1188 2570 1345 2621 modo
1368 2565 1555 2621 eurum
1583 2569 1775 2637 dogma
1802 2568 1961 2623 fulci-

380 2644 549 2708 retur.
577 2638 776 2695 Eodem
801 2649 960 2708 pacto
986 2638 1207 2694 conficit
1230 2638 1352 2693 illos
1384 2648 1566 2708 postea
1589 2636 1908 2692 Tertttllian.
1941 2653 1957 2692 :

384 2721 404 2751 ι
436 2703 674 2763 Prohent
722 2703 815 2771 scf
847 2712 921 2762 ait
954 2710 1020 2773 ",
1064 2724 1233 2761 novos
1295 2703 1585 2776 apostolos,
1631 2710 1820 2762 eadem
1882 2710 1958 2763 si-

377 2789 481 2849 gna
514 2780 694 2833 edan'.
736 2781 867 2834 Volo
908 2782 1063 2849 igitur
1112 2788 1166 2833 et
1205 2779 1433 2831 virtutes
1480 2792 1667 2830 eorum
1697 2780 1957 2845 proferre,

377 2846 482 2897 nisi
520 2851 661 2915 quod
698 2846 988 2920 agnoscant
1027 2862 1079 2903 et
1112 2849 1401 2901 maximam
1436 2850 1686 2920 virtutem
1727 2850 1954 2909 illorum,

378 2930 485 2989 qua
540 2920 592 2971 in
637 2917 952 2989 perversum
1000 2920 1271 2989 apostolos
1319 2917 1659 2989 aemulantur.
1704 2919 1778 2973 llli
1811 2921 1957 2972 enim

378 2988 446 3040 de
481 2992 712 3045 mortuis
746 2992 897 3045 vivos
948 2988 1251 3054 faciebant;
1306 2988 1395 3042 isti
1442 2990 1508 3040 de
1547 2988 1683 3043 vivis
1718 2998 1959 3043 mortuos

376 3054 603 3133 faciunt.
639 3080 657 3113 ι
697 3061 811 3133 lloc
847 3072 1007 3133 pacto
1044 3070 1099 3133 et
1130 3059 1418 3133 Augustin.
1458 3056 1783 3133 Maniclueos
1821 3059 1957 3113 allo-

376 3128 563 3193 quitur
584 3132 631 3162 ”
662 3149 676 3185 :
720 3150 739 3183 ι
780 3128 871 3187 Sic
901 3146 1002 3186 nec
1038 3129 1443 3197 Scripturarum
1468 3129 1812 3184 auctoritatis
1862 3145 1958 3183 an-

376 3198 620 3267 tiquitas,
652 3218 750 3259 nec
784 3202 1172 3257 miraculorum
1214 3207 1471 3267 potestas,
1506 3211 1605 3252 nec
1627 3215 1838 3253 morum
1864 3216 1956 3253 sa—

2085 617 2198 661 tres
2226 604 2507 675 dictiones,
2527 625 2546 658 ι
2574 604 2829 676 quoniam
2860 624 2878 658 ι
2920 619 3019 674 pro
3048 623 3068 657 ι
3102 605 3328 676 qui,i—_-
3348 604 3655 673 «spiritales

2084 678 2444 739 conditiones,
2478 674 2501 729 i
2524 674 2622 747 pro
2654 696 2673 729 ι
2712 676 2973 746 spiritalis
3026 674 3381 747 conditionis,
3434 692 3469 747 s_
3495 688 3655 742 rem.

2083 758 2271 801 nentes
2308 744 2657 805 auctorfvet.
2680 744 2825 806 cod,
2860 755 2914 801 et
2950 744 3217 817 signiﬁcat
3258 763 3277 797 ι
3304 745 3583 814 ιιιιιιιιίειιι⁸
3629 761 3649 795 ι

2082 817 2223 871 idem
2254 818 2393 887 quod
2419 818 2499 870 ὃτι
2530 818 2667 887 apud
2694 818 2930 887 Graecos.

2152 886 2337 943 Tradit
2388 886 2573 942 autem
2604 886 2875 956 spiritales
2913 893 3211 950 creaturas,
3266 892 3498 956 ut‘puta
3556 897 3656 934 no-

2086 970 2207 1028 vem,
2235 957 2545 1028 angelorum
2582 953 2821 1028 ordines,
2858 957 3273 1028 innumerosque
3302 953 3439 1028 alios
3465 954 3658 1028 beatos

2080 1023 2331 1095 Spiritus'
2351 1027 2534 1097 (Apoc.
2564 1026 2659 1096 vn)
2711 1028 2761 1080 in
2821 1026 2975 1097 caelis
3020 1040 3163 1097 esse,
3215 1023 3558 1097 Paulumque
3602 1024 3656 1075 in

2079 1094 2235 1163 raptu
2284 1094 2557 1153 audivisse
2608 1094 2804 1151 arcana
2855 1096 3128 1159 etnlestia;
3178 1094 3429 1147 universa
3488 1107 3657 1160 porro

2080 1164 2167 1219 illa
2206 1166 2427 1222 subesse
2480 1167 2757 1230 Creatori,
2806 1179 2901 1221 seu
2953 1167 3257 1233 Demiurgo.
3304 1164 3495 1233 itaque
3546 1178 3658 1216 non

2077 1250 2199 1305 esse
2228 1251 2392 1305 super
2430 1252 2552 1291 eum
2599 1236 2944 1305 quazrendam
2993 1236 3150 1287 aliam
3198 1249 3378 1287 rerum
3427 1233 3658 1299 spirita-

2078 1303 2210 1375 lium
2254 1303 2660 1375 dispositionem
2712 1307 2791 1359 vel
2843 1305 3243 1371 plenitudinem.
3275 1304 3487 1375 Autsi
3507 1311 3658 1356 esset

2079 1374 2280 1445 aliqua,
2302 1373 2499 1431 Paulus
2523 1375 2705 1445 procul
2732 1375 2894 1430 dubio
2920 1376 2985 1429 ad
3002 1376 3118 1444 ejus
3140 1373 3658 1442 contemplationem

2078 1458 2265 1513 raptus
2288 1455 2341 1500 et
2365 1447 2633 1500 admissus
2662 1445 2870 1513 luisset.

2144 1510 2270 1568 1am
2300 1526 2348 1568 et
2381 1516 2487 1585 ipse
2523 1516 2783 1585 subjectus
2813 1512 3096 1585 Saluatori,
3116 1522 3177 1585 rut
3206 1512 3412 1565 dicunt.
3450 1510 3544 1566 Sic
3576 1511 3658 1585 le-

2076 1584 2249 1651 gimus
2288 1583 2409 1639 cum
2436 1586 2603 1641 veteri
2635 1584 2841 1639 codice.
2884 1584 3250 1653 Expunximus
3279 1597 3431 1651 vero,
3469 1600 3489 1632 ι
3526 1583 3659 1636 sub-

2070 1656 2231 1724 jectis
2270 1655 2557 1710 salvationi
2584 1655 2789 1709 dicunt.
2830 1674 2848 1705 ι

2148 1723 2214 1777 Et
2241 1725 2351 1778 hate
2405 1742 2523 1779 cum
2555 1727 2772 1779 interior
2814 1724 2991 1781 homo.
3022 1721 3214 1778 Graeco
3258 1722 3367 1778 ritu
3420 1721 3653 1785 dicitur,

2080 1811 2098 1845 ι
2136 1802 2189 1865 et
2219 1795 2359 1865 lnec,
2392 1814 2410 1847 ι
2443 1811 2541 1865 pro
2575 1813 2593 1845 ι
2636 1796 2815 1863 idque.
2851 1813 2869 1865 ι

2144 1862 2271 1934 Pag.
2301 1864 2424 1918 165.
2444 1860 2535 1918 Ἐι
2565 1882 2677 1919 vere
2708 1860 3136 1934 est.Conlirmat
3164 1878 3264 1916 nec
3296 1860 3653 1934 Dentiurgnm

2076 1947 2197 1987 esse
2224 1932 2544 1997 animalem,
2584 1936 2673 2004 qui
2726 1933 2974 2004 cmlestes
3025 1934 3249 2000 spiritus
3289 1932 3652 2004 caelestiaque

2075 2018 2304 2072 corpora
2344 2000 2632 2073 perfecerit
2664 2023 2675 2057 :
2709 2018 2808 2057 nec
2850 2002 3137 2058 Cnosticos
3176 2017 3298 2073 esse
3349 2000 3653 2073 spiritales,

2074 2070 2197 2127 aliis
2243 2076 2290 2127 vi
2327 2070 2529 2140 majore
2571 2075 2846 2142 praeditos,
2894 2074 3092 2142 quippe
3136 2072 3225 2140 qui
3281 2084 3381 2123 nec
3425 2070 3651 2139 quidem

2073 2158 2315 2197 muscam
2346 2154 2438 2197 aut
2467 2144 2690 2198 culicem
2723 2144 3276 2213 possentgell'ormare.

2144 2213 2203 2266 Si
2235 2224 2410 2266 autem
2442 2210 2909 2281 animalisﬁCaput
2936 2211 3003 2264 60
3032 2213 3193 2281 habet
3222 2210 3343 2265 cod.
3376 2218 3490 2264 vet.

2145 2282 2247 2346 Qui
2277 2283 2469 2335 nullius
2496 2280 2834 2351 operationis.
2872 2282 2926 2335 ld
2974 2291 3055 2334 est
3100 2298 3133 2351 ί(
3166 2280 3219 2333 in
3268 2295 3462 2351 eorum
3502 2288 3642 2347 pole-

2072 2361 2209 2406 state
2241 2368 2345 2406 non
2375 2363 2458 2406 est
2485 2354 2777 2420 quidquam
2807 2350 3283 2419 operari.iGraece,
3320 2350 3542 2411 οὐδενὸς
3561 2352 3646 2419 ἔρ-

2070 2438 2166 2489 γου
2204 2422 2384 2493 κύριοί
2417 2425 2542 2476 εἱσι.
2580 2421 2668 2476 Sic
2696 2422 2870 2493 etiam
2904 2422 3041 2475 infra
3071 2436 3085 2473 :
3122 2439 3139 2470 ι
3176 2420 3243 2472 Ει
3273 2421 3651 2493 ρει-δυίιειᾳιι-

2072 2495 2144 2543 tia
2201 2489 2475 2546 hominum
2530 2493 2778 2545 voluntas
2826 2491 2943 2559 ejus
2985 2509 2996 2543 :
3035 2509 3053 2541 ι
3086 2505 3205 2559 pro,
3237 2507 3255 2539 ι
3295 2489 3423 2543 Sola
3480 2490 3652 2559 ipsius

2071 2562 2351 2616 voluntate
2388 2563 2634 2617 homines
2684 2563 2737 2616 in
2777 2558 2955 2616 ortum
2994 2558 3244 2631 producti
3277 2568 3429 2615 sunt.
3474 2578 3497 2611 ι
3526 2558 3653 2612 BIL-

2070 2646 2207 2687 LIUS.

2142 2701 2244 2755 Hic
2270 2711 2345 2756 est
2372 2701 2480 2768 qui.
2514 2700 2681 2754 Vetus
2710 2700 2832 2757 cod.
2861 2719 2873 2753 :
2908 2718 2926 2751 ι
2963 2699 3060 2755 Hie
3091 2700 3178 2769 qui
3210 2709 3311 2755 est.
3354 2718 3374 2750 ι

2140 2771 2304 2836 Quem
2330 2772 2592 2841 propheta:
2632 2772 2971 2841 praeconium.
3015 2770 3415 2840 Κηρύττουσιν,
3446 2786 3465 2819 ι
3513 2784 3650 2837 prte-

2067 2840 2273 2895 dicant.
2308 2840 2337 2892 ι
2364 2843 2453 2895 Sic
2483 2842 2624 2912 enim
2658 2840 2851 2912 κῆρυξ.
2887 2841 2936 2893 id
2960 2851 3041 2894 est
3073 2861 3092 2890 ι
3134 2856 3331 2909 pra-co,
3368 2859 3385 2891 ι
3423 2841 3649 2912 deduci-

2067 2920 2151 2964 tur
2185 2926 2214 2963 a
2246 2912 2410 2967 verbo
2454 2910 2743 2981 κηρύττω(
2770 2929 2789 2963 ι
2824 2912 3075 2981 praedico,
3109 2926 3382 2981 praecone.
3422 2930 3441 2959 ι
3476 2910 3649 2962 Caete-

2066 2996 2219 3041 rum,
2266 2980 2543 3034 veteribus
2592 2980 2864 3035 Gnosticis
2904 2980 3058 3049 longe
3104 2996 3162 3034 se
3203 2980 3535 3034 deteriorem
3594 2991 3649 3034 et

2066 3050 2385 3119 nequiorem
2420 3050 2649 3119 prtebuit
2691 3050 3005 3104 Valentinus
3052 3050 3300 3119 gentilis,
3329 3051 3555 3118 quando
3582 3067 3647 3104 ex

2067 3124 2168 3174 hoc
2198 3120 2383 3173 lreutei
2427 3121 2546 3173 loco
2574 3122 2727 3175 nisus
2752 3129 2838 3175 est
2862 3119 2998 3174 Filio
3038 3121 3128 3174 Dei
3164 3128 3492 3174 cozeternam
3523 3121 3638 3173 uni~

2065 3205 2291 3260 eamque
2325 3205 2445 3244 cum
2480 3190 2639 3245 Patre
2669 3192 3006 3245 divinitatem
3047 3189 3322 3260 sulfurari.
3363 3188 3469 3243 llic
3497 3190 3644 3244 enim

373 3256 541 3333 nitas,
579 3256 950 3327 n'eeirationis
994 3256 1327 3325 veritas'vos
1363 3256 1602 3322 asserit:
1634 3271 1778 3324 abite
1826 3286 1955 3323 con-

2073 3256 2270 3333 tantum
2326 3262 2614 3325 asseritnr,
2671 3263 2888 3333 u_nicu'm
2936 3276 3056 3333 esse
3101 3259 3267 3313 Deum
3333 3270 3645 3333 creatorem

373 3336 501 3401 nisi,
525 3343 759 3399 etredite
771 3340 1029 3407 confessi,
1044 3361 1061 3393 ι
1081 3340 1271 3395 etc.De
1294 3337 1570 3393 miraculis
1591 3340 1954 3406 posteriorum

373 3406 756 3466 Ciuisticorum
791 3414 841 3467 id
861 3423 1070 3467 tantum
1088 3409 1325 3478 adjicere
1344 3410 1515 3461 visum
1540 3410 1790 3472 est,quod
1812 3425 1954 3463 anno

374 3478 587 3550 Domini
628 3482 765 3537 1526
794 3483 1011 3550 scripsit
1047 3482 1257 3536 Erasm.
1295 3478 1479 3550 Boter.
1514 3478 1566 3531 in
1612 3480 1842 3533 diatriba
1878 3480 1955 3531 De

373 3548 465 3621 lib.
514 3554 676 3607 arb.:
735 3572 754 3605 ι
793 3548 1037 3621 ΑροέιοΙί
1070 3594 1081 3615 ,
1130 3550 1245 3613 ait,
1301 3549 1553 3621 quoniam
1606 3550 1954 3603 excutiebant

370 3620 626 3693 viperas,
671 3618 937 3678 sanabant
990 3629 1269 3693 aegrotos,
1320 3618 1640 3693 excitabant
1680 3630 1953 3693 mortuos,

372 3689 623 3758 imposita
657 3709 816 3747 manu
842 3689 1208 3749 dahantvdona
1238 3691 1544 3757 linguarum
1575 3703 1589 3741 :
1628 3689 1699 3741 ita
1736 3691 1953 3745 demum

370 3761 639 3818 creditum
694 3774 799 3827 est,
845 3773 899 3819 et
938 3767 1028 3817 vix
1079 3762 1345 3817 creditum
1395 3769 1479 3814 est
1524 3759 1630 3814 illis
1677 3763 1951 3828 paradoxa

371 3831 712 3903 docentibus.
750 3834 903 3889 Nune
937 3849 1058 3889 cum
1076 3833 1233 3903 juxta
1267 3845 1606 3903 communem
1645 3831 1950 3897 opinionem

370 3902 604 3974 aderant
651 3921 788 3974 pene
834 3901 1258 3974 paradoxbtera,
1296 3901 1474 3955 nullus
1514 3901 1727 3954 illorum
1774 3905 1951 3957 adhuc

370 3972 603 4046 exstitit,
635 3972 724 4045 qui
762 3972 851 4030 vel
883 3989 1079 4046 equum
1109 3972 1358 4027 claudum
1403 3985 1600 4026 sanare
1627 3974 1881 4039 potuerit.
1924 3992 1944 4025 ι

372 4041 566 4115 De_his
600 4041 787 4101 rursus
815 4041 949 4115 cap:
978 4046 1066 4100 56.

445 4113 782 4170 Eduxerant.
834 4111 1206 4188 Expunximus
1260 4129 1279 4163 ι
1335 4111 1697 4178 adduxerunt,
1747 4132 1766 4166 ι
1803 4123 1945 4169 auct.

372 4195 482 4238 vet.
511 4188 631 4240 cod.

656 4256 908 4326 Ejusdem
940 4256 1302 4310 adnotationes
1333 4255 1390 4326 in
1431 4272 1544 4323 cap.
1575 4252 1663 4307 54.

442 4327 572 4398 Pag.
602 4325 723 4383 161.
751 4327 1099 4398 Erantenim.
1130 4326 1303 4393 Caput
1329 4325 1396 4378 58
1423 4326 1586 4398 habet
1610 4325 1730 4378 cod.
1757 4336 1946 4393 vetus;

370 4413 491 4464 quae
526 4395 667 4453 'vero
710 4398 797 4453 hic
852 4396 1067 4458 refellit,
1120 4408 1466 4448 recensuerat
1511 4395 1602 4448 lib.
1646 4410 1683 4456 ι,
1739 4412 1857 4463 cap.
1893 4398 1944 4449 1.

372 4470 527 4523 balse
559 4478 735 4524 autem
772 4483 866 4524 eos
893 4468 1050 4526 ridet,
1079 4468 1219 4533 quod
1244 4467 1519 4533 jactarent
1550 4479 1610 4518 se
1636 4467 1947 4532 conceptio-

370 4554 494 4591 nem
542 4540 839 4607 spiritalem
880 4552 999 4592 esse
1047 4536 1276 4607 illorum,
1305 4535 1558 4597 Ᾱίοιιιιιιι,
1592 4538 1681 4604 qui
1711 4538 1775 4589 ad
1804 4537 1945 4590 Pan-

2060 3330 2325 3395 0muinm,
2375 3333 2653 3399 utriusque
2682 3330 3009 3385 Testamenti
3059 3340 3357 3393 auctorem,
3404 3329 3499 3398 qui
3552 3344 3648 3397 per

2058 3400 2329 3453 Christum
2363 3402 2572 3454 cunctis
2618 3402 2869 3456 innotuit.
2910 3400 3143 3453 Tantum
3199 3401 3353 3453 abest
3404 3414 3542 3453 vero
3587 3410 3645 3453 ut

2058 3469 2177 3523 Filii
2211 3471 2462 3524 divinitas
2502 3469 2834 3536 inlirmetur;
2868 3480 2925 3523 ut
2968 3485 2999 3523 e
3040 3471 3316 3524 contrario
3358 3468 3645 3523 evidenter

2056 3550 2111 3593 et
2134 3550 2449 3594 constanter
2472 3541 2845 3604 conﬁrmetur,
2874 3540 3090 3610 quando
3115 3540 3295 3592 omnia
3327 3553 3427 3610 per
3463 3538 3641 3607 ipsum

2059 3610 2197 3663 facta
2227 3620 2281 3663 et
2305 3619 2480 3676 aptata
2509 3626 2650 3676 esse,
2692 3621 2743 3665 ut
2789 3609 2899 3679 per
2918 3612 3167 3663 virtutem
3208 3618 3262 3663 et
3308 3609 3640 3679 sapientiam

2056 3678 2253 3745 Patris,
2304 3695 2370 3732 ex
2408 3678 2578 3733 Paulo
2609 3678 2896 3748 probatur;
2937 3690 2985 3735 et
3036 3694 3249 3748 semper
3288 3678 3645 3734 coexstitisse

2055 3752 2230 3804 eidem
2263 3748 2431 3814 Patri,
2467 3752 2646 3804 verbis
2683 3750 3002 3804 clarissimis
3037 3751 3400 3820 praedicatur:
3442 3750 3644 3820 quibus

2056 3822 2285 3874 eliicitnr
2323 3820 2516 3873 Filium
2570 3833 2692 3875 esse
2744 3823 2992 3875 eumdem
3041 3819 3242 3873 natura
3293 3834 3419 3873 cum
3480 3819 3643 3874 Patre

2056 3891 2222 3944 Deum
2258 3902 2518 3944 aztcrnum
2546 3899 2600 3944 et
2630 3891 3163 3945 consubstantialem.
3191 3890 3375 3944 Virtus
3402 3904 3641 3957 namque

2053 3972 2107 4015 et
2133 3961 2393 4027 sapientia
2430 3959 2606 4014 Patris
2636 3977 2738 4013 non
2781 3969 2864 4013 est
2908 3962 2955 4014 ei
3002 3962 3274 4022 accidens,
3320 3962 3469 4029 quod
3507 3975 3636 4013 cum

2055 4040 2298 4098 tempore
2323 4031 2646 4100 contigerit;
2668 4031 2760 4084 sed
2790 4031 2930 4084 Deus
2952 4032 3086 4099 ipse,
3112 4032 3197 4083 cui
3220 4030 3374 4097 juxta
3400 4031 3636 4095 August.

2053 4116 2156 4155 non
2220 4110 2304 4153 est
2354 4102 2497 4153 aliud
2544 4115 2755 4168 sapere,
2801 4116 2959 4169 posse
2999 4112 3051 4154 et
3099 4100 3419 4169 intelligere,
3468 4114 3636 4167 quam

2050 4186 2185 4226 esse.
2220 4172 2331 4226 Vox
2374 4183 2611 4240 autem}
2651 4171 2818 4234 solus,
2867 4190 2885 4221 ι
2917 4172 3202 4240 aliquoties
3245 4172 3501 4238 repetita,
3541 4185 3641 4223 ex-

2050 4242 2221 4312 cludit
2270 4242 2488 4297 tictitios
2532 4239 2758 4305 (Eones,
2812 4239 3029 4312 Bythos,
3075 4242 3467 4312 Achamothas,
3496 4249 3637 4299 etc..

2050 4328 2155 4364 non
2186 4310 2376 4367 Filium
2408 4322 2502 4365 aut
2526 4312 2788 4380 Spiritum
2822 4309 3091 4377 sanetum,
3133 4320 3190 4364 ut
3219 4312 3394 4369 cuivis
3428 4309 3637 4379 legenti

2049 4385 2291 4451 pervium
2317 4396 2423 4437 est.

2329 4498 2581 4570 Ejusdem
2626 4496 2992 4552 adnotatione:
3020 4497 3073 4549 in
3099 4512 3214 4565 cap.
3244 4494 3336 4553 56.

372 4615 518 4663 done
546 4606 924 4683 fermationem
974 4622 1067 4683 sua
1100 4606 1461 4683 contulerant,
1491 4622 1650 4683 supra
1670 4622 1826 4683 “cap.
1857 4607 1945 4673 57,
1981 4624 2026 4680 υ
2126 4614 2251 4683 Pag.
2283 4613 2403 4667 165.
2433 4612 2724 4667 Destructis
2755 4615 2948 4683 itaque.
2984 4612 3115 4680 Cap.
3137 4611 3212 4683 A61
3246 4611 3444 4683 -signat
3473 4620 3635 4666 vetus

370 4696 497 4732 cum
540 4681 719 4748 potius
749 4688 931 4733 essent
956 4676 1189 4730 abortivi
1232 4676 1479 4745 projeeti,
1512 4680 1578 4729 ad
1630 4677 1759 4731 nihil
1791 4694 1947 4747 pror-

370 4767 467 4805 sus
497 4751 654 4805 utiles
684 4760 774 4803 aut
803 4748 1098 4803 commodi.

442 4821 625 4874 Matri.
656 4821 963 4875 Delevimus
1000 4836 1017 4868 ι
1057 4816 1265 4880 matris,
1312 4835 1330 4867 ι
1363 4825 1416 4873 et
1445 4814 1583 4871 infra
1622 4831 1721 4885 pro
1761 4834 1781 4869 ι
1816 4818 1883 4884 si,
1921 4838 1941 4872 ι

370 4892 716 4960 reposuimus
750 4909 770 4941 ι
808 4890 905 4951 sic,
943 4898 1136 4960 tiﬂllCl.
1170 4897 1280 4940 vet.
1316 4890 1439 4942 eod.

439 4958 531 5017 Sic
562 4972 737 5014 autem
769 4970 819 5015 et
845 4961 925 5013 lii.
955 4959 1263 5013 Subsannat
1291 4974 1406 5023 eos,
1441 4972 1504 5013 eo
1533 4958 1674 5027 quod
1704 4958 1947 5014 dicerent

369 5048 431 5088 se
458 5032 688 5086 feminas
715 5048 855 5094 esse,
885 5045 1004 5099 quae
1036 5042 1197 5096 supra
1231 5028 1603 5098 Demiurgnm,
1637 5030 1688 5083 id
1730 5042 1814 5083 est
1840 5031 1943 5084 hii-

364 5103 453 5170 jns
489 5104 672 5157 tnundi
716 5114 1017 5157 creatorem
1068 5099 1260 5165 Deum,
1294 5103 1586 5165 ascendere
1631 5112 1850 5169 possent
1880 5101 1945 5155 ad

370 5174 592 5227 annelos
628 5176 775 5227 viros
808 5189 953 5227 suos.

477 5189 523 5226 et
565 5189 592 5227 s
628 5189 775 5227 viros
808 5189 953 5227 suos.

442 5189 501 5297 gi
529 5190 703 5297 iugum
728 5242 1111 5298 contenderim.
1146 5240 1460 5295 Dilemmate
1488 5240 1681 5312 probat
1710 5240 1942 5312 Bylhum

368 5313 505 5367 nihil
560 5328 789 5383 prorsus
843 5324 1187 5369 terrenorum
1252 5322 1346 5365 aut
1400 5311 1717 5383 caelestium
1757 5314 1945 5366 condi-

370 5382 687 5446 disse;’sed
728 5385 902 5439 solum
972 5384 1141 5437 Deum
1199 5382 1643 5450 omnipotentem.
1706 5382 1939 5446 Interim,

371 5463 483 5525 tam
515 5455 603 5507 hic
633 5469 793 5523 quam
824 5456 982 5525 paulo
1022 5455 1705 5525 superiusenumerantur
1735 5464 1942 5525 septem

367 5524 588 5577 ordines
618 5523 927 5594 angelorum
964 5542 977 5576 :
1016 5525 1211 5591 quibus
1257 5523 1299 5576 si
1344 5526 1511 5578 addas
1558 5524 1835 5578 cherubim
1889 5533 1943 5577 et

370 5596 667 5663 seraphim,
706 5612 898 5649 novem
928 5598 1251 5663 eomperies.

651 5664 902 5733 Ejusdem
943 5666 1305 5718 adnotationes
1334 5665 1386 5716 in
1426 5682 1537 5731 cap.
1569 5667 1657 5719 55.

438 5733 570 5806 Pag.
608 5736 729 5791 lb'2.
774 5736 1031 5801 Quoniam
1064 5746 1258 5789 autent.
1287 5739 1459 5803 Caput
1490 5738 1558 5790 59
1587 5740 1761 5808 signat
1789 5748 1939 5792 vetus

367 5878 414 5913 ⁹⁹
462 5878 586 5938 Lib.
630 5895 760 5947 xxv,
798 5898 847 5935 c.
875 5880 926 5934 5.
1005 5882 1045 5913 ⁸⁸
1080 5881 1198 5937 Lib.
1254 5880 1559 5953 Prmscript.

2054 4686 2176 4739 cod.
2208 4680 2401 4737 'Porro
2448 4680 2850 4753 elegantissima
2890 4680 3356 4753 ἀνακεφαλαιῴσει
3403 4696 3467 4735 ea
3521 4684 3637 4736 fere

2052 4755 2236 4809 omnia
2272 4752 2607 4823 perstringit,
2634 4769 2755 4822 qua:
2791 4755 3054 4809 hactenus
3095 4763 3207 4805 toto
3242 4752 3344 4823 hoc
3372 4755 3634 4823 secunde

2053 4825 2191 4879 libro
2221 4824 2389 4879 effuse
2415 4820 2691 4887 disseruit,
2721 4824 3040 4878 nominatim
3072 4830 3261 4876 contra
3289 4820 3630 4875 Valentinia-

2052 4911 2182 4959 nos;
2212 4896 2399 4947 eadem
2434 4894 2485 4947 in
2514 4895 2747 4964 reliquos
2787 4895 2950 4950 etiam
2993 4894 3277 4948 lueret'rcos
3319 4894 3427 4948 dici
3471 4908 3633 4963 posse

2051 4967 2399 5019 eontirmans.

2123 5036 2251 5105 l’ag.
2275 5034 2405 5105 164.
2422 5033 2627 5105 Avertes
2645 5043 2691 5086 et
2708 5034 3018 5103 confundes.
3042 5032 3414 5101 Expunximus
3430 5052 3449 5084 ι
3478 5048 3631 5087 aver-

2054 5113 2176 5158 tens
2200 5102 2256 5159 et
2279 5102 2636 5173 confundens,
2671 5122 2690 5156 ι
2723 5115 2863 5157 auct.
2898 5115 3001 5158 vet.
3030 5106 3149 5157 cod.

2127 5174 2241 5228 Nec
2278 5176 2415 5228 enim
2459 5177 2631 5229 crucis.
2683 5174 2799 5228 Non
2848 5176 2977 5228 levis
3027 5185 3111 5228 est
3153 5173 3450 5242 disputatio
3485 5175 3629 5228 inter

2054 5245 2372 5317 theologos,
2423 5261 2491 5297 an
2555 5246 2817 5317 haeretici
2851 5246 3136 5313 aliquando
3182 5258 3308 5296 vera
3359 5246 3622 5317 miracula

2052 5316 2214 5371 cdere
2243 5314 2521 5386 'possint,
2576 5316 2715 5383 quod
2769 5316 2857 5386 hic
2906 5317 3110 5369 diserte
3160 5314 3619 5386 negarlrenznns.

2049 5386 2253 5441 Auctor
2275 5383 2643 5451 Quaestionum
2669 5388 2807 5453 apud
2832 5383 3125 5448 Iustinum,
3157 5384 3459 5454 quaestione
3495 5385 3621 5449 100,

2052 5468 2235 5525 aperte
2268 5466 2447 5527 negat,
2487 5471 2582 5525 per
2610 5456 2889 5527 haereticos
2914 5458 3065 5510 vivos
3086 5467 3177 5507 aut
3206 5464 3468 5527 mortuos.
3503 5470 3626 5527 gra-

2054 5529 2180 5577 tiam
2207 5526 2444 5579 divinam
2471 5528 2625 5580 donis
2659 5526 2762 5579 illis
2787 5527 2955 5597 fungi.
2981 5527 3187 5597 Simoni
3225 5526 3376 5593 Mago
3404 5526 3619 5597 prasti-

2047 5598 2163 5664 gias
2186 5598 2478 5650 ostentanti
2522 5599 2602 5650 sic
2640 5595 3051 5663 respondentem
3078 5596 3295 5649 Petrum
3337 5606 3513 5661 apost.
3546 5595 3625 5647 fa-

2047 5669 2121 5717 cit
2154 5666 2403 5720 Clemens
2443 5667 2597 5719 liom.
2628 5665 2720 5719 lib.
2750 5682 2803 5720 ιιι
2846 5666 3069 5736 Recogn.
3097 5681 3113 5715 :
3146 5665 3245 5719 «Ut
3295 5667 3433 5733 magi
3480 5664 3622 5736 l‘hao

2048 5752 2265 5790 raonem
2302 5738 2685 5792 dcmentabant
2709 5778 2723 5803 ,
2774 5748 2890 5793 arte
2938 5734 3237 5793 daemonum
3274 5736 3442 5807 Moysi
3476 5734 3617 5788 rei-

1643 5884 1685 5917 ⁹²
1742 5884 1858 5939 Lib.
1909 5900 2003 5937 xui
2057 5894 2240 5938 (cntra
2273 5881 2477 5948 Faust.,
2515 5896 2629 5952 cap.
2678 5884 2730 5938 6.
