3906 6366
403 301 537 358 1591

1701 297 2056 355 VARIORUM
2088 297 2297 353 ΝΟΤᾹ)

3476 296 3617 353 1599

402 435 627 487 prorsus
651 420 958 487 docuitnon
988 420 1148 476 modo
1171 420 1417 476 Justinus
1440 428 1643 487 martyr
1672 419 1889 485 Apoloq.
1917 418 1953 470 Ξ).
1985 423 2025 476 Λ
2127 418 2247 471 Non
2268 427 2341 470 est
2366 433 2632 470 numerum
2668 417 2856 471 dicere.
2885 413 3266 482 llellenismus,
3294 427 3398 482 pro
3430 430 3450 465 ι
3486 427 3609 481 gra-

401 480 501 559 (l),
539 503 634 555 pro
658 486 997 551 Christianis,
1047 506 1173 559 pag.
1198 490 1268 544 6‘2
1296 505 1437 558 seq.,
1472 492 1566 544 sed
1584 480 1651 544 ~et
1680 480 1948 559 Basilides

399 557 757 614 haéresiarcha
788 562 884 615 lib.
931 557 1065 613 ιιιιί
1092 557 1596 614 Commentariorum
1630 562 1682 613 in
1712 557 1949 626 Evange-

397 629 546 689 tium,
594 630 745 701 cujus
791 631 954 687 verba
974 630 1110 701 ivide
1137 640 1266 684 tom.
1307 629 1327 683 l
1384 629 1650 701 Spicilegii
1682 630 1952 683 heretico-

398 714 514 751 rum
541 700 719 753 saeculi
750 715 807 767 tt,
838 717 894 767 p.
927 700 1019 755 40.

466 717 809 825 ἒίῗιῗῗςᾜδῗί
838 717 1047 824 Exit"th
1081 766 1203 822 loco
1235 778 1288 823 et
1316 767 1413 823 lib.
1445 784 1519 831 tv,
1549 782 1667 836 cap.
1699 767 1787 832 5i,
1814 766 1953 821 forte

391 854 461 891 an
487 838 770 910 colligeret
795 840 1089 910 quispiam,
1118 837 1380 910 [renatum
1417 839 1607 893 Matth.
1642 854 1705 902 γ,
1763 840 1824 910 2|
1872 837 1948 891 le.-

391 911 538 973 gisse
567 907 713 979 eiu-7;,
747 910 889 977 quod
915 907 1081 977 aliqui
1113 923 1179 962 ex
1223 908 1412 963 Latina
1448 910 1732 970 versione,
1766 907 1817 960 in
1846 922 1952 979 qua

391 981 511 1047 iam
550 977 806 1047 Cypriani
862 994 978 1033 :evo
1013 979 1211 1032 lectum
1248 980 1413 1032 fuisse
1465 995 1532 1033 ex
1573 978 1793 1047 scriptis
1840 977 1956 1045 ejus

390 1046 689 1116 colligitur,
725 1049 777 1101 in
809 1064 1019 1102 sacrum
1059 1047 1124 1101 N.
1166 1047 1230 1101 Τ.
1259 1047 1503 1103 codicem
1540 1046 1826 1115 irrepsisse
1859 1062 1957 1116 pu-

395 1126 533 1169 tant.
560 1116 749 1172 Obstat
773 1128 953 1172 tamen
1000 1118 1125 1172 huic
1178 1129 1502 1187 argumento
1528 1156 1542 1179 ,
1575 1119 1718 1186 quod
1767 1128 1956 1170 auctor

393 1196 582 1239 noster
620 1187 715 1240 lib.
746 1202 817 1249 tv,
855 1203 976 1255 cap.
1000 1188 1090 1248 27,
1120 1188 1325 1242 scribat
1362 1204 1374 1239 :
1417 1205 1435 1238 ‹
1465 1187 1730 1242 Dominus
1756 1201 1957 1255 praece-

392 1257 593 1324 pitpro
636 1272 703 1310 eo
732 1259 875 1325 quod
905 1265 1028 1310 est:
1079 1255 1197 1311 Non
1254 1257 1469 1311 occides
1495 1300 1509 1322 ,
1573 1272 1749 1323 neque
1793 1256 1953 1309 irasci

391 1326 638 1391 quidem.
676 1346 694 1377 ι
730 1327 881 1381 Unde
912 1338 963 1380 et
989 1326 1112 1381 aliis
1142 1328 1195 1380 in
1227 1326 1365 1381 locis
1412 1327 1606 1381 Latino
1652 1327 1854 1381 Irenaeo
1884 1326 1955 1379 ab

393 1395 694 1463 interprete
720 1396 798 1450 vel
826 1398 1005 1450 scriba
1033 1397 1267 1464 quodam
1298 1396 1440 1450 istud
1470 1438 1485 1461 ,
1515 1414 1534 1447 ι
1571 1398 1687 1450 sine
1723 1412 1909 1458 causa,
1935 1414 1952 1445 ι

392 1466 658 1519 insertum
688 1467 859 1535 ivideri
911 1477 1112 1534 posset.
1146 1466 1264 1535 Sed
1296 1468 1380 1518 vix
1410 1467 1684 1535 quidpiam
1714 1468 1849 1519 certi
1881 1466 1958 1520 ci-

393 1542 474 1606 tra
510 1534 834 1591 temeritatis
860 1546 1044 1606 notam
1080 1534 1334 1606 affirmari
1368 1547 1569 1605 potest,
1601 1551 1775 1606 neque
1799 1536 1954 1606 plura

393 1604 495 1659 hac
524 1607 589 1659 de
614 1619 670 1660 re
703 1606 886 1662 dicere
917 1614 1002 1660 est
1023 1605 1183 1673 hujus
1212 1605 1339 1659 loci.

556 1719 938 1773 Adnotationes
972 1716 1069 1772 Fr.
1094 1716 1443 1771 Feuardentii
1469 1720 1522 1771 in
1547 1734 1662 1784 cap.
1696 1717 1785 1771 57.

460 1810 724 1881 Pag.l65.
743 1808 981 1863 Eversio.
1007 1809 1209 1876 (Prima
1233 1809 1536 1878 argumenti
1567 1808 1719 1881 vox.)
1746 1807 1961 1881 Expun—

306 1864 311 1869 ’
392 1864 604 1942 Χίηιυξ,
654 1898 673 1930 ‹
726 1864 1029 1935 Conversio
1071 1898 1089 1931 ι
1125 1891 1233 1935 vet.
1277 1864 1399 1934 cod.
1441 1864 1785 1932 auctoritate.
1829 1864 1960 1945 'Qua:

390 1965 524 2004 vero
577 1950 679 2004 hoc
745 1949 923 2017 capite
971 1948 1311 2011 refelluntur,
1374 1948 1709 2001 recitaverat
1766 1948 1861 2001 lib.
1918 1967 1959 2012 t,

391 2036 514 2088 cap.
544 2019 637 2083 24,
658 2019 728 2074 de
754 2020 1100 2088 Carpocratis
1126 2017 1774 2088 seetatoribusloquens:
1798 2018 1959 2072 simul

392 2086 599 2158 ct'cap.
631 2090 701 2143 '55
722 2089 786 2142 de
818 2087 1066 2156 Ophitis,
1106 2098 1160 2141 et
1187 2089 1439 2143 Cainzeis.
1474 2086 1726 2142 Ostendit
1754 2097 1958 2151 autem,

390 2157 604 2215 veteres
655 2160 944 2214 Gnosticos
984 2159 1305 2213 enixissime
1356 2157 1669 2217 laborasse,
1712 2167 1767 2209 ut
1812 2161 1959 2211 omni

393 2231 572 2295 specie
623 2230 865 2283 libidinis
893 2244 951 2281 se
995 2229 1482 2283 commacularent:
1518 2236 1576 2280 at
1629 2227 1784 2282 bonis
1830 2230 1962 2280 arti-

394 2301 515 2361 bus,
550 2313 642 2355 seu
668 2299 1005 2363 liberalibus,
1029 2312 1123 2353 seu
1160 2296 1517 2361 mechanicis,
1544 2303 1640 2350 aut
1663 2299 1827 2352 etiam
1852 2299 1962 2352 vir-

396 2371 602 2423 tutibus
627 2368 829 2422 nullam
864 2383 1084 2436 operam
1114 2368 1435 2423 collocasse.

411 2508 442 2561 l-
478 2436 698 2520 i’acant.
736 2438 1040 2492 Delcvimus
1081 2457 1099 2490 ι
1162 2449 1357 2493 vocant
1403 2457 1422 2490 ›
1471 2444 1665 2491 auctor
1710 2447 1817 2493 vet.
1870 2455 1960 2496 co-

433 2524 549 2561 tcts.

394 2524 549 2563 (IICIS.

469 2577 812 2653 NonJesum.
849 2575 1016 2653 Vetus
1038 2577 1205 2632 codex
1229 2588 1381 2653 caret
1414 2582 1720 2653 negatione,
1757 2581 1848 2635 sed
1875 2580 1957 2633 at"-

394 2648 668 2721 ﬁrmative
699 2650 829 2721 legit
870 2662 886 2701 :
933 2666 951 2697 ι
988 2646 1523 2721 Jesum‘magistrum
1560 2653 1896 2721 gloriantur;
1936 2669 1955 2702 ι

394 2720 542 2774 dolet
569 2720 712 2774 enim
742 2718 803 2773 Β.
833 2728 1063 2789 martyr,
1119 2718 1220 2773 sub
1254 2721 1470 2773 nomine
1493 2718 1649 2775 beato
1682 2733 1790 2776 tam
1824 2720 1960 2775 infe-

392 2789 513 2845 licia
543 2799 784 2844 monstra
820 2790 1009 2843 latere.

464 2859 706 2914 Dicentes
732 2868 1004 2929 autem_se.
1035 2858 1334 2915 Collatione
1357 2874 1578 2929 operum
1606 2861 1813 2915 iiiorum
1838 2876 1957 2915 cum

392 2931 656 2999 operibus
695 2930 758 2984 D.
792 2929 857 2982 N.
891 2927 1019 2984 Jesu
1090 2930 1292 2984 Christi
1359 2927 1602 2985 retundit
1652 2946 1957 2999 perversam

393 3016 581 3055 eorum
608 3000 953 3066 jactantiam,
1014 3000 1324 3067 evincitque
1370 3001 1490 3054 illos
1542 3002 1713 3068 magis
1754 3003 1960 3056 similes

396 3070 777 3146 esseSimoni
829 3068 1004 3138 Mago,
1054 3070 1331 3146 nebuloni
1356 3070 1746 3137 perditissimo,
1793 3088 1954 3140 quam
1985 3085 2030 3146 ο

394 3142 646 3201 Domino,
674 3140 761 3193 cui
788 3147 965 3193 tamen
991 3156 1049 3194 se
1084 3139 1466 3207 prteferebant.

465 3210 593 3277 Pag.
626 3209 743 3267 166.
782 3209 884 3263 Sed
910 3208 1117 3280 Simoni
1148 3208 1325 3280 Mago.
1353 3208 1520 3280 Hujus
1549 3210 1855 3280 prmstigias
1877 3220 1961 3264 at-

394 3282 520 3348 tigit
545 3281 640 3332 lib.
678 3296 716 3342 l,
743 3294 863 3349 cap.
901 3278 1005 3349 20_._
1026 3278 1120 3333 sed
1146 3295 1239 3333 cas
1267 3278 1443 3333 fusius
1468 3278 1623 3334 antea
1658 3278 1959 3349 descripse-

396 3346 523 3403 rti’nt
549 3350 752 3403 Abdias
779 3348 873 3400 lib.
904 3364 920 3400 ι
957 3346 1166 3400 Hister.
1205 3359 1399 3415 apost.,
1428 3358 1481 3403 et
1510 3349 1760 3405 Clemens
1796 3346 1955 3409 Rom.

396 3420 493 3474 lib.
535 3434 598 3472 ιιι
628 3417 843 3488 Recog.,
873 3427 933 3472 ut
976 3419 1167 3473 istlttec
1198 3432 1263 3471 ex
1310 3417 1418 3472 illis
1450 3419 1698 3473 videatur
1725 3419 1958 3476 lrenmus

394 3490 782 3556 desumpsisse.
1116 3530 1127 3557 χ

469 3559 528 3614 Si
558 3570 731 3611 autem
760 3571 807 3612 et
834 3559 1136 3615 Dominum.
1171 3557 1348 3611 Etiam
1396 3558 1570 3613 locum
1617 3558 1761 3615 hunc
1806 3569 1955 3613 tran-

393 3628 631 3701 scripsit_
661 3630 986 3701 Eusebius’,
1014 3644 1199 3701 usque
1230 3629 1295 3681 ad
1332 3628 1471 3701 illud
1516 3628 1651 3683 infra
1706 3649 1718 3682 :
1772 3649 1811 3701 «η
1850 3631 1957 3684 Nec

394 3697 834 3771 invecationibus
866 3697 1181 3771 angelicis,»
1203 3709 1310 3753 etc.
1331 3698 1501 3753 Porro
1524 3709 1756 3766 quatuor
1782 3700 1957 3769 Spiri-

398 3782 485 3823 tus
516 3770 690 3823 sancti
744 3770 1072 3824 charismata
1099 3780 1402 3828 enumerat,
1429 3771 1626 3835 quibus
1679 3781 1791 3823 tum
1822 3781 1957 3825 tem-

395 3842 545 3907 poris
564 3839 745 3893 lloruit
780 3840 1062 3905 Ecclesia;
1100 3843 1164 3893 de
1196 3840 1281 3893 his
1312 3854 1528 3907 quoque
1566 3840 1729 3893 multa
1759 3880 1773 3900 ,
1808 3852 1860 3894 et
1892 3856 1954 3895 ea

396 3910 659 3978 praeclara
690 3948 705 3972 ,
744 3910 1000 3979 leguntur
1036 3913 1088 3964 in
1147 3909 1292 3963 illius
1340 3910 1523 3962 saeculi
1577 3920 1629 3962 et
1677 3912 1958 3978 sequentis

397 3981 773 4048 scriptoribus,
807 3996 925 4048 qua:
951 3980 1138 4050 paucis
1162 3980 1534 4050 perstringere
1580 3994 1684 4033 non
1736 3982 1843 4033 erit
1868 3982 1951 4033 in-

395 4051 548 4103 utile.
586 4050 660 4103 De
716 4048 1312 4116 dzemoutimejectione
1361 4048 1607 4104 Justinus
1661 4051 1953 4104 scribit”:

402 4139 423 4170 ι
464 4120 581 4174 Vim
608 4119 810 4173 Christi
848 4121 1087 4174 nominis
1121 4120 1309 4173 timent
1343 4120 1605 4173 daemonia
1637 4122 1954 4185 trementia;

396 4199 452 4245 ut
473 4190 635 4244 hodie
661 4190 904 4256 adjurata
938 4206 1034 4259 per
1065 4203 1258 4243 nomen
1297 4189 1540 4242 crucifixi
1589 4188 1713 4243 .lcsu
1754 4190 1955 4247 Christi

393 4261 496 4314 sub
514 4259 703 4314 Pontio
721 4261 894 4314 Pilato
913 4261 1111 4315 .ludzeaz
1133 4259 1381 4324 praeside,
1406 4259 1666 4326 imperata
1692 4259 1916 4315 faciunt.
1933 4279 1950 4310 ι

395 4330 541 4385 idem
592 4344 780 4384 rursus
829 4331 1009 4399 priore
1042 4329 1265 4398 Apolog.
1297 4344 1313 4379 :
1350 4345 1368 4378 ι
1408 4328 1607 4381 Multos
1645 4331 1955 4397 arrcptitios

393 4415 506 4483 per_
535 4408 704 4480 totum
733 4401 1109 4483 orbetn‘,“et.in.
1129 4403 1231 4481 hac
1258 4399 1617 4483 ipsa_civitate
1641 4399 1954 4472 (Romana),
1988 4426 2030 4483 υ

396 4470 551 4523 multi
584 4484 652 4523 ex
686 4472 888 4524 nostris
908 4470 1266 4534 Christianis,
1300 4470 1576 4537 adjuratos
1627 4486 1722 4537 per
1759 4470 1952 4524 nomen

394 4539 522 4594 Jesu
550 4538 751 4594 Christi
778 4541 878 4594 sub
901 4539 1096 4594 Pontio
1125 4540 1296 4595 Pilato
1319 4540 1563 4593 crucifixi
1589 4578 1603 4602 ,
1648 4550 1910 4593 sanarnnt
1940 4555 1955 4594 :

394 4625 535 4678 quos
564 4624 664 4663 nec
685 4610 1027 4678 adjuratores
1051 4610 1166 4675 alii,
1199 4624 1300 4664 nec
1341 4611 1728 4676 incantatores,
1760 4610 1952 4677 expia-

396 4691 617 4734 toresve
655 4694 851 4735 sanare
893 4691 1200 4747 patuerant.
1246 4696 1268 4730 ›
1320 4678 1556 4733 Pulchra
1618 4680 1725 4733 hac
1771 4681 1837 4736 de
1898 4696 1959 4735 re

393 4750 562 4805 habet
611 4759 665 4804 et
710 4748 1078 4821 Tertullianus
1126 4766 1247 4821 cap.
1279 4748 1350 4803 25
1412 4748 1603 4819 Apot.,
1656 4765 1776 4819 quae
1826 4767 1957 4808 con-

395 4821 541 4877 sulto
566 4820 888 4876 omittimus.
1198 4820 1205 4821 “
1616 4833 1624 4839 ·

466 4893 677 4945 Donum
727 4902 907 4946 autem
959 4890 1258 4960 prophetiae
1289 4889 1584 4944 maximum
1628 4889 1779 4943 illum
1812 4891 1958 4957 Qua-

395 4964 614 5015 dratum
642 4961 841 5017 Alben.
872 4962 1149 5029 habuisse,
1178 4964 1333 5016 testis
1362 4970 1440 5015 est
1484 4961 1751 5016 Eusebius
1781 4962 1856 5015 lib
1902 4978 1956 5016 iv

398 5031 607 5085 Πέδιον.
649 5031 1026 5087 Revelationes
1058 5044 1113 5086 et
1164 5034 1397 5087 visiones
1437 5030 1502 5083 de
1550 5030 1748 5085 futuris
1794 5033 1957 5088 rebus

394 5102 717 5171 frequenter
760 5102 932 5158 factas
982 5102 1281 5173 Polycarpo
1330 5101 1757 5173 etiCypriauo“
1789 5142 1803 5166 ,
1857 5105 1956 5171 ipsi

394 5173 502 5227 sibi
548 5173 728 5227 idonei
782 5183 949 5229 testes
978 5172 1123 5228 sunt.
1172 5175 1277 5228 Sed
1304 5185 1357 5225 et
1396 5172 1455 5225 Β.
1486 5174 1659 5241 Carpo
1694 5173 1957 5228 visionem

393 5241 561 5312 plane
585 5244 885 5298 mirabilem
908 5246 1205 5313 contigisse
1230 5244 1420 5298 scribit
1449 5243 1736 5312 Dionysius
1757 5245 1954 5312 Areop.

394 5313 611 5380 epistol.
666 5313 719 5368 8.
764 5314 1031 5368 Mortuum
1062 5332 1127 5370 eo
1159 5314 1359 5371 szeculo
1400 5314 1712 5368 suscitatum
1767 5314 1955 5379 fuisse,

395 5382 903 5506 Papizgéestimonio
932 5384 1501 5441 conlirmatEusebius
1528 5384 1620 5437 lib.
1645 5399 1703 5436 ut
1723 5382 1957 5449 Πέδιον..

395 5469 512 5506 can.
544 5467 576 5505 ο
620 5496 632 5506 .

395 5469 512 5521 cap.
544 5467 632 5509 ou.

466 5522 781 5587 Per/icium.
844 5523 1090 5581 Virtutes
1146 5526 1396 5581 videlicet
1448 5524 1832 5591 curationum,
1891 5526 1957 5581 de

395 5594 590 5662 quibus
622 5595 814 5647 scribit
844 5596 1129 5663 Apostolus
1164 5598 1181 5651 l
1208 5599 1337 5654 Cor.
1363 5613 1463 5661 xit,
1498 5597 1584 5649 10.

464 5728 634 5804 πω).
668 5746 699 5783 v
727 5729 953 5798 llistor.,
980 5750 1097 5804 cap.
1135 5737 1184 5795 7.
1270 5737 1308 5765 “‘
1340 5735 1393 5790 lu
1431 5732 1630 5803 Dialog.

398 5800 441 5833 “
494 5802 690 5856 Contra
747 5809 937 5860 haeres.
996 5807 1042 5859 7.

1742 5737 1778 5769 ¹¹
1816 5737 1938 5793 Ser.
1998 5739 2061 5793 de
2116 5744 2275 5791 mort.

2056 488 2249 542 tiarum
2277 503 2531 541 numerus
2561 488 2680 541 iniri
2704 487 2939 555 nequit.»

2124 555 2233 609 Nec
2261 558 2672 611 inrorationibus
2697 551 2967 626 angelicis.
3000 552 3362 626 Malignorum
3408 551 3609 605 videli-

2053 636 2139 680 cet
2168 626 2476 694 spirituum,
2496 641 2633 695 quos
2660 622 2984 685 Simbniani,
3009 623 3271 695 Marcitze,
3302 622 3615 691 Carpocra-

2056 695 2185 749 tiani
2219 695 2419 764 aliique
2452 694 2679 750 malefici
2709 696 2773 749 ad
2798 711 2925 751 suas
2947 694 3246 763 praestigias
3270 696 3615 746 exercendas

2055 767 2107 819 in
2136 779 2289 833 opem
2318 765 2827 820 evocabant.Bouos
2855 780 3015 834 porro
3049 764 3291 834 angelos.
3336 770 3402 814 ut
3429 776 3616 815 coram

2058 832 2442 903 Dco’patronos
2464 876 2479 900 ,
2512 838 2597 903 pie
2630 832 2961 901 invocandos
2989 850 3109 888 esse
3141 832 3393 903 plurimis
3421 841 3617 903 osten-

2055 902 2253 974 dimus,
2290 902 2599 974 Appendice
2641 916 2830 959 contra
2861 905 3114 965 haereses,
3156 902 3311 963 titulo
3344 902 3620 968 Angelus;

2056 972 2309 1098 ethgm.
2339 972 2418 1029 'in
2471 975 2597 1030 libr.
2640 974 2868 1041 Esther,
2904 976 3134 1044 digress.
3184 974 3250 1028 de
3311 974 3621 1036 oratione,

2057 1060 2160 1098 ar.
2236 1081 2251 1097 .

2057 1055 2160 1099 art.
2198 1055 2251 1098 5.

2338 1112 2590 1181 Ejusdem
2618 1114 2980 1168 adnatationes
3010 1114 3063 1166 in
3089 1130 3204 1179 cap.
3232 1111 3325 1167 58.

2127 1182 2260 1253 Pag.
2301 1180 2424 1237 167.
2459 1183 2535 1237 De
2568 1200 2804 1252 corpore.
2829 1186 3002 1253 Caput
3029 1184 3097 1237 62
3131 1184 3311 1249 signat
3352 1180 3620 1234 vet.cod.

2057 1254 2510 1324 Cmterum,quatn
2531 1255 2617 1309 hic
2645 1255 2839 1308 refellit
2854 1253 3623 1324 metempsjchosinmsserue-

2059 1334 2187 1377 runt
2207 1324 2393 1378 Simon
2423 1323 2629 1394 Magos,
2652 1324 3025 1392 Carpocrates,
3054 1323 3353 1390 horumque
3378 1330 3623 1394 sectato-

2059 1409 2170 1457 res,
2214 1404 2273 1447 ttt
2323 1391 2541 1462 scripsit
2584 1394 2721 1449 libro
2759 1391 2989 1464 primo,
3031 1394 3212 1463 capite
3260 1391 3532 1461 vigesimo
3567 1397 3623 1442 et

2059 1464 2314 1533 vigesimo
2341 1475 2553 1531 quarto.

2134 1534 2281 1587 llanc
2303 1530 2463 1603 porro
2486 1534 2788 1588 animarum
2823 1532 3363 1603 transmigrationemi
3379 1530 3624 1603 Lactant

2061 1599 2558 1686 tius’f.a'cceptam
2600 1603 2705 1658 fert
2736 1599 3111 1686 Pythagoricis
3153 1611 3209 1683 et
3254 1601 3479 1655 Stoicis.
3515 1599 3623 1665 Qui

2063 1689 2186 1727 cum
2206 1672 2477 1743 timerent
2509 1672 2881 1743 argumentum
2914 1672 3045 1728 illud
3071 1673 3626 1743 Epicureorum,_quo

1990 1756 2033 1811 Β
2064 1742 2459 1797 concludebant
2484 1783 2499 1807 ,
2554 1740 2775 1798 necesse
2799 1758 2922 1798 esse
2956 1752 3012 1797 ut
3056 1740 3370 1797 occiderent
3422 1740 3625 1793 animae

2063 1828 2184 1867 cum
2211 1814 2547 1882 corporibus,
2580 1814 2705 1882 quia
2728 1828 2849 1867 cum
2885 1813 3210 1882 corporibus
3250 1819 3565 1882 nascuntur
3606 1825 3625 1860 :

2062 1880 2336 1946 dixerunt,
2371 1898 2475 1937 non
2510 1880 2659 1938 nasci
2697 1884 2904 1936 animas
2928 1921 2943 1945 ,
2975 1880 3070 1938 sed
3114 1881 3380 1936 insinuari
3429 1880 3623 1946 potius

2063 1956 2116 2007 in
2145 1967 2394 2019 corpora,
2421 1961 2473 2007 et
2506 1955 2572 2008 de
2594 1954 2680 2006 bis
2722 1954 2773 2007 in
2807 1954 2911 2005 alia
2961 1962 3014 2008 et
3053 1952 3159 2006 alia
3207 1953 3473 2016 migrare.
3516 1947 3624 2000 La-

2068 2022 2276 2077 ctantio
2305 2023 2600 2077 subscribit
2629 2022 2845 2077 Nicetas
2878 2022 3023 2076 libro
3039 2022 3216 2091 primo
3238 2019 3620 2091 Προτιάον-

2063 2093 2361 2162 tltodoxiw,
2393 2092 2569 2160 capite
2603 2102 2817 2162 quarto.
2847 2092 2941 2146 Est
2984 2089 3197 2162 quoque
3248 2090 3303 2162 in
3348 2089 3625 2142 I’hredane

2060 2160 2303 2216 Platonis
2332 2159 2634 2218 manifesta
2657 2163 2811 2229 hujus
2843 2159 3091 2216 assertio.
3113 2159 3122 2160 ί
3142 2159 3383 2216 lustinus
3409 2169 3625 2226 martyr

2064 2235 2116 2286 in
2148 2231 2393 2301 Dialogo,
2431 2233 2595 2285 tradit
2628 2232 2843 2287 Iudaeos
2865 2233 2918 2286 in
2955 2233 3096 2285 hunc
3120 2230 3336 2301 tandem
3369 2242 3620 2301 errorem

2062 2298 2342 2356 incidisse.
2372 2302 2479 2357 Nec
2506 2303 2699 2371 injuria
2729 2318 2892 2363 sane;
2920 2317 3041 2371 nam
3074 2301 3124 2355 in
3147 2298 3400 2371 Taltnud,
3427 2298 3626 2371 ordine

2063 2382 2281 2442 quarto,
2314 2382 2541 2442 tractatu
2560 2368 2833 2432 secundo,
2869 2370 3138 2425 alﬁrmant
3164 2369 3405 2442 animam
3430 2368 3625 2442 Abelis

2062 2438 2325 2507 migrasse
2346 2442 2397 2495 in
2427 2440 2582 2505 Seth,
2610 2452 2665 2497 et
2704 2442 2842 2495 hanc
2872 2451 3058 2511 postea
3094 2442 3147 2495 in
3178 2439 3441 2511 Moysem.
3498 2438 3628 2511 ilic-

2064 2525 2323 2580 ronymus
2360 2526 2572 2580 quoque
2599 2512 2848 2577 sentit“,
2874 2508 3103 2565 ’ludmos
3136 2510 3258 2580 illos
3294 2509 3387 2575 qui
3423 2508 3627 2575 opina-

2061 2578 2259 2651 bantur
2311 2578 2796 2651 108‘Christnm
2853 2596 2972 2636 esse
3024 2590 3118 2634 aut
3141 2578 3480 2651 AJeremiam,
3512 2584 3629 2651 ant

2062 2650 2234 2704 Eliam
2263 2691 2277 2714 ,
2310 2648 2455 2711 €th
2478 2653 2665 2705 eodem
2700 2652 2865 2705 fuisse
2906 2666 3094 2705 errore
3124 2648 3377 2703 detentus
3404 2663 3417 2697 :
3455 2648 3623 2699 adeo-

2062 2736 2166 2788 que
2199 2722 2369 2788 ipsum
2396 2719 2658 2774 Herodem
2682 2722 3106 2784 existimantem,
3133 2719 3281 2771 illum
3307 2731 3430 2788 esse
3448 2716 3592 2769 Joan
3612 2742 3628 2755 -

2064 2787 2401 2859 nem,quem
2427 2791 2825 2855 tlceollaverat,
2859 2802 2966 2845 etc.
3002 2790 3094 2843 llla
3125 2801 3253 2859 vero
3292 2787 3479 2840 multis
3526 2802 3625 2839 ex-

2059 2858 2303 2928 ploditur
2328 2860 2491 2913 etiam
2518 2878 2545 2915 a
2573 2861 2839 2925 Luciano,
2870 2861 3074 2928 aliquot
3097 2862 3147 2913 in
3184 2858 3342 2919 locis,
3376 2871 3614 2925 prreser-

2064 2931 2158 2983 tim
2204 2933 2255 2984 in
2302 2929 2483 2985 Gallo.
2532 2932 2617 2985 Ab
2660 2931 3047 2986 ecclesiasticis
3085 2944 3213 2982 vero
3260 2928 3626 2993 scriptoribus

2064 3011 2187 3068 post
2214 3003 2496 3065 Irenaeum,
2535 3005 2848 3069 coarguitur
2873 3017 2902 3055 a
2931 2999 3270 3053 Tertulliano
3315 2997 3368 3049 in
3396 2998 3623 3063 Apotog.

2061 3080 2117 3123 ct
2160 3072 2298 3126 libro
2350 3070 2425 3123 De
2469 3072 2678 3135 anima;
2715 3070 2945 3125 Tatiauo
2976 3070 3359 3124 0rat.advers.
3404 3076 3621 3132 gentes;

2060 3140 2340 3195 Clemente
2367 3134 2733 3195 Alexandrino
2760 3142 2896 3195 libro
2919 3150 3113 3208 quarto
3138 3140 3317 3193 Strom
3346 3134 3626 3202 ;Origcue

2061 3211 2200 3265 libro
2229 3212 2403 3279 primo
2435 3211 2632 3265 Contra
2667 3212 2899 3276 Celsum;
2924 3210 3209 3263 Lactantio
3241 3209 3385 3261 libro
3410 3222 3495 3266 ttt,
3530 3222 3624 3257 ca-

2060 3282 2171 3348 pite
2204 3278 2291 3343 l8,
2326 3291 2378 3335 et
2404 3281 2542 3334 libro
2573 3296 2667 3347 vu,
2691 3285 2865 3351 capite
2897 3282 3005 3345 23;
3039 3280 3372 3351 Hieronymo
3414 3278 3624 3328 Adver-

2059 3366 2147 3403 sus
2198 3351 2493 3421 Ruﬂinum;
2523 3348 2825 3421 Augustino
2865 3352 3002 3405 libro
3046 3365 3080 3402 Χ
3121 3350 3195 3402 De
3224 3348 3476 3421 ciuitate2
3530 3361 3627 3421 ca-

2061 3423 2170 3489 pite
2202 3414 2305 3485 30';
2332 3414 2531 3492 Cyrillo
2558 3414 2925 3476 Alexandrino
2945 3422 3087 3475 libro
3113 3434 3185 3473 vn
3210 3418 3411 3472 Contra
3440 3414 3625 3467 Julia-

2060 3508 2204 3555 uum,
2236 3501 2340 3545 etc.
3010 3532 3011 3535 η

2130 3561 2362 3615 [τ’ἰενεητ.
2396 3561 2768 3628 Expunximus
2806 3579 2825 3612 ι
2854 3569 3049 3625 erunt;
3085 3578 3103 3611 ι
3132 3567 3185 3611 et
3211 3558 3395 3613 statim
3431 3577 3453 3609 ι
3485 3559 3623 3623 uti,»

2058 3645 2158 3700 pro
2190 3651 2208 3683 ι
2248 3644 2303 3685 ut
2337 3632 2406 3700 in;
2427 3650 2445 3682 ι
2486 3633 2824 3698 reposuimus
2857 3642 2999 3685 auct.
3032 3638 3137 3684 vet.
3169 3634 3290 3683 cod.

2121 3704 2208 3755 Ea:
2245 3702 2333 3756 J0.
2379 3698 2509 3754 Ern.
2548 3697 2736 3755 Crabii
2763 3702 3191 3754 adnotationibus
3219 3700 3273 3751 in
3310 3716 3426 3767 cap.
3457 3697 3550 3752 58.

2129 3771 2257 3841 Pag.
2293 3772 2415 3827 167.
2450 3770 2829 3826 Subvertantus
2858 3788 2921 3824 ex
2943 3788 3001 3825 eo
3025 3810 3041 3833 ,
3084 3780 3189 3825 etc.
3224 3771 3433 3841 Eodem
3456 3784 3627 3833 argu-

2057 3839 2246 3896 mento
2272 3843 2757 3911 metempsycltosin
2785 3842 3052 3895 subvertit
3093 3840 3344 3911 Clemens
3373 3839 3526 3891 Alex.
3565 3842 3623 3911 in

2058 3912 2269 3981 Eclogis
2292 3909 2682 3981 propheticis._§
2713 3912 2794 3974 l7,
2831 3914 3074 3965 scribens
3114 3928 3128 3963 :
3169 3910 3365 3981 Ἐχρῆν
3389 3911 3498 3978 γὰρ
3523 3909 3625 3959 καὶ

2057 3979 2253 4035 εἰδένὰι
2287 3984 2433 4052 ἡμᾶς
2466 3983 2596 4033 ὅπου
2627 3979 2789 4053 ἦμεν,
2819 3984 2866 4034 εἰ
2913 3983 3177 4052 προῆμεν.
3218 4002 3265 4053 ιΔ
3288 3980 3422 4031 Nam
3477 3981 3628 4032 scire

2058 4067 2272 4122 quoque
2305 4049 2591 4120 oportebat
2626 4049 2714 4108 ubi
2749 4049 2984 4110 eramus,
3014 4049 3211 4122 siaute
3241 4049 3561 4122 fuissemus.
3600 4068 3621 4100 1

2128 4119 2200 4175 Et
2222 4119 2447 4175 maxime
2472 4123 2539 4174 ad
2567 4122 2663 4174 hoc
2693 4127 2966 4176 venientes.
3010 4121 3122 4175 lloc
3152 4134 3366 4173 comma
3397 4119 3465 4171 atl
3496 4135 3630 4187 pro-

2058 4192 2200 4246 xime
2224 4193 2585 4259 prtecedentia
2604 4208 2709 4246 non
2738 4196 2990 4261 quadrat,
3019 4192 3246 4260 ideoque
3274 4190 3626 4261 referendum

2057 4264 2274 4317 videtur
2314 4263 2378 4313 ad
2413 4262 2500 4315 illa
2531 4278 2543 4313 :
2578 4280 2594 4313 ι
2630 4263 2704 4316 uti
2730 4260 2795 4317 ea
2821 4302 2835 4325 ,
2868 4277 2988 4331 qua:
3021 4264 3263 4319 deerant,
3299 4260 3622 4331 implerent,

2058 4340 2111 4387 et
2150 4349 2253 4386 non
2285 4336 2432 4385 circa
2457 4332 2647 4386 eadem
2672 4347 2888 4403 semper
2908 4332 3214 4384 volutantes
3235 4330 3624 4403 conttnuatim,

2063 4402 2447 4457 miserabiliter
2476 4400 2821 4467 laborarent;
2854 4422 2873 4454 ι
2912 4402 2983 4454 ita
3010 4411 3065 4454 ut
3092 4401 3440 4460 iutermedia,
3460 4400 3626 4467 quasi

2061 4475 2115 4527 in
2143 4472 2450 4541 parenthesi
2478 4474 2653 4539 posita
2675 4512 2690 4537 ,
2721 4474 2830 4528 sint
2854 4473 3190 4539 accipienda.
3220 4470 3294 4523 Eo
3320 4470 3467 4541 enim
3506 4471 3620 4522 line

2056 4540 2265 4597 animas
2296 4543 2363 4598 ad
2396 4541 2500 4593 alia
2532 4557 2761 4611 corpora
2796 4542 2982 4596 venire
3013 4542 3283 4595 docebant
3310 4540 3628 4605 Carpam-

2057 4614 2214 4677 tiani,
2256 4621 2315 4667 ut
2345 4613 2492 4684 quod
2518 4613 2677 4667 deest
2710 4614 2918 4684 ﬂagitii,
2950 4612 3174 4684 abipsis
3203 4620 3328 4665 ante
3364 4624 3469 4662 non
3498 4624 3629 4675 per-

2054 4692 2346 4751 petratum,
2372 4682 2567 4753 dehinc
2590 4682 2967 4753 operarentur,
2994 4683 3178 4751 sicque
3201 4694 3433 4750 pensum
3461 4694 3626 4733 suum

2054 4755 2211 4825 plene
2241 4751 2603 4825 absolverent.

2220 4823 2599 4877 Adnotationes
2633 4820 2732 4878 Fr.
2767 4820 3109 4878 Feuardentii
3137 4823 3193 4877 in
3227 4836 3344 4890 cap.
3376 4818 3467 4874 59.

2133 4891 2264 4961 Pag.
2300 4890 2418 4945 l67.
2453 4895 2533 4944 Ad
2558 4896 2689 4947 ham.
2718 4894 2887 4962 Caput
2909 4894 2977 4947 65
3000 4903 3149 4947 notat
3178 4889 3298 4946 vet.
3317 4892 3441 4943 cod.
3463 4889 3628 4962 Quod

2064 4982 2197 5019 vero
2225 4964 2439 5028 asserit,
2471 4964 2748 5019 Platonem
2779 4961 3010 5032 primum
3042 4965 3317 5017 induxisse
3338 4961 3623 5031 μετεμψύη

2061 5052 2228 5107 χωσιν
2253 5075 2268 5099 ,
2331 5049 2517 5107 parum
2545 5036 2798 5107 convenit
2836 5051 2959 5088 cum
3004 5035 3303 5107 Epiphanio
3324 5032 3368 5063 ιδ
3397 5043 3452 5085 et
3517 5032 3626 5107 isa-

2064 5103 2299 5167 ctantio,
2328 5106 2417 5172 qui
2442 5104 2829 5176 Pythagoram,
2869 5116 2997 5158 ante
3025 5104 3330 5167 Platonem,
3368 5103 3624 5176 eaindent

2062 5178 2365 5231 asseruisse
2400 5172 2666 5229 scribunt.
2700 5176 3024 5230 Plutarchus
3055 5176 3193 5229 hanc
3221 5176 3389 5226 etiam
3429 5172 3628 5239 Empe-

2061 5248 2196 5301 docli
2227 5248 2434 5307 tribuit,
2461 5256 2675 5300 tractat.
2708 5249 2948 5301 secundo
2978 5246 3052 5299 De
3076 5262 3164 5298 esu
3188 5246 3454 5296 carnium.
3483 5241 3628 5301 Men-

2062 5318 2272 5370 curiunt
2352 5317 2760 5386 'l‘risntegistum
2838 5318 3225 5387 etnigratioucs
3312 5313 3625 5378 bujusntodi

2065 5389 2281 5460 poetico
2329 5388 2433 5439 ritu
2468 5385 2853 5460 descripsisse;
2875 5385 3015 5460 quin
3046 5385 3479 5460 etZoroastrum
3502 5397 3629 5460 orn-

2067 5456 2225 5510 nibus
2258 5460 2339 5510 bis
2370 5456 2751 5525 antiquiorem,
2785 5462 2833 5509 in
2870 5459 3009 5510 libro
3038 5459 3123 5511 cui
3151 5456 3336 5525 titulus
3359 5464 3463 5519 est,
3494 5456 3626 5505 Ma~

2063 5527 2197 5595 γικὰ
2250 5529 2423 5595 λόγια
2448 5524 2564 5579 τῶν
2594 5527 2710 5580 ἀπὸ
2767 5527 3146 5595 Ζωροάστρου
3196 5524 3423 5593 μάγων,
3476 5525 3627 5576 illam

2064 5614 2234 5666 ipsum
2292 5600 2562 5663 docuisse,
2624 5600 2778 5652 testis
2829 5612 2913 5653 cst
2965 5597 3303 5663 libodtginus
3360 5596 3501 5647 libro
3543 5609 3625 5657 is,

2394 5737 2433 5767 ¹²
2486 5734 2600 5793 Lib.
2636 5750 2713 5800 ιη,
2741 5750 2859 5805 cap.
2902 5734 2987 5788 l8.
3070 5736 3109 5766 ³³
3142 5733 3291 5789 Com.
3342 5731 3394 5784 in
3429 5728 3619 5784 Matth.
