  <div class='ocr_page' id='page_1' title='image "/cluster/home/n/w/nwhite01/storage/ocr_20150623/7/hvd.32044019206614/809.png"; bbox 0 0 3906 6366; ppageno 0'>
   <div class='ocr_carea' id='block_1_1' title="bbox 481 454 617 516">
    <p class='ocr_par' dir='ltr' id='par_1_1' title="bbox 481 454 617 516">
     <span class='ocr_line' id='line_1_1' title="bbox 481 454 617 516; baseline 0.022 -3"><span class='ocrx_word' id='word_1_1' title='bbox 481 454 507 513; x_wconf 70' lang='lat' dir='ltr'><strong>i</strong></span> <span class='ocrx_word' id='word_1_2' title='bbox 515 460 617 516; x_wconf 83' lang='lat'><strong>599</strong></span> 
     </span>
    </p>
   </div>
   <div class='ocr_carea' id='block_1_2' title="bbox 1779 453 2389 513">
    <p class='ocr_par' dir='ltr' id='par_1_2' title="bbox 1779 453 2389 513">
     <span class='ocr_line' id='line_1_2' title="bbox 1779 453 2389 513; baseline -0.005 0"><span class='ocrx_word' id='word_1_3' title='bbox 1779 454 2142 513; x_wconf 74' lang='lat' dir='ltr'><strong>VARIORUM</strong></span> <span class='ocrx_word' id='word_1_4' title='bbox 2180 453 2389 512; x_wconf 62' lang='lat' dir='ltr'><strong>NOTAE</strong></span> 
     </span>
    </p>
   </div>
   <div class='ocr_carea' id='block_1_3' title="bbox 3576 454 3707 512">
    <p class='ocr_par' dir='ltr' id='par_1_3' title="bbox 3576 454 3707 512">
     <span class='ocr_line' id='line_1_3' title="bbox 3576 454 3707 512; baseline 0.023 -3"><span class='ocrx_word' id='word_1_5' title='bbox 3576 454 3707 512; x_wconf 69' lang='lat' dir='ltr'><strong>i600</strong></span> 
     </span>
    </p>
   </div>
   <div class='ocr_carea' id='block_1_4' title="bbox 477 566 3706 641">
    <p class='ocr_par' dir='ltr' id='par_1_4' title="bbox 477 566 3706 641">
     <span class='ocr_line' id='line_1_4' title="bbox 477 566 3706 641; baseline 0 -15"><span class='ocrx_word' id='word_1_6' title='bbox 477 589 611 626; x_wconf 77' lang='lat' dir='ltr'><strong>cem.</strong></span> <span class='ocrx_word' id='word_1_7' title='bbox 663 569 947 626; x_wconf 81' lang='lat' dir='ltr'><strong>Judaicam</strong></span> <span class='ocrx_word' id='word_1_8' title='bbox 986 587 1171 629; x_wconf 73' lang='lat' dir='ltr'><strong>vocem</strong></span> <span class='ocrx_word' id='word_1_9' title='bbox 1211 572 1297 627; x_wconf 93' lang='lat' dir='ltr'><strong>hic</strong></span> <span class='ocrx_word' id='word_1_10' title='bbox 1351 571 1485 627; x_wconf 92' lang='lat' dir='ltr'><strong>mihi</strong></span> <span class='ocrx_word' id='word_1_11' title='bbox 1532 570 1778 640; x_wconf 90' lang='lat' dir='ltr'><strong>accipere</strong></span> <span class='ocrx_word' id='word_1_12' title='bbox 1824 570 2039 626; x_wconf 88' lang='lat' dir='ltr'><strong>videtur</strong></span> <span class='ocrx_word' id='word_1_13' title='bbox 2063 574 2113 633; x_wconf 79' lang='grc' dir='ltr'><strong>Α</strong></span> <span class='ocrx_word' id='word_1_14' title='bbox 2141 570 2350 641; x_wconf 79' lang='lat' dir='ltr'><strong>plurale</strong></span> <span class='ocrx_word' id='word_1_15' title='bbox 2398 583 2519 624; x_wconf 88' lang='lat' dir='ltr'><strong>esse</strong></span> <span class='ocrx_word' id='word_1_16' title='bbox 2544 566 2913 641; x_wconf 22' lang='lat' dir='ltr'><strong>,‘asingulari</strong></span> <span class='ocrx_word' id='word_1_17' title='bbox 2948 568 3084 631; x_wconf 57' lang='lat' dir='ltr'><strong>ita!</strong></span> <span class='ocrx_word' id='word_1_18' title='bbox 3110 566 3254 641; x_wconf 80' lang='lat' dir='ltr'><strong>quod</strong></span> <span class='ocrx_word' id='word_1_19' title='bbox 3313 585 3335 620; x_wconf 71' lang='grc' dir='ltr'><strong>ι</strong></span> <span class='ocrx_word' id='word_1_20' title='bbox 3369 570 3706 635; x_wconf 67' lang='lat' dir='ltr'><strong>exercitum,</strong></span> 
     </span>
    </p>
   </div>
   <div class='ocr_carea' id='block_1_5' title="bbox 482 642 2034 712">
    <p class='ocr_par' dir='ltr' id='par_1_5' title="bbox 482 642 2034 712">
     <span class='ocr_line' id='line_1_5' title="bbox 482 642 2034 712; baseline 0.001 -18"><span class='ocrx_word' id='word_1_21' title='bbox 482 642 723 712; x_wconf 57' lang='lat' dir='ltr'><strong>triticeos</strong></span> <span class='ocrx_word' id='word_1_22' title='bbox 745 658 845 711; x_wconf 93' lang='lat' dir='ltr'><strong>pro</strong></span> <span class='ocrx_word' id='word_1_23' title='bbox 879 658 1133 712; x_wconf 89' lang='lat' dir='ltr'><strong>germana</strong></span> <span class='ocrx_word' id='word_1_24' title='bbox 1162 644 1250 697; x_wconf 88' lang='lat' dir='ltr'><strong>illa</strong></span> <span class='ocrx_word' id='word_1_25' title='bbox 1274 651 1324 697; x_wconf 89' lang='lat' dir='ltr'><strong>et</strong></span> <span class='ocrx_word' id='word_1_26' title='bbox 1354 642 1668 712; x_wconf 89' lang='lat' dir='ltr'><strong>incorrupta</strong></span> <span class='ocrx_word' id='word_1_27' title='bbox 1696 643 1896 711; x_wconf 84' lang='lat' dir='ltr'><strong>lingua,</strong></span> <span class='ocrx_word' id='word_1_28' title='bbox 1929 657 2034 708; x_wconf 88' lang='lat' dir='ltr'><strong>qua</strong></span> 
     </span>
    </p>
   </div>
   <div class='ocr_carea' id='block_1_6' title="bbox 474 710 2033 781">
    <p class='ocr_par' dir='ltr' id='par_1_6' title="bbox 474 710 2033 781">
     <span class='ocr_line' id='line_1_6' title="bbox 474 710 2033 781; baseline 0.001 -19"><span class='ocrx_word' id='word_1_29' title='bbox 474 710 643 765; x_wconf 81' lang='lat' dir='ltr'><strong>Vetus</strong></span> <span class='ocrx_word' id='word_1_30' title='bbox 683 710 1086 781; x_wconf 78' lang='lat' dir='ltr'><strong>Testamentum</strong></span> <span class='ocrx_word' id='word_1_31' title='bbox 1118 715 1379 780; x_wconf 88' lang='lat' dir='ltr'><strong>scriptum</strong></span> <span class='ocrx_word' id='word_1_32' title='bbox 1429 711 1529 765; x_wconf 88' lang='lat' dir='ltr'><strong>fuit</strong></span> <span class='ocrx_word' id='word_1_33' title='bbox 1556 710 2033 781; x_wconf 53' lang='lat' dir='ltr'><strong>{quandoquidem</strong></span> 
     </span>
    </p>
   </div>
   <div class='ocr_carea' id='block_1_7' title="bbox 474 780 2037 852">
    <p class='ocr_par' dir='ltr' id='par_1_7' title="bbox 474 780 2037 852">
     <span class='ocr_line' id='line_1_7' title="bbox 474 780 2037 852; baseline 0.001 -18"><span class='ocrx_word' id='word_1_34' title='bbox 474 780 549 834; x_wconf 84' lang='lat' dir='ltr'><strong>ita</strong></span> <span class='ocrx_word' id='word_1_35' title='bbox 582 790 809 852; x_wconf 80' lang='lat' dir='ltr'><strong>vocatur</strong></span> <span class='ocrx_word' id='word_1_36' title='bbox 839 780 987 836; x_wconf 70' lang='lat' dir='ltr'><strong>Isaiae</strong></span> <span class='ocrx_word' id='word_1_37' title='bbox 1020 781 1291 849; x_wconf 78' lang='lat' dir='ltr'><strong>xxxvi,lV</strong></span> <span class='ocrx_word' id='word_1_38' title='bbox 1337 780 1650 852; x_wconf 78' lang='lat' dir='ltr'><strong>Beg.xvitt,</strong></span> <span class='ocrx_word' id='word_1_39' title='bbox 1684 780 2037 852; x_wconf 78' lang='lat' dir='ltr'><strong>e_t_Neliemi:e</strong></span> 
     </span>
    </p>
   </div>
   <div class='ocr_carea' id='block_1_8' title="bbox 514 850 2034 918">
    <p class='ocr_par' dir='ltr' id='par_1_8' title="bbox 514 850 2034 918">
     <span class='ocr_line' id='line_1_8' title="bbox 514 850 2034 918; baseline 0.002 -17"><span class='ocrx_word' id='word_1_40' title='bbox 514 850 636 902; x_wconf 88' lang='lat' dir='ltr'><strong>aulo</strong></span> <span class='ocrx_word' id='word_1_41' title='bbox 668 864 855 916; x_wconf 80' lang='lat' dir='ltr'><strong>supra,</strong></span> <span class='ocrx_word' id='word_1_42' title='bbox 890 860 943 904; x_wconf 87' lang='lat' dir='ltr'><strong>et</strong></span> <span class='ocrx_word' id='word_1_43' title='bbox 984 868 1090 905; x_wconf 92' lang='lat' dir='ltr'><strong>non</strong></span> <span class='ocrx_word' id='word_1_44' title='bbox 1120 854 1194 906; x_wconf 91' lang='lat' dir='ltr'><strong>ita</strong></span> <span class='ocrx_word' id='word_1_45' title='bbox 1239 850 1463 906; x_wconf 87' lang='lat' dir='ltr'><strong>multum</strong></span> <span class='ocrx_word' id='word_1_46' title='bbox 1512 864 1666 918; x_wconf 89' lang='lat' dir='ltr'><strong>post,</strong></span> <span class='ocrx_word' id='word_1_47' title='bbox 1713 850 2034 905; x_wconf 89' lang='lat' dir='ltr'><strong>llebraicam</strong></span> 
     </span>
    </p>
   </div>
   <div class='ocr_carea' id='block_1_9' title="bbox 495 920 2032 990">
    <p class='ocr_par' dir='ltr' id='par_1_9' title="bbox 495 920 2032 990">
     <span class='ocr_line' id='line_1_9' title="bbox 495 920 2032 990; baseline 0.002 -19"><span class='ocrx_word' id='word_1_48' title='bbox 495 923 709 989; x_wconf 87' lang='lat' dir='ltr'><strong>ingnam</strong></span> <span class='ocrx_word' id='word_1_49' title='bbox 761 921 1033 990; x_wconf 76' lang='lat' dir='ltr'><strong>npminat,</strong></span> <span class='ocrx_word' id='word_1_50' title='bbox 1085 923 1300 990; x_wconf 80' lang='lat' dir='ltr'><strong>quando</strong></span> <span class='ocrx_word' id='word_1_51' title='bbox 1344 923 1409 976; x_wconf 89' lang='lat' dir='ltr'><strong>de</strong></span> <span class='ocrx_word' id='word_1_52' title='bbox 1459 940 1477 973; x_wconf 77' lang='grc' dir='ltr'><strong>ι</strong></span> <span class='ocrx_word' id='word_1_53' title='bbox 1531 921 1732 990; x_wconf 53' lang='grc' dir='ltr'><strong>ΕΙοωμ</strong></span> <span class='ocrx_word' id='word_1_54' title='bbox 1774 920 2032 989; x_wconf 92' lang='lat' dir='ltr'><strong>loquitur.</strong></span> 
     </span>
    </p>
   </div>
   <div class='ocr_carea' id='block_1_10' title="bbox 470 973 2029 1053">
    <p class='ocr_par' dir='ltr' id='par_1_10' title="bbox 470 973 2029 1053">
     <span class='ocr_line' id='line_1_10' title="bbox 470 973 2029 1053; baseline 0.001 -10"><span class='ocrx_word' id='word_1_55' title='bbox 470 973 737 1043; x_wconf 46' lang='lat' dir='ltr'><strong>Caiierttm</strong></span> <span class='ocrx_word' id='word_1_56' title='bbox 754 975 864 1049; x_wconf 72' lang='lat' dir='ltr'><strong>rth</strong></span> <span class='ocrx_word' id='word_1_57' title='bbox 885 1009 902 1040; x_wconf 76' lang='grc' dir='ltr'><strong>ι</strong></span> <span class='ocrx_word' id='word_1_58' title='bbox 929 973 1289 1053; x_wconf 55' lang='grc' dir='ltr'><strong>ΕΙὸέῐιξῖεἱνέ</strong></span> <span class='ocrx_word' id='word_1_59' title='bbox 1301 973 1589 1046; x_wconf 62' lang='grc' dir='ltr'><strong>(Ξὶιξιιάδὶἷε</strong></span> <span class='ocrx_word' id='word_1_60' title='bbox 1769 1009 1787 1040; x_wconf 75' lang='grc' dir='ltr'><strong>ι</strong></span> <span class='ocrx_word' id='word_1_61' title='bbox 1808 973 1994 1053; x_wconf 60' lang='lat' dir='ltr'><strong>Elaha,</strong></span> <span class='ocrx_word' id='word_1_62' title='bbox 2010 1008 2029 1041; x_wconf 68' lang='grc' dir='ltr'><strong>ι</strong></span> 
     </span>
    </p>
   </div>
   <div class='ocr_carea' id='block_1_11' title="bbox 471 1060 2035 1127">
    <p class='ocr_par' dir='ltr' id='par_1_11' title="bbox 471 1060 2035 1127">
     <span class='ocr_line' id='line_1_11' title="bbox 471 1060 2035 1127; baseline 0.003 -18"><span class='ocrx_word' id='word_1_63' title='bbox 471 1060 617 1127; x_wconf 80' lang='lat' dir='ltr'><strong>inter</strong></span> <span class='ocrx_word' id='word_1_64' title='bbox 643 1061 828 1114; x_wconf 88' lang='lat' dir='ltr'><strong>decem</strong></span> <span class='ocrx_word' id='word_1_65' title='bbox 864 1060 955 1115; x_wconf 89' lang='lat' dir='ltr'><strong>Dei</strong></span> <span class='ocrx_word' id='word_1_66' title='bbox 993 1063 1209 1115; x_wconf 92' lang='lat' dir='ltr'><strong>nomina</strong></span> <span class='ocrx_word' id='word_1_67' title='bbox 1237 1102 1252 1127; x_wconf 93' lang='lat'><strong>,</strong></span> <span class='ocrx_word' id='word_1_68' title='bbox 1289 1063 1510 1115; x_wconf 91' lang='lat' dir='ltr'><strong>tertium</strong></span> <span class='ocrx_word' id='word_1_69' title='bbox 1563 1060 1755 1115; x_wconf 82' lang='lat' dir='ltr'><strong>ordine</strong></span> <span class='ocrx_word' id='word_1_70' title='bbox 1805 1060 2035 1114; x_wconf 89' lang='lat' dir='ltr'><strong>collocat</strong></span> 
     </span>
    </p>
   </div>
   <div class='ocr_carea' id='block_1_12' title="bbox 470 1126 2036 1200">
    <p class='ocr_par' dir='ltr' id='par_1_12' title="bbox 470 1126 2036 1200">
     <span class='ocr_line' id='line_1_12' title="bbox 470 1126 2036 1200; baseline -0.001 -19"><span class='ocrx_word' id='word_1_71' title='bbox 470 1126 958 1200; x_wconf 18' lang='lat' dir='ltr'><strong>D.»Hieronymus,</strong></span> <span class='ocrx_word' id='word_1_72' title='bbox 1018 1130 1297 1200; x_wconf 88' lang='lat' dir='ltr'><strong>Deumque</strong></span> <span class='ocrx_word' id='word_1_73' title='bbox 1344 1130 1638 1199; x_wconf 90' lang='lat' dir='ltr'><strong>signiﬁcat,</strong></span> <span class='ocrx_word' id='word_1_74' title='bbox 1685 1138 1740 1186; x_wconf 87' lang='lat' dir='ltr'><strong>et</strong></span> <span class='ocrx_word' id='word_1_75' title='bbox 1792 1145 1891 1198; x_wconf 88' lang='lat' dir='ltr'><strong>per</strong></span> <span class='ocrx_word' id='word_1_76' title='bbox 1915 1144 2036 1200; x_wconf 73' lang='grc' dir='ltr'><strong>⁹τηρ·</strong></span> 
     </span>
    </p>
   </div>
   <div class='ocr_carea' id='block_1_13' title="bbox 469 1184 2034 1267">
    <p class='ocr_par' dir='ltr' id='par_1_13' title="bbox 469 1184 2034 1267">
     <span class='ocr_line' id='line_1_13' title="bbox 469 1184 2034 1267; baseline 0.006 -19"><span class='ocrx_word' id='word_1_77' title='bbox 469 1198 726 1267; x_wconf 87' lang='lat' dir='ltr'><strong>tathesim</strong></span> <span class='ocrx_word' id='word_1_78' title='bbox 764 1184 1085 1258; x_wconf 11' lang='lat' dir='ltr'><strong>litterarum,</strong></span> <span class='ocrx_word' id='word_1_79' title='bbox 1122 1184 1181 1254; x_wconf 90' lang='lat' dir='ltr'><strong>in</strong></span> <span class='ocrx_word' id='word_1_80' title='bbox 1209 1184 1423 1255; x_wconf 45' lang='lat' dir='ltr'><strong>&#39;eabala&#39;</strong></span> <span class='ocrx_word' id='word_1_81' title='bbox 1443 1184 1584 1253; x_wconf 87' lang='lat' dir='ltr'><strong>idem</strong></span> <span class='ocrx_word' id='word_1_82' title='bbox 1624 1184 1719 1254; x_wconf 69' lang='grc' dir='ltr'><strong>ἐει</strong></span> <span class='ocrx_word' id='word_1_83' title='bbox 1748 1184 1891 1267; x_wconf 76' lang='lat' dir='ltr'><strong>quod</strong></span> <span class='ocrx_word' id='word_1_84' title='bbox 1915 1184 2034 1259; x_wconf 61' lang='lat' dir='ltr'><strong>Brut</strong></span> 
     </span>
    </p>
   </div>
   <div class='ocr_carea' id='block_1_14' title="bbox 472 1266 2033 1339">
    <p class='ocr_par' dir='ltr' id='par_1_14' title="bbox 472 1266 2033 1339">
     <span class='ocr_line' id='line_1_14' title="bbox 472 1266 2033 1339; baseline 0.004 -22"><span class='ocrx_word' id='word_1_85' title='bbox 472 1284 502 1339; x_wconf 68' lang='grc' dir='ltr'><strong>ιΔ</strong></span> <span class='ocrx_word' id='word_1_86' title='bbox 527 1266 681 1331; x_wconf 89' lang='lat' dir='ltr'><strong>Oliel,</strong></span> <span class='ocrx_word' id='word_1_87' title='bbox 731 1286 750 1320; x_wconf 71' lang='grc' dir='ltr'><strong>ι</strong></span> <span class='ocrx_word' id='word_1_88' title='bbox 789 1270 841 1325; x_wconf 93' lang='lat' dir='ltr'><strong>id</strong></span> <span class='ocrx_word' id='word_1_89' title='bbox 876 1280 957 1325; x_wconf 87' lang='lat' dir='ltr'><strong>est</strong></span> <span class='ocrx_word' id='word_1_90' title='bbox 1009 1270 1414 1325; x_wconf 72' lang='lat' dir='ltr'><strong>tabernaculum</strong></span> <span class='ocrx_word' id='word_1_91' title='bbox 1452 1287 1464 1322; x_wconf 91' lang='lat'><strong>:</strong></span> <span class='ocrx_word' id='word_1_92' title='bbox 1511 1266 1806 1339; x_wconf 75' lang='lat' dir='ltr'><strong>dicuntque</strong></span> <span class='ocrx_word' id='word_1_93' title='bbox 1848 1284 2033 1324; x_wconf 86' lang='lat' dir='ltr'><strong>secre-</strong></span> 
     </span>
    </p>
   </div>
   <div class='ocr_carea' id='block_1_15' title="bbox 467 1336 2035 1400">
    <p class='ocr_par' dir='ltr' id='par_1_15' title="bbox 467 1336 2035 1400">
     <span class='ocr_line' id='line_1_15' title="bbox 467 1336 2035 1400; baseline 0.004 -14"><span class='ocrx_word' id='word_1_94' title='bbox 467 1336 655 1400; x_wconf 80' lang='lat' dir='ltr'><strong>tiores,</strong></span> <span class='ocrx_word' id='word_1_95' title='bbox 681 1354 875 1393; x_wconf 88' lang='lat' dir='ltr'><strong>nomen</strong></span> <span class='ocrx_word' id='word_1_96' title='bbox 907 1339 1075 1395; x_wconf 85' lang='lat' dir='ltr'><strong>Eloha</strong></span> <span class='ocrx_word' id='word_1_97' title='bbox 1103 1340 1292 1395; x_wconf 91' lang='lat' dir='ltr'><strong>eodem</strong></span> <span class='ocrx_word' id='word_1_98' title='bbox 1334 1339 1493 1393; x_wconf 89' lang='lat' dir='ltr'><strong>modo</strong></span> <span class='ocrx_word' id='word_1_99' title='bbox 1516 1353 1576 1394; x_wconf 93' lang='lat' dir='ltr'><strong>se</strong></span> <span class='ocrx_word' id='word_1_100' title='bbox 1609 1336 1805 1395; x_wconf 83' lang='lat' dir='ltr'><strong>habere</strong></span> <span class='ocrx_word' id='word_1_101' title='bbox 1832 1341 1899 1393; x_wconf 90' lang='lat' dir='ltr'><strong>ad</strong></span> <span class='ocrx_word' id='word_1_102' title='bbox 1937 1355 2035 1393; x_wconf 78' lang='lat' dir='ltr'><strong>no-</strong></span> 
     </span>
    </p>
   </div>
   <div class='ocr_carea' id='block_1_16' title="bbox 465 1408 2029 1479">
    <p class='ocr_par' dir='ltr' id='par_1_16' title="bbox 465 1408 2029 1479">
     <span class='ocr_line' id='line_1_16' title="bbox 465 1408 2029 1479; baseline 0.004 -23"><span class='ocrx_word' id='word_1_103' title='bbox 465 1421 587 1479; x_wconf 83' lang='lat' dir='ltr'><strong>men</strong></span> <span class='ocrx_word' id='word_1_104' title='bbox 614 1417 1091 1477; x_wconf 87' lang='lat' dir='ltr'><strong>tetragrammaton</strong></span> <span class='ocrx_word' id='word_1_105' title='bbox 1112 1418 1255 1474; x_wconf 63' lang='lat' dir='ltr'><strong>mni,</strong></span> <span class='ocrx_word' id='word_1_106' title='bbox 1275 1408 1415 1479; x_wconf 90' lang='lat' dir='ltr'><strong>quod</strong></span> <span class='ocrx_word' id='word_1_107' title='bbox 1439 1418 1522 1463; x_wconf 90' lang='lat' dir='ltr'><strong>est</strong></span> <span class='ocrx_word' id='word_1_108' title='bbox 1544 1423 1739 1463; x_wconf 89' lang='lat' dir='ltr'><strong>nomen</strong></span> <span class='ocrx_word' id='word_1_109' title='bbox 1760 1410 2029 1476; x_wconf 86' lang='lat' dir='ltr'><strong>essentiae,</strong></span> 
     </span>
    </p>
   </div>
   <div class='ocr_carea' id='block_1_17' title="bbox 463 1476 1360 1534">
    <p class='ocr_par' dir='ltr' id='par_1_17' title="bbox 463 1476 1360 1534">
     <span class='ocr_line' id='line_1_17' title="bbox 463 1476 1360 1534; baseline 0.006 -8"><span class='ocrx_word' id='word_1_110' title='bbox 463 1476 605 1531; x_wconf 84' lang='lat' dir='ltr'><strong>sicut</strong></span> <span class='ocrx_word' id='word_1_111' title='bbox 648 1491 706 1530; x_wconf 86' lang='lat' dir='ltr'><strong>se</strong></span> <span class='ocrx_word' id='word_1_112' title='bbox 740 1476 901 1533; x_wconf 87' lang='lat' dir='ltr'><strong>habet</strong></span> <span class='ocrx_word' id='word_1_113' title='bbox 924 1480 1045 1534; x_wconf 88' lang='lat' dir='ltr'><strong>luna</strong></span> <span class='ocrx_word' id='word_1_114' title='bbox 1073 1482 1138 1533; x_wconf 89' lang='lat' dir='ltr'><strong>ad</strong></span> <span class='ocrx_word' id='word_1_115' title='bbox 1170 1476 1360 1534; x_wconf 76' lang='lat' dir='ltr'><strong>solem.</strong></span> 
     </span>
    </p>
   </div>
   <div class='ocr_carea' id='block_1_18' title="bbox 588 1527 2031 1616">
    <p class='ocr_par' dir='ltr' id='par_1_18' title="bbox 588 1527 2031 1616">
     <span class='ocr_line' id='line_1_18' title="bbox 588 1527 2031 1616; baseline 0.003 -18"><span class='ocrx_word' id='word_1_116' title='bbox 588 1527 670 1599; x_wconf 59' lang='lat' dir='ltr'><strong>Et</strong></span> <span class='ocrx_word' id='word_1_117' title='bbox 693 1527 898 1602; x_wconf 42' lang='lat' dir='ltr'><strong>ita;</strong></span> <span class='ocrx_word' id='word_1_118' title='bbox 924 1527 1140 1603; x_wconf 42' lang='lat' dir='ltr'><strong>iiii—inii“.</strong></span> <span class='ocrx_word' id='word_1_119' title='bbox 1170 1527 1379 1607; x_wconf 42' lang='lat' dir='ltr'><strong>355g}</strong></span> <span class='ocrx_word' id='word_1_120' title='bbox 1416 1545 1596 1600; x_wconf 67' lang='lat' dir='ltr'><strong>Elohaa</strong></span> <span class='ocrx_word' id='word_1_121' title='bbox 1634 1565 1653 1598; x_wconf 78' lang='grc' dir='ltr'><strong>ι</strong></span> <span class='ocrx_word' id='word_1_122' title='bbox 1697 1546 1838 1600; x_wconf 92' lang='lat' dir='ltr'><strong>idem</strong></span> <span class='ocrx_word' id='word_1_123' title='bbox 1888 1548 2031 1616; x_wconf 87' lang='lat' dir='ltr'><strong>quod</strong></span> 
     </span>
    </p>
   </div>
   <div class='ocr_carea' id='block_1_19' title="bbox 472 1616 2025 1687">
    <p class='ocr_par' dir='ltr' id='par_1_19' title="bbox 472 1616 2025 1687">
     <span class='ocr_line' id='line_1_19' title="bbox 472 1616 2025 1687; baseline 0.003 -20"><span class='ocrx_word' id='word_1_124' title='bbox 472 1636 490 1667; x_wconf 74' lang='grc' dir='ltr'><strong>ι</strong></span> <span class='ocrx_word' id='word_1_125' title='bbox 522 1616 713 1671; x_wconf 80' lang='lat' dir='ltr'><strong>Eloha.</strong></span> <span class='ocrx_word' id='word_1_126' title='bbox 746 1637 763 1667; x_wconf 76' lang='grc' dir='ltr'><strong>ι</strong></span> <span class='ocrx_word' id='word_1_127' title='bbox 797 1617 937 1673; x_wconf 85' lang='lat' dir='ltr'><strong>Fieri</strong></span> <span class='ocrx_word' id='word_1_128' title='bbox 974 1630 1153 1673; x_wconf 89' lang='lat' dir='ltr'><strong>autem</strong></span> <span class='ocrx_word' id='word_1_129' title='bbox 1182 1617 1375 1687; x_wconf 93' lang='lat' dir='ltr'><strong>potuit,</strong></span> <span class='ocrx_word' id='word_1_130' title='bbox 1408 1626 1475 1687; x_wconf 17' lang='lat' dir='ltr'><strong>ut,</strong></span> <span class='ocrx_word' id='word_1_131' title='bbox 1493 1631 1687 1672; x_wconf 89' lang='lat' dir='ltr'><strong>nomen</strong></span> <span class='ocrx_word' id='word_1_132' title='bbox 1722 1635 1740 1668; x_wconf 78' lang='grc' dir='ltr'><strong>ι</strong></span> <span class='ocrx_word' id='word_1_133' title='bbox 1771 1616 1973 1682; x_wconf 73' lang='lat' dir='ltr'><strong>Elolize,</strong></span> <span class='ocrx_word' id='word_1_134' title='bbox 2004 1636 2025 1670; x_wconf 70' lang='grc' dir='ltr'><strong>ι</strong></span> 
     </span>
    </p>
   </div>
   <div class='ocr_carea' id='block_1_20' title="bbox 464 1686 2030 1757">
    <p class='ocr_par' dir='ltr' id='par_1_20' title="bbox 464 1686 2030 1757">
     <span class='ocr_line' id='line_1_20' title="bbox 464 1686 2030 1757; baseline 0.003 -21"><span class='ocrx_word' id='word_1_135' title='bbox 464 1704 564 1756; x_wconf 82' lang='lat' dir='ltr'><strong>pro</strong></span> <span class='ocrx_word' id='word_1_136' title='bbox 601 1704 619 1737; x_wconf 82' lang='grc' dir='ltr'><strong>ι</strong></span> <span class='ocrx_word' id='word_1_137' title='bbox 653 1688 792 1742; x_wconf 79' lang='lat' dir='ltr'><strong>Vero</strong></span> <span class='ocrx_word' id='word_1_138' title='bbox 824 1707 842 1739; x_wconf 74' lang='grc' dir='ltr'><strong>ι</strong></span> <span class='ocrx_word' id='word_1_139' title='bbox 899 1686 1231 1757; x_wconf 86' lang='lat' dir='ltr'><strong>sumpserit,</strong></span> <span class='ocrx_word' id='word_1_140' title='bbox 1277 1686 1420 1755; x_wconf 92' lang='lat' dir='ltr'><strong>quod</strong></span> <span class='ocrx_word' id='word_1_141' title='bbox 1454 1686 1595 1757; x_wconf 77' lang='lat' dir='ltr'><strong>Deus</strong></span> <span class='ocrx_word' id='word_1_142' title='bbox 1654 1687 1730 1757; x_wconf 12' lang='lat' dir='ltr'><strong>sit;</strong></span> <span class='ocrx_word' id='word_1_143' title='bbox 1761 1701 1925 1741; x_wconf 70' lang='lat' dir='ltr'><strong>verax</strong></span> <span class='ocrx_word' id='word_1_144' title='bbox 1977 1696 2030 1741; x_wconf 89' lang='lat' dir='ltr'><strong>et</strong></span> 
     </span>
    </p>
   </div>
   <div class='ocr_carea' id='block_1_21' title="bbox 469 1755 2031 1819">
    <p class='ocr_par' dir='ltr' id='par_1_21' title="bbox 469 1755 2031 1819">
     <span class='ocr_line' id='line_1_21' title="bbox 469 1755 2031 1819; baseline 0.001 -10"><span class='ocrx_word' id='word_1_145' title='bbox 469 1755 578 1810; x_wconf 85' lang='lat' dir='ltr'><strong>tam</strong></span> <span class='ocrx_word' id='word_1_146' title='bbox 601 1772 826 1811; x_wconf 89' lang='lat' dir='ltr'><strong>severus</strong></span> <span class='ocrx_word' id='word_1_147' title='bbox 855 1755 1096 1813; x_wconf 74' lang='lat' dir='ltr'><strong>veritatis</strong></span> <span class='ocrx_word' id='word_1_148' title='bbox 1114 1757 1337 1819; x_wconf 82' lang='lat' dir='ltr'><strong>vindex,</strong></span> <span class='ocrx_word' id='word_1_149' title='bbox 1372 1766 1431 1809; x_wconf 90' lang='lat' dir='ltr'><strong>ut</strong></span> <span class='ocrx_word' id='word_1_150' title='bbox 1466 1755 1682 1809; x_wconf 81' lang='lat' dir='ltr'><strong>Veritas</strong></span> <span class='ocrx_word' id='word_1_151' title='bbox 1711 1755 2031 1819; x_wconf 88' lang='lat' dir='ltr'><strong>frequenter</strong></span> 
     </span>
    </p>
   </div>
   <div class='ocr_carea' id='block_1_22' title="bbox 463 1827 2026 1882">
    <p class='ocr_par' dir='ltr' id='par_1_22' title="bbox 463 1827 2026 1882">
     <span class='ocr_line' id='line_1_22' title="bbox 463 1827 2026 1882; baseline 0.001 -3"><span class='ocrx_word' id='word_1_152' title='bbox 463 1827 515 1880; x_wconf 93' lang='lat' dir='ltr'><strong>in</strong></span> <span class='ocrx_word' id='word_1_153' title='bbox 563 1828 737 1882; x_wconf 90' lang='lat' dir='ltr'><strong>sacris</strong></span> <span class='ocrx_word' id='word_1_154' title='bbox 763 1828 1090 1882; x_wconf 89' lang='lat' dir='ltr'><strong>nominetur.</strong></span> <span class='ocrx_word' id='word_1_155' title='bbox 1122 1828 1231 1880; x_wconf 85' lang='lat' dir='ltr'><strong>Aut</strong></span> <span class='ocrx_word' id='word_1_156' title='bbox 1256 1834 1405 1881; x_wconf 89' lang='lat' dir='ltr'><strong>certe</strong></span> <span class='ocrx_word' id='word_1_157' title='bbox 1432 1828 1500 1881; x_wconf 90' lang='lat' dir='ltr'><strong>ad</strong></span> <span class='ocrx_word' id='word_1_158' title='bbox 1532 1842 1716 1882; x_wconf 86' lang='lat' dir='ltr'><strong>vocem</strong></span> <span class='ocrx_word' id='word_1_159' title='bbox 1750 1827 2026 1881; x_wconf 77' lang='lat' dir='ltr'><strong>atiirman-</strong></span> 
     </span>
    </p>
   </div>
   <div class='ocr_carea' id='block_1_23' title="bbox 462 1895 2014 1991">
    <p class='ocr_par' dir='ltr' id='par_1_23' title="bbox 462 1897 2014 1991">
     <span class='ocr_line' id='line_1_23' title="bbox 462 1897 2014 1991; baseline 0.002 -20"><span class='ocrx_word' id='word_1_160' title='bbox 462 1928 567 1991; x_wconf 79' lang='lat' dir='ltr'><strong>tein</strong></span> <span class='ocrx_word' id='word_1_161' title='bbox 603 1897 742 1978; x_wconf 67' lang='grc' dir='ltr'><strong>ὠπκ</strong></span> <span class='ocrx_word' id='word_1_162' title='bbox 768 1935 890 1988; x_wconf 70' lang='lat' dir='ltr'><strong>qua:</strong></span> <span class='ocrx_word' id='word_1_163' title='bbox 930 1937 949 1971; x_wconf 77' lang='grc' dir='ltr'><strong>ι</strong></span> <span class='ocrx_word' id='word_1_164' title='bbox 975 1920 1250 1991; x_wconf 84' lang='lat' dir='ltr'><strong>profecto,</strong></span> <span class='ocrx_word' id='word_1_165' title='bbox 1279 1920 1526 1985; x_wconf 89' lang='lat' dir='ltr'><strong>omnino,</strong></span> <span class='ocrx_word' id='word_1_166' title='bbox 1552 1938 1572 1970; x_wconf 72' lang='grc' dir='ltr'><strong>ι</strong></span> <span class='ocrx_word' id='word_1_167' title='bbox 1608 1917 1900 1988; x_wconf 89' lang='lat' dir='ltr'><strong>signiﬁcat,</strong></span> <span class='ocrx_word' id='word_1_168' title='bbox 1944 1918 2014 1974; x_wconf 90' lang='lat' dir='ltr'><strong>al-</strong></span> 
     </span>
    </p>
   </div>
   <div class='ocr_carea' id='block_1_24' title="bbox 2123 1895 2944 1991">
    <p class='ocr_par' dir='ltr' id='par_1_24' title="bbox 2133 1895 2944 1977">
     <span class='ocr_line' id='line_1_24' title="bbox 2133 1895 2944 1977; baseline 0 -28"><span class='ocrx_word' id='word_1_169' title='bbox 2133 1895 2339 1977; x_wconf 53' lang='grc' dir='ltr'><strong>ἣξει)τωί</strong></span> <span class='ocrx_word' id='word_1_170' title='bbox 2372 1898 2641 1976; x_wconf 78' lang='lat' dir='ltr'><strong>exercitus</strong></span> <span class='ocrx_word' id='word_1_171' title='bbox 2676 1897 2944 1965; x_wconf 87' lang='lat' dir='ltr'><strong>appellant</strong></span> 
     </span>
    </p>
   </div>
   <div class='ocr_carea' id='block_1_25' title="bbox 459 1987 861 2045">
    <p class='ocr_par' dir='ltr' id='par_1_25' title="bbox 459 1987 861 2045">
     <span class='ocr_line' id='line_1_25' title="bbox 459 1987 861 2045; baseline 0.012 -5"><span class='ocrx_word' id='word_1_172' title='bbox 459 1987 648 2042; x_wconf 83' lang='lat' dir='ltr'><strong>ludere</strong></span> <span class='ocrx_word' id='word_1_173' title='bbox 673 1987 861 2045; x_wconf 83' lang='lat' dir='ltr'><strong>voluit.</strong></span> 
     </span>
    </p>
   </div>
   <div class='ocr_carea' id='block_1_26' title="bbox 582 2041 2026 2123">
    <p class='ocr_par' dir='ltr' id='par_1_26' title="bbox 582 2041 2026 2123">
     <span class='ocr_line' id='line_1_26' title="bbox 582 2041 2026 2123; baseline 0.003 -14"><span class='ocrx_word' id='word_1_174' title='bbox 582 2041 647 2110; x_wconf 71' lang='lat' dir='ltr'><strong>ei</strong></span> <span class='ocrx_word' id='word_1_175' title='bbox 687 2041 965 2113; x_wconf 55' lang='lat' dir='ltr'><strong>&#39;Eitii’e&#39;um.</strong></span> <span class='ocrx_word' id='word_1_176' title='bbox 1022 2041 1200 2119; x_wconf 53' lang='lat' dir='ltr'><strong>mnsit</strong></span> <span class='ocrx_word' id='word_1_177' title='bbox 1252 2077 1271 2111; x_wconf 87' lang='grc'><strong>‹</strong></span> <span class='ocrx_word' id='word_1_178' title='bbox 1316 2059 1552 2123; x_wconf 81' lang='lat' dir='ltr'><strong>Elohul,</strong></span> <span class='ocrx_word' id='word_1_179' title='bbox 1607 2076 1627 2111; x_wconf 76' lang='grc' dir='ltr'><strong>ι</strong></span> <span class='ocrx_word' id='word_1_180' title='bbox 1689 2057 1806 2112; x_wconf 87' lang='lat' dir='ltr'><strong>sive</strong></span> <span class='ocrx_word' id='word_1_181' title='bbox 1848 2041 2026 2119; x_wconf 64' lang='lat' dir='ltr'><strong>iii-ilia</strong></span> 
     </span>
    </p>
   </div>
   <div class='ocr_carea' id='block_1_27' title="bbox 462 2127 2025 2193">
    <p class='ocr_par' dir='ltr' id='par_1_27' title="bbox 462 2127 2025 2193">
     <span class='ocr_line' id='line_1_27' title="bbox 462 2127 2025 2193; baseline 0.003 -13"><span class='ocrx_word' id='word_1_182' title='bbox 462 2146 482 2179; x_wconf 77' lang='grc' dir='ltr'><strong>ι</strong></span> <span class='ocrx_word' id='word_1_183' title='bbox 513 2127 712 2183; x_wconf 88' lang='lat' dir='ltr'><strong>Elahut</strong></span> <span class='ocrx_word' id='word_1_184' title='bbox 739 2169 757 2192; x_wconf 91' lang='lat'><strong>,</strong></span> <span class='ocrx_word' id='word_1_185' title='bbox 788 2146 807 2179; x_wconf 73' lang='grc' dir='ltr'><strong>ι</strong></span> <span class='ocrx_word' id='word_1_186' title='bbox 838 2129 1081 2185; x_wconf 91' lang='lat' dir='ltr'><strong>rabbinis</strong></span> <span class='ocrx_word' id='word_1_187' title='bbox 1110 2139 1165 2183; x_wconf 91' lang='lat' dir='ltr'><strong>et</strong></span> <span class='ocrx_word' id='word_1_188' title='bbox 1199 2129 1465 2184; x_wconf 73' lang='lat' dir='ltr'><strong>Chaldaeis</strong></span> <span class='ocrx_word' id='word_1_189' title='bbox 1503 2142 1791 2183; x_wconf 87' lang='lat' dir='ltr'><strong>commune</strong></span> <span class='ocrx_word' id='word_1_190' title='bbox 1826 2139 1929 2193; x_wconf 90' lang='lat' dir='ltr'><strong>est,</strong></span> <span class='ocrx_word' id='word_1_191' title='bbox 1969 2141 2025 2186; x_wconf 88' lang='lat' dir='ltr'><strong>et</strong></span> 
     </span>
    </p>
   </div>
   <div class='ocr_carea' id='block_1_28' title="bbox 457 2197 2021 2267">
    <p class='ocr_par' dir='ltr' id='par_1_28' title="bbox 457 2197 2021 2267">
     <span class='ocr_line' id='line_1_28' title="bbox 457 2197 2021 2267; baseline 0.002 -16"><span class='ocrx_word' id='word_1_192' title='bbox 457 2198 721 2263; x_wconf 82' lang='lat' dir='ltr'><strong>signiﬁcat</strong></span> <span class='ocrx_word' id='word_1_193' title='bbox 749 2199 965 2267; x_wconf 87' lang='lat' dir='ltr'><strong>proprie</strong></span> <span class='ocrx_word' id='word_1_194' title='bbox 992 2214 1189 2254; x_wconf 90' lang='lat' dir='ltr'><strong>numen</strong></span> <span class='ocrx_word' id='word_1_195' title='bbox 1220 2214 1314 2253; x_wconf 90' lang='lat' dir='ltr'><strong>seu</strong></span> <span class='ocrx_word' id='word_1_196' title='bbox 1338 2198 1701 2253; x_wconf 84' lang='lat' dir='ltr'><strong>divinitatem.</strong></span> <span class='ocrx_word' id='word_1_197' title='bbox 1738 2197 1805 2252; x_wconf 90' lang='lat' dir='ltr'><strong>Ut</strong></span> <span class='ocrx_word' id='word_1_198' title='bbox 1843 2208 2021 2254; x_wconf 85' lang='lat' dir='ltr'><strong>autem</strong></span> 
     </span>
    </p>
   </div>
   <div class='ocr_carea' id='block_1_29' title="bbox 458 2267 2023 2338">
    <p class='ocr_par' dir='ltr' id='par_1_29' title="bbox 458 2267 2023 2338">
     <span class='ocr_line' id='line_1_29' title="bbox 458 2267 2023 2338; baseline 0.003 -18"><span class='ocrx_word' id='word_1_199' title='bbox 458 2267 656 2321; x_wconf 90' lang='lat' dir='ltr'><strong>habeat</strong></span> <span class='ocrx_word' id='word_1_200' title='bbox 679 2268 1151 2336; x_wconf 74' lang='lat' dir='ltr'><strong>significationem,</strong></span> <span class='ocrx_word' id='word_1_201' title='bbox 1178 2284 1295 2338; x_wconf 73' lang='lat' dir='ltr'><strong>qua:</strong></span> <span class='ocrx_word' id='word_1_202' title='bbox 1321 2269 1406 2322; x_wconf 89' lang='lat' dir='ltr'><strong>hic</strong></span> <span class='ocrx_word' id='word_1_203' title='bbox 1432 2269 1764 2337; x_wconf 83' lang='lat' dir='ltr'><strong>designatur,</strong></span> <span class='ocrx_word' id='word_1_204' title='bbox 1790 2267 2023 2325; x_wconf 81' lang='lat' dir='ltr'><strong>fortasse</strong></span> 
     </span>
    </p>
   </div>
   <div class='ocr_carea' id='block_1_30' title="bbox 461 2338 2021 2401">
    <p class='ocr_par' dir='ltr' id='par_1_30' title="bbox 461 2338 2021 2401">
     <span class='ocr_line' id='line_1_30' title="bbox 461 2338 2021 2401; baseline 0.001 -10"><span class='ocrx_word' id='word_1_205' title='bbox 461 2338 775 2392; x_wconf 86' lang='lat' dir='ltr'><strong>desumetnr</strong></span> <span class='ocrx_word' id='word_1_206' title='bbox 798 2353 862 2391; x_wconf 88' lang='lat' dir='ltr'><strong>ex</strong></span> <span class='ocrx_word' id='word_1_207' title='bbox 888 2339 1124 2393; x_wconf 86' lang='lat' dir='ltr'><strong>Arabico</strong></span> <span class='ocrx_word' id='word_1_208' title='bbox 1156 2338 1388 2393; x_wconf 86' lang='lat' dir='ltr'><strong>articulo</strong></span> <span class='ocrx_word' id='word_1_209' title='bbox 1436 2356 1454 2389; x_wconf 76' lang='grc' dir='ltr'><strong>ι</strong></span> <span class='ocrx_word' id='word_1_210' title='bbox 1486 2338 1548 2390; x_wconf 91' lang='lat' dir='ltr'><strong>Al</strong></span> <span class='ocrx_word' id='word_1_211' title='bbox 1571 2377 1585 2398; x_wconf 93' lang='lat'><strong>,</strong></span> <span class='ocrx_word' id='word_1_212' title='bbox 1616 2355 1634 2387; x_wconf 75' lang='grc' dir='ltr'><strong>ι</strong></span> <span class='ocrx_word' id='word_1_213' title='bbox 1668 2338 1717 2389; x_wconf 88' lang='lat' dir='ltr'><strong>id</strong></span> <span class='ocrx_word' id='word_1_214' title='bbox 1755 2348 1838 2391; x_wconf 86' lang='lat' dir='ltr'><strong>est</strong></span> <span class='ocrx_word' id='word_1_215' title='bbox 1864 2338 1892 2389; x_wconf 90' lang='grc' dir='ltr'><strong>ὁ</strong></span> <span class='ocrx_word' id='word_1_216' title='bbox 1922 2377 1937 2401; x_wconf 83' lang='grc'><em>,</em></span> <span class='ocrx_word' id='word_1_217' title='bbox 1967 2348 2021 2393; x_wconf 91' lang='lat' dir='ltr'><strong>et</strong></span> 
     </span>
    </p>
   </div>
   <div class='ocr_carea' id='block_1_31' title="bbox 454 2408 2022 2476">
    <p class='ocr_par' dir='ltr' id='par_1_31' title="bbox 454 2408 2022 2476">
     <span class='ocr_line' id='line_1_31' title="bbox 454 2408 2022 2476; baseline 0.004 -18"><span class='ocrx_word' id='word_1_218' title='bbox 454 2408 777 2476; x_wconf 75' lang='lat' dir='ltr'><strong>pronomine</strong></span> <span class='ocrx_word' id='word_1_219' title='bbox 832 2426 849 2457; x_wconf 74' lang='grc' dir='ltr'><strong>ι</strong></span> <span class='ocrx_word' id='word_1_220' title='bbox 874 2408 985 2461; x_wconf 86' lang='lat' dir='ltr'><strong>Lah</strong></span> <span class='ocrx_word' id='word_1_221' title='bbox 1014 2428 1031 2459; x_wconf 76' lang='grc' dir='ltr'><strong>ι</strong></span> <span class='ocrx_word' id='word_1_222' title='bbox 1074 2410 1124 2462; x_wconf 91' lang='lat' dir='ltr'><strong>id</strong></span> <span class='ocrx_word' id='word_1_223' title='bbox 1172 2419 1257 2462; x_wconf 90' lang='lat' dir='ltr'><strong>est</strong></span> <span class='ocrx_word' id='word_1_224' title='bbox 1320 2408 1441 2461; x_wconf 70' lang='lat' dir='ltr'><strong>rei:</strong></span> <span class='ocrx_word' id='word_1_225' title='bbox 1477 2426 1495 2459; x_wconf 83' lang='lat' dir='ltr'><strong>i</strong></span> <span class='ocrx_word' id='word_1_226' title='bbox 1528 2408 1682 2476; x_wconf 88' lang='lat' dir='ltr'><strong>quasi</strong></span> <span class='ocrx_word' id='word_1_227' title='bbox 1734 2409 1845 2473; x_wconf 91' lang='lat' dir='ltr'><strong>sit,</strong></span> <span class='ocrx_word' id='word_1_228' title='bbox 1882 2426 1901 2460; x_wconf 73' lang='grc' dir='ltr'><strong>ι</strong></span> <span class='ocrx_word' id='word_1_229' title='bbox 1932 2410 2022 2464; x_wconf 90' lang='lat' dir='ltr'><strong>ille</strong></span> 
     </span>
    </p>
   </div>
   <div class='ocr_carea' id='block_1_32' title="bbox 453 2476 1485 2543">
    <p class='ocr_par' dir='ltr' id='par_1_32' title="bbox 453 2476 1485 2543">
     <span class='ocr_line' id='line_1_32' title="bbox 453 2476 1485 2543; baseline -0.002 -13"><span class='ocrx_word' id='word_1_230' title='bbox 453 2476 634 2543; x_wconf 82' lang='lat' dir='ltr'><strong>cujus,</strong></span> <span class='ocrx_word' id='word_1_231' title='bbox 666 2496 684 2529; x_wconf 83' lang='lat' dir='ltr'><strong>i</strong></span> <span class='ocrx_word' id='word_1_232' title='bbox 724 2476 970 2541; x_wconf 88' lang='lat' dir='ltr'><strong>subaudi,</strong></span> <span class='ocrx_word' id='word_1_233' title='bbox 1016 2496 1035 2531; x_wconf 73' lang='grc' dir='ltr'><strong>ι</strong></span> <span class='ocrx_word' id='word_1_234' title='bbox 1071 2488 1197 2532; x_wconf 90' lang='lat' dir='ltr'><strong>sunt</strong></span> <span class='ocrx_word' id='word_1_235' title='bbox 1227 2479 1433 2532; x_wconf 91' lang='lat' dir='ltr'><strong>omnia.</strong></span> <span class='ocrx_word' id='word_1_236' title='bbox 1466 2496 1485 2528; x_wconf 76' lang='grc' dir='ltr'><strong>ι</strong></span> 
     </span>
    </p>
   </div>
   <div class='ocr_carea' id='block_1_33' title="bbox 528 2546 2022 2616">
    <p class='ocr_par' dir='ltr' id='par_1_33' title="bbox 528 2546 2022 2616">
     <span class='ocr_line' id='line_1_33' title="bbox 528 2546 2022 2616; baseline 0.001 -17"><span class='ocrx_word' id='word_1_237' title='bbox 528 2546 682 2611; x_wconf 83' lang='lat' dir='ltr'><strong>Quod</strong></span> <span class='ocrx_word' id='word_1_238' title='bbox 698 2558 868 2601; x_wconf 79' lang='lat' dir='ltr'><strong>autem</strong></span> <span class='ocrx_word' id='word_1_239' title='bbox 890 2550 1203 2602; x_wconf 84' lang='lat' dir='ltr'><strong>aitAdonai.</strong></span> <span class='ocrx_word' id='word_1_240' title='bbox 1222 2556 1366 2607; x_wconf 63' lang='grc' dir='ltr'><strong>ἐττκ</strong></span> <span class='ocrx_word' id='word_1_241' title='bbox 1395 2546 1702 2607; x_wconf 51' lang='lat' dir='ltr'><strong>«Adeunt.»</strong></span> <span class='ocrx_word' id='word_1_242' title='bbox 1734 2547 1818 2601; x_wconf 91' lang='lat' dir='ltr'><strong>cui</strong></span> <span class='ocrx_word' id='word_1_243' title='bbox 1856 2549 2022 2616; x_wconf 83' lang='lat' dir='ltr'><strong>septi-</strong></span> 
     </span>
    </p>
   </div>
   <div class='ocr_carea' id='block_1_34' title="bbox 455 2617 2017 2688">
    <p class='ocr_par' dir='ltr' id='par_1_34' title="bbox 455 2617 2017 2688">
     <span class='ocr_line' id='line_1_34' title="bbox 455 2617 2017 2688; baseline 0.001 -19"><span class='ocrx_word' id='word_1_244' title='bbox 455 2631 602 2669; x_wconf 92' lang='lat' dir='ltr'><strong>mnin</strong></span> <span class='ocrx_word' id='word_1_245' title='bbox 627 2618 803 2670; x_wconf 81' lang='lat' dir='ltr'><strong>locum</strong></span> <span class='ocrx_word' id='word_1_246' title='bbox 838 2620 978 2671; x_wconf 91' lang='lat' dir='ltr'><strong>inter</strong></span> <span class='ocrx_word' id='word_1_247' title='bbox 1008 2618 1415 2671; x_wconf 88' lang='lat' dir='ltr'><strong>divitianoiiiina</strong></span> <span class='ocrx_word' id='word_1_248' title='bbox 1442 2618 1719 2688; x_wconf 22' lang='lat' dir='ltr'><strong>tribuitAD.</strong></span> <span class='ocrx_word' id='word_1_249' title='bbox 1753 2617 2017 2688; x_wconf 78' lang='lat' dir='ltr'><strong>Hierony-</strong></span> 
     </span>
    </p>
   </div>
   <div class='ocr_carea' id='block_1_35' title="bbox 454 2686 2019 2773">
    <p class='ocr_par' dir='ltr' id='par_1_35' title="bbox 454 2686 2019 2773">
     <span class='ocr_line' id='line_1_35' title="bbox 454 2686 2019 2773; baseline -0.001 -32"><span class='ocrx_word' id='word_1_250' title='bbox 454 2701 600 2773; x_wconf 70' lang='lat' dir='ltr'><strong>mus,</strong></span> <span class='ocrx_word' id='word_1_251' title='bbox 627 2687 900 2773; x_wconf 72' lang='lat' dir='ltr'><strong>signiﬁcat</strong></span> <span class='ocrx_word' id='word_1_252' title='bbox 936 2706 955 2739; x_wconf 78' lang='grc' dir='ltr'><strong>ι</strong></span> <span class='ocrx_word' id='word_1_253' title='bbox 997 2689 1246 2773; x_wconf 73' lang='lat' dir='ltr'><strong>dominos</strong></span> <span class='ocrx_word' id='word_1_254' title='bbox 1272 2702 1450 2773; x_wconf 79' lang='lat' dir='ltr'><strong>meos:</strong></span> <span class='ocrx_word' id='word_1_255' title='bbox 1486 2705 1504 2736; x_wconf 72' lang='grc' dir='ltr'><strong>ι</strong></span> <span class='ocrx_word' id='word_1_256' title='bbox 1544 2686 1868 2773; x_wconf 48' lang='lat' dir='ltr'><strong>a‘singiilari</strong></span> <span class='ocrx_word' id='word_1_257' title='bbox 1897 2686 2019 2773; x_wconf 50' lang='lat' dir='ltr'><strong>risi</strong></span> 
     </span>
    </p>
   </div>
   <div class='ocr_carea' id='block_1_36' title="bbox 455 2757 2016 2824">
    <p class='ocr_par' dir='ltr' id='par_1_36' title="bbox 455 2757 2016 2824">
     <span class='ocr_line' id='line_1_36' title="bbox 455 2757 2016 2824; baseline 0.004 -19"><span class='ocrx_word' id='word_1_258' title='bbox 455 2773 476 2805; x_wconf 75' lang='grc' dir='ltr'>σ</span> <span class='ocrx_word' id='word_1_259' title='bbox 502 2758 678 2820; x_wconf 85' lang='lat' dir='ltr'><strong>Adon,</strong></span> <span class='ocrx_word' id='word_1_260' title='bbox 706 2775 723 2807; x_wconf 76' lang='grc' dir='ltr'><strong>ι</strong></span> <span class='ocrx_word' id='word_1_261' title='bbox 760 2757 811 2811; x_wconf 90' lang='lat' dir='ltr'><strong>id</strong></span> <span class='ocrx_word' id='word_1_262' title='bbox 833 2770 918 2812; x_wconf 86' lang='lat' dir='ltr'><strong>est</strong></span> <span class='ocrx_word' id='word_1_263' title='bbox 951 2776 968 2809; x_wconf 77' lang='grc' dir='ltr'><strong>ι</strong></span> <span class='ocrx_word' id='word_1_264' title='bbox 1000 2758 1272 2819; x_wconf 88' lang='lat' dir='ltr'><strong>dominus,</strong></span> <span class='ocrx_word' id='word_1_265' title='bbox 1299 2759 1481 2811; x_wconf 89' lang='lat' dir='ltr'><strong>herus.</strong></span> <span class='ocrx_word' id='word_1_266' title='bbox 1508 2774 1526 2806; x_wconf 73' lang='grc' dir='ltr'><strong>ι</strong></span> <span class='ocrx_word' id='word_1_267' title='bbox 1567 2757 1776 2811; x_wconf 87' lang='lat' dir='ltr'><strong>Asserit</strong></span> <span class='ocrx_word' id='word_1_268' title='bbox 1814 2757 2016 2824; x_wconf 90' lang='lat' dir='ltr'><strong>aut&#39;ein,</strong></span> 
     </span>
    </p>
   </div>
   <div class='ocr_carea' id='block_1_37' title="bbox 449 2824 2017 2895">
    <p class='ocr_par' dir='ltr' id='par_1_37' title="bbox 449 2824 2017 2895">
     <span class='ocr_line' id='line_1_37' title="bbox 449 2824 2017 2895; baseline 0.003 -20"><span class='ocrx_word' id='word_1_269' title='bbox 449 2824 579 2895; x_wconf 88' lang='lat' dir='ltr'><strong>illud</strong></span> <span class='ocrx_word' id='word_1_270' title='bbox 615 2828 855 2895; x_wconf 89' lang='lat' dir='ltr'><strong>signiﬁca</strong></span> <span class='ocrx_word' id='word_1_271' title='bbox 873 2843 929 2882; x_wconf 94' lang='lat' dir='ltr'><strong>re</strong></span> <span class='ocrx_word' id='word_1_272' title='bbox 982 2845 1001 2880; x_wconf 76' lang='grc' dir='ltr'><strong>ι</strong></span> <span class='ocrx_word' id='word_1_273' title='bbox 1037 2828 1366 2881; x_wconf 89' lang='lat' dir='ltr'><strong>nominabile</strong></span> <span class='ocrx_word' id='word_1_274' title='bbox 1389 2866 1403 2890; x_wconf 91' lang='lat'><strong>,</strong></span> <span class='ocrx_word' id='word_1_275' title='bbox 1442 2844 1459 2876; x_wconf 75' lang='grc' dir='ltr'><strong>ι</strong></span> <span class='ocrx_word' id='word_1_276' title='bbox 1505 2825 1751 2880; x_wconf 90' lang='lat' dir='ltr'><strong>fortassis</strong></span> <span class='ocrx_word' id='word_1_277' title='bbox 1780 2829 1922 2895; x_wconf 90' lang='lat' dir='ltr'><strong>quod</strong></span> <span class='ocrx_word' id='word_1_278' title='bbox 1950 2831 2017 2881; x_wconf 91' lang='lat' dir='ltr'><strong>ab</strong></span> 
     </span>
    </p>
   </div>
   <div class='ocr_carea' id='block_1_38' title="bbox 449 2894 2015 2965">
    <p class='ocr_par' dir='ltr' id='par_1_38' title="bbox 449 2894 2015 2965">
     <span class='ocr_line' id='line_1_38' title="bbox 449 2894 2015 2965; baseline 0.001 -16"><span class='ocrx_word' id='word_1_279' title='bbox 449 2894 689 2951; x_wconf 65' lang='lat' dir='ltr'><strong>Hebraeis</strong></span> <span class='ocrx_word' id='word_1_280' title='bbox 720 2899 1080 2953; x_wconf 89' lang='lat' dir='ltr'><strong>substituatur</strong></span> <span class='ocrx_word' id='word_1_281' title='bbox 1101 2898 1219 2951; x_wconf 88' lang='lat' dir='ltr'><strong>loco</strong></span> <span class='ocrx_word' id='word_1_282' title='bbox 1244 2897 1480 2951; x_wconf 89' lang='lat' dir='ltr'><strong>nominis</strong></span> <span class='ocrx_word' id='word_1_283' title='bbox 1511 2914 1530 2947; x_wconf 85' lang='grc'><strong><em>‹</em></strong></span> <span class='ocrx_word' id='word_1_284' title='bbox 1556 2895 1781 2959; x_wconf 80' lang='lat' dir='ltr'><strong>Jehova,</strong></span> <span class='ocrx_word' id='word_1_285' title='bbox 1802 2894 1832 2947; x_wconf 67' lang='grc' dir='ltr'><strong>ι</strong></span> <span class='ocrx_word' id='word_1_286' title='bbox 1872 2898 2015 2965; x_wconf 90' lang='lat' dir='ltr'><strong>quod</strong></span> 
     </span>
    </p>
   </div>
   <div class='ocr_carea' id='block_1_39' title="bbox 450 2967 2017 3034">
    <p class='ocr_par' dir='ltr' id='par_1_39' title="bbox 450 2967 2017 3034">
     <span class='ocr_line' id='line_1_39' title="bbox 450 2967 2017 3034; baseline 0.002 -16"><span class='ocrx_word' id='word_1_287' title='bbox 450 2980 556 3021; x_wconf 93' lang='lat' dir='ltr'><strong>non</strong></span> <span class='ocrx_word' id='word_1_288' title='bbox 597 2968 772 3021; x_wconf 88' lang='lat' dir='ltr'><strong>solent</strong></span> <span class='ocrx_word' id='word_1_289' title='bbox 809 2970 1123 3022; x_wconf 87' lang='lat' dir='ltr'><strong>nominare:</strong></span> <span class='ocrx_word' id='word_1_290' title='bbox 1159 2978 1213 3021; x_wconf 89' lang='lat' dir='ltr'><strong>et</strong></span> <span class='ocrx_word' id='word_1_291' title='bbox 1240 2986 1257 3019; x_wconf 73' lang='grc' dir='ltr'><strong>ι</strong></span> <span class='ocrx_word' id='word_1_292' title='bbox 1291 2967 1561 3030; x_wconf 80' lang='lat' dir='ltr'><strong>mirabile,</strong></span> <span class='ocrx_word' id='word_1_293' title='bbox 1594 2984 1612 3017; x_wconf 76' lang='grc' dir='ltr'><strong>ι</strong></span> <span class='ocrx_word' id='word_1_294' title='bbox 1647 2967 1771 3032; x_wconf 83' lang='lat' dir='ltr'><strong>quia</strong></span> <span class='ocrx_word' id='word_1_295' title='bbox 1793 2968 2017 3034; x_wconf 80' lang='lat' dir='ltr'><strong>angelus</strong></span> 
     </span>
    </p>
   </div>
   <div class='ocr_carea' id='block_1_40' title="bbox 451 3035 2011 3107">
    <p class='ocr_par' dir='ltr' id='par_1_40' title="bbox 451 3035 2011 3107">
     <span class='ocr_line' id='line_1_40' title="bbox 451 3035 2011 3107; baseline 0.004 -22"><span class='ocrx_word' id='word_1_296' title='bbox 451 3036 690 3090; x_wconf 76' lang='lat' dir='ltr'><strong>divinam</strong></span> <span class='ocrx_word' id='word_1_297' title='bbox 731 3040 1069 3107; x_wconf 86' lang='lat' dir='ltr'><strong>majestatem</strong></span> <span class='ocrx_word' id='word_1_298' title='bbox 1095 3037 1336 3092; x_wconf 81' lang='lat' dir='ltr'><strong>referens</strong></span> <span class='ocrx_word' id='word_1_299' title='bbox 1372 3038 1595 3098; x_wconf 79' lang='lat' dir='ltr'><strong>dixerit,</strong></span> <span class='ocrx_word' id='word_1_300' title='bbox 1630 3035 1753 3090; x_wconf 88' lang='lat' dir='ltr'><strong>Jud.</strong></span> <span class='ocrx_word' id='word_1_301' title='bbox 1777 3051 1895 3100; x_wconf 65' lang='grc' dir='ltr'>χιιι,</span> <span class='ocrx_word' id='word_1_302' title='bbox 1927 3038 2011 3091; x_wconf 76' lang='grc' dir='ltr'><strong>18ξ</strong></span> 
     </span>
    </p>
   </div>
   <div class='ocr_carea' id='block_1_41' title="bbox 451 3107 1936 3175">
    <p class='ocr_par' dir='ltr' id='par_1_41' title="bbox 451 3107 1936 3175">
     <span class='ocr_line' id='line_1_41' title="bbox 451 3107 1936 3175; baseline 0.001 -20"><span class='ocrx_word' id='word_1_303' title='bbox 451 3123 471 3155; x_wconf 73' lang='grc' dir='ltr'><strong>ι</strong></span> <span class='ocrx_word' id='word_1_304' title='bbox 506 3107 615 3158; x_wconf 75' lang='lat' dir='ltr'><strong>Cur</strong></span> <span class='ocrx_word' id='word_1_305' title='bbox 641 3110 839 3175; x_wconf 70' lang='lat' dir='ltr'><strong>quieris</strong></span> <span class='ocrx_word' id='word_1_306' title='bbox 884 3122 1078 3163; x_wconf 89' lang='lat' dir='ltr'><strong>nomen</strong></span> <span class='ocrx_word' id='word_1_307' title='bbox 1111 3123 1289 3162; x_wconf 89' lang='lat' dir='ltr'><strong>meum</strong></span> <span class='ocrx_word' id='word_1_308' title='bbox 1317 3108 1460 3175; x_wconf 87' lang='lat' dir='ltr'><strong>quod</strong></span> <span class='ocrx_word' id='word_1_309' title='bbox 1488 3119 1571 3159; x_wconf 72' lang='lat' dir='ltr'><strong>est</strong></span> <span class='ocrx_word' id='word_1_310' title='bbox 1604 3107 1884 3160; x_wconf 82' lang='lat' dir='ltr'><strong>mirabile?</strong></span> <span class='ocrx_word' id='word_1_311' title='bbox 1917 3125 1936 3157; x_wconf 73' lang='grc' dir='ltr'><strong>ι</strong></span> 
     </span>
    </p>
   </div>
   <div class='ocr_carea' id='block_1_42' title="bbox 518 3177 2011 3247">
    <p class='ocr_par' dir='ltr' id='par_1_42' title="bbox 518 3177 2011 3247">
     <span class='ocr_line' id='line_1_42' title="bbox 518 3177 2011 3247; baseline 0.002 -20"><span class='ocrx_word' id='word_1_312' title='bbox 518 3178 818 3247; x_wconf 82' lang='lat' dir='ltr'><strong>Aliquando</strong></span> <span class='ocrx_word' id='word_1_313' title='bbox 849 3189 1022 3232; x_wconf 80' lang='lat' dir='ltr'><strong>autem</strong></span> <span class='ocrx_word' id='word_1_314' title='bbox 1046 3179 1317 3246; x_wconf 85' lang='lat' dir='ltr'><strong>duplicata</strong></span> <span class='ocrx_word' id='word_1_315' title='bbox 1342 3177 1522 3247; x_wconf 80' lang='lat' dir='ltr'><strong>littera</strong></span> <span class='ocrx_word' id='word_1_316' title='bbox 1551 3177 1713 3229; x_wconf 72' lang='lat' dir='ltr'><strong>delia.</strong></span> <span class='ocrx_word' id='word_1_317' title='bbox 1778 3195 1796 3227; x_wconf 74' lang='grc' dir='ltr'><strong>ι</strong></span> <span class='ocrx_word' id='word_1_318' title='bbox 1826 3178 2011 3230; x_wconf 89' lang='lat' dir='ltr'><strong>Addo-</strong></span> 
     </span>
    </p>
   </div>
   <div class='ocr_carea' id='block_1_43' title="bbox 445 3246 2081 3318">
    <p class='ocr_par' dir='ltr' id='par_1_43' title="bbox 445 3246 2081 3318">
     <span class='ocr_line' id='line_1_43' title="bbox 445 3246 2081 3318; baseline 0.002 -21"><span class='ocrx_word' id='word_1_319' title='bbox 445 3249 559 3309; x_wconf 89' lang='lat' dir='ltr'><strong>nai,</strong></span> <span class='ocrx_word' id='word_1_320' title='bbox 599 3246 625 3299; x_wconf 58' lang='grc'><strong>»⁷</strong></span> <span class='ocrx_word' id='word_1_321' title='bbox 652 3263 757 3313; x_wconf 84' lang='lat' dir='ltr'><strong>quo</strong></span> <span class='ocrx_word' id='word_1_322' title='bbox 795 3266 812 3299; x_wconf 77' lang='grc' dir='ltr'><strong>ι</strong></span> <span class='ocrx_word' id='word_1_323' title='bbox 843 3249 1229 3318; x_wconf 69' lang='lat' dir='ltr'><strong>prastinientem</strong></span> <span class='ocrx_word' id='word_1_324' title='bbox 1257 3266 1275 3298; x_wconf 71' lang='grc' dir='ltr'><strong>ι</strong></span> <span class='ocrx_word' id='word_1_325' title='bbox 1307 3246 1603 3318; x_wconf 79' lang='lat' dir='ltr'><strong>significari</strong></span> <span class='ocrx_word' id='word_1_326' title='bbox 1633 3248 1795 3318; x_wconf 71' lang='lat' dir='ltr'><strong>dicit,</strong></span> <span class='ocrx_word' id='word_1_327' title='bbox 1828 3248 2009 3300; x_wconf 89' lang='lat' dir='ltr'><strong>forsan</strong></span> <span class='ocrx_word' id='word_1_328' title='bbox 2039 3248 2081 3305; x_wconf 90' lang='lat' dir='ltr'><strong>C.</strong></span> 
     </span>
    </p>
   </div>
   <div class='ocr_carea' id='block_1_44' title="bbox 446 3316 2008 3401">
    <p class='ocr_par' dir='ltr' id='par_1_44' title="bbox 446 3316 2008 3401">
     <span class='ocr_line' id='line_1_44' title="bbox 446 3316 2008 3401; baseline 0 -32"><span class='ocrx_word' id='word_1_329' title='bbox 446 3333 476 3369; x_wconf 88' lang='lat' dir='ltr'><strong>a</strong></span> <span class='ocrx_word' id='word_1_330' title='bbox 507 3325 585 3401; x_wconf 67' lang='grc' dir='ltr'><strong>πε</strong></span> <span class='ocrx_word' id='word_1_331' title='bbox 614 3318 785 3401; x_wconf 81' lang='lat' dir='ltr'><strong>Ddon,</strong></span> <span class='ocrx_word' id='word_1_332' title='bbox 823 3316 966 3386; x_wconf 77' lang='lat' dir='ltr'><strong>quod</strong></span> <span class='ocrx_word' id='word_1_333' title='bbox 994 3318 1365 3401; x_wconf 57' lang='lat' dir='ltr'><strong>estjudigare,</strong></span> <span class='ocrx_word' id='word_1_334' title='bbox 1400 3328 1452 3369; x_wconf 90' lang='lat' dir='ltr'><strong>et</strong></span> <span class='ocrx_word' id='word_1_335' title='bbox 1479 3316 1827 3401; x_wconf 46' lang='lat' dir='ltr'><strong>litesjudicio</strong></span> <span class='ocrx_word' id='word_1_336' title='bbox 1860 3318 2008 3401; x_wconf 41' lang='grc' dir='ltr'><strong>,αιτι-</strong></span> 
     </span>
    </p>
   </div>
   <div class='ocr_carea' id='block_1_45' title="bbox 446 3386 2013 3455">
    <p class='ocr_par' dir='ltr' id='par_1_45' title="bbox 446 3386 2013 3455">
     <span class='ocr_line' id='line_1_45' title="bbox 446 3386 2013 3455; baseline 0.001 -16"><span class='ocrx_word' id='word_1_337' title='bbox 446 3386 631 3450; x_wconf 75' lang='lat' dir='ltr'><strong>ntere;</strong></span> <span class='ocrx_word' id='word_1_338' title='bbox 698 3395 753 3440; x_wconf 88' lang='lat' dir='ltr'><strong>et</strong></span> <span class='ocrx_word' id='word_1_339' title='bbox 794 3402 914 3441; x_wconf 91' lang='lat' dir='ltr'><strong>cum</strong></span> <span class='ocrx_word' id='word_1_340' title='bbox 950 3389 1169 3441; x_wconf 89' lang='lat' dir='ltr'><strong>nomine</strong></span> <span class='ocrx_word' id='word_1_341' title='bbox 1214 3386 1304 3439; x_wconf 87' lang='lat' dir='ltr'><strong>Dei</strong></span> <span class='ocrx_word' id='word_1_342' title='bbox 1357 3389 1675 3455; x_wconf 79' lang='lat' dir='ltr'><strong>componit:</strong></span> <span class='ocrx_word' id='word_1_343' title='bbox 1730 3387 1871 3454; x_wconf 89' lang='lat' dir='ltr'><strong>quod</strong></span> <span class='ocrx_word' id='word_1_344' title='bbox 1900 3387 2013 3454; x_wconf 89' lang='lat' dir='ltr'><strong>ipse</strong></span> 
     </span>
    </p>
   </div>
   <div class='ocr_carea' id='block_1_46' title="bbox 446 3456 2004 3525">
    <p class='ocr_par' dir='ltr' id='par_1_46' title="bbox 446 3456 2004 3525">
     <span class='ocr_line' id='line_1_46' title="bbox 446 3456 2004 3525; baseline 0.001 -17"><span class='ocrx_word' id='word_1_345' title='bbox 446 3458 662 3510; x_wconf 89' lang='lat' dir='ltr'><strong>cunctis</strong></span> <span class='ocrx_word' id='word_1_346' title='bbox 706 3456 989 3510; x_wconf 74' lang='lat' dir='ltr'><strong>clementis</strong></span> <span class='ocrx_word' id='word_1_347' title='bbox 1036 3468 1090 3510; x_wconf 90' lang='lat' dir='ltr'><strong>et</strong></span> <span class='ocrx_word' id='word_1_348' title='bbox 1142 3457 1424 3525; x_wconf 82' lang='lat' dir='ltr'><strong>speciebus</strong></span> <span class='ocrx_word' id='word_1_349' title='bbox 1461 3472 1639 3509; x_wconf 88' lang='lat' dir='ltr'><strong>rerum</strong></span> <span class='ocrx_word' id='word_1_350' title='bbox 1694 3466 2004 3510; x_wconf 86' lang='lat' dir='ltr'><strong>ereatarum</strong></span> 
     </span>
    </p>
   </div>
   <div class='ocr_carea' id='block_1_47' title="bbox 446 3526 2007 3597">
    <p class='ocr_par' dir='ltr' id='par_1_47' title="bbox 446 3526 2007 3597">
     <span class='ocr_line' id='line_1_47' title="bbox 446 3526 2007 3597; baseline 0.001 -19"><span class='ocrx_word' id='word_1_351' title='bbox 446 3528 649 3589; x_wconf 87' lang='lat' dir='ltr'><strong>locum,</strong></span> <span class='ocrx_word' id='word_1_352' title='bbox 675 3526 1034 3597; x_wconf 87' lang='lat' dir='ltr'><strong>ordinemque</strong></span> <span class='ocrx_word' id='word_1_353' title='bbox 1068 3527 1408 3594; x_wconf 64' lang='lat' dir='ltr'><strong>prmliiiierit,</strong></span> <span class='ocrx_word' id='word_1_354' title='bbox 1432 3528 1780 3581; x_wconf 87' lang='lat' dir='ltr'><strong>constituerit</strong></span> <span class='ocrx_word' id='word_1_355' title='bbox 1811 3534 1867 3579; x_wconf 87' lang='lat' dir='ltr'><strong>et</strong></span> <span class='ocrx_word' id='word_1_356' title='bbox 1910 3530 2007 3581; x_wconf 86' lang='lat' dir='ltr'><strong>de-</strong></span> 
     </span>
    </p>
   </div>
   <div class='ocr_carea' id='block_1_48' title="bbox 442 3598 699 3649">
    <p class='ocr_par' dir='ltr' id='par_1_48' title="bbox 442 3598 699 3649">
     <span class='ocr_line' id='line_1_48' title="bbox 442 3598 699 3649; baseline 0 -1"><span class='ocrx_word' id='word_1_357' title='bbox 442 3598 699 3649; x_wconf 86' lang='lat' dir='ltr'><strong>creverit.</strong></span> 
     </span>
    </p>
   </div>
   <div class='ocr_carea' id='block_1_49' title="bbox 517 3664 2003 3735">
    <p class='ocr_par' dir='ltr' id='par_1_49' title="bbox 517 3664 2003 3735">
     <span class='ocr_line' id='line_1_49' title="bbox 517 3664 2003 3735; baseline 0.003 -17"><span class='ocrx_word' id='word_1_358' title='bbox 517 3664 599 3719; x_wconf 80' lang='lat' dir='ltr'><strong>Ne</strong></span> <span class='ocrx_word' id='word_1_359' title='bbox 623 3666 784 3734; x_wconf 74' lang='lat' dir='ltr'><strong>possit</strong></span> <span class='ocrx_word' id='word_1_360' title='bbox 811 3682 947 3735; x_wconf 88' lang='lat' dir='ltr'><strong>aqua</strong></span> <span class='ocrx_word' id='word_1_361' title='bbox 982 3667 1251 3734; x_wconf 79' lang='lat' dir='ltr'><strong>insurgere</strong></span> <span class='ocrx_word' id='word_1_362' title='bbox 1291 3667 1344 3719; x_wconf 89' lang='lat' dir='ltr'><strong>in</strong></span> <span class='ocrx_word' id='word_1_363' title='bbox 1370 3682 1504 3720; x_wconf 78' lang='lat' dir='ltr'><strong>eam.</strong></span> <span class='ocrx_word' id='word_1_364' title='bbox 1541 3667 1618 3721; x_wconf 83' lang='lat' dir='ltr'><strong>ita</strong></span> <span class='ocrx_word' id='word_1_365' title='bbox 1654 3668 1796 3721; x_wconf 91' lang='lat' dir='ltr'><strong>hunc</strong></span> <span class='ocrx_word' id='word_1_366' title='bbox 1827 3667 2003 3722; x_wconf 90' lang='lat' dir='ltr'><strong>locum</strong></span> 
     </span>
    </p>
   </div>
   <div class='ocr_carea' id='block_1_50' title="bbox 442 3737 2005 3805">
    <p class='ocr_par' dir='ltr' id='par_1_50' title="bbox 442 3737 2005 3805">
     <span class='ocr_line' id='line_1_50' title="bbox 442 3737 2005 3805; baseline 0.003 -17"><span class='ocrx_word' id='word_1_367' title='bbox 442 3738 892 3800; x_wconf 86' lang='lat' dir='ltr'><strong>einendavimus,</strong></span> <span class='ocrx_word' id='word_1_368' title='bbox 944 3737 996 3790; x_wconf 91' lang='lat' dir='ltr'><strong>id</strong></span> <span class='ocrx_word' id='word_1_369' title='bbox 1054 3752 1213 3790; x_wconf 78' lang='lat' dir='ltr'><strong>sensu</strong></span> <span class='ocrx_word' id='word_1_370' title='bbox 1248 3739 1592 3805; x_wconf 82' lang='lat' dir='ltr'><strong>postulante:</strong></span> <span class='ocrx_word' id='word_1_371' title='bbox 1646 3740 2005 3805; x_wconf 70' lang='lat' dir='ltr'><strong>expunximiis</strong></span> 
     </span>
    </p>
   </div>
   <div class='ocr_carea' id='block_1_51' title="bbox 443 3808 2002 3875">
    <p class='ocr_par' dir='ltr' id='par_1_51' title="bbox 443 3808 2002 3875">
     <span class='ocr_line' id='line_1_51' title="bbox 443 3808 2002 3875; baseline 0.005 -20"><span class='ocrx_word' id='word_1_372' title='bbox 443 3820 621 3861; x_wconf 80' lang='lat' dir='ltr'><strong>autent</strong></span> <span class='ocrx_word' id='word_1_373' title='bbox 652 3824 670 3857; x_wconf 79' lang='grc' dir='ltr'><strong>ι</strong></span> <span class='ocrx_word' id='word_1_374' title='bbox 710 3821 806 3859; x_wconf 89' lang='lat' dir='ltr'><strong>nec</strong></span> <span class='ocrx_word' id='word_1_375' title='bbox 833 3816 1014 3875; x_wconf 88' lang='lat' dir='ltr'><strong>postea</strong></span> <span class='ocrx_word' id='word_1_376' title='bbox 1041 3821 1202 3875; x_wconf 84' lang='lat' dir='ltr'><strong>quam</strong></span> <span class='ocrx_word' id='word_1_377' title='bbox 1228 3847 1240 3867; x_wconf 91' lang='lat'><strong>,</strong></span> <span class='ocrx_word' id='word_1_378' title='bbox 1277 3825 1295 3857; x_wconf 76' lang='grc' dir='ltr'><strong>ι</strong></span> <span class='ocrx_word' id='word_1_379' title='bbox 1332 3808 1475 3875; x_wconf 90' lang='lat' dir='ltr'><strong>quod</strong></span> <span class='ocrx_word' id='word_1_380' title='bbox 1500 3818 1618 3860; x_wconf 79' lang='lat' dir='ltr'><strong>erat</strong></span> <span class='ocrx_word' id='word_1_381' title='bbox 1668 3809 1721 3860; x_wconf 90' lang='lat' dir='ltr'><strong>in</strong></span> <span class='ocrx_word' id='word_1_382' title='bbox 1755 3812 2002 3863; x_wconf 90' lang='lat' dir='ltr'><strong>omnibus</strong></span> 
     </span>
    </p>
   </div>
   <div class='ocr_carea' id='block_1_52' title="bbox 445 3877 2002 3946">
    <p class='ocr_par' dir='ltr' id='par_1_52' title="bbox 445 3877 2002 3946">
     <span class='ocr_line' id='line_1_52' title="bbox 445 3877 2002 3946; baseline 0.004 -19"><span class='ocrx_word' id='word_1_383' title='bbox 445 3885 554 3933; x_wconf 79' lang='lat' dir='ltr'><strong>tam</strong></span> <span class='ocrx_word' id='word_1_384' title='bbox 583 3877 864 3945; x_wconf 77' lang='lat' dir='ltr'><strong>impressis</strong></span> <span class='ocrx_word' id='word_1_385' title='bbox 888 3892 1047 3945; x_wconf 86' lang='lat' dir='ltr'><strong>quam</strong></span> <span class='ocrx_word' id='word_1_386' title='bbox 1083 3880 1489 3946; x_wconf 83' lang='lat' dir='ltr'><strong>it‘iatiuscriptis,</strong></span> <span class='ocrx_word' id='word_1_387' title='bbox 1529 3880 1691 3931; x_wconf 87' lang='lat' dir='ltr'><strong>etiam</strong></span> <span class='ocrx_word' id='word_1_388' title='bbox 1712 3878 2002 3933; x_wconf 73' lang='lat' dir='ltr'><strong>‘Vaticanis</strong></span> 
     </span>
    </p>
   </div>
   <div class='ocr_carea' id='block_1_53' title="bbox 443 3946 1999 4017">
    <p class='ocr_par' dir='ltr' id='par_1_53' title="bbox 443 3946 1999 4017">
     <span class='ocr_line' id='line_1_53' title="bbox 443 3946 1999 4017; baseline 0.003 -19"><span class='ocrx_word' id='word_1_389' title='bbox 443 3948 744 4003; x_wconf 78' lang='lat' dir='ltr'><strong>codicibus.</strong></span> <span class='ocrx_word' id='word_1_390' title='bbox 787 3946 876 4017; x_wconf 79' lang='lat' dir='ltr'><strong>Sic</strong></span> <span class='ocrx_word' id='word_1_391' title='bbox 922 3956 976 4002; x_wconf 90' lang='lat' dir='ltr'><strong>et</strong></span> <span class='ocrx_word' id='word_1_392' title='bbox 1004 3949 1268 4015; x_wconf 81' lang='lat' dir='ltr'><strong>superiori</strong></span> <span class='ocrx_word' id='word_1_393' title='bbox 1308 3948 1446 4000; x_wconf 86' lang='lat' dir='ltr'><strong>linea</strong></span> <span class='ocrx_word' id='word_1_394' title='bbox 1495 3963 1594 4016; x_wconf 86' lang='lat' dir='ltr'><strong>pro</strong></span> <span class='ocrx_word' id='word_1_395' title='bbox 1651 3968 1669 3999; x_wconf 73' lang='grc' dir='ltr'><strong>ι</strong></span> <span class='ocrx_word' id='word_1_396' title='bbox 1702 3950 1999 4017; x_wconf 86' lang='lat' dir='ltr'><strong>perlinien-</strong></span> 
     </span>
    </p>
   </div>
   <div class='ocr_carea' id='block_1_54' title="bbox 444 4016 1435 4084">
    <p class='ocr_par' dir='ltr' id='par_1_54' title="bbox 444 4016 1435 4084">
     <span class='ocr_line' id='line_1_54' title="bbox 444 4016 1435 4084; baseline 0 -16"><span class='ocrx_word' id='word_1_397' title='bbox 444 4024 575 4079; x_wconf 71' lang='grc' dir='ltr'>ιθιιι,</span> <span class='ocrx_word' id='word_1_398' title='bbox 602 4016 988 4084; x_wconf 75' lang='lat' dir='ltr'><strong>praelinieuleitt</strong></span> <span class='ocrx_word' id='word_1_399' title='bbox 1021 4036 1040 4069; x_wconf 74' lang='grc' dir='ltr'><strong>ι</strong></span> <span class='ocrx_word' id='word_1_400' title='bbox 1083 4020 1435 4083; x_wconf 80' lang='lat' dir='ltr'><strong>reposuimus.</strong></span> 
     </span>
    </p>
   </div>
   <div class='ocr_carea' id='block_1_55' title="bbox 512 4085 1995 4155">
    <p class='ocr_par' dir='ltr' id='par_1_55' title="bbox 512 4085 1995 4155">
     <span class='ocr_line' id='line_1_55' title="bbox 512 4085 1995 4155; baseline 0.003 -17"><span class='ocrx_word' id='word_1_401' title='bbox 512 4085 781 4154; x_wconf 74' lang='lat' dir='ltr'><strong>Sabawtli,</strong></span> <span class='ocrx_word' id='word_1_402' title='bbox 816 4103 909 4154; x_wconf 82' lang='lat' dir='ltr'><strong>per</strong></span> <span class='ocrx_word' id='word_1_403' title='bbox 936 4104 1000 4143; x_wconf 90' lang='grc' dir='ltr'><strong>ω.</strong></span> <span class='ocrx_word' id='word_1_404' title='bbox 1034 4086 1145 4141; x_wconf 87' lang='lat' dir='ltr'><strong>Hoc</strong></span> <span class='ocrx_word' id='word_1_405' title='bbox 1187 4098 1440 4155; x_wconf 84' lang='lat' dir='ltr'><strong>quartum</strong></span> <span class='ocrx_word' id='word_1_406' title='bbox 1479 4088 1625 4143; x_wconf 91' lang='lat' dir='ltr'><strong>inter</strong></span> <span class='ocrx_word' id='word_1_407' title='bbox 1657 4088 1871 4142; x_wconf 89' lang='lat' dir='ltr'><strong>nomina</strong></span> <span class='ocrx_word' id='word_1_408' title='bbox 1906 4088 1995 4142; x_wconf 88' lang='lat' dir='ltr'><strong>Det</strong></span> 
     </span>
    </p>
   </div>
   <div class='ocr_carea' id='block_1_56' title="bbox 442 4153 2004 4226">
    <p class='ocr_par' dir='ltr' id='par_1_56' title="bbox 442 4153 2004 4226">
     <span class='ocr_line' id='line_1_56' title="bbox 442 4153 2004 4226; baseline 0.003 -18"><span class='ocrx_word' id='word_1_409' title='bbox 442 4153 822 4225; x_wconf 76' lang='lat' dir='ltr'><strong>llieroiiymus</strong></span> <span class='ocrx_word' id='word_1_410' title='bbox 862 4169 1147 4210; x_wconf 87' lang='lat' dir='ltr'><strong>enumerat</strong></span> <span class='ocrx_word' id='word_1_411' title='bbox 1174 4153 1493 4226; x_wconf 52' lang='lat' dir='ltr'><strong>{intelligit</strong></span> <span class='ocrx_word' id='word_1_412' title='bbox 1552 4170 1731 4213; x_wconf 88' lang='lat' dir='ltr'><strong>autem</strong></span> <span class='ocrx_word' id='word_1_413' title='bbox 1773 4161 2004 4214; x_wconf 66' lang='lat' dir='ltr'><strong>Ireiiieus</strong></span> 
     </span>
    </p>
   </div>
   <div class='ocr_carea' id='block_1_57' title="bbox 442 4229 2005 4296">
    <p class='ocr_par' dir='ltr' id='par_1_57' title="bbox 442 4229 2005 4296">
     <span class='ocr_line' id='line_1_57' title="bbox 442 4229 2005 4296; baseline 0.004 -22"><span class='ocrx_word' id='word_1_414' title='bbox 442 4239 543 4283; x_wconf 79' lang='lat' dir='ltr'><strong>van</strong></span> <span class='ocrx_word' id='word_1_415' title='bbox 573 4230 780 4282; x_wconf 87' lang='lat' dir='ltr'><strong>cliolem</strong></span> <span class='ocrx_word' id='word_1_416' title='bbox 809 4265 825 4288; x_wconf 92' lang='lat'><strong>,</strong></span> <span class='ocrx_word' id='word_1_417' title='bbox 882 4243 977 4296; x_wconf 90' lang='lat' dir='ltr'><strong>per</strong></span> <span class='ocrx_word' id='word_1_418' title='bbox 1002 4244 1067 4291; x_wconf 89' lang='grc' dir='ltr'><strong>ω,</strong></span> <span class='ocrx_word' id='word_1_419' title='bbox 1121 4229 1262 4295; x_wconf 91' lang='lat' dir='ltr'><strong>quod</strong></span> <span class='ocrx_word' id='word_1_420' title='bbox 1296 4230 1665 4296; x_wconf 89' lang='lat' dir='ltr'><strong>pronuntiatio</strong></span> <span class='ocrx_word' id='word_1_421' title='bbox 1705 4230 1901 4281; x_wconf 87' lang='lat' dir='ltr'><strong>similis</strong></span> <span class='ocrx_word' id='word_1_422' title='bbox 1936 4232 2005 4281; x_wconf 87' lang='lat' dir='ltr'><strong>sit</strong></span> 
     </span>
    </p>
   </div>
   <div class='ocr_carea' id='block_1_58' title="bbox 441 4296 1994 4363">
    <p class='ocr_par' dir='ltr' id='par_1_58' title="bbox 441 4296 1994 4363">
     <span class='ocr_line' id='line_1_58' title="bbox 441 4296 1994 4363; baseline 0.002 -17"><span class='ocrx_word' id='word_1_423' title='bbox 441 4300 742 4363; x_wconf 86' lang='lat' dir='ltr'><strong>utriusque.</strong></span> <span class='ocrx_word' id='word_1_424' title='bbox 771 4296 965 4351; x_wconf 86' lang='lat' dir='ltr'><strong>Nolunt</strong></span> <span class='ocrx_word' id='word_1_425' title='bbox 994 4306 1076 4350; x_wconf 90' lang='lat' dir='ltr'><strong>est</strong></span> <span class='ocrx_word' id='word_1_426' title='bbox 1124 4314 1251 4351; x_wconf 86' lang='lat' dir='ltr'><strong>vero</strong></span> <span class='ocrx_word' id='word_1_427' title='bbox 1294 4299 1373 4349; x_wconf 90' lang='lat' dir='ltr'><strong>vel</strong></span> <span class='ocrx_word' id='word_1_428' title='bbox 1429 4298 1775 4351; x_wconf 85' lang='lat' dir='ltr'><strong>mediocriter</strong></span> <span class='ocrx_word' id='word_1_429' title='bbox 1818 4301 1868 4350; x_wconf 92' lang='lat' dir='ltr'><strong>iii</strong></span> <span class='ocrx_word' id='word_1_430' title='bbox 1899 4301 1994 4349; x_wconf 79' lang='grc' dir='ltr'>Ιιιι-</span> 
     </span>
    </p>
   </div>
   <div class='ocr_carea' id='block_1_59' title="bbox 440 4368 1996 4434">
    <p class='ocr_par' dir='ltr' id='par_1_59' title="bbox 440 4368 1996 4434">
     <span class='ocr_line' id='line_1_59' title="bbox 440 4368 1996 4434; baseline 0.002 -17"><span class='ocrx_word' id='word_1_431' title='bbox 440 4380 542 4434; x_wconf 85' lang='lat' dir='ltr'><strong>gua</strong></span> <span class='ocrx_word' id='word_1_432' title='bbox 572 4376 757 4420; x_wconf 83' lang='lat' dir='ltr'><strong>sancta</strong></span> <span class='ocrx_word' id='word_1_433' title='bbox 791 4369 1042 4432; x_wconf 82' lang='lat' dir='ltr'><strong>versatis,</strong></span> <span class='ocrx_word' id='word_1_434' title='bbox 1105 4386 1301 4423; x_wconf 88' lang='lat' dir='ltr'><strong>nomen</strong></span> <span class='ocrx_word' id='word_1_435' title='bbox 1346 4377 1529 4426; x_wconf 64' lang='lat' dir='ltr'><strong>mna}:</strong></span> <span class='ocrx_word' id='word_1_436' title='bbox 1582 4388 1600 4419; x_wconf 79' lang='grc' dir='ltr'><strong>ι</strong></span> <span class='ocrx_word' id='word_1_437' title='bbox 1641 4368 1952 4422; x_wconf 79' lang='lat' dir='ltr'><strong>Tsliebaoth</strong></span> <span class='ocrx_word' id='word_1_438' title='bbox 1979 4388 1996 4420; x_wconf 78' lang='grc' dir='ltr'><strong>ι</strong></span> 
     </span>
    </p>
   </div>
   <div class='ocr_carea' id='block_1_60' title="bbox 2140 638 3707 711">
    <p class='ocr_par' dir='ltr' id='par_1_60' title="bbox 2140 638 3707 711">
     <span class='ocr_line' id='line_1_60' title="bbox 2140 638 3707 711; baseline -0.005 -16"><span class='ocrx_word' id='word_1_439' title='bbox 2140 638 2419 711; x_wconf 77' lang='lat' dir='ltr'><strong>virtutem,</strong></span> <span class='ocrx_word' id='word_1_440' title='bbox 2488 638 2777 711; x_wconf 85' lang='lat' dir='ltr'><strong>militiam,</strong></span> <span class='ocrx_word' id='word_1_441' title='bbox 2828 654 3059 711; x_wconf 88' lang='lat' dir='ltr'><strong>cuneum</strong></span> <span class='ocrx_word' id='word_1_442' title='bbox 3137 639 3421 711; x_wconf 63' lang='lat' dir='ltr'><strong>militum»</strong></span> <span class='ocrx_word' id='word_1_443' title='bbox 3504 641 3707 711; x_wconf 67' lang='lat' dir='ltr'><strong>signis-</strong></span> 
     </span>
    </p>
   </div>
   <div class='ocr_carea' id='block_1_61' title="bbox 2137 709 3707 781">
    <p class='ocr_par' dir='ltr' id='par_1_61' title="bbox 2137 709 3707 781">
     <span class='ocr_line' id='line_1_61' title="bbox 2137 709 3707 781; baseline 0 -16"><span class='ocrx_word' id='word_1_444' title='bbox 2137 719 2247 765; x_wconf 91' lang='lat' dir='ltr'><strong>cat.</strong></span> <span class='ocrx_word' id='word_1_445' title='bbox 2278 780 2281 781; x_wconf 16' lang='grc' dir='ltr'><em>ν</em></span> <span class='ocrx_word' id='word_1_446' title='bbox 2307 709 2550 781; x_wconf 68' lang='lat' dir='ltr'><strong>Deduxit</strong></span> <span class='ocrx_word' id='word_1_447' title='bbox 2594 720 2778 781; x_wconf 89' lang='lat' dir='ltr'><strong>autem</strong></span> <span class='ocrx_word' id='word_1_448' title='bbox 2833 710 3062 781; x_wconf 69' lang='lat' dir='ltr'><strong>Irenazus</strong></span> <span class='ocrx_word' id='word_1_449' title='bbox 3091 725 3118 761; x_wconf 90' lang='lat' dir='ltr'><strong>a</strong></span> <span class='ocrx_word' id='word_1_450' title='bbox 3149 709 3331 781; x_wconf 79' lang='lat' dir='ltr'><strong>radice</strong></span> <span class='ocrx_word' id='word_1_451' title='bbox 3395 709 3707 781; x_wconf 57' lang='lat' dir='ltr'><strong>numqua</strong></span> 
     </span>
    </p>
   </div>
   <div class='ocr_carea' id='block_1_62' title="bbox 2138 778 3700 850">
    <p class='ocr_par' dir='ltr' id='par_1_62' title="bbox 2138 778 3700 850">
     <span class='ocr_line' id='line_1_62' title="bbox 2138 778 3700 850; baseline 0.001 -16"><span class='ocrx_word' id='word_1_452' title='bbox 2138 780 2377 835; x_wconf 79' lang='lat' dir='ltr'><strong>maxime</strong></span> <span class='ocrx_word' id='word_1_453' title='bbox 2431 779 2677 850; x_wconf 65' lang='lat' dir='ltr'><strong>Syriaca,</strong></span> <span class='ocrx_word' id='word_1_454' title='bbox 2730 779 2998 850; x_wconf 86' lang='lat' dir='ltr'><strong>signiﬁcat</strong></span> <span class='ocrx_word' id='word_1_455' title='bbox 3035 802 3052 829; x_wconf 78' lang='grc' dir='ltr'>σ</span> <span class='ocrx_word' id='word_1_456' title='bbox 3083 779 3238 850; x_wconf 77' lang='lat' dir='ltr'><strong>velle,</strong></span> <span class='ocrx_word' id='word_1_457' title='bbox 3292 778 3641 850; x_wconf 69' lang='lat' dir='ltr'><strong>desiderare;</strong></span> <span class='ocrx_word' id='word_1_458' title='bbox 3683 805 3700 836; x_wconf 86' lang='lat' dir='ltr'><strong>i</strong></span> 
     </span>
    </p>
   </div>
   <div class='ocr_carea' id='block_1_63' title="bbox 2136 848 3707 913">
    <p class='ocr_par' dir='ltr' id='par_1_63' title="bbox 2136 848 3707 913">
     <span class='ocr_line' id='line_1_63' title="bbox 2136 848 3707 913; baseline 0.001 -10"><span class='ocrx_word' id='word_1_459' title='bbox 2136 852 2281 904; x_wconf 89' lang='lat' dir='ltr'><strong>unde</strong></span> <span class='ocrx_word' id='word_1_460' title='bbox 2309 848 2525 904; x_wconf 82' lang='lat' dir='ltr'><strong>verbale</strong></span> <span class='ocrx_word' id='word_1_461' title='bbox 2563 848 2885 903; x_wconf 32' lang='lat' dir='ltr'><strong>Hebraic’um</strong></span> <span class='ocrx_word' id='word_1_462' title='bbox 2911 856 3009 908; x_wconf 56' lang='lat'><strong>’33</strong></span> <span class='ocrx_word' id='word_1_463' title='bbox 3064 867 3084 899; x_wconf 84' lang='grc'><em>‹</em></span> <span class='ocrx_word' id='word_1_464' title='bbox 3120 848 3479 913; x_wconf 82' lang='lat' dir='ltr'><strong>desiderium,</strong></span> <span class='ocrx_word' id='word_1_465' title='bbox 3522 854 3707 907; x_wconf 71' lang='lat' dir='ltr'><strong>Volun-</strong></span> 
     </span>
    </p>
   </div>
   <div class='ocr_carea' id='block_1_64' title="bbox 2140 916 3703 987">
    <p class='ocr_par' dir='ltr' id='par_1_64' title="bbox 2140 916 3703 987">
     <span class='ocr_line' id='line_1_64' title="bbox 2140 916 3703 987; baseline -0.001 -13"><span class='ocrx_word' id='word_1_466' title='bbox 2140 931 2258 983; x_wconf 89' lang='lat' dir='ltr'><strong>tas;</strong></span> <span class='ocrx_word' id='word_1_467' title='bbox 2287 938 2303 969; x_wconf 86' lang='lat' dir='ltr'><strong>i</strong></span> <span class='ocrx_word' id='word_1_468' title='bbox 2331 922 2457 987; x_wconf 86' lang='lat' dir='ltr'><strong>quin</strong></span> <span class='ocrx_word' id='word_1_469' title='bbox 2491 929 2545 973; x_wconf 89' lang='lat' dir='ltr'><strong>et</strong></span> <span class='ocrx_word' id='word_1_470' title='bbox 2593 919 2771 986; x_wconf 83' lang='lat' dir='ltr'><strong>lingua</strong></span> <span class='ocrx_word' id='word_1_471' title='bbox 2797 918 3111 979; x_wconf 84' lang='lat' dir='ltr'><strong>Chaldaica.</strong></span> <span class='ocrx_word' id='word_1_472' title='bbox 3134 920 3247 973; x_wconf 78' lang='lat' dir='ltr'><strong>sive</strong></span> <span class='ocrx_word' id='word_1_473' title='bbox 3279 916 3421 987; x_wconf 85' lang='lat' dir='ltr'><strong>Syra</strong></span> <span class='ocrx_word' id='word_1_474' title='bbox 3467 938 3486 969; x_wconf 76' lang='grc' dir='ltr'><strong>ι</strong></span> <span class='ocrx_word' id='word_1_475' title='bbox 3519 922 3660 975; x_wconf 75' lang='lat' dir='ltr'><strong>Zera</strong></span> <span class='ocrx_word' id='word_1_476' title='bbox 3688 945 3703 973; x_wconf 86' lang='lat' dir='ltr'><strong>i</strong></span> 
     </span>
    </p>
   </div>
   <div class='ocr_carea' id='block_1_65' title="bbox 2135 989 3705 1061">
    <p class='ocr_par' dir='ltr' id='par_1_65' title="bbox 2135 989 3705 1061">
     <span class='ocr_line' id='line_1_65' title="bbox 2135 989 3705 1061; baseline 0.003 -18"><span class='ocrx_word' id='word_1_477' title='bbox 2135 999 2190 1043; x_wconf 92' lang='lat' dir='ltr'><strong>et</strong></span> <span class='ocrx_word' id='word_1_478' title='bbox 2224 1008 2243 1040; x_wconf 71' lang='grc' dir='ltr'><strong>ι</strong></span> <span class='ocrx_word' id='word_1_479' title='bbox 2277 989 2419 1044; x_wconf 89' lang='lat' dir='ltr'><strong>Zove</strong></span> <span class='ocrx_word' id='word_1_480' title='bbox 2450 1009 2468 1043; x_wconf 73' lang='grc' dir='ltr'><strong>ι</strong></span> <span class='ocrx_word' id='word_1_481' title='bbox 2528 990 2840 1059; x_wconf 85' lang='lat' dir='ltr'><strong>signiﬁcant</strong></span> <span class='ocrx_word' id='word_1_482' title='bbox 2894 1006 2913 1040; x_wconf 74' lang='grc' dir='ltr'><strong>ι</strong></span> <span class='ocrx_word' id='word_1_483' title='bbox 2966 989 3100 1044; x_wconf 91' lang='lat' dir='ltr'><strong>bene</strong></span> <span class='ocrx_word' id='word_1_484' title='bbox 3146 989 3363 1059; x_wconf 89' lang='lat' dir='ltr'><strong>placere</strong></span> <span class='ocrx_word' id='word_1_485' title='bbox 3390 998 3449 1042; x_wconf 91' lang='lat' dir='ltr'><strong>et</strong></span> <span class='ocrx_word' id='word_1_486' title='bbox 3494 1003 3705 1061; x_wconf 83' lang='lat' dir='ltr'><strong>gratum</strong></span> 
     </span>
    </p>
   </div>
   <div class='ocr_carea' id='block_1_66' title="bbox 2134 1074 2331 1113">
    <p class='ocr_par' dir='ltr' id='par_1_66' title="bbox 2134 1074 2331 1113">
     <span class='ocr_line' id='line_1_66' title="bbox 2134 1074 2331 1113; baseline -0.01 0"><span class='ocrx_word' id='word_1_487' title='bbox 2134 1074 2274 1113; x_wconf 87' lang='lat' dir='ltr'><strong>esse.</strong></span> <span class='ocrx_word' id='word_1_488' title='bbox 2312 1079 2331 1111; x_wconf 71' lang='grc' dir='ltr'><strong>ι</strong></span> 
     </span>
    </p>
   </div>
   <div class='ocr_carea' id='block_1_67' title="bbox 2205 1127 3706 1199">
    <p class='ocr_par' dir='ltr' id='par_1_67' title="bbox 2205 1127 3706 1199">
     <span class='ocr_line' id='line_1_67' title="bbox 2205 1127 3706 1199; baseline 0.002 -17"><span class='ocrx_word' id='word_1_489' title='bbox 2205 1127 2272 1183; x_wconf 90' lang='lat' dir='ltr'><strong>Ut</strong></span> <span class='ocrx_word' id='word_1_490' title='bbox 2305 1139 2449 1195; x_wconf 85' lang='lat' dir='ltr'><strong>puta.</strong></span> <span class='ocrx_word' id='word_1_491' title='bbox 2483 1127 2853 1199; x_wconf 80' lang='lat' dir='ltr'><strong>Expunximus</strong></span> <span class='ocrx_word' id='word_1_492' title='bbox 2908 1145 2929 1180; x_wconf 71' lang='grc' dir='ltr'><em>ς</em></span> <span class='ocrx_word' id='word_1_493' title='bbox 2960 1134 3021 1183; x_wconf 90' lang='lat' dir='ltr'><strong>ut</strong></span> <span class='ocrx_word' id='word_1_494' title='bbox 3069 1142 3099 1180; x_wconf 90' lang='lat' dir='ltr'><strong>a</strong></span> <span class='ocrx_word' id='word_1_495' title='bbox 3125 1168 3139 1194; x_wconf 91' lang='lat'><strong>,</strong></span> <span class='ocrx_word' id='word_1_496' title='bbox 3172 1144 3191 1181; x_wconf 73' lang='grc' dir='ltr'><strong>ι</strong></span> <span class='ocrx_word' id='word_1_497' title='bbox 3230 1128 3581 1184; x_wconf 85' lang='lat' dir='ltr'><strong>auctoritate</strong></span> <span class='ocrx_word' id='word_1_498' title='bbox 3606 1141 3706 1185; x_wconf 82' lang='lat' dir='ltr'><strong>vet.</strong></span> 
     </span>
    </p>
   </div>
   <div class='ocr_carea' id='block_1_68' title="bbox 2132 1200 2255 1254">
    <p class='ocr_par' dir='ltr' id='par_1_68' title="bbox 2132 1200 2255 1254">
     <span class='ocr_line' id='line_1_68' title="bbox 2132 1200 2255 1254; baseline 0 0"><span class='ocrx_word' id='word_1_499' title='bbox 2132 1200 2255 1254; x_wconf 90' lang='lat' dir='ltr'><strong>cod.</strong></span> 
     </span>
    </p>
   </div>
   <div class='ocr_carea' id='block_1_69' title="bbox 2208 1266 3706 1338">
    <p class='ocr_par' dir='ltr' id='par_1_69' title="bbox 2208 1266 3706 1338">
     <span class='ocr_line' id='line_1_69' title="bbox 2208 1266 3706 1338; baseline 0.002 -18"><span class='ocrx_word' id='word_1_500' title='bbox 2208 1266 2448 1321; x_wconf 81' lang='lat' dir='ltr'><strong>Primum</strong></span> <span class='ocrx_word' id='word_1_501' title='bbox 2495 1271 2677 1323; x_wconf 70' lang='lat' dir='ltr'><strong>cadum</strong></span> <span class='ocrx_word' id='word_1_502' title='bbox 2726 1268 3049 1338; x_wconf 75' lang='lat' dir='ltr'><strong>manifestat.</strong></span> <span class='ocrx_word' id='word_1_503' title='bbox 3082 1267 3215 1338; x_wconf 85' lang='lat' dir='ltr'><strong>Quia</strong></span> <span class='ocrx_word' id='word_1_504' title='bbox 3250 1266 3495 1337; x_wconf 88' lang='lat' dir='ltr'><strong>insignis</strong></span> <span class='ocrx_word' id='word_1_505' title='bbox 3541 1269 3630 1323; x_wconf 86' lang='lat' dir='ltr'><strong>ille</strong></span> <span class='ocrx_word' id='word_1_506' title='bbox 3659 1279 3706 1323; x_wconf 87' lang='lat' dir='ltr'><strong>et</strong></span> 
     </span>
    </p>
   </div>
   <div class='ocr_carea' id='block_1_70' title="bbox 2133 1337 3707 1407">
    <p class='ocr_par' dir='ltr' id='par_1_70' title="bbox 2133 1337 3707 1407">
     <span class='ocr_line' id='line_1_70' title="bbox 2133 1337 3707 1407; baseline -0.003 -13"><span class='ocrx_word' id='word_1_507' title='bbox 2133 1340 2439 1394; x_wconf 87' lang='lat' dir='ltr'><strong>concinnus</strong></span> <span class='ocrx_word' id='word_1_508' title='bbox 2467 1342 2601 1393; x_wconf 90' lang='lat' dir='ltr'><strong>ordo</strong></span> <span class='ocrx_word' id='word_1_509' title='bbox 2651 1339 2990 1407; x_wconf 89' lang='lat' dir='ltr'><strong>planetarum</strong></span> <span class='ocrx_word' id='word_1_510' title='bbox 3024 1377 3039 1398; x_wconf 89' lang='lat'><strong>,</strong></span> <span class='ocrx_word' id='word_1_511' title='bbox 3094 1337 3369 1392; x_wconf 86' lang='lat' dir='ltr'><strong>stellarum</strong></span> <span class='ocrx_word' id='word_1_512' title='bbox 3426 1349 3483 1392; x_wconf 87' lang='lat' dir='ltr'><strong>et</strong></span> <span class='ocrx_word' id='word_1_513' title='bbox 3542 1342 3707 1393; x_wconf 42' lang='lat' dir='ltr'><strong>caele,</strong></span> 
     </span>
    </p>
   </div>
   <div class='ocr_carea' id='block_1_71' title="bbox 2133 1408 3704 1477">
    <p class='ocr_par' dir='ltr' id='par_1_71' title="bbox 2133 1408 3704 1477">
     <span class='ocr_line' id='line_1_71' title="bbox 2133 1408 3704 1477; baseline -0.001 -15"><span class='ocrx_word' id='word_1_514' title='bbox 2133 1411 2295 1462; x_wconf 89' lang='lat' dir='ltr'><strong>stium</strong></span> <span class='ocrx_word' id='word_1_515' title='bbox 2325 1410 2536 1463; x_wconf 91' lang='lat' dir='ltr'><strong>orbium</strong></span> <span class='ocrx_word' id='word_1_516' title='bbox 2568 1424 2664 1477; x_wconf 87' lang='lat' dir='ltr'><strong>per</strong></span> <span class='ocrx_word' id='word_1_517' title='bbox 2692 1410 2912 1463; x_wconf 89' lang='lat' dir='ltr'><strong>ordines</strong></span> <span class='ocrx_word' id='word_1_518' title='bbox 2944 1421 3070 1461; x_wconf 91' lang='lat' dir='ltr'><strong>suos</strong></span> <span class='ocrx_word' id='word_1_519' title='bbox 3096 1408 3411 1475; x_wconf 86' lang='lat' dir='ltr'><strong>dispositus,</strong></span> <span class='ocrx_word' id='word_1_520' title='bbox 3440 1410 3704 1477; x_wconf 82' lang='lat' dir='ltr'><strong>solisque,</strong></span> 
     </span>
    </p>
   </div>
   <div class='ocr_carea' id='block_1_72' title="bbox 2134 1478 3707 1547">
    <p class='ocr_par' dir='ltr' id='par_1_72' title="bbox 2134 1478 3707 1547">
     <span class='ocr_line' id='line_1_72' title="bbox 2134 1478 3707 1547; baseline 0.001 -16"><span class='ocrx_word' id='word_1_521' title='bbox 2134 1478 2308 1532; x_wconf 84' lang='lat' dir='ltr'><strong>instar</strong></span> <span class='ocrx_word' id='word_1_522' title='bbox 2338 1480 2503 1547; x_wconf 89' lang='lat' dir='ltr'><strong>regis,</strong></span> <span class='ocrx_word' id='word_1_523' title='bbox 2533 1479 2821 1547; x_wconf 85' lang='lat' dir='ltr'><strong>splendore</strong></span> <span class='ocrx_word' id='word_1_524' title='bbox 2855 1478 3175 1547; x_wconf 89' lang='lat' dir='ltr'><strong>illustratus,</strong></span> <span class='ocrx_word' id='word_1_525' title='bbox 3205 1479 3490 1533; x_wconf 80' lang='lat' dir='ltr'><strong>exercitus</strong></span> <span class='ocrx_word' id='word_1_526' title='bbox 3523 1490 3582 1533; x_wconf 89' lang='lat' dir='ltr'><strong>et</strong></span> <span class='ocrx_word' id='word_1_527' title='bbox 3616 1481 3707 1532; x_wconf 84' lang='lat' dir='ltr'><strong>mi-</strong></span> 
     </span>
    </p>
   </div>
   <div class='ocr_carea' id='block_1_73' title="bbox 2132 1546 3702 1618">
    <p class='ocr_par' dir='ltr' id='par_1_73' title="bbox 2132 1546 3702 1618">
     <span class='ocr_line' id='line_1_73' title="bbox 2132 1546 3702 1618; baseline 0.003 -19"><span class='ocrx_word' id='word_1_528' title='bbox 2132 1546 2247 1600; x_wconf 92' lang='lat' dir='ltr'><strong>litia</strong></span> <span class='ocrx_word' id='word_1_529' title='bbox 2277 1547 2472 1601; x_wconf 91' lang='lat' dir='ltr'><strong>dicitur</strong></span> <span class='ocrx_word' id='word_1_530' title='bbox 2501 1550 2555 1603; x_wconf 92' lang='lat' dir='ltr'><strong>in</strong></span> <span class='ocrx_word' id='word_1_531' title='bbox 2586 1546 3030 1618; x_wconf 84' lang='lat' dir='ltr'><strong>sacrisLitteris,</strong></span> <span class='ocrx_word' id='word_1_532' title='bbox 3064 1546 3222 1602; x_wconf 89' lang='lat' dir='ltr'><strong>Deut.</strong></span> <span class='ocrx_word' id='word_1_533' title='bbox 3251 1562 3363 1600; x_wconf 83' lang='lat' dir='ltr'><strong>xvii</strong></span> <span class='ocrx_word' id='word_1_534' title='bbox 3390 1565 3405 1610; x_wconf 89' lang='lat'><strong>;</strong></span> <span class='ocrx_word' id='word_1_535' title='bbox 3438 1547 3504 1618; x_wconf 79' lang='lat' dir='ltr'><strong>iV</strong></span> <span class='ocrx_word' id='word_1_536' title='bbox 3573 1548 3702 1618; x_wconf 68' lang='lat' dir='ltr'><strong>Reg.</strong></span> 
     </span>
    </p>
   </div>
   <div class='ocr_carea' id='block_1_74' title="bbox 2132 1617 3705 1684">
    <p class='ocr_par' dir='ltr' id='par_1_74' title="bbox 2132 1617 3705 1684">
     <span class='ocr_line' id='line_1_74' title="bbox 2132 1617 3705 1684; baseline 0.001 -15"><span class='ocrx_word' id='word_1_537' title='bbox 2132 1632 2281 1675; x_wconf 79' lang='lat' dir='ltr'><strong>xvii:</strong></span> <span class='ocrx_word' id='word_1_538' title='bbox 2318 1618 2592 1672; x_wconf 74' lang='lat' dir='ltr'><strong>Nehemize</strong></span> <span class='ocrx_word' id='word_1_539' title='bbox 2637 1634 2727 1681; x_wconf 84' lang='lat' dir='ltr'><strong>ix;</strong></span> <span class='ocrx_word' id='word_1_540' title='bbox 2758 1617 2863 1671; x_wconf 88' lang='lat' dir='ltr'><strong>lsa.</strong></span> <span class='ocrx_word' id='word_1_541' title='bbox 2912 1633 3038 1671; x_wconf 82' lang='lat' dir='ltr'><strong>xxiv</strong></span> <span class='ocrx_word' id='word_1_542' title='bbox 3092 1629 3147 1671; x_wconf 92' lang='lat' dir='ltr'><strong>et</strong></span> <span class='ocrx_word' id='word_1_543' title='bbox 3199 1632 3403 1684; x_wconf 73' lang='lat' dir='ltr'><strong>xuiv;</strong></span> <span class='ocrx_word' id='word_1_544' title='bbox 3431 1617 3552 1672; x_wconf 82' lang='lat' dir='ltr'><strong>Jer.</strong></span> <span class='ocrx_word' id='word_1_545' title='bbox 3586 1617 3705 1680; x_wconf 65' lang='lat' dir='ltr'><strong>m’;</strong></span> 
     </span>
    </p>
   </div>
   <div class='ocr_carea' id='block_1_75' title="bbox 2131 1686 3709 1757">
    <p class='ocr_par' dir='ltr' id='par_1_75' title="bbox 2131 1686 3709 1757">
     <span class='ocr_line' id='line_1_75' title="bbox 2131 1686 3709 1757; baseline 0 -16"><span class='ocrx_word' id='word_1_546' title='bbox 2131 1686 2369 1756; x_wconf 88' lang='lat' dir='ltr'><strong>Soplion.</strong></span> <span class='ocrx_word' id='word_1_547' title='bbox 2401 1704 2440 1755; x_wconf 71' lang='grc' dir='ltr'><strong>ις</strong></span> <span class='ocrx_word' id='word_1_548' title='bbox 2476 1687 2769 1756; x_wconf 74' lang='grc' dir='ltr'>ιιιὶάθο</span> <span class='ocrx_word' id='word_1_549' title='bbox 2800 1687 3220 1750; x_wconf 89' lang='lat' dir='ltr'><strong>ﬁrmamentum,</strong></span> <span class='ocrx_word' id='word_1_550' title='bbox 3254 1688 3308 1740; x_wconf 93' lang='lat' dir='ltr'><strong>in</strong></span> <span class='ocrx_word' id='word_1_551' title='bbox 3335 1702 3449 1756; x_wconf 93' lang='lat' dir='ltr'><strong>quo</strong></span> <span class='ocrx_word' id='word_1_552' title='bbox 3481 1688 3709 1757; x_wconf 54' lang='lat' dir='ltr'><strong>prada-</strong></span> 
     </span>
    </p>
   </div>
   <div class='ocr_carea' id='block_1_76' title="bbox 2130 1757 3708 1824">
    <p class='ocr_par' dir='ltr' id='par_1_76' title="bbox 2130 1757 3708 1824">
     <span class='ocr_line' id='line_1_76' title="bbox 2130 1757 3708 1824; baseline 0 -13"><span class='ocrx_word' id='word_1_553' title='bbox 2130 1773 2249 1811; x_wconf 86' lang='lat' dir='ltr'><strong>rum</strong></span> <span class='ocrx_word' id='word_1_554' title='bbox 2308 1757 2456 1810; x_wconf 90' lang='lat' dir='ltr'><strong>illum</strong></span> <span class='ocrx_word' id='word_1_555' title='bbox 2517 1764 2765 1811; x_wconf 84' lang='lat' dir='ltr'><strong>ordinem</strong></span> <span class='ocrx_word' id='word_1_556' title='bbox 2817 1757 3054 1811; x_wconf 79' lang='lat' dir='ltr'><strong>maxime</strong></span> <span class='ocrx_word' id='word_1_557' title='bbox 3105 1758 3476 1824; x_wconf 88' lang='lat' dir='ltr'><strong>conspicimus</strong></span> <span class='ocrx_word' id='word_1_558' title='bbox 3534 1775 3556 1807; x_wconf 70' lang='grc' dir='ltr'>ε</span> <span class='ocrx_word' id='word_1_559' title='bbox 3610 1758 3708 1811; x_wconf 49' lang='lat' dir='ltr'><strong>Sa‘</strong></span> 
     </span>
    </p>
   </div>
   <div class='ocr_carea' id='block_1_77' title="bbox 2131 1826 3704 1895">
    <p class='ocr_par' dir='ltr' id='par_1_77' title="bbox 2131 1826 3704 1895">
     <span class='ocr_line' id='line_1_77' title="bbox 2131 1826 3704 1895; baseline 0.003 -17"><span class='ocrx_word' id='word_1_560' title='bbox 2131 1826 2316 1893; x_wconf 85' lang='lat' dir='ltr'><strong>haoth,</strong></span> <span class='ocrx_word' id='word_1_561' title='bbox 2354 1844 2372 1877; x_wconf 77' lang='grc' dir='ltr'><strong>ι</strong></span> <span class='ocrx_word' id='word_1_562' title='bbox 2402 1826 2454 1880; x_wconf 89' lang='lat' dir='ltr'><strong>id</strong></span> <span class='ocrx_word' id='word_1_563' title='bbox 2485 1836 2568 1880; x_wconf 89' lang='lat' dir='ltr'><strong>est</strong></span> <span class='ocrx_word' id='word_1_564' title='bbox 2630 1845 2649 1878; x_wconf 71' lang='grc' dir='ltr'><strong>ς</strong></span> <span class='ocrx_word' id='word_1_565' title='bbox 2685 1827 3037 1894; x_wconf 86' lang='lat' dir='ltr'><strong>exercitum,i</strong></span> <span class='ocrx_word' id='word_1_566' title='bbox 3098 1841 3294 1881; x_wconf 80' lang='lat' dir='ltr'><strong>vocare</strong></span> <span class='ocrx_word' id='word_1_567' title='bbox 3332 1829 3533 1895; x_wconf 89' lang='lat' dir='ltr'><strong>potuit.</strong></span> <span class='ocrx_word' id='word_1_568' title='bbox 3570 1826 3704 1882; x_wconf 78' lang='lat' dir='ltr'><strong>Nam</strong></span> 
     </span>
    </p>
   </div>
   <div class='ocr_carea' id='block_1_78' title="bbox 2995 1897 3706 1960">
    <p class='ocr_par' dir='ltr' id='par_1_78' title="bbox 2995 1897 3706 1960">
     <span class='ocr_line' id='line_1_78' title="bbox 2995 1897 3706 1960; baseline 0.003 -10"><span class='ocrx_word' id='word_1_569' title='bbox 2995 1897 3181 1951; x_wconf 85' lang='lat' dir='ltr'><strong>stellas</strong></span> <span class='ocrx_word' id='word_1_570' title='bbox 3212 1899 3378 1960; x_wconf 81' lang='lat' dir='ltr'><strong>fixas;</strong></span> <span class='ocrx_word' id='word_1_571' title='bbox 3418 1900 3571 1951; x_wconf 89' lang='lat' dir='ltr'><strong>unde</strong></span> <span class='ocrx_word' id='word_1_572' title='bbox 3606 1899 3706 1952; x_wconf 83' lang='lat' dir='ltr'><strong>Do-</strong></span> 
     </span>
    </p>
   </div>
   <div class='ocr_carea' id='block_1_79' title="bbox 2131 1965 3703 2036">
    <p class='ocr_par' dir='ltr' id='par_1_79' title="bbox 2131 1965 3703 2036">
     <span class='ocr_line' id='line_1_79' title="bbox 2131 1965 3703 2036; baseline 0.002 -17"><span class='ocrx_word' id='word_1_573' title='bbox 2131 1966 2335 2020; x_wconf 90' lang='lat' dir='ltr'><strong>minum</strong></span> <span class='ocrx_word' id='word_1_574' title='bbox 2369 1969 2706 2021; x_wconf 80' lang='lat' dir='ltr'><strong>exercituum</strong></span> <span class='ocrx_word' id='word_1_575' title='bbox 2730 1977 3007 2036; x_wconf 80' lang='lat' dir='ltr'><strong>expuiiunt</strong></span> <span class='ocrx_word' id='word_1_576' title='bbox 3030 1982 3138 2021; x_wconf 90' lang='lat' dir='ltr'><strong>uno</strong></span> <span class='ocrx_word' id='word_1_577' title='bbox 3167 1982 3330 2021; x_wconf 84' lang='lat' dir='ltr'><strong>sensu</strong></span> <span class='ocrx_word' id='word_1_578' title='bbox 3355 2006 3371 2033; x_wconf 91' lang='lat'><strong>,</strong></span> <span class='ocrx_word' id='word_1_579' title='bbox 3404 1965 3703 2022; x_wconf 87' lang='lat' dir='ltr'><strong>Dominum</strong></span> 
     </span>
    </p>
   </div>
   <div class='ocr_carea' id='block_1_80' title="bbox 2127 2038 3697 2167">
    <p class='ocr_par' dir='ltr' id='par_1_80' title="bbox 2127 2038 3697 2167">
     <span class='ocr_line' id='line_1_80' title="bbox 2127 2038 3697 2167; baseline 0.001 -10"><span class='ocrx_word' id='word_1_580' title='bbox 2127 2038 2401 2159; x_wconf 47' lang='grc' dir='ltr'><strong>⁵1εὲἓᾶἓὲ</strong></span> <span class='ocrx_word' id='word_1_581' title='bbox 2410 2078 2576 2159; x_wconf 55' lang='grc' dir='ltr'><strong>ἠιοᾱο</strong></span> <span class='ocrx_word' id='word_1_582' title='bbox 2604 2113 2653 2159; x_wconf 87' lang='lat' dir='ltr'><strong>et</strong></span> <span class='ocrx_word' id='word_1_583' title='bbox 2674 2104 2873 2159; x_wconf 71' lang='grc' dir='ltr'><strong>ΙαωΗι.</strong></span> <span class='ocrx_word' id='word_1_584' title='bbox 2917 2102 3213 2159; x_wconf 75' lang='lat' dir='ltr'><strong>Vaticanus</strong></span> <span class='ocrx_word' id='word_1_585' title='bbox 3234 2106 3383 2167; x_wconf 89' lang='lat' dir='ltr'><strong>cod.,</strong></span> <span class='ocrx_word' id='word_1_586' title='bbox 3414 2122 3437 2156; x_wconf 77' lang='grc' dir='ltr'><strong>ι</strong></span> <span class='ocrx_word' id='word_1_587' title='bbox 3469 2105 3697 2163; x_wconf 65' lang='grc' dir='ltr'><strong>,ἰαί-οιω</strong></span> 
     </span>
    </p>
   </div>
   <div class='ocr_carea' id='block_1_81' title="bbox 2124 2172 3700 2237">
    <p class='ocr_par' dir='ltr' id='par_1_81' title="bbox 2124 2172 3700 2237">
     <span class='ocr_line' id='line_1_81' title="bbox 2124 2172 3700 2237; baseline 0.001 -10"><span class='ocrx_word' id='word_1_588' title='bbox 2124 2172 2412 2237; x_wconf 65' lang='lat' dir='ltr'><strong>Caeterum,</strong></span> <span class='ocrx_word' id='word_1_589' title='bbox 2464 2192 2483 2225; x_wconf 84' lang='grc'><strong>‹</strong></span> <span class='ocrx_word' id='word_1_590' title='bbox 2533 2174 2692 2229; x_wconf 86' lang='lat' dir='ltr'><strong>Jaoth</strong></span> <span class='ocrx_word' id='word_1_591' title='bbox 2750 2194 2770 2226; x_wconf 69' lang='grc' dir='ltr'><strong>ι</strong></span> <span class='ocrx_word' id='word_1_592' title='bbox 2819 2174 2945 2228; x_wconf 89' lang='lat' dir='ltr'><strong>licet</strong></span> <span class='ocrx_word' id='word_1_593' title='bbox 3002 2175 3195 2228; x_wconf 84' lang='lat' dir='ltr'><strong>habeat</strong></span> <span class='ocrx_word' id='word_1_594' title='bbox 3246 2174 3700 2231; x_wconf 86' lang='lat' dir='ltr'><strong>terminationem</strong></span> 
     </span>
    </p>
   </div>
   <div class='ocr_carea' id='block_1_82' title="bbox 2125 2244 3697 2313">
    <p class='ocr_par' dir='ltr' id='par_1_82' title="bbox 2125 2244 3697 2313">
     <span class='ocr_line' id='line_1_82' title="bbox 2125 2244 3697 2313; baseline 0.001 -16"><span class='ocrx_word' id='word_1_595' title='bbox 2125 2244 2444 2299; x_wconf 85' lang='lat' dir='ltr'><strong>llebraicam</strong></span> <span class='ocrx_word' id='word_1_596' title='bbox 2503 2245 2731 2313; x_wconf 89' lang='lat' dir='ltr'><strong>pluralis</strong></span> <span class='ocrx_word' id='word_1_597' title='bbox 2778 2245 3014 2313; x_wconf 82' lang='lat' dir='ltr'><strong>numeri,</strong></span> <span class='ocrx_word' id='word_1_598' title='bbox 3059 2246 3209 2298; x_wconf 89' lang='lat' dir='ltr'><strong>venit</strong></span> <span class='ocrx_word' id='word_1_599' title='bbox 3260 2245 3620 2300; x_wconf 87' lang='lat' dir='ltr'><strong>nihilominus</strong></span> <span class='ocrx_word' id='word_1_600' title='bbox 3666 2262 3697 2299; x_wconf 78' lang='lat' dir='ltr'><strong>a</strong></span> 
     </span>
    </p>
   </div>
   <div class='ocr_carea' id='block_1_83' title="bbox 2125 2312 3696 2384">
    <p class='ocr_par' dir='ltr' id='par_1_83' title="bbox 2125 2312 3696 2384">
     <span class='ocr_line' id='line_1_83' title="bbox 2125 2312 3696 2384; baseline 0.001 -17"><span class='ocrx_word' id='word_1_601' title='bbox 2125 2316 2307 2368; x_wconf 80' lang='lat' dir='ltr'><strong>radice</strong></span> <span class='ocrx_word' id='word_1_602' title='bbox 2358 2314 2684 2384; x_wconf 85' lang='lat' dir='ltr'><strong>Babylonica</strong></span> <span class='ocrx_word' id='word_1_603' title='bbox 2719 2322 2804 2372; x_wconf 60' lang='grc' dir='ltr'>’δι’</span> <span class='ocrx_word' id='word_1_604' title='bbox 2858 2329 2878 2364; x_wconf 72' lang='grc' dir='ltr'><strong>ι</strong></span> <span class='ocrx_word' id='word_1_605' title='bbox 2928 2312 3047 2380; x_wconf 73' lang='lat' dir='ltr'><strong>lae,</strong></span> <span class='ocrx_word' id='word_1_606' title='bbox 3092 2332 3109 2365; x_wconf 83' lang='lat' dir='ltr'><strong>i</strong></span> <span class='ocrx_word' id='word_1_607' title='bbox 3147 2329 3267 2382; x_wconf 77' lang='lat' dir='ltr'><strong>quae</strong></span> <span class='ocrx_word' id='word_1_608' title='bbox 3299 2332 3324 2384; x_wconf 54' lang='grc' dir='ltr'><strong><em>β</em></strong></span> <span class='ocrx_word' id='word_1_609' title='bbox 3370 2316 3696 2382; x_wconf 86' lang='lat' dir='ltr'><strong>pulchrum,</strong></span> 
     </span>
    </p>
   </div>
   <div class='ocr_carea' id='block_1_84' title="bbox 2121 2383 3698 2455">
    <p class='ocr_par' dir='ltr' id='par_1_84' title="bbox 2121 2383 3698 2455">
     <span class='ocr_line' id='line_1_84' title="bbox 2121 2383 3698 2455; baseline 0.002 -19"><span class='ocrx_word' id='word_1_610' title='bbox 2121 2387 2444 2455; x_wconf 88' lang='lat' dir='ltr'><strong>speciosum,</strong></span> <span class='ocrx_word' id='word_1_611' title='bbox 2485 2404 2502 2435; x_wconf 86' lang='lat' dir='ltr'><strong>i</strong></span> <span class='ocrx_word' id='word_1_612' title='bbox 2548 2395 2603 2437; x_wconf 92' lang='lat' dir='ltr'><strong>et</strong></span> <span class='ocrx_word' id='word_1_613' title='bbox 2644 2402 2661 2435; x_wconf 83' lang='lat' dir='ltr'><strong>i</strong></span> <span class='ocrx_word' id='word_1_614' title='bbox 2708 2385 3009 2455; x_wconf 76' lang='lat' dir='ltr'><strong>elegantem</strong></span> <span class='ocrx_word' id='word_1_615' title='bbox 3070 2403 3089 2435; x_wconf 77' lang='grc' dir='ltr'><strong>ι</strong></span> <span class='ocrx_word' id='word_1_616' title='bbox 3144 2383 3461 2454; x_wconf 86' lang='lat' dir='ltr'><strong>signiﬁcat:</strong></span> <span class='ocrx_word' id='word_1_617' title='bbox 3498 2395 3555 2438; x_wconf 90' lang='lat' dir='ltr'><strong>et</strong></span> <span class='ocrx_word' id='word_1_618' title='bbox 3597 2387 3698 2439; x_wconf 88' lang='lat' dir='ltr'><strong>im-</strong></span> 
     </span>
    </p>
   </div>
   <div class='ocr_carea' id='block_1_85' title="bbox 2120 2453 3697 2523">
    <p class='ocr_par' dir='ltr' id='par_1_85' title="bbox 2120 2453 3697 2523">
     <span class='ocr_line' id='line_1_85' title="bbox 2120 2453 3697 2523; baseline 0.001 -18"><span class='ocrx_word' id='word_1_619' title='bbox 2120 2454 2475 2523; x_wconf 82' lang='lat' dir='ltr'><strong>personaliter</strong></span> <span class='ocrx_word' id='word_1_620' title='bbox 2493 2462 2621 2513; x_wconf 64' lang='lat' dir='ltr'><strong>mw</strong></span> <span class='ocrx_word' id='word_1_621' title='bbox 2650 2471 2668 2504; x_wconf 76' lang='grc' dir='ltr'><strong>ι</strong></span> <span class='ocrx_word' id='word_1_622' title='bbox 2701 2453 2846 2513; x_wconf 79' lang='lat' dir='ltr'><strong>Jeth.</strong></span> <span class='ocrx_word' id='word_1_623' title='bbox 2868 2456 3143 2515; x_wconf 87' lang='lat' dir='ltr'><strong>convenit,</strong></span> <span class='ocrx_word' id='word_1_624' title='bbox 3167 2453 3442 2523; x_wconf 87' lang='lat' dir='ltr'><strong>congruit,</strong></span> <span class='ocrx_word' id='word_1_625' title='bbox 3471 2457 3657 2509; x_wconf 85' lang='lat' dir='ltr'><strong>decet.</strong></span> <span class='ocrx_word' id='word_1_626' title='bbox 3676 2473 3697 2507; x_wconf 72' lang='grc' dir='ltr'><strong>ι</strong></span> 
     </span>
    </p>
   </div>
   <div class='ocr_carea' id='block_1_86' title="bbox 2117 2521 3701 2593">
    <p class='ocr_par' dir='ltr' id='par_1_86' title="bbox 2117 2521 3701 2593">
     <span class='ocr_line' id='line_1_86' title="bbox 2117 2521 3701 2593; baseline 0.003 -21"><span class='ocrx_word' id='word_1_627' title='bbox 2117 2530 2247 2582; x_wconf 60' lang='lat' dir='ltr'><strong>nisi?</strong></span> <span class='ocrx_word' id='word_1_628' title='bbox 2283 2541 2301 2573; x_wconf 78' lang='grc' dir='ltr'><strong>ι</strong></span> <span class='ocrx_word' id='word_1_629' title='bbox 2339 2521 2499 2577; x_wconf 84' lang='lat' dir='ltr'><strong>.Iaiitli</strong></span> <span class='ocrx_word' id='word_1_630' title='bbox 2536 2542 2555 2574; x_wconf 71' lang='grc' dir='ltr'>υ</span> <span class='ocrx_word' id='word_1_631' title='bbox 2592 2533 2771 2576; x_wconf 83' lang='lat' dir='ltr'><strong>autem</strong></span> <span class='ocrx_word' id='word_1_632' title='bbox 2816 2531 2901 2576; x_wconf 89' lang='lat' dir='ltr'><strong>est</strong></span> <span class='ocrx_word' id='word_1_633' title='bbox 2934 2541 2952 2573; x_wconf 77' lang='grc' dir='ltr'><strong>ι</strong></span> <span class='ocrx_word' id='word_1_634' title='bbox 2988 2521 3356 2591; x_wconf 84' lang='lat' dir='ltr'><strong>pulchritudo,</strong></span> <span class='ocrx_word' id='word_1_635' title='bbox 3396 2526 3701 2593; x_wconf 80' lang='lat' dir='ltr'><strong>elegantia,</strong></span> 
     </span>
    </p>
   </div>
   <div class='ocr_carea' id='block_1_87' title="bbox 2123 2593 3707 2662">
    <p class='ocr_par' dir='ltr' id='par_1_87' title="bbox 2123 2593 3707 2662">
     <span class='ocr_line' id='line_1_87' title="bbox 2123 2593 3707 2662; baseline 0 -14"><span class='ocrx_word' id='word_1_636' title='bbox 2123 2598 2323 2658; x_wconf 89' lang='lat' dir='ltr'><strong>decor;</strong></span> <span class='ocrx_word' id='word_1_637' title='bbox 2382 2612 2403 2645; x_wconf 71' lang='grc' dir='ltr'><strong><em>ο</em></strong></span> <span class='ocrx_word' id='word_1_638' title='bbox 2461 2603 2515 2648; x_wconf 91' lang='lat' dir='ltr'><strong>et</strong></span> <span class='ocrx_word' id='word_1_639' title='bbox 2567 2593 2856 2662; x_wconf 89' lang='lat' dir='ltr'><strong>aliquando</strong></span> <span class='ocrx_word' id='word_1_640' title='bbox 2904 2593 3291 2646; x_wconf 84' lang='lat' dir='ltr'><strong>adverbialiter</strong></span> <span class='ocrx_word' id='word_1_641' title='bbox 3341 2596 3570 2662; x_wconf 86' lang='lat' dir='ltr'><strong>ponitur</strong></span> <span class='ocrx_word' id='word_1_642' title='bbox 3605 2610 3707 2661; x_wconf 80' lang='lat' dir='ltr'><strong>pro</strong></span> 
     </span>
    </p>
   </div>
   <div class='ocr_carea' id='block_1_88' title="bbox 2125 2663 3702 2733">
    <p class='ocr_par' dir='ltr' id='par_1_88' title="bbox 2125 2663 3702 2733">
     <span class='ocr_line' id='line_1_88' title="bbox 2125 2663 3702 2733; baseline 0.003 -20"><span class='ocrx_word' id='word_1_643' title='bbox 2125 2682 2144 2713; x_wconf 81' lang='grc' dir='ltr'><strong>ι</strong></span> <span class='ocrx_word' id='word_1_644' title='bbox 2191 2678 2449 2733; x_wconf 83' lang='lat' dir='ltr'><strong>congrue,</strong></span> <span class='ocrx_word' id='word_1_645' title='bbox 2501 2665 2774 2724; x_wconf 88' lang='lat' dir='ltr'><strong>decenter,</strong></span> <span class='ocrx_word' id='word_1_646' title='bbox 2796 2671 3007 2733; x_wconf 85' lang='lat' dir='ltr'><strong>ornate</strong></span> <span class='ocrx_word' id='word_1_647' title='bbox 3055 2674 3108 2733; x_wconf 79' lang='lat' dir='ltr'><strong>et</strong></span> <span class='ocrx_word' id='word_1_648' title='bbox 3156 2664 3349 2718; x_wconf 65' lang='lat' dir='ltr'><strong>bene.»</strong></span> <span class='ocrx_word' id='word_1_649' title='bbox 3410 2663 3481 2717; x_wconf 88' lang='lat' dir='ltr'><strong>Ut</strong></span> <span class='ocrx_word' id='word_1_650' title='bbox 3516 2673 3702 2717; x_wconf 76' lang='lat' dir='ltr'><strong>autem</strong></span> 
     </span>
    </p>
   </div>
   <div class='ocr_carea' id='block_1_89' title="bbox 2114 2732 3696 2803">
    <p class='ocr_par' dir='ltr' id='par_1_89' title="bbox 2114 2732 3696 2803">
     <span class='ocr_line' id='line_1_89' title="bbox 2114 2732 3696 2803; baseline -0.001 -17"><span class='ocrx_word' id='word_1_651' title='bbox 2114 2733 2269 2802; x_wconf 85' lang='lat' dir='ltr'><strong>juxta</strong></span> <span class='ocrx_word' id='word_1_652' title='bbox 2322 2733 2585 2788; x_wconf 71' lang='lat' dir='ltr'><strong>lreiizeutn</strong></span> <span class='ocrx_word' id='word_1_653' title='bbox 2642 2732 2908 2799; x_wconf 87' lang='lat' dir='ltr'><strong>signiﬁcet</strong></span> <span class='ocrx_word' id='word_1_654' title='bbox 2981 2749 3001 2782; x_wconf 79' lang='grc' dir='ltr'><strong>ι</strong></span> <span class='ocrx_word' id='word_1_655' title='bbox 3054 2732 3257 2803; x_wconf 84' lang='lat' dir='ltr'><strong>Fugam</strong></span> <span class='ocrx_word' id='word_1_656' title='bbox 3305 2734 3623 2797; x_wconf 85' lang='lat' dir='ltr'><strong>malorum,</strong></span> <span class='ocrx_word' id='word_1_657' title='bbox 3674 2750 3696 2785; x_wconf 75' lang='grc' dir='ltr'><strong>ι</strong></span> 
     </span>
    </p>
   </div>
   <div class='ocr_carea' id='block_1_90' title="bbox 2118 2803 3705 2871">
    <p class='ocr_par' dir='ltr' id='par_1_90' title="bbox 2118 2803 3705 2871">
     <span class='ocr_line' id='line_1_90' title="bbox 2118 2803 3705 2871; baseline -0.002 -14"><span class='ocrx_word' id='word_1_658' title='bbox 2118 2814 2329 2869; x_wconf 85' lang='lat' dir='ltr'><strong>oportet</strong></span> <span class='ocrx_word' id='word_1_659' title='bbox 2377 2804 2567 2858; x_wconf 90' lang='lat' dir='ltr'><strong>deduci</strong></span> <span class='ocrx_word' id='word_1_660' title='bbox 2623 2818 2651 2855; x_wconf 90' lang='lat' dir='ltr'><strong>a</strong></span> <span class='ocrx_word' id='word_1_661' title='bbox 2702 2810 2822 2864; x_wconf 62' lang='grc' dir='ltr'><strong>τιν’,</strong></span> <span class='ocrx_word' id='word_1_662' title='bbox 2875 2803 2926 2855; x_wconf 92' lang='lat' dir='ltr'><strong>id</strong></span> <span class='ocrx_word' id='word_1_663' title='bbox 2962 2814 3046 2855; x_wconf 90' lang='lat' dir='ltr'><strong>est</strong></span> <span class='ocrx_word' id='word_1_664' title='bbox 3107 2821 3125 2854; x_wconf 77' lang='grc' dir='ltr'><strong>ι</strong></span> <span class='ocrx_word' id='word_1_665' title='bbox 3172 2804 3435 2857; x_wconf 88' lang='lat' dir='ltr'><strong>mundare</strong></span> <span class='ocrx_word' id='word_1_666' title='bbox 3466 2814 3523 2857; x_wconf 92' lang='lat' dir='ltr'><strong>et</strong></span> <span class='ocrx_word' id='word_1_667' title='bbox 3569 2817 3705 2871; x_wconf 87' lang='lat' dir='ltr'><strong>pur-</strong></span> 
     </span>
    </p>
   </div>
   <div class='ocr_carea' id='block_1_91' title="bbox 2120 2872 3705 2942">
    <p class='ocr_par' dir='ltr' id='par_1_91' title="bbox 2120 2872 3705 2942">
     <span class='ocr_line' id='line_1_91' title="bbox 2120 2872 3705 2942; baseline 0 -17"><span class='ocrx_word' id='word_1_668' title='bbox 2120 2888 2279 2941; x_wconf 85' lang='lat' dir='ltr'><strong>gare;</strong></span> <span class='ocrx_word' id='word_1_669' title='bbox 2317 2893 2336 2925; x_wconf 84' lang='lat' dir='ltr'><strong>i</strong></span> <span class='ocrx_word' id='word_1_670' title='bbox 2368 2890 2397 2925; x_wconf 89' lang='lat' dir='ltr'><strong>a</strong></span> <span class='ocrx_word' id='word_1_671' title='bbox 2446 2888 2554 2941; x_wconf 92' lang='lat' dir='ltr'><strong>quo</strong></span> <span class='ocrx_word' id='word_1_672' title='bbox 2580 2882 2707 2935; x_wconf 62' lang='lat' dir='ltr'><strong>09y?</strong></span> <span class='ocrx_word' id='word_1_673' title='bbox 2749 2873 2889 2939; x_wconf 87' lang='lat' dir='ltr'><strong>quod</strong></span> <span class='ocrx_word' id='word_1_674' title='bbox 2939 2872 3147 2926; x_wconf 75' lang='lat' dir='ltr'><strong>ﬂebrzri</strong></span> <span class='ocrx_word' id='word_1_675' title='bbox 3185 2888 3284 2941; x_wconf 87' lang='lat' dir='ltr'><strong>pro</strong></span> <span class='ocrx_word' id='word_1_676' title='bbox 3317 2876 3511 2942; x_wconf 83' lang='lat' dir='ltr'><strong>scopis</strong></span> <span class='ocrx_word' id='word_1_677' title='bbox 3532 2888 3705 2942; x_wconf 68' lang='lat' dir='ltr'><strong>espo-</strong></span> 
     </span>
    </p>
   </div>
   <div class='ocr_carea' id='block_1_92' title="bbox 2119 2942 3700 3004">
    <p class='ocr_par' dir='ltr' id='par_1_92' title="bbox 2119 2942 3700 3004">
     <span class='ocr_line' id='line_1_92' title="bbox 2119 2942 3700 3004; baseline 0.001 -8"><span class='ocrx_word' id='word_1_678' title='bbox 2119 2953 2272 2996; x_wconf 90' lang='lat' dir='ltr'><strong>nnnt.</strong></span> <span class='ocrx_word' id='word_1_679' title='bbox 2324 2942 2436 2998; x_wconf 83' lang='lat' dir='ltr'><strong>Hoc</strong></span> <span class='ocrx_word' id='word_1_680' title='bbox 2488 2954 2666 2996; x_wconf 88' lang='lat' dir='ltr'><strong>autem</strong></span> <span class='ocrx_word' id='word_1_681' title='bbox 2720 2953 2804 2996; x_wconf 92' lang='lat' dir='ltr'><strong>est</strong></span> <span class='ocrx_word' id='word_1_682' title='bbox 2855 2942 2995 2995; x_wconf 87' lang='lat' dir='ltr'><strong>mala</strong></span> <span class='ocrx_word' id='word_1_683' title='bbox 3044 2955 3098 2995; x_wconf 90' lang='lat' dir='ltr'><strong>et</strong></span> <span class='ocrx_word' id='word_1_684' title='bbox 3149 2944 3308 2996; x_wconf 83' lang='lat' dir='ltr'><strong>noxia</strong></span> <span class='ocrx_word' id='word_1_685' title='bbox 3361 2946 3582 3004; x_wconf 85' lang='lat' dir='ltr'><strong>tollere,</strong></span> <span class='ocrx_word' id='word_1_686' title='bbox 3635 2958 3700 2997; x_wconf 80' lang='lat' dir='ltr'><strong>ac</strong></span> 
     </span>
    </p>
   </div>
   <div class='ocr_carea' id='block_1_93' title="bbox 2117 3011 3699 3083">
    <p class='ocr_par' dir='ltr' id='par_1_93' title="bbox 2117 3011 3699 3083">
     <span class='ocr_line' id='line_1_93' title="bbox 2117 3011 3699 3083; baseline -0.001 -16"><span class='ocrx_word' id='word_1_687' title='bbox 2117 3014 2306 3067; x_wconf 87' lang='lat' dir='ltr'><strong>sordes</strong></span> <span class='ocrx_word' id='word_1_688' title='bbox 2337 3012 2519 3082; x_wconf 88' lang='lat' dir='ltr'><strong>procul</strong></span> <span class='ocrx_word' id='word_1_689' title='bbox 2556 3014 2827 3083; x_wconf 80' lang='lat' dir='ltr'><strong>ablegare.</strong></span> <span class='ocrx_word' id='word_1_690' title='bbox 2854 3011 2979 3065; x_wconf 66' lang='lat' dir='ltr'><strong>Hice</strong></span> <span class='ocrx_word' id='word_1_691' title='bbox 3009 3014 3352 3083; x_wconf 82' lang='lat' dir='ltr'><strong>peritissimis</strong></span> <span class='ocrx_word' id='word_1_692' title='bbox 3382 3015 3522 3066; x_wconf 85' lang='lat' dir='ltr'><strong>viris</strong></span> <span class='ocrx_word' id='word_1_693' title='bbox 3549 3028 3699 3066; x_wconf 57' lang='lat' dir='ltr'><strong>conte</strong></span> 
     </span>
    </p>
   </div>
   <div class='ocr_carea' id='block_1_94' title="bbox 2118 3082 3701 3151">
    <p class='ocr_par' dir='ltr' id='par_1_94' title="bbox 2118 3082 3701 3151">
     <span class='ocr_line' id='line_1_94' title="bbox 2118 3082 3701 3151; baseline 0.002 -16"><span class='ocrx_word' id='word_1_694' title='bbox 2118 3084 2413 3146; x_wconf 89' lang='lat' dir='ltr'><strong>municavi,</strong></span> <span class='ocrx_word' id='word_1_695' title='bbox 2450 3083 2646 3151; x_wconf 87' lang='lat' dir='ltr'><strong>quibus</strong></span> <span class='ocrx_word' id='word_1_696' title='bbox 2694 3082 2742 3134; x_wconf 81' lang='lat' dir='ltr'><strong>si</strong></span> <span class='ocrx_word' id='word_1_697' title='bbox 2791 3083 3015 3135; x_wconf 84' lang='lat' dir='ltr'><strong>meliora</strong></span> <span class='ocrx_word' id='word_1_698' title='bbox 3066 3082 3383 3148; x_wconf 57' lang='lat' dir='ltr'><strong>adorantur,</strong></span> <span class='ocrx_word' id='word_1_699' title='bbox 3440 3083 3581 3136; x_wconf 82' lang='lat' dir='ltr'><strong>mihi</strong></span> <span class='ocrx_word' id='word_1_700' title='bbox 3636 3096 3701 3138; x_wconf 79' lang='lat' dir='ltr'><strong>ac</strong></span> 
     </span>
    </p>
   </div>
   <div class='ocr_carea' id='block_1_95' title="bbox 2116 3152 3703 3209">
    <p class='ocr_par' dir='ltr' id='par_1_95' title="bbox 2116 3152 3703 3209">
     <span class='ocr_line' id='line_1_95' title="bbox 2116 3152 3703 3209; baseline 0 -4"><span class='ocrx_word' id='word_1_701' title='bbox 2116 3154 2378 3208; x_wconf 78' lang='lat' dir='ltr'><strong>Studiosis</strong></span> <span class='ocrx_word' id='word_1_702' title='bbox 2410 3155 2546 3209; x_wconf 89' lang='lat' dir='ltr'><strong>bene</strong></span> <span class='ocrx_word' id='word_1_703' title='bbox 2576 3152 2886 3207; x_wconf 90' lang='lat' dir='ltr'><strong>consultum</strong></span> <span class='ocrx_word' id='word_1_704' title='bbox 2924 3154 3105 3207; x_wconf 89' lang='lat' dir='ltr'><strong>fuerit.</strong></span> <span class='ocrx_word' id='word_1_705' title='bbox 3136 3154 3359 3207; x_wconf 81' lang='lat' dir='ltr'><strong>interim</strong></span> <span class='ocrx_word' id='word_1_706' title='bbox 3410 3158 3557 3207; x_wconf 85' lang='lat' dir='ltr'><strong>satis</strong></span> <span class='ocrx_word' id='word_1_707' title='bbox 3597 3154 3703 3205; x_wconf 85' lang='lat' dir='ltr'><strong>erit</strong></span> 
     </span>
    </p>
   </div>
   <div class='ocr_carea' id='block_1_96' title="bbox 2118 3223 3699 3292">
    <p class='ocr_par' dir='ltr' id='par_1_96' title="bbox 2118 3223 3699 3292">
     <span class='ocr_line' id='line_1_96' title="bbox 2118 3223 3699 3292; baseline -0.001 -17"><span class='ocrx_word' id='word_1_708' title='bbox 2118 3224 2167 3275; x_wconf 90' lang='lat' dir='ltr'><strong>id</strong></span> <span class='ocrx_word' id='word_1_709' title='bbox 2204 3224 2515 3287; x_wconf 79' lang='lat' dir='ltr'><strong>observare,</strong></span> <span class='ocrx_word' id='word_1_710' title='bbox 2575 3226 2740 3292; x_wconf 90' lang='lat' dir='ltr'><strong>quod,</strong></span> <span class='ocrx_word' id='word_1_711' title='bbox 2804 3232 2863 3277; x_wconf 91' lang='lat' dir='ltr'><strong>ut</strong></span> <span class='ocrx_word' id='word_1_712' title='bbox 2914 3223 3169 3287; x_wconf 86' lang='lat' dir='ltr'><strong>diximus,</strong></span> <span class='ocrx_word' id='word_1_713' title='bbox 3203 3223 3503 3276; x_wconf 86' lang='lat' dir='ltr'><strong>admodum</strong></span> <span class='ocrx_word' id='word_1_714' title='bbox 3538 3225 3699 3276; x_wconf 60' lang='lat' dir='ltr'><strong>criti-</strong></span> 
     </span>
    </p>
   </div>
   <div class='ocr_carea' id='block_1_97' title="bbox 2116 3294 3698 3357">
    <p class='ocr_par' dir='ltr' id='par_1_97' title="bbox 2116 3294 3698 3357">
     <span class='ocr_line' id='line_1_97' title="bbox 2116 3294 3698 3357; baseline 0.002 -14"><span class='ocrx_word' id='word_1_715' title='bbox 2116 3310 2242 3347; x_wconf 84' lang='lat' dir='ltr'><strong>cere</strong></span> <span class='ocrx_word' id='word_1_716' title='bbox 2290 3297 2484 3348; x_wconf 91' lang='lat' dir='ltr'><strong>nititur</strong></span> <span class='ocrx_word' id='word_1_717' title='bbox 2515 3295 2775 3357; x_wconf 74' lang='lat' dir='ltr'><strong>lremeus,</strong></span> <span class='ocrx_word' id='word_1_718' title='bbox 2808 3296 3178 3348; x_wconf 75' lang='lat' dir='ltr'><strong>diversuatein</strong></span> <span class='ocrx_word' id='word_1_719' title='bbox 3230 3294 3547 3357; x_wconf 82' lang='lat' dir='ltr'><strong>nominum,</strong></span> <span class='ocrx_word' id='word_1_720' title='bbox 3580 3295 3698 3346; x_wconf 70' lang='lat' dir='ltr'><strong>sive</strong></span> 
     </span>
    </p>
   </div>
   <div class='ocr_carea' id='block_1_98' title="bbox 2114 3362 3700 3432">
    <p class='ocr_par' dir='ltr' id='par_1_98' title="bbox 2114 3362 3700 3432">
     <span class='ocr_line' id='line_1_98' title="bbox 2114 3362 3700 3432; baseline -0.004 -13"><span class='ocrx_word' id='word_1_721' title='bbox 2114 3362 2485 3423; x_wconf 69' lang='lat' dir='ltr'><strong>Hebraeorum.</strong></span> <span class='ocrx_word' id='word_1_722' title='bbox 2521 3366 2634 3418; x_wconf 84' lang='lat' dir='ltr'><strong>sive</strong></span> <span class='ocrx_word' id='word_1_723' title='bbox 2663 3364 2996 3425; x_wconf 62' lang='lat' dir='ltr'><strong>Graecorum,</strong></span> <span class='ocrx_word' id='word_1_724' title='bbox 3036 3366 3151 3417; x_wconf 87' lang='lat' dir='ltr'><strong>sive</strong></span> <span class='ocrx_word' id='word_1_725' title='bbox 3190 3362 3548 3424; x_wconf 85' lang='lat' dir='ltr'><strong>Latinorum,</strong></span> <span class='ocrx_word' id='word_1_726' title='bbox 3576 3380 3700 3432; x_wconf 63' lang='lat' dir='ltr'><strong>qui.</strong></span> 
     </span>
    </p>
   </div>
   <div class='ocr_carea' id='block_1_99' title="bbox 2112 3435 3698 3502">
    <p class='ocr_par' dir='ltr' id='par_1_99' title="bbox 2112 3435 3698 3502">
     <span class='ocr_line' id='line_1_99' title="bbox 2112 3435 3698 3502; baseline -0.002 -16"><span class='ocrx_word' id='word_1_727' title='bbox 2112 3436 2216 3487; x_wconf 88' lang='lat' dir='ltr'><strong>bus</strong></span> <span class='ocrx_word' id='word_1_728' title='bbox 2251 3436 2413 3488; x_wconf 89' lang='lat' dir='ltr'><strong>Deutn</strong></span> <span class='ocrx_word' id='word_1_729' title='bbox 2451 3450 2852 3502; x_wconf 85' lang='lat' dir='ltr'><strong>nuncupanius,</strong></span> <span class='ocrx_word' id='word_1_730' title='bbox 2885 3436 3263 3500; x_wconf 84' lang='lat' dir='ltr'><strong>perfectiones,</strong></span> <span class='ocrx_word' id='word_1_731' title='bbox 3292 3435 3698 3502; x_wconf 69' lang='lat' dir='ltr'><strong>proprietates,</strong></span> 
     </span>
    </p>
   </div>
   <div class='ocr_carea' id='block_1_100' title="bbox 2113 3504 3698 3571">
    <p class='ocr_par' dir='ltr' id='par_1_100' title="bbox 2113 3504 3698 3571">
     <span class='ocr_line' id='line_1_100' title="bbox 2113 3504 3698 3571; baseline -0.001 -13"><span class='ocrx_word' id='word_1_732' title='bbox 2113 3514 2169 3558; x_wconf 87' lang='lat' dir='ltr'><strong>et</strong></span> <span class='ocrx_word' id='word_1_733' title='bbox 2222 3508 2504 3559; x_wconf 84' lang='lat' dir='ltr'><strong>innumera</strong></span> <span class='ocrx_word' id='word_1_734' title='bbox 2557 3506 2705 3557; x_wconf 88' lang='lat' dir='ltr'><strong>circa</strong></span> <span class='ocrx_word' id='word_1_735' title='bbox 2766 3519 2865 3557; x_wconf 93' lang='lat' dir='ltr'><strong>nos</strong></span> <span class='ocrx_word' id='word_1_736' title='bbox 2914 3504 3177 3557; x_wconf 86' lang='lat' dir='ltr'><strong>beneﬁcia</strong></span> <span class='ocrx_word' id='word_1_737' title='bbox 3209 3543 3224 3569; x_wconf 93' lang='lat'><strong>,</strong></span> <span class='ocrx_word' id='word_1_738' title='bbox 3288 3512 3343 3555; x_wconf 87' lang='lat' dir='ltr'><strong>at</strong></span> <span class='ocrx_word' id='word_1_739' title='bbox 3407 3519 3698 3571; x_wconf 81' lang='lat' dir='ltr'><strong>nunquam</strong></span> 
     </span>
    </p>
   </div>
   <div class='ocr_carea' id='block_1_101' title="bbox 2112 3573 3698 3645">
    <p class='ocr_par' dir='ltr' id='par_1_101' title="bbox 2112 3573 3698 3645">
     <span class='ocr_line' id='line_1_101' title="bbox 2112 3573 3698 3645; baseline -0.001 -19"><span class='ocrx_word' id='word_1_740' title='bbox 2112 3578 2296 3643; x_wconf 88' lang='lat' dir='ltr'><strong>plures</strong></span> <span class='ocrx_word' id='word_1_741' title='bbox 2326 3577 2454 3628; x_wconf 84' lang='lat' dir='ltr'><strong>deos</strong></span> <span class='ocrx_word' id='word_1_742' title='bbox 2484 3576 2788 3643; x_wconf 85' lang='lat' dir='ltr'><strong>designare.</strong></span> <span class='ocrx_word' id='word_1_743' title='bbox 2821 3573 3204 3645; x_wconf 74' lang='lat' dir='ltr'><strong>Hieronymus,</strong></span> <span class='ocrx_word' id='word_1_744' title='bbox 3240 3576 3404 3642; x_wconf 83' lang='lat' dir='ltr'><strong>epist.</strong></span> <span class='ocrx_word' id='word_1_745' title='bbox 3442 3578 3513 3625; x_wconf 83' lang='lat' dir='ltr'><strong>ad</strong></span> <span class='ocrx_word' id='word_1_746' title='bbox 3548 3573 3698 3625; x_wconf 75' lang='lat' dir='ltr'><strong>Mair-</strong></span> 
     </span>
    </p>
   </div>
   <div class='ocr_carea' id='block_1_102' title="bbox 2112 3644 3695 3712">
    <p class='ocr_par' dir='ltr' id='par_1_102' title="bbox 2112 3644 3695 3712">
     <span class='ocr_line' id='line_1_102' title="bbox 2112 3644 3695 3712; baseline -0.003 -14"><span class='ocrx_word' id='word_1_747' title='bbox 2112 3646 2328 3711; x_wconf 79' lang='lat' dir='ltr'><strong>cellam,</strong></span> <span class='ocrx_word' id='word_1_748' title='bbox 2381 3645 2567 3700; x_wconf 87' lang='lat' dir='ltr'><strong>decem</strong></span> <span class='ocrx_word' id='word_1_749' title='bbox 2617 3647 2835 3697; x_wconf 87' lang='lat' dir='ltr'><strong>nomina</strong></span> <span class='ocrx_word' id='word_1_750' title='bbox 2884 3644 3063 3697; x_wconf 81' lang='lat' dir='ltr'><strong>divina</strong></span> <span class='ocrx_word' id='word_1_751' title='bbox 3091 3645 3361 3712; x_wconf 81' lang='lat' dir='ltr'><strong>explicat,</strong></span> <span class='ocrx_word' id='word_1_752' title='bbox 3408 3648 3507 3697; x_wconf 84' lang='lat' dir='ltr'><strong>sed</strong></span> <span class='ocrx_word' id='word_1_753' title='bbox 3570 3645 3695 3710; x_wconf 85' lang='lat' dir='ltr'><strong>plu-</strong></span> 
     </span>
    </p>
   </div>
   <div class='ocr_carea' id='block_1_103' title="bbox 2119 3716 3693 3783">
    <p class='ocr_par' dir='ltr' id='par_1_103' title="bbox 2119 3716 3693 3783">
     <span class='ocr_line' id='line_1_103' title="bbox 2119 3716 3693 3783; baseline -0.001 -14"><span class='ocrx_word' id='word_1_754' title='bbox 2119 3730 2205 3769; x_wconf 83' lang='lat' dir='ltr'><strong>res</strong></span> <span class='ocrx_word' id='word_1_755' title='bbox 2259 3716 2387 3770; x_wconf 88' lang='lat' dir='ltr'><strong>deos</strong></span> <span class='ocrx_word' id='word_1_756' title='bbox 2454 3726 2733 3783; x_wconf 87' lang='lat' dir='ltr'><strong>pernegat.</strong></span> <span class='ocrx_word' id='word_1_757' title='bbox 2794 3716 3077 3781; x_wconf 86' lang='lat' dir='ltr'><strong>Dionysius</strong></span> <span class='ocrx_word' id='word_1_758' title='bbox 3128 3718 3393 3782; x_wconf 35' lang='lat' dir='ltr'><strong>Areopag.</strong></span> <span class='ocrx_word' id='word_1_759' title='bbox 3465 3716 3693 3783; x_wconf 82' lang='lat' dir='ltr'><strong>triginta</strong></span> 
     </span>
    </p>
   </div>
   <div class='ocr_carea' id='block_1_104' title="bbox 2115 3785 3695 3840">
    <p class='ocr_par' dir='ltr' id='par_1_104' title="bbox 2115 3785 3695 3840">
     <span class='ocr_line' id='line_1_104' title="bbox 2115 3785 3695 3840; baseline -0.001 -2"><span class='ocrx_word' id='word_1_760' title='bbox 2115 3788 2322 3839; x_wconf 88' lang='lat' dir='ltr'><strong>duabus</strong></span> <span class='ocrx_word' id='word_1_761' title='bbox 2362 3785 2788 3840; x_wconf 85' lang='lat' dir='ltr'><strong>nonienclaturis</strong></span> <span class='ocrx_word' id='word_1_762' title='bbox 2823 3788 2930 3838; x_wconf 80' lang='lat' dir='ltr'><strong>lico</strong></span> <span class='ocrx_word' id='word_1_763' title='bbox 2971 3789 3420 3839; x_wconf 83' lang='lat' dir='ltr'><strong>convenientibus</strong></span> <span class='ocrx_word' id='word_1_764' title='bbox 3452 3800 3695 3837; x_wconf 75' lang='lat' dir='ltr'><strong>enunie-</strong></span> 
     </span>
    </p>
   </div>
   <div class='ocr_carea' id='block_1_105' title="bbox 2114 3856 3695 3921">
    <p class='ocr_par' dir='ltr' id='par_1_105' title="bbox 2114 3856 3695 3921">
     <span class='ocr_line' id='line_1_105' title="bbox 2114 3856 3695 3921; baseline 0.001 -15"><span class='ocrx_word' id='word_1_765' title='bbox 2114 3856 2288 3920; x_wconf 90' lang='lat' dir='ltr'><strong>ratis,</strong></span> <span class='ocrx_word' id='word_1_766' title='bbox 2336 3856 2499 3911; x_wconf 83' lang='lat' dir='ltr'><strong>infert</strong></span> <span class='ocrx_word' id='word_1_767' title='bbox 2560 3867 2613 3908; x_wconf 90' lang='lat' dir='ltr'><strong>et</strong></span> <span class='ocrx_word' id='word_1_768' title='bbox 2664 3858 2899 3910; x_wconf 92' lang='lat' dir='ltr'><strong>nominis</strong></span> <span class='ocrx_word' id='word_1_769' title='bbox 2954 3856 3341 3921; x_wconf 83' lang='lat' dir='ltr'><strong>privationem,</strong></span> <span class='ocrx_word' id='word_1_770' title='bbox 3390 3865 3452 3909; x_wconf 88' lang='lat' dir='ltr'><strong>et</strong></span> <span class='ocrx_word' id='word_1_771' title='bbox 3503 3860 3695 3907; x_wconf 80' lang='lat' dir='ltr'><strong>omnia</strong></span> 
     </span>
    </p>
   </div>
   <div class='ocr_carea' id='block_1_106' title="bbox 2110 3925 3694 3993">
    <p class='ocr_par' dir='ltr' id='par_1_106' title="bbox 2110 3925 3694 3993">
     <span class='ocr_line' id='line_1_106' title="bbox 2110 3925 3694 3993; baseline -0.001 -15"><span class='ocrx_word' id='word_1_772' title='bbox 2110 3928 2521 3978; x_wconf 85' lang='lat' dir='ltr'><strong>subsistentiuin</strong></span> <span class='ocrx_word' id='word_1_773' title='bbox 2588 3930 2806 3979; x_wconf 86' lang='lat' dir='ltr'><strong>nomina</strong></span> <span class='ocrx_word' id='word_1_774' title='bbox 2872 3927 2981 3979; x_wconf 88' lang='lat' dir='ltr'><strong>Deo</strong></span> <span class='ocrx_word' id='word_1_775' title='bbox 3039 3930 3198 3980; x_wconf 88' lang='lat' dir='ltr'><strong>unico</strong></span> <span class='ocrx_word' id='word_1_776' title='bbox 3252 3939 3561 3993; x_wconf 84' lang='lat' dir='ltr'><strong>congruere</strong></span> <span class='ocrx_word' id='word_1_777' title='bbox 3622 3925 3694 3976; x_wconf 81' lang='grc'><strong>⁸⁸.</strong></span> 
     </span>
    </p>
   </div>
   <div class='ocr_carea' id='block_1_107' title="bbox 2108 3996 3691 4065">
    <p class='ocr_par' dir='ltr' id='par_1_107' title="bbox 2108 3996 3691 4065">
     <span class='ocr_line' id='line_1_107' title="bbox 2108 3996 3691 4065; baseline -0.001 -18"><span class='ocrx_word' id='word_1_778' title='bbox 2108 3996 2441 4061; x_wconf 81' lang='lat' dir='ltr'><strong>Augustinus</strong></span> <span class='ocrx_word' id='word_1_779' title='bbox 2494 4007 2774 4065; x_wconf 86' lang='lat' dir='ltr'><strong>postquam</strong></span> <span class='ocrx_word' id='word_1_780' title='bbox 2849 3996 3121 4065; x_wconf 83' lang='lat' dir='ltr'><strong>octoginta</strong></span> <span class='ocrx_word' id='word_1_781' title='bbox 3190 3997 3457 4062; x_wconf 85' lang='lat' dir='ltr'><strong>epithetis</strong></span> <span class='ocrx_word' id='word_1_782' title='bbox 3513 3996 3691 4047; x_wconf 85' lang='lat' dir='ltr'><strong>Deum</strong></span> 
     </span>
    </p>
   </div>
   <div class='ocr_carea' id='block_1_108' title="bbox 2107 4064 3693 4135">
    <p class='ocr_par' dir='ltr' id='par_1_108' title="bbox 2107 4064 3693 4135">
     <span class='ocr_line' id='line_1_108' title="bbox 2107 4064 3693 4135; baseline -0.003 -15"><span class='ocrx_word' id='word_1_783' title='bbox 2107 4066 2469 4133; x_wconf 80' lang='lat' dir='ltr'><strong>interpellavit</strong></span> <span class='ocrx_word' id='word_1_784' title='bbox 2516 4064 2774 4135; x_wconf 56' lang='lat' dir='ltr'><strong>captu?!)</strong></span> <span class='ocrx_word' id='word_1_785' title='bbox 2798 4065 2922 4119; x_wconf 85' lang='lat' dir='ltr'><strong>libr.</strong></span> <span class='ocrx_word' id='word_1_786' title='bbox 2957 4064 3387 4130; x_wconf 80' lang='lat' dir='ltr'><strong>Mcditatianum,</strong></span> <span class='ocrx_word' id='word_1_787' title='bbox 3421 4066 3646 4133; x_wconf 83' lang='lat' dir='ltr'><strong>snhjtcit</strong></span> <span class='ocrx_word' id='word_1_788' title='bbox 3676 4080 3693 4115; x_wconf 89' lang='lat'><strong>:</strong></span> 
     </span>
    </p>
   </div>
   <div class='ocr_carea' id='block_1_109' title="bbox 2110 4137 3688 4203">
    <p class='ocr_par' dir='ltr' id='par_1_109' title="bbox 2110 4137 3688 4203">
     <span class='ocr_line' id='line_1_109' title="bbox 2110 4137 3688 4203; baseline 0.001 -20"><span class='ocrx_word' id='word_1_789' title='bbox 2110 4153 2145 4183; x_wconf 77' lang='grc' dir='ltr'>ι.</span> <span class='ocrx_word' id='word_1_790' title='bbox 2187 4137 2242 4187; x_wconf 72' lang='grc' dir='ltr'>δι</span> <span class='ocrx_word' id='word_1_791' title='bbox 2288 4146 2457 4189; x_wconf 84' lang='lat' dir='ltr'><strong>totum</strong></span> <span class='ocrx_word' id='word_1_792' title='bbox 2508 4138 2765 4189; x_wconf 85' lang='lat' dir='ltr'><strong>mundum</strong></span> <span class='ocrx_word' id='word_1_793' title='bbox 2820 4138 2945 4190; x_wconf 89' lang='lat' dir='ltr'><strong>libri</strong></span> <span class='ocrx_word' id='word_1_794' title='bbox 3002 4137 3268 4203; x_wconf 88' lang='lat' dir='ltr'><strong>repleant,</strong></span> <span class='ocrx_word' id='word_1_795' title='bbox 3310 4145 3399 4188; x_wconf 88' lang='lat' dir='ltr'><strong>tua</strong></span> <span class='ocrx_word' id='word_1_796' title='bbox 3450 4137 3688 4189; x_wconf 71' lang='lat' dir='ltr'><strong>screnti:</strong></span> 
     </span>
    </p>
   </div>
   <div class='ocr_carea' id='block_1_110' title="bbox 2106 4206 3694 4276">
    <p class='ocr_par' dir='ltr' id='par_1_110' title="bbox 2106 4206 3694 4276">
     <span class='ocr_line' id='line_1_110' title="bbox 2106 4206 3694 4276; baseline 0.001 -19"><span class='ocrx_word' id='word_1_797' title='bbox 2106 4206 2490 4259; x_wconf 83' lang='lat' dir='ltr'><strong>inenarrabilis</strong></span> <span class='ocrx_word' id='word_1_798' title='bbox 2520 4206 2781 4275; x_wconf 87' lang='lat' dir='ltr'><strong>explicari</strong></span> <span class='ocrx_word' id='word_1_799' title='bbox 2831 4224 2936 4263; x_wconf 91' lang='lat' dir='ltr'><strong>non</strong></span> <span class='ocrx_word' id='word_1_800' title='bbox 2982 4218 3192 4276; x_wconf 75' lang='lat' dir='ltr'><strong>potest;</strong></span> <span class='ocrx_word' id='word_1_801' title='bbox 3242 4209 3511 4276; x_wconf 82' lang='lat' dir='ltr'><strong>quoniam</strong></span> <span class='ocrx_word' id='word_1_802' title='bbox 3562 4219 3694 4259; x_wconf 76' lang='lat' dir='ltr'><strong>vero</strong></span> 
     </span>
    </p>
   </div>
   <div class='ocr_carea' id='block_1_111' title="bbox 2110 4277 2727 4342">
    <p class='ocr_par' dir='ltr' id='par_1_111' title="bbox 2110 4277 2727 4342">
     <span class='ocr_line' id='line_1_111' title="bbox 2110 4277 2727 4342; baseline 0.002 -14"><span class='ocrx_word' id='word_1_803' title='bbox 2110 4277 2404 4331; x_wconf 73' lang='lat' dir='ltr'><strong>ludiciblils</strong></span> <span class='ocrx_word' id='word_1_804' title='bbox 2433 4291 2510 4342; x_wconf 90' lang='lat' dir='ltr'><strong>es,</strong></span> <span class='ocrx_word' id='word_1_805' title='bbox 2560 4294 2581 4329; x_wconf 71' lang='grc' dir='ltr'><strong>ι</strong></span> <span class='ocrx_word' id='word_1_806' title='bbox 2619 4288 2727 4332; x_wconf 87' lang='lat' dir='ltr'><strong>etc.</strong></span> 
     </span>
    </p>
   </div>
   <div class='ocr_carea' id='block_1_112' title="bbox 442 4508 3663 4537">
    <p class='ocr_par' dir='ltr' id='par_1_112' title="bbox 442 4508 3663 4537">
     <span class='ocr_line' id='line_1_112' title="bbox 442 4508 3663 4537; baseline 0.001 -2"><span class='ocrx_word' id='word_1_807' title='bbox 442 4508 3663 4537; x_wconf 46' lang='grc' dir='ltr'><strong>Μ</strong></span> 
     </span>
    </p>
   </div>
   <div class='ocr_carea' id='block_1_113' title="bbox 1437 4688 2699 4810">
    <p class='ocr_par' dir='ltr' id='par_1_113' title="bbox 1437 4688 2699 4810">
     <span class='ocr_line' id='line_1_113' title="bbox 1437 4688 2699 4810; baseline -0.006 0"><span class='ocrx_word' id='word_1_808' title='bbox 1437 4690 2191 4810; x_wconf 80' lang='lat' dir='ltr'><strong>VARIORUM</strong></span> <span class='ocrx_word' id='word_1_809' title='bbox 2271 4688 2699 4807; x_wconf 63' lang='grc' dir='ltr'><strong>ΝΟΤίΕ</strong></span> 
     </span>
    </p>
   </div>
   <div class='ocr_carea' id='block_1_114' title="bbox 865 4926 3234 5020">
    <p class='ocr_par' dir='ltr' id='par_1_114' title="bbox 865 4926 3234 5020">
     <span class='ocr_line' id='line_1_114' title="bbox 865 4926 3234 5020; baseline 0.001 -3"><span class='ocrx_word' id='word_1_810' title='bbox 865 4928 991 5017; x_wconf 87' lang='grc' dir='ltr'><strong>ΙΝ</strong></span> <span class='ocrx_word' id='word_1_811' title='bbox 1067 4926 1530 5020; x_wconf 82' lang='lat' dir='ltr'><strong>LIBRUM</strong></span> <span class='ocrx_word' id='word_1_812' title='bbox 1605 4926 2156 5018; x_wconf 79' lang='lat' dir='ltr'><strong>TERTIUM</strong></span> <span class='ocrx_word' id='word_1_813' title='bbox 2230 4926 2644 5019; x_wconf 83' lang='lat' dir='ltr'><strong>SANCTI</strong></span> <span class='ocrx_word' id='word_1_814' title='bbox 2728 4929 3234 5020; x_wconf 70' lang='lat' dir='ltr'><strong>lliEN/EI.</strong></span> 
     </span>
    </p>
   </div>
   <div class='ocr_carea' id='block_1_115' title="bbox 437 5254 3685 5334">
    <p class='ocr_par' dir='ltr' id='par_1_115' title="bbox 437 5254 3685 5334">
     <span class='ocr_line' id='line_1_115' title="bbox 437 5254 3685 5334; baseline 0.001 -25"><span class='ocrx_word' id='word_1_815' title='bbox 437 5254 816 5313; x_wconf 73' lang='lat' dir='ltr'><strong>Adnotationcs</strong></span> <span class='ocrx_word' id='word_1_816' title='bbox 858 5256 953 5313; x_wconf 83' lang='lat' dir='ltr'><strong>Fr.</strong></span> <span class='ocrx_word' id='word_1_817' title='bbox 983 5254 1329 5316; x_wconf 82' lang='lat' dir='ltr'><strong>Feuardentii</strong></span> <span class='ocrx_word' id='word_1_818' title='bbox 1361 5260 1417 5317; x_wconf 82' lang='lat' dir='ltr'><strong>in</strong></span> <span class='ocrx_word' id='word_1_819' title='bbox 1456 5261 1825 5332; x_wconf 63' lang='lat' dir='ltr'><strong>pretationem</strong></span> <span class='ocrx_word' id='word_1_820' title='bbox 1880 5262 2000 5318; x_wconf 83' lang='lat' dir='ltr'><strong>libri</strong></span> <span class='ocrx_word' id='word_1_821' title='bbox 2035 5268 2077 5324; x_wconf 87' lang='lat' dir='ltr'>D</span> <span class='ocrx_word' id='word_1_822' title='bbox 2108 5262 2234 5329; x_wconf 88' lang='lat' dir='ltr'><strong>ﬁde,</strong></span> <span class='ocrx_word' id='word_1_823' title='bbox 2266 5265 2522 5334; x_wconf 86' lang='lat' dir='ltr'><strong>operibus</strong></span> <span class='ocrx_word' id='word_1_824' title='bbox 2550 5263 2802 5319; x_wconf 89' lang='lat' dir='ltr'><strong>omnibus</strong></span> <span class='ocrx_word' id='word_1_825' title='bbox 2830 5262 3080 5327; x_wconf 86' lang='lat' dir='ltr'><strong>seclusis,</strong></span> <span class='ocrx_word' id='word_1_826' title='bbox 3123 5260 3305 5331; x_wconf 81' lang='lat' dir='ltr'><strong>justos</strong></span> <span class='ocrx_word' id='word_1_827' title='bbox 3350 5272 3545 5334; x_wconf 81' lang='lat' dir='ltr'><strong>coram</strong></span> <span class='ocrx_word' id='word_1_828' title='bbox 3578 5259 3685 5314; x_wconf 87' lang='lat' dir='ltr'><strong>Deo</strong></span> 
     </span>
    </p>
   </div>
   <div class='ocr_carea' id='block_1_116' title="bbox 1135 5336 1296 5385">
    <p class='ocr_par' dir='ltr' id='par_1_116' title="bbox 1135 5336 1296 5385">
     <span class='ocr_line' id='line_1_116' title="bbox 1135 5336 1296 5385; baseline 0.012 -2"><span class='ocrx_word' id='word_1_829' title='bbox 1135 5336 1296 5385; x_wconf 85' lang='lat' dir='ltr'><strong>tertii.</strong></span> 
     </span>
    </p>
   </div>
   <div class='ocr_carea' id='block_1_117' title="bbox 511 5399 2001 5472">
    <p class='ocr_par' dir='ltr' id='par_1_117' title="bbox 511 5399 2001 5472">
     <span class='ocr_line' id='line_1_117' title="bbox 511 5399 2001 5472; baseline 0.003 -20"><span class='ocrx_word' id='word_1_830' title='bbox 511 5399 644 5467; x_wconf 69' lang='lat' dir='ltr'><strong>Pag.</strong></span> <span class='ocrx_word' id='word_1_831' title='bbox 678 5400 802 5455; x_wconf 77' lang='grc'><strong>175.</strong></span> <span class='ocrx_word' id='word_1_832' title='bbox 841 5399 948 5472; x_wconf 65' lang='lat' dir='ltr'><strong>Pro</strong></span> <span class='ocrx_word' id='word_1_833' title='bbox 992 5400 1105 5454; x_wconf 78' lang='lat' dir='ltr'><strong>sola</strong></span> <span class='ocrx_word' id='word_1_834' title='bbox 1154 5417 1298 5459; x_wconf 76' lang='lat' dir='ltr'><strong>vera.</strong></span> <span class='ocrx_word' id='word_1_835' title='bbox 1346 5400 1473 5458; x_wconf 76' lang='lat' dir='ltr'><strong>llzec</strong></span> <span class='ocrx_word' id='word_1_836' title='bbox 1501 5402 1664 5457; x_wconf 86' lang='lat' dir='ltr'><strong>verba</strong></span> <span class='ocrx_word' id='word_1_837' title='bbox 1696 5402 1858 5472; x_wconf 87' lang='lat' dir='ltr'><strong>impie</strong></span> <span class='ocrx_word' id='word_1_838' title='bbox 1891 5410 2001 5458; x_wconf 89' lang='lat' dir='ltr'><strong>tor-</strong></span> 
     </span>
    </p>
   </div>
   <div class='ocr_carea' id='block_1_118' title="bbox 438 5470 1998 5540">
    <p class='ocr_par' dir='ltr' id='par_1_118' title="bbox 438 5470 1998 5540">
     <span class='ocr_line' id='line_1_118' title="bbox 438 5470 1998 5540; baseline 0.004 -21"><span class='ocrx_word' id='word_1_839' title='bbox 438 5481 568 5537; x_wconf 86' lang='lat' dir='ltr'><strong>quet</strong></span> <span class='ocrx_word' id='word_1_840' title='bbox 605 5472 824 5537; x_wconf 84' lang='lat' dir='ltr'><strong>quidam</strong></span> <span class='ocrx_word' id='word_1_841' title='bbox 870 5470 1208 5528; x_wconf 88' lang='lat' dir='ltr'><strong>llermaiinus</strong></span> <span class='ocrx_word' id='word_1_842' title='bbox 1236 5474 1658 5529; x_wconf 87' lang='lat' dir='ltr'><strong>Hainelmanuus</strong></span> <span class='ocrx_word' id='word_1_843' title='bbox 1698 5470 1791 5527; x_wconf 74' lang='lat' dir='ltr'><strong>lib.</strong></span> <span class='ocrx_word' id='word_1_844' title='bbox 1839 5488 1998 5540; x_wconf 88' lang='lat' dir='ltr'><strong>quem</strong></span> 
     </span>
    </p>
   </div>
   <div class='ocr_carea' id='block_1_119' title="bbox 441 5540 2001 5604">
    <p class='ocr_par' dir='ltr' id='par_1_119' title="bbox 441 5540 2001 5604">
     <span class='ocr_line' id='line_1_119' title="bbox 441 5540 2001 5604; baseline 0.002 -13"><span class='ocrx_word' id='word_1_845' title='bbox 441 5541 715 5604; x_wconf 75' lang='lat' dir='ltr'><strong>inscripsit</strong></span> <span class='ocrx_word' id='word_1_846' title='bbox 748 5557 761 5591; x_wconf 91' lang='lat'><strong>:</strong></span> <span class='ocrx_word' id='word_1_847' title='bbox 794 5540 867 5593; x_wconf 82' lang='lat' dir='ltr'><strong>De</strong></span> <span class='ocrx_word' id='word_1_848' title='bbox 920 5544 1159 5594; x_wconf 78' lang='lat' dir='ltr'><strong>unanimi</strong></span> <span class='ocrx_word' id='word_1_849' title='bbox 1204 5560 1460 5597; x_wconf 76' lang='lat' dir='ltr'><strong>consensu</strong></span> <span class='ocrx_word' id='word_1_850' title='bbox 1509 5541 1735 5597; x_wconf 79' lang='lat' dir='ltr'><strong>Patrum</strong></span> <span class='ocrx_word' id='word_1_851' title='bbox 1776 5546 1839 5596; x_wconf 85' lang='lat' dir='ltr'><strong>de</strong></span> <span class='ocrx_word' id='word_1_852' title='bbox 1887 5544 2001 5596; x_wconf 75' lang='lat' dir='ltr'><strong>sola</strong></span> 
     </span>
    </p>
   </div>
   <div class='ocr_carea' id='block_1_120' title="bbox 437 5609 2005 5682">
    <p class='ocr_par' dir='ltr' id='par_1_120' title="bbox 437 5609 2005 5682">
     <span class='ocr_line' id='line_1_120' title="bbox 437 5609 2005 5682; baseline 0.003 -23"><span class='ocrx_word' id='word_1_853' title='bbox 437 5611 543 5677; x_wconf 76' lang='lat' dir='ltr'><strong>[ide</strong></span> <span class='ocrx_word' id='word_1_854' title='bbox 585 5609 947 5682; x_wconf 69' lang='lat' dir='ltr'><strong>justi/inania;</strong></span> <span class='ocrx_word' id='word_1_855' title='bbox 989 5621 1045 5665; x_wconf 93' lang='lat' dir='ltr'><strong>ut</strong></span> <span class='ocrx_word' id='word_1_856' title='bbox 1094 5624 1147 5666; x_wconf 91' lang='lat' dir='ltr'><strong>et</strong></span> <span class='ocrx_word' id='word_1_857' title='bbox 1194 5614 1296 5667; x_wconf 87' lang='lat' dir='ltr'><strong>alia</strong></span> <span class='ocrx_word' id='word_1_858' title='bbox 1343 5618 1531 5679; x_wconf 87' lang='lat' dir='ltr'><strong>verba,</strong></span> <span class='ocrx_word' id='word_1_859' title='bbox 1586 5630 1706 5682; x_wconf 77' lang='lat' dir='ltr'><strong>qua:</strong></span> <span class='ocrx_word' id='word_1_860' title='bbox 1734 5614 2005 5667; x_wconf 87' lang='lat' dir='ltr'><strong>habentur</strong></span> 
     </span>
    </p>
   </div>
   <div class='ocr_carea' id='block_1_121' title="bbox 443 5679 2003 5752">
    <p class='ocr_par' dir='ltr' id='par_1_121' title="bbox 443 5679 2003 5752">
     <span class='ocr_line' id='line_1_121' title="bbox 443 5679 2003 5752; baseline 0.002 -20"><span class='ocrx_word' id='word_1_861' title='bbox 443 5682 583 5732; x_wconf 78' lang='lat' dir='ltr'><strong>iiit&#39;i-a</strong></span> <span class='ocrx_word' id='word_1_862' title='bbox 633 5679 725 5752; x_wconf 86' lang='lat' dir='ltr'><strong>lib.</strong></span> <span class='ocrx_word' id='word_1_863' title='bbox 763 5696 858 5752; x_wconf 17' lang='lat' dir='ltr'><strong>illi,</strong></span> <span class='ocrx_word' id='word_1_864' title='bbox 890 5697 1007 5749; x_wconf 86' lang='lat' dir='ltr'><strong>cap.</strong></span> <span class='ocrx_word' id='word_1_865' title='bbox 1054 5684 1145 5745; x_wconf 66' lang='grc'><strong>22,</strong></span> <span class='ocrx_word' id='word_1_866' title='bbox 1179 5695 1230 5737; x_wconf 91' lang='lat' dir='ltr'><strong>et</strong></span> <span class='ocrx_word' id='word_1_867' title='bbox 1267 5685 1363 5738; x_wconf 91' lang='lat' dir='ltr'><strong>lib.</strong></span> <span class='ocrx_word' id='word_1_868' title='bbox 1416 5700 1489 5748; x_wconf 87' lang='grc' dir='ltr'><strong>ιν,</strong></span> <span class='ocrx_word' id='word_1_869' title='bbox 1536 5679 1656 5752; x_wconf 85' lang='lat' dir='ltr'><strong>cap.</strong></span> <span class='ocrx_word' id='word_1_870' title='bbox 1696 5684 1780 5745; x_wconf 79' lang='lat' dir='ltr'><strong>l5,</strong></span> <span class='ocrx_word' id='word_1_871' title='bbox 1808 5683 2003 5751; x_wconf 84' lang='lat' dir='ltr'><strong>quibus</strong></span> 
     </span>
    </p>
   </div>
   <div class='ocr_carea' id='block_1_122' title="bbox 440 5751 2006 5826">
    <p class='ocr_par' dir='ltr' id='par_1_122' title="bbox 440 5751 2006 5826">
     <span class='ocr_line' id='line_1_122' title="bbox 440 5751 2006 5826; baseline 0.003 -23"><span class='ocrx_word' id='word_1_872' title='bbox 440 5751 717 5804; x_wconf 85' lang='lat' dir='ltr'><strong>contendit</strong></span> <span class='ocrx_word' id='word_1_873' title='bbox 760 5751 1017 5805; x_wconf 71' lang='lat' dir='ltr'><strong>lrenmuni</strong></span> <span class='ocrx_word' id='word_1_874' title='bbox 1057 5754 1123 5807; x_wconf 90' lang='lat' dir='ltr'><strong>iis</strong></span> <span class='ocrx_word' id='word_1_875' title='bbox 1150 5753 1457 5826; x_wconf 86' lang='lat' dir='ltr'><strong>suﬁragari,</strong></span> <span class='ocrx_word' id='word_1_876' title='bbox 1487 5756 1576 5825; x_wconf 91' lang='lat' dir='ltr'><strong>qui</strong></span> <span class='ocrx_word' id='word_1_877' title='bbox 1609 5751 1751 5811; x_wconf 84' lang='lat' dir='ltr'><strong>nuda</strong></span> <span class='ocrx_word' id='word_1_878' title='bbox 1781 5758 2006 5821; x_wconf 85' lang='lat' dir='ltr'><strong>solaque</strong></span> 
     </span>
    </p>
   </div>
   <div class='ocr_carea' id='block_1_123' title="bbox 447 5886 1211 5957">
    <p class='ocr_par' dir='ltr' id='par_1_123' title="bbox 447 5886 1211 5957">
     <span class='ocr_line' id='line_1_123' title="bbox 447 5886 1211 5957; baseline 0.008 -20"><span class='ocrx_word' id='word_1_879' title='bbox 447 5886 490 5914; x_wconf 82' lang='lat'>&quot;</span> <span class='ocrx_word' id='word_1_880' title='bbox 527 5887 655 5957; x_wconf 67' lang='lat' dir='ltr'><strong>(lup.</strong></span> <span class='ocrx_word' id='word_1_881' title='bbox 684 5887 718 5941; x_wconf 54' lang='grc' dir='ltr'><strong>ἢ</strong></span> <span class='ocrx_word' id='word_1_882' title='bbox 761 5887 832 5946; x_wconf 86' lang='lat' dir='ltr'><strong>De</strong></span> <span class='ocrx_word' id='word_1_883' title='bbox 864 5888 1030 5943; x_wconf 71' lang='lat' dir='ltr'><strong>divin.</strong></span> <span class='ocrx_word' id='word_1_884' title='bbox 1071 5905 1211 5944; x_wconf 89' lang='lat' dir='ltr'><strong>noni.</strong></span> 
     </span>
    </p>
   </div>
   <div class='ocr_carea' id='block_1_124' title="bbox 2106 5331 3684 5399">
    <p class='ocr_par' dir='ltr' id='par_1_124' title="bbox 2106 5331 3684 5399">
     <span class='ocr_line' id='line_1_124' title="bbox 2106 5331 3684 5399; baseline -0.003 -12"><span class='ocrx_word' id='word_1_885' title='bbox 2106 5331 2354 5391; x_wconf 82' lang='lat' dir='ltr'><strong>homines</strong></span> <span class='ocrx_word' id='word_1_886' title='bbox 2418 5338 2807 5391; x_wconf 88' lang='lat' dir='ltr'><strong>constituunt:</strong></span> <span class='ocrx_word' id='word_1_887' title='bbox 2855 5350 2962 5388; x_wconf 92' lang='lat' dir='ltr'><strong>non</strong></span> <span class='ocrx_word' id='word_1_888' title='bbox 3039 5334 3328 5387; x_wconf 86' lang='lat' dir='ltr'><strong>advertens</strong></span> <span class='ocrx_word' id='word_1_889' title='bbox 3392 5331 3684 5399; x_wconf 85' lang='lat' dir='ltr'><strong>impostor,</strong></span> 
     </span>
    </p>
   </div>
   <div class='ocr_carea' id='block_1_125' title="bbox 2106 5402 3683 5474">
    <p class='ocr_par' dir='ltr' id='par_1_125' title="bbox 2106 5402 3683 5474">
     <span class='ocr_line' id='line_1_125' title="bbox 2106 5402 3683 5474; baseline -0.003 -17"><span class='ocrx_word' id='word_1_890' title='bbox 2106 5418 2267 5471; x_wconf 90' lang='lat' dir='ltr'><strong>quam</strong></span> <span class='ocrx_word' id='word_1_891' title='bbox 2296 5408 2531 5474; x_wconf 89' lang='lat' dir='ltr'><strong>graviter</strong></span> <span class='ocrx_word' id='word_1_892' title='bbox 2561 5408 2663 5459; x_wconf 91' lang='lat' dir='ltr'><strong>hoc</strong></span> <span class='ocrx_word' id='word_1_893' title='bbox 2705 5404 2942 5459; x_wconf 84' lang='lat' dir='ltr'><strong>Simonis</strong></span> <span class='ocrx_word' id='word_1_894' title='bbox 2969 5402 3108 5472; x_wconf 79' lang='lat' dir='ltr'><strong>Magi</strong></span> <span class='ocrx_word' id='word_1_895' title='bbox 3142 5410 3518 5474; x_wconf 74' lang='lat' dir='ltr'><strong>commentum</strong></span> <span class='ocrx_word' id='word_1_896' title='bbox 3556 5402 3683 5453; x_wconf 75' lang='lat' dir='ltr'><strong>bea-</strong></span> 
     </span>
    </p>
   </div>
   <div class='ocr_carea' id='block_1_126' title="bbox 2107 5470 3681 5545">
    <p class='ocr_par' dir='ltr' id='par_1_126' title="bbox 2107 5470 3681 5545">
     <span class='ocr_line' id='line_1_126' title="bbox 2107 5470 3681 5545; baseline -0.003 -18"><span class='ocrx_word' id='word_1_897' title='bbox 2107 5470 2195 5528; x_wconf 17' lang='lat' dir='ltr'><strong>tius</strong></span> <span class='ocrx_word' id='word_1_898' title='bbox 2217 5470 2535 5545; x_wconf 33' lang='lat' dir='ltr'><strong>hiewniartyr</strong></span> <span class='ocrx_word' id='word_1_899' title='bbox 2572 5476 2861 5544; x_wconf 89' lang='lat' dir='ltr'><strong>redarguat</strong></span> <span class='ocrx_word' id='word_1_900' title='bbox 2897 5474 2992 5529; x_wconf 91' lang='lat' dir='ltr'><strong>lib.</strong></span> <span class='ocrx_word' id='word_1_901' title='bbox 3028 5470 3082 5536; x_wconf 72' lang='grc' dir='ltr'>ιξ</span> <span class='ocrx_word' id='word_1_902' title='bbox 3112 5486 3387 5545; x_wconf 72' lang='lat' dir='ltr'><strong>quamque</strong></span> <span class='ocrx_word' id='word_1_903' title='bbox 3420 5470 3681 5539; x_wconf 54' lang='lat' dir='ltr'><strong>frequen.</strong></span> 
     </span>
    </p>
   </div>
   <div class='ocr_carea' id='block_1_127' title="bbox 2110 5540 3680 5616">
    <p class='ocr_par' dir='ltr' id='par_1_127' title="bbox 2110 5540 3680 5616">
     <span class='ocr_line' id='line_1_127' title="bbox 2110 5540 3680 5616; baseline -0.004 -19"><span class='ocrx_word' id='word_1_904' title='bbox 2110 5553 2192 5616; x_wconf 79' lang='lat' dir='ltr'><strong>ter</strong></span> <span class='ocrx_word' id='word_1_905' title='bbox 2215 5548 2406 5599; x_wconf 89' lang='lat' dir='ltr'><strong>doceat</strong></span> <span class='ocrx_word' id='word_1_906' title='bbox 2433 5540 2645 5616; x_wconf 82' lang='lat' dir='ltr'><strong>piorum</strong></span> <span class='ocrx_word' id='word_1_907' title='bbox 2676 5540 2897 5616; x_wconf 52' lang='lat' dir='ltr'><strong>op&#39;eruni</strong></span> <span class='ocrx_word' id='word_1_908' title='bbox 2925 5540 3301 5616; x_wconf 79' lang='lat' dir='ltr'><strong>necessitatem</strong></span> <span class='ocrx_word' id='word_1_909' title='bbox 3331 5540 3424 5616; x_wconf 68' lang='lat' dir='ltr'><strong>lib.</strong></span> <span class='ocrx_word' id='word_1_910' title='bbox 3462 5555 3529 5601; x_wconf 86' lang='lat' dir='ltr'><strong>ti,</strong></span> <span class='ocrx_word' id='word_1_911' title='bbox 3560 5555 3680 5609; x_wconf 85' lang='lat' dir='ltr'><strong>cap.</strong></span> 
     </span>
    </p>
   </div>
   <div class='ocr_carea' id='block_1_128' title="bbox 2110 5612 3679 5685">
    <p class='ocr_par' dir='ltr' id='par_1_128' title="bbox 2110 5612 3679 5685">
     <span class='ocr_line' id='line_1_128' title="bbox 2110 5612 3679 5685; baseline -0.003 -19"><span class='ocrx_word' id='word_1_912' title='bbox 2110 5614 2212 5678; x_wconf 85' lang='lat'><strong>50;</strong></span> <span class='ocrx_word' id='word_1_913' title='bbox 2250 5615 2344 5670; x_wconf 91' lang='lat' dir='ltr'><strong>lib.</strong></span> <span class='ocrx_word' id='word_1_914' title='bbox 2381 5612 2454 5679; x_wconf 73' lang='lat' dir='ltr'><strong>IV,</strong></span> <span class='ocrx_word' id='word_1_915' title='bbox 2499 5632 2619 5685; x_wconf 87' lang='lat' dir='ltr'><strong>cap.</strong></span> <span class='ocrx_word' id='word_1_916' title='bbox 2658 5612 2750 5679; x_wconf 77' lang='lat'><strong>27,</strong></span> <span class='ocrx_word' id='word_1_917' title='bbox 2793 5615 2863 5669; x_wconf 66' lang='lat'><strong>52</strong></span> <span class='ocrx_word' id='word_1_918' title='bbox 2890 5627 2944 5669; x_wconf 90' lang='lat' dir='ltr'><strong>et</strong></span> <span class='ocrx_word' id='word_1_919' title='bbox 2990 5614 3083 5679; x_wconf 65' lang='lat'><strong>49,</strong></span> <span class='ocrx_word' id='word_1_920' title='bbox 3118 5612 3679 5685; x_wconf 28' lang='lat' dir='ltr'><strong>ipsisqueuingenteiii</strong></span> 
     </span>
    </p>
   </div>
   <div class='ocr_carea' id='block_1_129' title="bbox 2111 5682 3679 5753">
    <p class='ocr_par' dir='ltr' id='par_1_129' title="bbox 2111 5682 3679 5753">
     <span class='ocr_line' id='line_1_129' title="bbox 2111 5682 3679 5753; baseline -0.003 -18"><span class='ocrx_word' id='word_1_921' title='bbox 2111 5687 2251 5753; x_wconf 79' lang='lat' dir='ltr'><strong>apud</strong></span> <span class='ocrx_word' id='word_1_922' title='bbox 2305 5688 2468 5739; x_wconf 89' lang='lat' dir='ltr'><strong>Deum</strong></span> <span class='ocrx_word' id='word_1_923' title='bbox 2500 5682 2803 5741; x_wconf 81' lang='lat' dir='ltr'><strong>mercedem</strong></span> <span class='ocrx_word' id='word_1_924' title='bbox 2847 5700 2967 5739; x_wconf 85' lang='lat' dir='ltr'><strong>esse</strong></span> <span class='ocrx_word' id='word_1_925' title='bbox 3003 5685 3298 5753; x_wconf 82' lang='lat' dir='ltr'><strong>repOsitani</strong></span> <span class='ocrx_word' id='word_1_926' title='bbox 3337 5682 3429 5734; x_wconf 89' lang='lat' dir='ltr'><strong>lib.</strong></span> <span class='ocrx_word' id='word_1_927' title='bbox 3464 5696 3525 5747; x_wconf 89' lang='lat' dir='ltr'><strong>tt,</strong></span> <span class='ocrx_word' id='word_1_928' title='bbox 3557 5694 3679 5747; x_wconf 85' lang='lat' dir='ltr'><strong>cap.</strong></span> 
     </span>
    </p>
   </div>
   <div class='ocr_carea' id='block_1_130' title="bbox 2110 5752 3677 5827">
    <p class='ocr_par' dir='ltr' id='par_1_130' title="bbox 2110 5752 3677 5827">
     <span class='ocr_line' id='line_1_130' title="bbox 2110 5752 3677 5827; baseline -0.003 -19"><span class='ocrx_word' id='word_1_929' title='bbox 2110 5752 2201 5819; x_wconf 76' lang='lat' dir='ltr'><strong>bﬁ,</strong></span> <span class='ocrx_word' id='word_1_930' title='bbox 2235 5754 2329 5811; x_wconf 88' lang='lat' dir='ltr'><strong>lib.</strong></span> <span class='ocrx_word' id='word_1_931' title='bbox 2360 5772 2433 5822; x_wconf 91' lang='lat' dir='ltr'><strong>iv,</strong></span> <span class='ocrx_word' id='word_1_932' title='bbox 2472 5771 2591 5827; x_wconf 88' lang='lat' dir='ltr'><strong>cap.</strong></span> <span class='ocrx_word' id='word_1_933' title='bbox 2621 5758 2689 5813; x_wconf 76' lang='lat'><strong>‘28</strong></span> <span class='ocrx_word' id='word_1_934' title='bbox 2715 5768 2769 5811; x_wconf 83' lang='lat' dir='ltr'><strong>et</strong></span> <span class='ocrx_word' id='word_1_935' title='bbox 2795 5754 2884 5812; x_wconf 68' lang='lat'><strong>54.</strong></span> <span class='ocrx_word' id='word_1_936' title='bbox 2914 5755 3046 5821; x_wconf 81' lang='lat' dir='ltr'><strong>Quis</strong></span> <span class='ocrx_word' id='word_1_937' title='bbox 3068 5752 3326 5823; x_wconf 13' lang='lat' dir='ltr'><strong>inanique</strong></span> <span class='ocrx_word' id='word_1_938' title='bbox 3372 5767 3482 5807; x_wconf 90' lang='lat' dir='ltr'><strong>non</strong></span> <span class='ocrx_word' id='word_1_939' title='bbox 3509 5753 3677 5814; x_wconf 81' lang='lat' dir='ltr'><strong>videt,</strong></span> 
     </span>
    </p>
   </div>
  </div>
