1953 3183
252 152 322 180 1603

904 151 1083 179 VARIOIlUM
1102 151 1207 179 NOT/E

1796 151 1858 177 1604

253 212 346 238 Romae
365 211 548 239 exstitissent.
574 212 691 238 nondum
712 217 800 238 tamen
828 216 885 238 erat
910 210 1024 237 formata
1040 212 1063 240 Α
1078 212 1164 238 tribus
1179 211 1356 244 sapientiores
1368 218 1398 236 se
1412 217 1472 237 esse
1485 211 1673 236 autumabant.
1689 208 1794 240 Ecquis
1809 216 1859 236 non

252 246 389 274 Ecclesia.
406 246 466 278 quia
484 246 600 273 nondum
624 247 765 280 episcopus
790 246 856 279 ipsis
876 250 935 273 erat
959 252 1027 279 prre-

251 282 350 308 i'eclns.
376 280 440 307 Sine
462 282 586 314 episcopo
607 282 679 307 enim
706 286 734 308 et
754 281 920 315 presbyteris
943 286 1025 313 atque

251 317 373 343 diac0nis
392 316 537 350 Ἐκκλησία
548 317 578 342 οὺ
590 316 721 347 καλεῖται,
734 325 743 341 ι
757 315 874 343 Ecclesia
884 324 936 343 non
947 322 1027 350 voca-

252 357 307 381 tur,
318 361 327 376 ι
341 356 406 378 teste
419 350 448 377 S.
458 349 559 384 Ignalio
573 352 599 377 in
610 351 727 384 Epistola
745 351 779 377 ad
795 350 955 380 Trallianos.
970 349 983 385 §
997 350 1025 376 5.

251 386 285 413 Ει
297 394 363 413 sane
377 386 565 412 observatione
575 386 643 412 ham]
659 386 795 420 indignum
809 391 860 415 est,
870 386 1025 419 Apostolum

251 421 260 448 l
275 427 301 449 et
317 421 335 447 ll
352 421 384 447 ad
401 420 555 447 Corinthios
570 420 715 455 Epistulam
739 421 908 454 inscripsisse
923 429 930 447 :
947 430 956 445 ι
975 420 1026 447 Ec-

250 457 340 483 etesia:
357 456 401 482 Dei
419 464 479 490 qua:
491 460 532 483 est
546 456 680 487 Corinthi,
698 465 707 481 ι
724 461 789 485 etc.,
803 463 854 481 nec
874 463 925 481 non
939 465 948 481 ι
973 455 1026 482 Ec-

249 491 341 518 clesiis
354 490 486 523 Galatiae;
505 501 514 517 ι
535 491 660 518 similiter
680 491 721 517 bis
740 500 749 516 ι
770 490 896 517 Ecclesia:
909 490 1026 517 Thessa-

248 526 444 557 lonicensium;
466 535 476 552 ι
497 526 530 554 ad
549 526 738 560 Philippeuses
760 526 875 559 denique
897 534 904 552 :
929 534 938 550 ‹
956 525 1026 552 'Om-

248 561 329 588 nibus
354 561 458 588 sanctis
484 562 510 588 in
535 561 645 588 Christo
667 560 730 587 Jesu
755 568 815 587 cum
846 561 979 594 episcopis
999 564 1027 587 et

250 595 387 628 diaconis;
413 605 422 622 ι
447 601 488 623 ast
504 596 651 631 Epistolam
675 595 709 622 ad
736 595 871 631 Romanos
894 595 1024 631 misisse:

251 640 261 656 ι
287 631 419 658 Omnibus
443 632 488 664 qui
513 636 576 659 sunt
600 631 701 662 Bome,
723 630 826 657 dilectis
846 630 902 663 Dei,
925 630 1026 657 vocalis

248 666 362 698 sanctis,
380 675 389 692 ι
407 666 480 694 nulla
494 668 684 700 episcoporum
698 664 736 699 (id
759 670 801 693 est
827 664 924 700 summi
936 672 1027 692 sacer-

248 701 320 727 dotis
333 708 365 727 ac
384 699 519 728 minorum
535 699 729 733 sacerdotum),
751 706 832 733 atque
849 699 1025 726 diaconorutn

247 735 290 762 vel
308 734 437 762 Ecclesia:
451 736 521 763 facta
535 736 680 763 mentione.
696 734 772 763 Unde
785 736 842 762 haec
854 733 1026 761 differentia?

248 771 301 806 nisi
332 770 401 804 quod
433 772 570 806 prioribus
599 772 626 798 in
655 770 729 806 locis,
751 774 825 798 esset
853 770 1025 806 hierarchia,

248 804 567 847 episcopot‘presbyteris
575 805 747 847 _et_diaconis
758 809 898 847 constans.
911 804 1027 847 ideoque

248 840 362 867 formata
384 840 519 873 Ecclesia;
534 842 560 868 in
575 841 648 869 Urbe
660 848 724 867 vero
736 841 866 867 hactenus
882 840 942 866 talis
955 840 1025 867 haud

1079 247 1150 273 videt
1167 246 1245 278 hujus
1260 246 1349 272 ssemtli
1364 245 1510 272 Gnostiros
1529 244 1624 270 iisdem
1637 252 1699 270 cum
1717 244 1774 270 illis
1785 251 1860 277 gres-

1077 282 1152 308 sibus
1170 281 1316 307 incedere?
1335 281 1442 313 Qnanto
1458 288 1518 305 cum
1537 279 1682 313 supercilio
1697 279 1859 307 traditiones

1077 316 1240 350 apostolicas
1257 324 1271 342 a
1289 316 1390 343 sanctis
1407 315 1533 341 Patribus
1550 316 1582 340 ad
1598 322 1647 340 nos
1669 321 1760 350 usque
1782 321 1860 341 acre-

1078 349 1137 386 ptas
1158 356 1185 379 et
1208 356 1331 377 servatas
1355 350 1517 377 cavillentnr
1542 355 1569 376 et
1591 349 1754 386 exsibilent,
1782 357 1859 376 nemo

1079 387 1176 417 nescit,
1197 390 1222 411 ct
1248 386 1279 412 de
1297 386 1338 412 his
1361 387 1386 412 in
1407 394 1466 419 cap.
1487 385 1594 411 tertium
1619 385 1767 410 dicemus:
1790 392 1859 411 nunc

1077 422 1110 448 de
1132 421 1263 454 sacrilego
1288 422 1439 447 divinarum
1465 419 1667 454 Scripturarum
1695 423 1859 454 contemptu

1077 457 1197 490 quaedam
1213 456 1379 489 adjiciamus.

1113 492 1173 518 Pari
1186 498 1280 517 omnes
1297 491 1435 525 impietate
1450 489 1597 517 Lntherani
1614 493 1642 515 et
1655 489 1814 516 Calviniani
1827 497 1859 518 ex

1077 527 1230 553 divinorum
1244 524 1373 553 librorum
1395 526 1526 557 catalogo,
1539 524 1614 551 velut
1627 525 1805 559 apocrypbos
1818 532 1860 559 Vae

1077 562 1178 588 nullius
1204 560 1262 587 ﬁdei
1289 561 1433 588 exsibilant
1454 561 1538 587 libros
1560 559 1662 591 Tobiae,
1678 558 1791 589 Judith.
1811 558 1859 586 Sa-

1077 597 1195 631 pientiat,
1211 595 1401 627 Ecclesiastici,
1418 595 1533 626 Barurh,
1547 599 1573 620 et
1589 599 1735 627 tttrttmque
1752 594 1858 631 Macha-

1077 632 1206 658 bteorum.
1224 631 1282 657 Non
1304 631 1402 664 exigua
1418 630 1578 664 fragtuenta,
1595 636 1645 656 nec
1662 637 1750 663 pauca
1769 630 1858 662 capita

1077 674 1110 693 ex
1125 667 1194 693 libro
1209 666 1306 693 Esther
1318 671 1345 692 et
1360 666 1476 692 Danielis
1493 665 1606 692 rescissa
1629 664 1782 698 avulsaque
1799 664 1859 697 reji-

1076 702 1161 729 ciunt.
1174 701 1247 735 Quos
1257 701 1338 727 etiam
1351 701 1497 728 canonicos
1509 706 1569 726 sese
1581 698 1732 735 admittere
1744 700 1858 734 lingunt,

1077 737 1170 763 sannis
1189 734 1226 763 ret
1254 735 1376 763 ltedoriis
1406 735 1571 762 deformatos
1595 734 1779 761 sectatoribus
1805 735 1860 762 suis

1076 771 1260 799 exsibilandos
1280 771 1445 803 relinquunt.
1470 769 1581 797 Lutheri
1605 775 1724 802 namque
1746 767 1859 802 judicia,

1077 811 1107 833 nt
1127 806 1159 833 de
1182 814 1215 833 eo
1243 805 1327 833 refert
1351 806 1468 834 Joannes
1486 804 1628 831 Anril‘aber
1650 804 1858 835 commensalis.

1078 841 1104 868 in
1119 840 1261 876 Colloquiis
1281 841 1350 874 ejus,
1371 850 1380 866 ἰ
1399 840 1510 876 apostoli
1535 838 1681 876 Abrahami
1700 839 1786 865 iidem
1808 846 1859 866 non

242 875 399 903 exstiterit.
418 876 470 903 Sed
486 876 562 909 plura
579 877 631 903 hac
648 876 681 903 de
696 883 725 903 re
741 876 831 902 dicere
854 879 882 902 et
896 873 1026 911 objectio-
1041 880 1063 909 Β
1078 877 1113 903 ita
1128 873 1320 911 praedicarunt.
1341 881 1367 903 et
1382 873 1438 902 suis
1463 875 1597 911 coloribus
1612 874 1820 911 depinxerunt,
1833 879 1860 900 ut

247 917 296 938 nes
303 918 444 938 removere
454 912 526 944 nolo,
535 918 569 938 ne
580 911 761 938 adnotationis
769 911 878 937 modum
885 909 1024 937 excedam.

282 946 363 973 Μετὰ
375 946 409 972 δὲ
423 946 480 980 τὴν
492 947 603 973 τούτων
614 945 732 979 ἔξοδον.
751 954 761 971 ι
779 945 924 972 Excessum
944 954 953 969 ι
972 952 1026 971 non

248 987 264 1007 e
281 981 346 1013 vita,
362 982 410 1009 sed
425 982 491 1008 urbe
506 981 591 1008 Roma
606 982 650 1008 hic
664 980 868 1014 intelligendum
881 986 942 1007 esse
955 984 1027 1013 patet

248 1022 280 1042 ex
301 1015 345 1047 iis,
362 1023 421 1049 quae
435 1023 469 1043 ex
483 1016 565 1050 Papia
582 1021 609 1043 et
630 1016 678 1043 lib.
701 1023 729 1042 vr
754 1015 954 1050 Hypotyposeon
967 1014 1027 1050 Cle-

249 1050 349 1077 mentis
365 1051 442 1078 Alex.
467 1049 546 1078 affert
568 1051 699 1079 Eusebius
720 1050 768 1077 lib.
784 1049 812 1077 ⁷ιι
828 1049 900 1076 Hist.
922 1049 1026 1081 eccles.,

247 1093 307 1119 cap.
317 1086 490 1121 _L’iunempe
511 1086 541 1113 Β.
562 1086 671 1113 Petrum
695 1085 845 1121 apostolum
863 1084 1026 1121 auctoritate

247 1119 343 1156 suas.
369 1119 654 1156 Marci'Evangelium
676 1124 767 1156 ratum
790 1119 899 1156 fecisse,
925 1126 978 1153 quo
997 1119 1024 1145 in

251 1154 380 1191 Ecclesiis
405 1156 505 1188 passim
522 1154 725 1191 praglegeretur.
751 1154 781 1182 S.
803 1154 891 1191 Lucas
904 1161 1026 1191 _quoque

247 1195 309 1223 post
323 1190 397 1217 Pauli
412 1191 512 1218 exitum
523 1189 559 1218 ex
574 1189 656 1222 Urbe,
671 1197 724 1217 non
738 1197 753 1216 e
772 1189 881 1221 mundo,
904 1189 1027 1223 Evange-

247 1224 313 1250 lium
329 1226 425 1252 litteris
440 1226 623 1260 consignasse,
642 1226 704 1252 inde
720 1224 864 1259 colligitur,
877 1224 952 1260 quod
963 1231 1026 1250 nar-

249 1260 384 1287 rationem
396 1259 529 1287 Actoruui
540 1260 760 1294 apostolicorum.
777 1266 857 1292 quain
877 1259 955 1293 quasi
978 1266 1026 1293 ap-

247 1295 390 1328 pendicem
412 1295 532 1323 historiae
550 1295 583 1323 de
600 1295 709 1322 Christo
733 1294 825 1323 edidit.
849 1294 875 1320 in
903 1294 1023 1324 biennio,

246 1336 302 1390 auo
313 1329 411 1357 Paulus
426 1330 513 1365 primo
529 1331 621 1357 Romae
634 1330 695 1362 fuit,
714 1329 841 1360 liniverit,
856 1336 915 1355 eam
931 1328 1024 1362 procul

267 1365 329 1390 ubio
344 1364 456 1390 ulterius
471 1366 690 1390 continuaturus.
704 1364 726 1390 si
739 1364 784 1390 diu
799 1368 858 1390 nost
870 1364 1022 1390 discessum

267 1365 329 1391 ubio
344 1364 456 1392 ulterius
471 1366 690 1396 continuaturus,
704 1364 726 1391 si
739 1364 784 1391 diu
799 1368 858 1397 post
870 1364 1022 1390 discessum

249 1401 285 1426 ab
300 1398 384 1435 Urbe,
400 1405 448 1427 aut
466 1405 525 1434 post
538 1400 699 1435 martyrium
713 1399 743 1426 Β.
761 1399 881 1435 Apostoli
896 1399 1025 1435 scripsis«

247 1439 298 1460 set.
316 1434 382 1461 Nam
398 1433 495 1462 iterum
515 1436 539 1463 ei
554 1433 628 1462 haud
651 1434 696 1461 diu
719 1434 913 1469 postjunctum
929 1433 1021 1469 fuisse,

246 1469 326 1503 eique
350 1470 383 1495 ad
409 1470 488 1497 tinem
513 1477 599 1504 usque
618 1469 681 1496 vitae
705 1469 861 1504 adhaesisse.
877 1468 969 1495 ultima
991 1468 1021 1494 Β.

247 1504 504 1539 ApostaliEpistola,
519 1503 615 1539 nempe
626 1504 645 1531 ll
659 1504 693 1531 ad
715 1503 897 1534 Timotheum,
909 1511 969 1537 cap.
984 1510 1022 1534 tv,

1079 908 1249 945 merebatur;
1270 916 1297 938 et
1318 911 1423 946 Moyses
1441 911 1521 938 nimis
1540 909 1700 946 simpliciter
1725 908 1787 946 ejus
1806 917 1860 935 me-

1078 947 1164 973 minit.
1183 956 1192 971 ι
1210 946 1247 973 En
1262 944 1433 980 pauc'Ls'tam
1458 946 1558 979 Moysis
1583 944 1680 980 summi
1706 944 1859 980 prophetas

1077 989 1148 1013 rum,
1172 978 1392 1015 quam‘omnium
1408 978 1590 1013 apostolorum
1614 978 1770 1015 scriptarin
1799 979 1859 1015 [nisi

1077 1012 1256 1050 suspicionem
1269 1017 1394 1043 adducta.
1411 1012 1510 1042 Scribit
1525 1016 1556 1041 de
1573 1014 1667 1041 eodem
1684 1012 1858 1050 ilebeustnrk

1077 1048 1145 1078 alter
1169 1051 1226 1085 ejus
1249 1051 1378 1082 conviva,
1404 1052 1474 1083 quod
1501 1050 1646 1081 aliquoties
1674 1048 1780 1085 diceret
1807 1048 1827 1085 ’_'
1850 1057 1857 1074 :

1079 1096 1089 1111 ε
1110 1083 1285 1114 Ecclesiastes
1310 1086 1378 1112 liber
1401 1094 1453 1112 non
1472 1091 1513 1112 est
1538 1088 1643 1119 plenus,
1657 1083 1753 1119 multa
1776 1083 1856 1109 habet

1077 1121 1199 1156 abrupta,
1226 1128 1311 1155 neque
1330 1121 1429 1150 ocreis.
1454 1118 1544 1154 neque
1562 1118 1719 1156 calcaribus
1746 1118 1856 1156 indutus

1076 1162 1134 1186 est:
1146 1154 1207 1184 'hoc
1220 1154 1387 1183 estinullam
1406 1157 1487 1182 habet
1509 1155 1655 1188 perfectam
1679 1154 1854 1180 sententiam.

1076 1191 1185 1226 Equitat
1208 1191 1234 1218 in
1258 1191 1389 1217 armnline
1415 1190 1494 1225 longa
1515 1190 1548 1222 ³⁸,
1565 1189 1643 1226 sicuti
1668 1193 1695 1214 et
1718 1188 1857 1226 exedunt

1076 1223 1149 1253 eram
1174 1227 1199 1253 in
1217 1226 1391 1253 monasterio.
1422 1235 1431 1251 ι
1457 1223 1489 1252 Et
1515 1224 1663 1252 secundum
1682 1223 1859 1256 conspiciens

1076 1260 1286 1289 Machaba‘orum
1302 1261 1399 1287 librttm
1409 1260 1496 1287 aiebat
1511 1269 1516 1286 :
1534 1259 1604 1292 «Ego
1619 1259 1691 1285 hunc
1706 1258 1822 1288 librum,
1834 1262 1859 1283 et

1076 1296 1175 1324 librum
1198 1297 1295 1324 Esther
1317 1295 1379 1322 odio
1406 1303 1572 1329 prosequor;
1597 1293 1706 1329 mallem
1730 1300 1782 1319 eos
1802 1300 1858 1329 non

1075 1337 1183 1359 exstare
1197 1339 1203 1356 :
1220 1331 1332 1358 multttm
1345 1328 1416 1357 enim
1431 1328 1573 1356 imitantur
1595 1328 1706 1355 Judaaos
1724 1334 1758 1353 ac
1769 1328 1859 1353 ethni-

1075 1374 1132 1395 cos.
1153 1377 1162 1393 ι
1179 1367 1210 1393 Ει
1222 1367 1284 1393 libr.
1301 1365 1531 1399 Paralipomenwn
1551 1368 1691 1399 suspectos
1707 1370 1742 1389 ac
1766 1362 1860 1389 dubios

1075 1402 1230 1436 relinquens
1252 1401 1358 1428 dicebat
1375 1398 1409 1426 εν(
1434 1399 1525 1426 Libris
1544 1398 1728 1436 llegutnplus
1746 1398 1860 1423 creden-

1075 1437 1136 1463 dutn
1152 1433 1203 1468 est,
1218 1444 1297 1470 quant
1314 1435 1542 1470 Paralipomenwn
1559 1434 1591 1460 ³³.
1617 1443 1626 1458 ι
1637 1468 1641 1470 Δ
1652 1433 1779 1470 Paulina:
1794 1440 1860 1467 quo-

1075 1479 1127 1506 que
1151 1471 1212 1498 ﬁdei
1226 1468 1496 1506 'dctrahens.'Justo
1514 1468 1720 1506 JonazAdiceuti
1810 1475 1859 1494 non

1074 1503 1185 1533 credere
1200 1506 1242 1532 his
1259 1505 1332 1532 illius
1348 1506 1451 1536 verbis,
1478 1514 1487 1530 ι
1513 1504 1704 1539 Ιιθροδίιιιηεει
1720 1503 1790 1539 mihi
1811 1511 1859 1539 7co-

248 1539 292 1577 ﬂ,
308 1540 373 1566 satis
391 1537 514 1577 testatur,
534 1537 690 1577 ubi—scribit
704 1546 741 1577 :_¢
763 1539 849 1577 Encas
866 1545 969 1577 meeum
982 1543 1025 1577 est

1079 1541 1271 1577 ronajustitite,
1289 1546 1378 1577 rete"
1396 1537 1576 1577 respondebat
1592 1549 1598 1565 :
1619 1538 1731 1577 tb‘eqnc
1746 1537 1860 1564 Paulum

248 1575 331 1600 solus.
359 1584 368 1600 ι
395 1575 450 1602 lino
471 1582 536 1602 vero
552 1574 696 1609 Apostolus
721 1574 728 1600 l
747 1575 779 1600 ad
795 1573 915 1600 'l‘imoth.
940 1573 1024 1604 v.18.

247 1609 330 1636 verba
345 1610 465 1644 quredam
481 1609 558 1644 Luca:
570 1608 604 1637 ex
619 1617 679 1643 cap.
703 1617 721 1636 ι
735 1608 883 1644 Evangelii,
900 1615 931 1636 ν.
948 1609 975 1644 8,
991 1608 1027 1644 al:

247 1642 360 1677 legasse'
371 1644 490 1671 videtur.
514 1643 607 1678 Neque
623 1642 696 1671 enim
719 1644 771 1670 alia
796 1642 933 1677 Scriptura
956 1642 1027 1669 istud

249 1678 331 1705 habet
355 1678 455 1705 dictum
477 1687 485 1705 :
508 1688 518 1704 ι
548 1679 650 1713 Dignus
672 1683 716 1705 est
737 1678 877 1712 operarius
893 1678 1027 1713 _mercede

249 1720 308 1739 sua.
326 1722 335 1739 ι
349 1713 482 1740 Caeterum
497 1714 568 1748 quod
583 1711 669 1747 aliqui
685 1711 777 1740 vocem
791 1712 880 1745 ἔξοδος
893 1711 944 1739 hoc
956 1711 1025 1745 loco,

249 1755 299 1781 pro
323 1757 333 1773 ‹
358 1749 419 1775 vita
437 1748 490 1775 line
518 1758 527 1774 ι
556 1755 698 1783 perperam
727 1748 892 1783 acceperint.
919 1748 1026 1774 occasio

249 1782 342 1815 procul
366 1783 449 1810 dubio
471 1783 520 1809 fuit
547 1782 704 1810 mutationis
727 1783 753 1809 in
775 1787 849 1808 textu
865 1782 969 1813 lrenaei,
992 1782 1026 1809 ab

249 1821 359 1844 auctore
391 1817 496 1845 Catena:
512 1817 624 1844 Patrum
647 1818 673 1844 in
690 1816 861 1851 Evangelium
887 1817 915 1843 S.
932 1816 1026 1849 Marci,

248 1859 330 1885 quam
350 1853 446 1880 Petrus
469 1853 597 1880 Pessinus
618 1853 760 1887 evolgavit,
778 1852 819 1877 vel
842 1852 875 1877 ab
894 1852 946 1877 alio
965 1859 1028 1879 ante

249 1894 312 1913 eum
325 1886 411 1915 factae.
425 1888 452 1914 In
473 1888 515 1914 illa
529 1889 626 1922 quippe
645 1886 736 1914 lt'enmi
751 1888 829 1913 verba
847 1887 882 1922 ita
898 1893 1025 1918 expressa

246 1927 311 1957 sunt
325 1929 385 1956 patr.
400 1923 417 1949 5
432 1931 439 1949 :
455 1923 530 1949 Μετὰ
552 1924 600 1957 τὴν
614 1922 660 1948 τοῦ
691 1922 760 1949 κατὰ
783 1921 918 1947 Ματοαῖον
939 1921 1027 1956 Εὐαγ-

247 1956 337 1993 leuet)
351 1957 465 1990 ἔκδοσιν,
479 1956 592 1993 Μάρκος
611 1958 625 1983 ὁ
647 1957 769 1991 μαθητὴς
791 1958 836 1982 καὶ
857 1957 1027 1993 ἑρμηνευτὴς

246 1991 359 2028 Πέτρου,
374 1993 420 2019 καὶ
439 1993 518 2024 αὐτὸς
529 1991 572 2019 ’τὰ
593 1993 644 2018 ὑπὸ
663 1993 764 2028 Πέτρου
781 1991 967 2028 κηρυττᾴμενα
982 1993 1027 2028 ὲγέ

248 2027 361 2062 γράφως
370 2028 435 2062 ἡμῖν
446 2028 629 2062 παραδέδωκε.
646 2037 655 2051 ι
669 2027 731 2054 Post
739 2027 1026 2061 cdilionctttlivangelii

248 2062 395 2088 secundum
419 2062 584 2093 Matthaanm,
601 2063 711 2089 Marcus
732 2063 880 2096 discipulus
897 2066 924 2088 et
942 2063 1026 2089 inter-

247 2103 311 2130 pres
336 2096 422 2129 Petri.
447 2105 506 2132 qua:
530 2106 543 2123 a
568 2097 646 2124 Petro
674 2098 898 2131 praedicabantur.
924 2097 1027 2132 scripto

247 2132 327 2158 uoltis
342 2131 463 2159 tradidit.
489 2142 498 2158 ι
522 2133 649 2159 Eamdem
671 2132 810 2159 lectionem
824 2139 856 2158 ex
871 2131 1026 2164 cortjeclura

248 2165 275 2191 in
299 2166 415 2194 Eusebio
431 2168 573 2194 substituit
594 2167 867 2200 Christophorsonus,
893 2166 1026 2200 vapulaus

248 2199 350 2241 ideirco
373 2202 480 2241 Valesio
498 2204 533 2241 in.
547 2202 617 2228 notis
633 2203 667 2241 ad
689 2199 794 2241 Eusebi
809 2201 855 2227 lib.
872 2209 898 2232 ν,
912 2199 973 2235 cap.
997 2202 1023 2233 8,
1041 2213 1063 2241 ι)

248 2235 295 2268 qui
311 2240 398 2272 tamen
416 2241 443 2264 et
459 2238 515 2272 ipse
527 2237 553 2263 in
571 2244 603 2264 eo
616 2236 876 2272 animadversionem
893 2242 1024 2268 tueretur,

248 2270 319 2304 quod
335 2271 423 2303 ἔξοδον
440 2270 475 2298 ἰιί
489 2273 589 2299 Irenaeo
615 2281 625 2297 ι
650 2271 788 2299 iuteritutn
807 2280 816 2296 I
838 2271 1030 2305 interpretatus

247 2306 444 2340 sit.-indeque
465 2313 575 2334 sanctos
597 2306 691 2333 Patres
713 2306 880 2333 commiserit
909 2311 978 2334 mter
1001 2314 1030 2334 se

248 2346 410 2374 pugnantes.

328 2377 517 2404 Adnotationes
534 2376 582 2404 Fr.
605 2376 777 2403 Feuardentii
792 2376 820 2403 in
838 2384 896 2410 cap.
913 2376 941 2403 2.

283 2409 348 2445 ἰδίης,
366 2411 427 2439 174.
449 2412 515 2438 Cum
533 2413 602 2438 enim
624 2412 769 2445 Scripturis
794 2416 953 2445 arguuntur.
973 2411 1024 2439 Va-

248 2444 461 2473 lentinianorum
485 2453 512 2474 et
534 2444 716 2474 consimilium
743 2444 862 2480 priorum
879 2446 1023 2474 Gnostieo-

249 2487 319 2512 rum,
348 2489 416 2515 quos
441 2482 483 2509 his
510 2482 587 2509 libris
615 2481 806 2516 impugnabat,
838 2481 1022 2509 htcredibilem

248 2516 378 2554 malitiam
395 2521 422 2544 et
438 2517 616 2551 pervicaciam
640 2517 762 2551 exponit.
779 2516 1022 2554 Euimvero_aper-

248 2552 283 2576 tis
297 2552 433 2586 certisque
452 2558 505 2578 tam
521 2554 710 2587 prophetarum
741 2559 822 2586 quatn
839 2552 1022 2586 apostolorum

247 2587 356 2620 scriptis
378 2587 507 2620 convicti,
527 2594 558 2613 ea
584 2587 659 2614 velut
682 2587 847 2622 apocrypha,
867 2587 910 2614 vel
928 2587 1023 2621 depra-

247 2622 381 2660 vata-avet
403 2627 539 2660 suspectat
552 2622 631 2660 lidei,_
651 2623 791 2660 praetracte
809 2622 1024 2660 rej_iciebant,_ut

247 2656 371 2693 superius
392 2657 426 2693 de
443 2657 577 2693 Ebionitis
588 2676 596 2688 ,
612 2657 814 2690 Cerinthianis,
832 2656 1022 2691 Carpocratia-

249 2690 494 2729 nis,‘_hlarcionitis,
517 2692 631 2729 aliisque
646 2693 777 2726 scriptum
799 2697 852 2719 est.
870 2690 937 2729 Cum
957 2699 1023 2729 vero

249 2725 439 2764 traditionibus
452 2727 635 2764 apostolorum
651 2725 850 2764 premerentur,
869 2726 1023 2764 incredibili

248 2761 402 2788 temeritate
416 2768 447 2788 ac
462 2762 638 2797 impudentia,
652 2763 756 2790 cunctis
775 2762 902 2796 apostolis
923 2767 952 2790 et
972 2761 1024 2788 Pa-

1078 1576 1104 1602 id
1123 1576 1237 1602 lirmiter
1250 1576 1398 1602 credidisse
1412 1575 1444 1600 ’2
1464 1584 1473 1600 ι
1493 1574 1525 1601 Ει
1541 1582 1619 1600 suum
1640 1574 1761 1599 inillum
1787 1578 1862 1600 vetus

1077 1611 1168 1637 odium
1194 1611 1332 1644 aperiens,
1360 1609 1521 1644 inquiebat:
1548 1619 1557 1634 ι
1585 1609 1641 1644 Ego
1664 1615 1779 1635 summo
1803 1608 1862 1644 odio

1077 1645 1189 1672 Paulum
1206 1643 1398 1679 prosequebar,
1413 1652 1473 1671 eum
1495 1645 1615 1677 legebam
1628 1643 1710 1679 Rotu_.
1729 1648 1738 1666 1
1750 1650 1762 1679 γε
1780 1652 1792 1668 r
1814 1643 1862 1669 Re-

1076 1681 1180 1707 velatnr
1194 1677 1220 1706 in
1236 1677 1383 1714 Evangelia
1396 1679 1498 1714 jnstitia
1517 1679 1573 1711 Dei,
1592 1689 1601 1705 ι
1620 1684 1674 1705 etc.
1690 1677 1756 1704 Jobi
1779 1678 1861 1704 histo-

1077 1716 1145 1742 riam
1162 1719 1268 1748 reputat
1294 1724 1303 1739 ι
1330 1715 1437 1741 Fabula;
1453 1719 1654 1747 argumentum,
1674 1720 1733 1745 quo
1751 1720 1862 1739 monea-

1077 1758 1138 1776 ntur
1156 1750 1188 1776 de
1205 1750 1341 1783 patientia.
1362 1759 1371 1775 ι
1389 1750 1445 1776 Nec
1457 1749 1542 1776 sacris
1557 1748 1711 1782 Evangeliis
1726 1748 1861 1783 pepercit,

1077 1782 1210 1811 scribens
1224 1784 1268 1810 “z
1287 1794 1296 1809 ι
1324 1783 1437 1810 Joannis
1462 1784 1633 1818 Evangelium
1658 1790 1730 1818 esse,
1751 1782 1861 1809 unicum

1076 1819 1236 1854 pulchrum.
1256 1826 1364 1849 verum.
1383 1827 1415 1845 ac
1440 1817 1588 1854 principale
1611 1817 1796 1854 Evangelium
1818 1827 1825 1843 :
1845 1826 1860 1854 ν»

1077 1852 1152 1889 quasi
1179 1861 1244 1881 vero
1270 1854 1373 1887 reliqua
1402 1852 1454 1880 tria
1479 1861 1529 1880 nec
1546 1852 1706 1889 Evangelia,
1734 1859 1788 1878 nec
1806 1853 1863 1886 pul-

1077 1887 1207 1920 chramec
1214 1896 1276 1915 vera
1293 1888 1560 1922 essent.tEpistolattt
1574 1889 1606 1914 ad
1624 1887 1764 1923 Hebraeos.
1776 1894 1862 1923 neque

1077 1924 1150 1951 Pauli
1164 1931 1234 1953 esse,
1252 1931 1301 1950 nec
1317 1924 1396 1950 ullius
1414 1923 1539 1957 apostoli,
1557 1932 1566 1948 ι
1584 1922 1654 1949 idem
1676 1922 1723 1949 ille
1745 1922 1861 1950 conten-

1076 1959 1126 1985 dit.
1151 1958 1267 1992 Epistula
1282 1959 1311 1985 D.
1328 1959 1421 1985 Jacobi
1439 1958 1526 1984 eidetu
1546 1962 1599 1990 est,
1616 1957 1728 1992 (plane
1751 1958 1862 1992 strami-

1076 2001 1136 2026 nea,
1153 1991 1178 2021 ei
1195 1993 1343 2028 apostolico
1357 1993 1465 2027 indigna
1479 1993 1587 2027 spiritu.
1606 2001 1615 2017 ι
1631 1991 1862 2028 EpistolaiJudz.

1079 2038 1088 2055 ι
1109 2037 1161 2056 non
1182 2026 1224 2056 est
1246 2029 1372 2063 apostoli,
1400 2026 1502 2063 sicque,
1519 2026 1731 2054 contemnenda.
1756 2027 1796 2054 De
1819 2035 1861 2054 se-

1077 2064 1163 2090 cunda
1179 2062 1271 2094 Petri.’
1283 2069 1310 2090 et
1326 2064 1430 2090 duabus
1452 2062 1563 2089 Joannis
1578 2062 1781 2096 posterioribus
1807 2070 1861 2090 non

1076 2104 1118 2125 est
1139 2100 1218 2125 anxie
1234 2100 1395 2125 curandum.
1411 2098 1610 2133 Apocalypsian
1624 2097 1755 2133 denique,
1774 2105 1862 2132 neque

1076 2134 1306 2183 prqprophetico,
1321 2140 1410 2168 neque
1426 2131 1474 2167 pro
1497 2131 1646 2167 apostolico
1668 2132 1741 2159 libro
1765 2131 1862 2160 admit-

1077 2174 1109 2195 ιιι
1121 2174 1153 2195 ⁸¹’.
1170 2178 1179 2194 ι

1113 2203 1146 2230 Et
1158 2204 1288 2230 hactenus
1300 2203 1333 2230 de
1346 2202 1533 2229 Lutheranicis
1546 2209 1686 2229 sacrarum
1702 2201 1862 2236 Scriptura-

1081 2246 1139 2265 rum
1163 2238 1381 2265 accusationibus
1408 2244 1436 2265 et
1459 2237 1716 2272 reprehensionibus
1736 2245 1744 2263 :
1762 2238 1861 2271 quibus

1080 2273 1250 2300 ntauil‘estum
1271 2274 1369 2305 evadit,
1385 2274 1434 2300 ltos
1444 2271 1537 2300 eodem
1551 2273 1646 2307 spiritu
1659 2271 1768 2298 adlatos
1788 2279 1859 2303 esse,

1081 2316 1134 2341 quo
1148 2313 1253 2335 veteres
1264 2307 1384 2334 Guostici
1410 2308 1527 2340 l'uet'unt,
1550 2313 1578 2334 ut
1594 2312 1709 2333 testatur
1729 2307 1784 2334 hoc
1802 2308 1860 2334 loco

1081 2343 1206 2370 lrenzeus.
1220 2342 1289 2375 Quid
1301 2343 1450 2369 Calviniani
1464 2347 1517 2369 tam
1532 2343 1660 2369 adversus
1674 2342 1859 2375 evangelistas

1082 2384 1108 2404 et
1123 2379 1268 2412 apostolos.
1286 2385 1365 2412 quam
1381 2386 1457 2404 sacra
1473 2386 1566 2404 eorunt
1581 2378 1680 2411 scripta
1699 2377 1858 2410 moliantur,

1077 2411 1196 2440 diximus
1210 2414 1241 2439 ad
1257 2411 1336 2440 tinem
1350 2413 1454 2439 Comm.
1471 2414 1497 2439 in
1509 2413 1594 2448 Epist.
1610 2414 1643 2438 ad
1656 2411 1857 2444 Philemonem,

1076 2454 1103 2475 et
1119 2449 1228 2482 Dialogo
1241 2449 1366 2482 septimo.

1113 2483 1174 2509 Non
1189 2481 1256 2509 enim
1271 2481 1316 2517 per
1331 2483 1431 2510 litteras
1448 2482 1584 2509 traditam.
1600 2481 1725 2515 Quinque
1749 2481 1801 2508 has
1814 2488 1856 2507 ro-

1076 2526 1123 2545 ces
1146 2519 1280 2545 desiderat
1305 2523 1357 2545 vet.
1378 2518 1439 2545 cod.
1463 2522 1490 2543 et
1515 2518 1594 2544 unico
1616 2522 1746 2543 contextu
1768 2517 1854 2551 legit:

1078 2553 1153 2593 [Ab
1174 2553 1219 2585 iis,
1242 2553 1287 2588 qui
1303 2553 1426 2580 nesciant
1441 2552 1610 2580 traditionem
1637 2552 1722 2583 illam,
1738 2554 1788 2578 sed
1810 2559 1856 2586 per

1077 2595 1163 2615 vivam
1176 2595 1282 2619 vocem,
1304 2597 1313 2613 ι
1331 2594 1384 2616 etc.

1111 2622 1277 2657 Sapientiam
1302 2628 1390 2650 autem
1412 2622 1553 2657 loquimur.
1580 2621 1727 2656 Augustin.
1760 2620 1856 2647 scribit

1075 2658 1156 2685 etiam
1170 2657 1330 2685 Manichacus
1351 2659 1402 2685 hoc
1417 2658 1571 2684 testimonio
1586 2657 1668 2683 fuisse
1688 2657 1804 2686 abusos,
1827 2659 1855 2681 ut

1075 2693 1221 2720 suaderent
1239 2694 1395 2727 Apostolum
1414 2693 1530 2727 plurima
1551 2692 1593 2719 his
1614 2691 1778 2726 quibuscum
1802 2691 1855 2727 dis-

1075 2728 1195 2759 serebat,
1208 2725 1300 2755 verbis
1312 2728 1392 2754 aliter
1413 2725 1566 2758 iradidisse,
1579 2734 1660 2761 quant
1678 2726 1816 2752 scriberet
1828 2725 1854 2750 in

1076 2762 1203 2797 Epistolis
1217 2771 1225 2790 :
1243 2771 1253 2788 ι
1271 2763 1324 2790 Sed
1339 2763 1410 2790 absit
1430 2767 1459 2789 ut
1479 2767 1571 2790 tatttus
1588 2761 1688 2789 Christi
1704 2761 1854 2795 apostolus,

267 2828 288 2844 ³¹
300 2828 588 2866 Tum.llColloq.pag.
603 2830 665 2863 l00,
682 2830 816 2862 101,102.
851 2830 995 2866 “fuerat”
1008 2829 1025 2856 S

1084 2831 1130 2857 lib.
1148 2838 1178 2862 ιι,
1191 2835 1243 2857 sat.
1258 2831 1286 2862 3,
1301 2838 1327 2857 v.
1343 2830 1406 2857 248.
1444 2830 1466 2846 ³³
1479 2830 1555 2858 Τοιιι.
1574 2829 1712 2864 lColloq.,
1733 2834 1795 2863 pag.
1809 2825 1850 2853 δι

251 2863 273 2879 ³⁸
286 2865 363 2894 Tom.
380 2863 512 2900 licoltoq'.
527 2863 586 2903 pag.
610 2868 671 2896 H9.
697 2866 730 2907 f‘
744 2866 822 2896 Praei.
842 2866 870 2898 in
881 2865 985 2896 Novum
999 2866 1025 2896 T<

1083 2875 1117 2895 ιησ
1126 2867 1178 2907 tu“
1191 2866 1299 2895 l’t‘atiat.
1317 2866 1343 2895 in
1355 2867 1424 2894 illas.
