3906 6366
491 341 631 395 1607

1787 334 2144 389 VARIORUM
2183 332 2388 389 NOT/E

3570 336 3698 393 1608

491 465 616 509 rant
660 455 935 524 discipuli.
975 471 1026 511 et
1058 470 1084 509 a
1113 455 1363 509 Patrilius
1398 457 1468 509 ita
1502 454 1707 509 sentire
1737 453 1913 507 edocti
1955 468 2041 507 es—
2071 452 2116 509 Α
2146 468 2286 524 rum,
2330 466 2466 524 quas
2504 450 2594 503 alii
2641 450 2897 519 apostoli,
2944 446 3303 524 discipuliqne
3355 448 3572 504 Domini
3614 456 3701 507 do-

488 534 630 595 sent.
665 541 869 579 summa
906 528 1006 580 title
1036 527 1430 595 praedicandam
1457 524 1719 595 definivit.

556 590 1048 660 Chalcedonensis;
1078 596 1437 662 impermistas
1462 595 1551 647 Dei
1574 603 1629 648 et
1657 590 1886 647 hominis
1909 591 2037 643 sub-

489 667 746 736 stantias,
776 667 829 718 in
881 668 1035 718 unica
1077 666 1274 719 Christi
1301 666 1598 736 hypostasi,
1627 662 2035 736 jnxtaAPatrnm

484 735 707 806 placita,
746 736 1003 806 Eutychis
1044 737 1236 803 spretis
1274 732 1634 805 captionibus,
1669 732 2034 806 confirmavit.

558 803 802 869 Adjiccre
824 799 975 864 libet,
1004 799 1139 858 ut'in
1164 799 1352 869 seriis,
1378 807 1618 874 adeoque
1646 801 1879 874 summis
1911 799 2035 853 lidei

486 885 687 929 nostra:
758 875 1026 942 capitibus
1088 869 1809 935 roniirmandiszurelius
1842 869 2038 942 ‘Augu-

487 947 681 1002 stinus,
721 939 879 1011 quem
922 946 1080 999 unice
1103 946 1283 998 mirari
1329 962 1393 1000 ac
1429 946 1714 1011 suspicere
1754 956 1811 994 se
1834 939 2039 1005 lingunt

487 1008 882 1073 hmresiar‘chre.
906 1016 971 1067 ad
1034 1012 1356 1069 traditiones
1412 1008 1856 1069 ecclesiasticas,
1921 1017 2039 1060 tan-

487 1098 650 1148 quam
700 1083 764 1134 ad
814 1082 1028 1148 asilum,
1082 1083 1405 1150 confugerit.
1451 1079 1802 1149 Evangelinm
1844 1092 2038 1132 secun-

483 1155 613 1207 dum
665 1152 970 1207 Matthzenm
1043 1165 1170 1205 vere
1201 1153 1267 1205 ah
1309 1152 1423 1218 ipso
1484 1150 1853 1215 conscriptum
1895 1161 2037 1218 esse,

483 1233 669 1276 contra
696 1222 877 1276 Fausti
910 1222 1146 1277 Manicli.
1183 1216 1569 1275 inliciationem
1610 1218 1803 1278 credit,
1865 1216 2035 1270 tradi-

486 1294 631 1345 tione
670 1293 863 1353 nixus,
892 1293 1096 1359 qureah
1146 1292 1457 1359 apostolicis
1497 1289 1710 1344 sedibus
1754 1300 1921 1351 usque
1968 1284 2035 1338 ad

482 1371 781 1430 praesentes
811 1364 1093 1429 episcopos
1116 1372 1263 1414 certa
1300 1361 1647 1430 sucgessione
1684 1364 2030 1430 pervenerat,

483 1424 624 1485 libro
653 1424 917 1504 vigesimo
940 1424 1130 1504 octavo
1157 1430 1353 1483 Contra
1392 1428 1649 1504 Faustum
1668 1424 1823 1504 ,eap.
1847 1425 1903 1477 2.
1931 1424 2030 1504 Pa—

482 1513 622 1574 trem
665 1497 987 1574 ingenitum,
1034 1500 1337 1574 Filiumqne
1378 1500 1551 1574 eidetn
1600 1497 2037 1574 consubstantia:

482 1572 611 1634 lem,
660 1565 757 1625 etsi
792 1571 844 1624 in
878 1573 1081 1625 sanctis
1123 1565 1334 1639 paginis
1382 1584 1488 1624 non
1536 1567 1865 1639 inveniatur.
1912 1565 2033 1616 lidei

481 1633 787 1694 assertione
820 1633 1218 1694 defendendum
1249 1640 1399 1705 dicit,
1441 1639 1601 1707 epist.
1648 1638 1770 1707 ﬁt.
1820 1633 2033 1700 Integra

484 1712 588 1764 ﬁde
612 1712 970 1771 credendum,
1018 1713 1167 1766 heat.
1187 1709 1413 1763 Mariam
1443 1706 1535 1761 Dei
1563 1706 1758 1761 Christi
1784 1714 2032 1763 matrem,

2149 523 2327 575 ctrina
2364 522 2783 590 plantaverant,
2828 521 3085 588 sanguine
3119 520 3427 589 rigaverant
3450 562 3465 583 ,
3495 532 3551 575 et
3588 535 3699 577 stu.

2139 591 2326 660 pendis
2370 591 2646 660 miraculis
2691 592 3167 651 confirmaverant,
3201 592 3587 657 episcoporum
3620 609 3676 645 ca

2140 659 2371 724 talogis;
2416 659 2570 726 hujus
2601 662 2782 720 unius.
2838 671 3090 729 tanquam
3120 669 3447 713 czeterarum
3480 664 3702 728 pra-cel-

2139 730 2492 792 lentissimzn,
2550 732 2617 783 ah
2660 731 3025 797 apostolorum
3074 729 3375 797 coryphaeis
3428 732 3498 783 ad
3556 747 3702 785 suam

2136 809 2353 854 mtatem
2395 814 2589 865 usque,
2633 803 2996 854 continentem
3027 808 3082 852 et
3112 814 3391 868 nunquam
3422 802 3701 857 intermis-

2137 885 2253 924 sam
2277 871 2679 923 successionem
2710 871 2973 923 contexit.

2211 939 2411 993 Deinde
2455 955 2571 992 eam
2604 949 2760 993 vocat
2798 958 2817 989 α
2851 940 3159 1000 maximam.
3201 961 3220 992 ι
3247 952 3307 994 ut
3334 954 3459 1009 qum
3487 955 3702 996 omnem

2138 1023 2418 1063 sacrorum
2451 1017 2768 1075 potestatem
2799 1009 2917 1077 jure
2940 1010 3041 1063 sibi
3070 1012 3331 1073 vindicet,
3369 1023 3704 1078 exterasque

2136 1094 2325 1133 omnes
2365 1078 2465 1133 sibi
2504 1078 2785 1135 inferiores
2820 1080 3035 1145 haheat,
3070 1098 3202 1151 quas
3229 1097 3328 1137 sua
3374 1084 3704 1136 auctoritate

2140 1157 2311 1214 regat.

2210 1218 2400 1272 Postea
2437 1237 2455 1268 ‹
2487 1218 2919 1288 antiquissimam
2974 1238 2993 1271 ι
3037 1219 3288 1288 appellat,
3326 1234 3441 1273 non
3486 1230 3703 1288 propter

2138 1297 2371 1360 tempus.
2405 1289 2507 1360 nisi
2539 1288 2605 1341 de
2628 1288 2831 1342 Latinis
2859 1289 3369 1360 etOccidentalibus
3403 1291 3699 1360 intelligas,

2136 1373 2263 1411 cum
2301 1356 2753 1427 Jerosolymitaua
2782 1398 2796 1419 ,
2831 1360 3195 1421 Samaritana,
3230 1356 3619 1423 Cresariensis,
3654 1374 3704 1414 et

2138 1427 2475 1482 Antiochena
2506 1467 2521 1489 ,
2572 1429 2722 1495 prius
2762 1429 2920 1483 fidem
2970 1428 3170 1483 Christi
3207 1431 3703 1497 susceperint;sed

2137 1508 2359 1566 propter
2380 1497 2724 1566 dignitatem,
2752 1508 2806 1553 et
2838 1503 2979 1570 quod
3012 1499 3132 1570 aliis
3171 1502 3352 1567 potior
3379 1501 3475 1563 sit,
3508 1502 3699 1570 ipsam.

2138 1582 2242 1639 que
2268 1581 2457 1639 omnes
2487 1579 2544 1621 ut
2581 1576 2805 1621 matrem
2828 1569 3151 1637 suspiciant.

2208 1637 2557 1691 Postmodum
2587 1655 2606 1687 ‹
2659 1639 2913 1693 omnibus
2952 1640 3225 1707 cognitam
3265 1657 3283 1688 ι
3319 1652 3444 1692 esse
3475 1641 3698 1703 asserit,

2136 1709 2279 1763 sicut
2301 1722 2384 1772 ea,
2413 1723 2533 1777 qum
2556 1708 2696 1760 inter
2716 1722 2903 1761 omnes
2926 1718 3087 1776 caput
3108 1708 3421 1770 extolleret,
3452 1719 3512 1763 et
3548 1710 3702 1777 cujus

479 1792 538 1835 et
586 1781 850 1849 virginem
887 1781 1224 1854 concepisse,
1267 1790 1323 1832 et
1368 1779 1648 1854 virginetn
1675 1775 2033 1854 genuissent“
2064 1798 2106 1854 Β
2138 1788 2399 1854 rectores,
2427 1776 2612 1854 veluti_
2653 1778 2726 1854 in_
2762 1775 3029 1854 altissima
3078 1778 3248 1854 pnaro
3292 1789 3349 1854 et
3392 1775 3700 1833 clarissima

477 1859 599 1917 post
638 1842 1136 1919 partum.virginem
1174 1842 1559 1921 permansisse,
1596 1842 1700 1921 lib.
1745 1843 1822 1921 l_)e
1869 1842 2032 1921 eccle-

478 1913 652 1973 ἆσθμ’
698 1913 1295 1990 άοθηιαι.,’ρ;ιβίι.“69.
1348 1919 1619 1988 Baptisma
1653 1920 1721 1967 ab
1765 1913 2036 1990 haereticis

478 1982 788 2062 collatum:
809 1982 1160 2058 repetendum
1185 1982 1480 2062 nonhess'e,
1534 2001 1601 2039 ex
1660 1982 2033 2062 apostolorum

480 2061 794 2125 traditione,
828 2055 929 2113 eisi
966 2062 1015 2113 in
1059 2073 1247 2111 eorum
1298 2057 1495 2111 litteris
1563 2070 1667 2107 non
1704 2055 2034 2125 inveniatur,

477 2131 619 2201 libro
644 2121 881 2184 secundo
916 2128 993 2201 De
1039 2132 1203 2201 bnpt.,
1231 2129 1431 2201 cap.‘_7,
1470 2135 1523 2181 et
1555 2126 1723 2201 Iihr._i
1744 2162 1758 2185 ,
1782 2136 1906 2201 gap.
1939 2121 2032 2201 2.3,

477 2209 532 2253 et
568 2199 661 2252 lib.
708 2214 780 2261 iv,
805 2214 924 2264 cap.
967 2199 1019 2252 6.
1052 2190 1510 2270 Consuetudinem
1551 2193 1740 2248 matris
1780 2190 2036 2270 Ecclesiae

479 2271 535 2323 in
561 2260 903 2336 baptizandis
929 2270 1191 2341 parvulis,
1218 2266 1651 2341 ut‘traditionem
1684 2260 2034 2341 apostnlicam

478 2329 821 2406 nequaquam
861 2329 1242 2405 spernendam,
1287 2337 1434 2406 libro,
1468 2334 1677 2406 decimo
1718 2329 1795 2387 De
1825 2329 2033 2394 Genesi,

477 2403 948 2476 capite'vigesinio
985 2409 1165 2460 tertio.
1222 2405 1436 2459 Domini
1476 2403 1803 2476 passionem,
1853 2415 2035 2453 resur-

478 2473 797 2541 rectionem,
850 2478 1221 2531 ascensionem
1262 2478 1312 2528 in
1359 2476 1579 2535 cadum,
1634 2483 1688 2527 et
1738 2473 2033 2524 adventum

480 2547 715 2616 Spiritus
754 2548 930 2601 sancti
964 2548 1028 2601 de
1072 2545 1210 2601 cmlo
1254 2544 1621 2598 anniversaria
1669 2541 2032 2616 solemnitate,

478 2610 585 2672 non
624 2618 848 2684 scripta,
886 2618 978 2671 sed
1009 2617 1201 2669 tradita
1224 2616 1601 2669 observatione
1630 2610 2032 2684 celebrandam,

476 2687 637 2755 epist.
683 2682 802 2749 H8,
847 2702 965 2755 cap.
1009 2687 1061 2740 1.
1096 2685 1401 2755 Baptizatus
1435 2698 1556 2737 esse
1591 2682 1899 2755 apostolos,
1933 2682 2033 2732 etsi

476 2751 545 2811 ne
593 2759 813 2812 verbum
858 2751 1073 2825 quidem
1122 2751 1190 2809 de
1223 2756 1337 2825 hoc,
1366 2754 1645 2825 Scriptura
1682 2751 1901 2825 haheat,
1929 2764 2034 2802 non

478 2821 888 2892 ambigendum,
934 2828 1099 2893 epist.
1147 2826 1271 2878 108.
1316 2821 1838 2893 Serie‘traditionisA
1886 2834 2035 2893 qua:-

477 2898 599 2949 dam
638 2897 777 2950 facta
800 2890 941 2957 esse,
969 2890 1029 2949 et
1056 2912 1199 2949 nunc
1230 2896 1281 2947 in
1312 2892 1567 2962 baptismi
1596 2890 1788 2962 ritibus
1816 2890 2029 2944 facien-

475 2966 567 3029 da,
599 2980 719 3034 qua:
748 2967 799 3019 in
849 2966 1152 3028 Scri,‘tnris
1222 2961 1398 3031 gratia
1438 2961 1719 3034 hrevrtatis
1752 2969 2031 3034 tacentur,

480 3037 573 3089 lib.
612 3030 684 3088 De
705 3036 808 3104 ﬁde
837 3046 887 3089 et
917 3038 1180 3103 operibus,
1219 3030 1400 3102 capite
1433 3046 1613 3104 nono.
1635 3030 2030 3084 Eucharistiam

477 3101 724 3187 corporis
752 3115 809 3159 et
839 3101 1122 3187 sanguinis
1164 3101 1372 3159 Domini
1409 3101 1692 3187 apostolos
1712 3116 1817 3154 non
1866 3112 2027 3187 acce-
2061 3122 2105 3183 ο

476 3167 627 3244 pisse
650 3176 901 3247 jejunus;
940 3167 1218 3244 placuisse
1256 3167 1694 3247 tanien-Spiritui
1726 3182 1939 3247 sancto,
1976 3167 2029 3247 in

479 3241 739 3302 honorem
772 3246 904 3299 tanti
936 3241 1267 3300 sacramenti
1296 3259 1325 3296 a
1346 3241 1549 3310 jejunis
1579 3256 1789 3308 semper
1815 3241 1987 3307 accipi
2013 3255 2028 3302 ;

480 3330 803 3382 moremque
856 3316 999 3369 hunc
1049 3328 1143 3381 per
1198 3314 1505 3366 universum
1556 3312 1746 3382 orbem
1798 3310 2030 3369 servari,

481 3388 645 3454 epist.
700 3380 819 3448 {18,
874 3400 994 3452 cap.
1027 3380 1079 3437 6.
1137 3383 1452 3451 Antiquitus
1502 3380 1703 3434 tradito
1746 3389 1799 3454 et
1824 3388 2034 3432 retento

479 3449 635 3508 iii-nio
669 3453 921 3508 Ecclesiae
945 3449 1085 3516 'ritu,
1128 3455 1181 3508 in
1229 3449 1551 3519 baptismate
1585 3449 1836 3517 parvulos
1872 3463 2033 3501 exoro

477 3525 672 3589 eizari,
694 3522 986 3589 exsulllari,
1014 3535 1067 3575 et
1104 3528 1418 3577 renuntiare
1456 3520 1689 3589 Satanas,
1735 3528 1845 3571 uta
1877 3530 2035 3585 pote-

480 3604 620 3649 state
660 3588 1046 3653 tenebrarum,
1091 3593 1145 3645 in
1190 3606 1412 3662 regnum
1454 3588 1658 3644 Christi
1703 3590 2034 3662 transferan-

482 3675 590 3727 tur,
616 3665 757 3716 lihro
784 3678 799 3716 I
870 3662 942 3715 De
980 3663 1174 3729 nuptiis
1208 3658 1276 3715 εἴ
1297 3676 1541 3729 concup.,
1575 3674 1698 3728 cap.
1725 3659 1820 3721 20,
1842 3667 1917 3729 et,
1937 3658 2030 3714 lib.

480 3750 533 3787 vt
590 3734 787 3787 Contra
819 3732 958 3793 Jul.,
1001 3728 1120 3801 cap.
1147 3733 1203 3786 2.
1239 3732 1304 3787 Et
1334 3728 1494 3800 114
1522 3731 1768 3799 quamvis
1799 3728 2035 3801 denique

479 3819 746 3872 nusquam
780 3802 831 3856 in
861 3799 1158 3869 Scriptu‘ris
1188 3799 1767 3869 veteribus’legeretur
1795 3799 2035 3872 oblatum

480 3890 579 3941 pro
600 3870 833 3927 mortuis
878 3872 1243 3935 sacriﬁcium,
1285 3886 1388 3924 nou
1422 3885 1644 3941 parvam
1690 3880 1867 3941 tamen
1916 3870 2036 3922 uni-

478 3938 651 3998 versa:
676 3942 888 3996 Eccles.
912 3957 1033 4010 qua:
1060 3941 1113 3995 in
1148 3944 1249 3996 hac
1271 3939 1661 3995 consuetudine
1702 3938 1892 4010 claret,
1936 3953 2036 3991 au-

478 4015 793 4068 ctoritatem
842 4009 983 4076 esse,
1032 4012 1121 4065 ubi
1168 4014 1219 4065 in
1247 4010 1498 4080 precibus
1534 4009 1866 4080 sacerdotis,
1914 4024 2036 4077 qua:

482 4084 711 4136 Domino
740 4082 848 4136 Deo
872 4083 938 4133 ad
966 4081 1082 4147 ejus
1108 4078 1281 4135 altare
1309 4078 1636 4143 funduntur,
1672 4078 2034 4147 locumsuum

482 4153 648 4206 habet
679 4153 842 4206 etiam
881 4146 1276 4205 commendatio
1318 4160 1673 4212 mortuorum,
1705 4146 1802 4201 lib.
1840 4146 1916 4200 De
1943 4164 2037 4200 cu-

481 4239 543 4274 ra
567 4237 659 4289 pro
690 4222 913 4273 mortuis
958 4222 1183 4289 agenda,
1220 4235 1342 4289 cap.
1382 4220 1408 4275 1
1441 4230 1497 4272 et
1517 4218 1571 4283 4,
1604 4228 1656 4271 et
1678 4232 1939 4289 sermone
1968 4219 2038 4272 54

482 4288 770 4345 σιαγθώίε
801 4288 1068 4360 Apostuli.
1093 4292 1228 4344 Aliis
1252 4288 1392 4343 lueis
1424 4288 1738 4360 innumeris,
1772 4295 1825 4360 et
1852 4298 2038 4343 aucto.

486 4363 642 4416 ribus
667 4358 863 4414 sacris
882 4361 1225 4413 recensendis
1258 4359 1507 4413 consulto
1534 4358 1878 4425 supersedeo.

553 4430 713 4484 Adest
764 4433 1069 4498 perspicere.
1120 4430 1346 4492 Billius,
1417 4447 1434 4477 ‹
1477 4426 1528 4480 id
1574 4439 1680 4492 est,
1742 4428 1898 4489 licet,
1953 4428 2036 4483 vel

483 4510 789 4570 promptum
824 4510 959 4565 est,»
990 4498 1300 4552 Graecorum
1325 4513 1478 4570 inore
1497 4498 1696 4549 dicitur
1731 4511 1745 4545 :
1776 4498 2039 4567 πάρεστιν

481 4566 771 4625 ἱξηίιιίίιιὶδ
808 4571 946 4623 idem
981 4583 1121 4635 saepe
1146 4577 1229 4621 est
1249 4569 1390 4634 quod
1426 4566 1654 4632 ἔξεστιν.

556 4638 756 4704 Quibus
772 4630 1359 4706 emeitdote‘ugeutib—us.
1392 4630 1553 4700 Idem,
1585 4636 1787 4700 Graece,
1818 4630 1892 4690 ὧν
1917 4656 2041 4693 κατ-

483 4710 803 4781 ορθούντων,
855 4710 905 4762 id
948 4718 1051 4774 est,
1114 4727 1133 4759 ι
1170 4710 1367 4778 quibus
1428 4721 1651 4761 iuuuere
1720 4723 1817 4763 suo
1872 4714 2040 4777 probe

484 4780 853 4848 fungentibus.
900 4796 918 4829 ι

559 4844 661 4904 Sed
683 4850 933 4917 quoniam
961 4846 1108 4900 valde
1128 4846 1337 4917 longum
1360 4857 1457 4901 est.
1490 4844 1668 4901 Multis
1705 4845 1878 4914 iisque
1913 4863 2037 4917 gra-

484 4916 727 4973 vissimis
774 4918 953 4972 verbis
988 4918 1089 4971 hoc
1152 4916 1293 4979 loco,
1340 4928 1562 4985 totoque
1621 4918 1817 4985 capite,
1878 4916 2038 4972 ducet

485 4992 631 5045 beat.
676 4999 880 5057 martyr
928 4987 1223 5041 Romanam
1264 4987 1559 5040 Ecclesium
1610 4995 1769 5055 caput
1815 5002 1935 5042 esse
1985 4999 2041 5042 et

490 5059 730 5128 regulam
769 5056 1007 5112 omnium
1064 5059 1293 5111 aliarqu
1335 5075 1348 5110 :
1396 5058 1727 5126 proindeque
1764 5056 1906 5111 illius
1944 5058 2040 5113 do-

488 5140 672 5197 gmata
714 5129 871 5182 unice
908 5128 1183 5195 suspicere
1202 5138 1257 5181 et
1282 5128 1554 5197 amplecti,
1579 5143 1643 5181 ac
1673 5132 2038 5182 successronis

489 5196 688 5254 seriem
727 5199 969 5253 omnium
1002 5202 1277 5252 tuereseon
1316 5196 1592 5261 ﬂuctibus,
1643 5206 1699 5249 ut
1739 5198 1949 5251 tirmam
1985 5207 2041 5251 et

489 5269 821 5323 immobilem
847 5279 1076 5337 petram,
1101 5282 1197 5322 uos
1221 5282 1493 5337 opponere
1527 5269 1747 5328 debere,
1781 5278 1835 5319 et
1874 5269 1939 5320 ad
1975 5268 2042 5321 il-

489 5338 598 5392 lius
642 5339 981 5401 traditiones,
1032 5339 1267 5401 decreta,
1307 5339 1577 5405 tidcmque
1620 5338 1881 5391 adversus
1919 5352 2040 5391 om-

493 5409 639 5460 nium
665 5422 857 5460 eorum
891 5408 1129 5471 fraudes,
1160 5411 1250 5476 qui
1279 5409 1331 5461 in
1355 5408 1550 5461 salutis
1576 5408 1803 5476 publica:
1833 5416 1887 5460 et
1921 5408 2036 5475 pie-

492 5478 618 5529 tatis
645 5476 963 5531 Cliristiana:
997 5477 1291 5546 perniciem
1326 5478 1459 5530 nihil
1494 5493 1599 5532 non
1632 5477 2035 5545 machinantur,

492 5560 749 5615 tanquam
793 5549 857 5601 ad
906 5547 1232 5601 tutissimam
1288 5561 1490 5611 arcem,
1536 5559 1592 5602 et
1638 5558 2038 5602 sacrosanctam

488 5629 643 5686 aram
664 5616 955 5685 confugere
980 5634 994 5671 :
1017 5618 1158 5685 quod
1184 5619 1492 5686 singillatim
1521 5617 1935 5686 explicabimus.

562 5684 743 5739 Primo
770 5684 931 5756 igitur
956 5684 1336 5755 prieterniissis
1378 5690 1545 5742 totius
1574 5684 1811 5742 Orientis
1842 5699 1896 5741 et
1932 5686 2041 5743 Me-

493 5756 671 5822 rtdiei,
704 5757 808 5811 itnu
846 5758 1078 5813 universi
1136 5760 1282 5816 orbis
1318 5759 1752 5816 clarissimarum
1778 5759 2046 5815 Ecclesia-

2134 1848 2350 1915 specula
2372 1846 2637 1911 collocati,
2659 1848 2885 1901 aliarum
2911 1848 3279 1916 navigationes
3296 1848 3443 1902 inter
3460 1858 3541 1901 tot
3575 1866 3703 1901 nau-

2135 1918 2304 1985 fragia
2332 1917 2671 1985 dirigerent;
2720 1919 3200 1984 ohservarentque,
3236 1920 3701 1985 quemadmodum

2134 2001 2469 2055 unaquaeque
2527 1987 2581 2039 in
2642 1988 2919 2041 retinenda
2974 1988 3232 2054 religione
3299 2002 3361 2042 se
3427 2000 3700 2057 gereret:

2133 2058 2330 2126 quippe
2363 2071 2482 2125 quae
2515 2066 2873 2126 tyrannorum
2907 2067 2963 2112 et
3005 2058 3388 2111 haereticorum
3448 2061 3704 2124 procellis

2135 2128 2357 2195 agitata,
2408 2136 2463 2179 et
2510 2127 2756 2181 nutantia
2806 2130 2969 2181 corda
3035 2127 3281 2186 fratrum,
3338 2129 3698 2182 conﬁrmandi

2133 2206 2462 2265 praeceptum
2517 2196 2753 2252 simulet
2797 2208 3119 2267 potestatein
3170 2213 3202 2251 a
3256 2196 3497 2251 Domino
3542 2213 3696 2252 acoe-

2174 2267 2322 2321 isset.

2136 2282 2458 2401 plsgﬁlijicit,
2500 2353 2519 2386 ‹
2555 2350 2584 2388 a
2618 2335 3026 2406 gloriosissimis
3055 2334 3262 2390 duobus
3290 2336 3570 2406 apostolis
3590 2334 3692 2390 Pe-

2138 2417 2221 2460 tro
2245 2419 2295 2460 et
2322 2405 2773 2475 Paulonqnorum
2803 2409 3053 2462 nimirum
3075 2420 3183 2476 pra:
3204 2405 3418 2461 caneris
3444 2416 3559 2461 tant
3579 2416 3701 2463 sunt

2135 2477 2332 2529 eximia
2353 2477 2703 2540 charismata,
2729 2487 2835 2529 tam
2869 2477 3171 2545 singulares
3205 2478 3382 2540 dotes,
3419 2489 3543 2531 tam
3580 2494 3695 2531 ma-

2137 2546 2224 2613 gni
2259 2546 2311 2598 in
2348 2547 2569 2616 mystica
2602 2547 2701 2600 hac
2736 2548 2861 2600 navi
2891 2546 3203 2600 fabricanda
3246 2547 3471 2602 labores
3523 2563 3699 2615 :quo—

2138 2630 2281 2677 rum,
2333 2616 2574 2683 inquam,
2633 2617 3066 2677 conversatione,
3118 2630 3248 2669 voce
3295 2627 3352 2670 et
3410 2618 3701 2679 institutis,

2138 2687 2283 2738 velut
2331 2686 2504 2739 sacris
2548 2688 2824 2749 anchoris,
2856 2688 3000 2739 inter
3028 2695 3108 2740 tot
3136 2683 3331 2739 ﬂuctus
3378 2696 3436 2741 et
3471 2687 3698 2740 aliarum

2138 2756 2341 2819 ruinas,
2380 2766 2495 2826 tnta
2544 2756 2802 2823 salvaque
2853 2758 3117 2809 hactenus
3164 2757 3515 2822 permansit:
3564 2771 3696 2826 quo-

2138 2839 2254 2877 rum
2294 2824 2546 2893 denique
2630 2826 2933 2889 miraculis,
2998 2826 3269 2889 vinculis,
3325 2824 3602 2894 sanguine
3650 2838 3704 2881 et

2138 2896 2417 2967 martyrio,
2470 2893 2669 2947 clarius
2716 2911 2825 2967 pra:
2878 2896 3089 2967 caeteris
3138 2904 3194 2967 et
3240 2893 3538 2951 dilucidius
3587 2898 3700 2967 ipsa

2136 2962 2308 3019 Roma
2340 2965 2526 3033 fulget,
2552 2962 2730 3032 quam'
2752 2966 3021 3019 sideribus
3051 2965 3268 3020 caelum.

2218 3055 2236 3087 ι
2285 3035 2469 3089 Roma:
2509 3052 2527 3085 ι
2578 3036 2846 3102 sequitur,
2878 3050 2998 3104 qua:
3043 3044 3105 3087 ut
3156 3036 3270 3088 suis
3311 3035 3701 3099 dictatoribus,

2143 3106 2489 3166 consulibus,
2532 3104 2975 3171 imperatoribus,
3023 3106 3378 3173 exercitibus,
3441 3109 3702 3162 mortales

2136 3191 2325 3229 omnes
2349 3174 2668 3243 gravissima
2698 3178 2957 3229 servitute
2992 3175 3123 3228 olim
3154 3186 3462 3244 presserat:
3488 3188 3699 3239 contra,

2136 3244 2449 3316 apostolicis
2496 3259 2639 3316 nunc
2681 3245 3134 3305 institutionibus,
3164 3246 3402 3316 eosdem
3450 3249 3507 3302 in
3536 3248 3702 3303 liber-

2138 3314 2305 3369 tatem
2351 3315 2581 3369 ﬁliorum
2614 3314 2705 3368 Dei
2748 3329 2995 3369 asserere
3021 3315 3270 3368 debebat.

2214 3407 2232 3438 ι
2269 3387 2451 3439 llnnue
2489 3402 2508 3434 ι
2554 3384 2779 3449 deinde,
2822 3396 2878 3438 ut
2918 3386 3033 3439 illic
3078 3384 3323 3452 praesidia
3368 3384 3706 3442 defensionis

2135 3457 2459 3511 Christiana:
2496 3455 2801 3523 reipublicae
2835 3455 3151 3518 collocaret,
3182 3464 3237 3508 et
3262 3458 3419 3523 regni
3460 3458 3547 3508 sui
3592 3473 3703 3510 me-

2138 3527 2386 3594 tropoliio
2412 3533 2751 3594 construeret
2790 3524 3056 3586 Christus,
3095 3526 3185 3578 ubi
3240 3525 3703 3579 idotomaniaruui

2137 3592 2857 3664 receptaculum,ollieinam
2901 3596 3335 3664 turpitudinum,
3388 3605 3705 3649 sanctorum

2135 3662 2543 3723 carniﬁcinam,
2598 3662 3033 3731 ipsissimamqne
3090 3663 3404 3731 Babylona,
3470 3666 3708 3719 Satanas

2134 3734 2468 3798 condiderat,
2504 3749 2523 3782 ι
2563 3732 2839 3785 fundatam
2872 3744 2926 3786 et
2948 3736 3298 3787 constitutam
3323 3734 3657 3788 Ecclesiam.
3684 3755 3700 3785 ι

2209 3804 2381 3873 llujus
2425 3802 2612 3872 igitur,
2670 3803 2846 3870 pergit
2888 3803 3156 3866 lrenaeus,
3226 3813 3395 3856 tanta:
3441 3803 3710 3859 Ecclesia:

2140 3894 2162 3927 ‹
2203 3872 2569 3935 traditionem,
2598 3886 2782 3940 quam,
2824 3888 2843 3921 ι
2886 3872 3007 3924 viva
3040 3887 3169 3926 voce
3200 3889 3219 3921 ι
3260 3875 3330 3927 ab
3373 3876 3652 3940 apostolis
3685 3894 3703 3924 ι

2135 3946 2299 3999 Petro
2335 3951 2391 3996 et
2425 3941 2613 4005 Paulo,
2649 3941 2823 3994 adhuc
2853 3941 3063 3995 clavum
3092 3942 3208 4007 ejus
3240 3945 3585 4009 regentibus,
3618 3960 3709 3998 ac-

2137 4015 2324 4083 cepit,
2358 4022 2637 4083 acceptam
2675 4022 2981 4083 conservat,
3027 4029 3046 4061 ι
3073 4025 3133 4083 et
3156 4013 3543 4083 aiinuntiatam
3585 4032 3605 4063 ι
3660 4020 3706 4067 iu

2136 4081 2393 4140 universo
2436 4081 2638 4135 mundo
2691 4097 2710 4130 ι
2742 4081 3052 4135 hominibus
3107 4081 3264 4133 fidem
3298 4099 3317 4131 ι
3380 4092 3707 4136 constanter

2142 4173 2163 4207 ι
2206 4154 2527 4214 indicantes,
2561 4168 2580 4201 ι
2629 4159 2684 4207 et
2717 4150 3309 4220 palamprrdicantes,
3360 4167 3380 4200 ι
3409 4155 3704 4206 confundi-

2138 4240 2259 4279 mus
2296 4242 2316 4274 ο
2344 4230 2397 4275 et
2428 4219 2801 4275 convincimus
2827 4219 3046 4274 nefaria:
3078 4222 3402 4274 deiectionis
3426 4238 3460 4273 a
3496 4221 3703 4277 Christi

2139 4291 2551 4354 communione,
2596 4300 2653 4345 et
2680 4290 3042 4359 apostolorum
3075 4291 3323 4345 doctrina
3344 4333 3359 4356 ,
3407 4308 3427 4343 ι
3462 4306 3563 4345 eos
3593 4309 3706 4345 oui-

2139 4379 2236 4418 nes
2293 4362 2383 4431 qui
2418 4379 2436 4413 D
2478 4362 2762 4429 philautia,
2799 4360 3138 4429 gloriolzeque
3177 4362 3405 4424 inutilis,
3468 4362 3555 4415 vel
3603 4380 3707 4431 ρη.

2070 4458 2114 4515 D
2139 4442 2317 4515 matus
2366 4431 2690 4515 appetentis,
2740 4433 2905 4515 animi
2944 4435 3207 4515 excitate,
3238 4432 3347 4515 ‘vel'
3370 4445 3708 4515 quacunque

2146 4503 2251 4557 alia
2295 4501 2578 4555 occasione
2631 4502 2813 4563 ducti,
2850 4510 3040 4554 contra
3087 4500 3175 4567 jus
3202 4510 3257 4553 et
3298 4500 3706 4556 hierarchicuni

2147 4573 2403 4627 Ecclesiae
2434 4571 2715 4635 ordinem,
2757 4580 2933 4625 cretus
2960 4581 3016 4625 et
3066 4572 3445 4624 conventicula
3485 4589 3507 4623 ι
3551 4574 3707 4627 colh-

2144 4658 2367 4764 gnlllaii'c
2395 4722 2516 4762 esse
2543 4709 2837 4763 beatissimi
2881 4711 3130 4781 martyris
3151 4710 3507 4781 sententiam,
3544 4725 3705 4779 quani

2143 4782 2597 4853 paraphrasticws
2646 4781 3008 4849 explicainus,
3034 4782 3183 4835 omni
3224 4780 3344 4834 luce
3371 4780 3584 4835 clarius
3622 4783 3704 4834 iu-

2136 4854 2330 4907 dicant
2349 4864 2469 4918 quaa
2488 4862 2819 4918 sequuntur.

2217 4939 2235 4971 ι
2271 4921 2351 4973 Ad
2401 4920 2561 4983 hanc,
2600 4940 2618 4971 ο
2669 4919 2968 4990 subjungit,
3003 4937 3023 4971 ‹
3060 4919 3396 4984 Ecclesium,
3436 4938 3456 4971 ι
3506 4919 3703 4973 Roma-

2138 5006 2267 5045 nam
2293 4990 2564 5049 videlicet,
2600 5004 2703 5043 non
2743 4993 2807 5044 ad
2844 4991 2995 5045 urbis
3049 4990 3483 5057 amplitudinem,
3531 5006 3703 5059 popu-

2140 5062 2316 5115 lorum
2340 5059 2719 5129 frequentiam,
2740 5074 3028 5115 censorum
3050 5061 3393 5129 gravitatem,
3416 5072 3703 5113 seuatusve

2144 5140 2376 5191 statuta;
2404 5143 2508 5181 non
2536 5131 2602 5183 ad
2624 5128 2949 5185 fortissimos
2997 5128 3118 5195 ejus
3161 5130 3454 5194 exercitus,
3500 5130 3703 5198 glorio-

2141 5215 2232 5254 sos
2261 5197 2330 5251 de
2372 5207 2487 5251 toto
2519 5202 2658 5268 orbe
2682 5201 3015 5268 triumphos,
3065 5200 3277 5267 imperii
3303 5197 3557 5262 culmen;
3596 5214 3699 5251 non

2140 5270 2377 5333 denique
2408 5269 2474 5320 ad
2502 5267 2776 5323 Caesarum
2815 5267 3187 5337 majestatem,
3229 5282 3287 5322 ut
3314 5269 3497 5337 inepta
3535 5274 3702 5323 scele-

2146 5350 2373 5407 rataque
2398 5338 2725 5409 impudentia
2749 5339 3141 5409 interpretatur
3184 5339 3567 5393 Smidelinus:
3609 5340 3700 5392 sed

2149 5427 2168 5460 ε
2205 5410 2270 5461 ad
2295 5410 2430 5462 hanc
2454 5407 2780 5472 Ecclesium,
2816 5429 2834 5461 ›
2868 5407 2921 5463 in
2956 5427 3061 5478 qua
3092 5409 3235 5478 sedit
3266 5420 3456 5463 vertex
3487 5421 3699 5475 aposto-

2144 5478 2361 5542 lorum,
2407 5480 2604 5547 cuique
2643 5494 3021 5535 successerunt
3085 5498 3103 5531 ι
3140 5477 3329 5544 Linus,
3382 5482 3701 5539 Anactetus,

2144 5547 2391 5602 Clemens
2416 5585 2434 5610 ,
2497 5549 2778 5603 Evaristus
2802 5590 2819 5614 ,
2868 5550 3196 5613 Alexander,
3232 5568 3251 5600 ι
3294 5562 3351 5603 et
3379 5551 3469 5602 alii
3514 5549 3699 5604 ordine

2146 5632 2371 5689 omnes;
2412 5635 2432 5669 ι
2464 5633 2688 5673 necesse
2716 5632 2817 5684 est,
2853 5638 2872 5670 ι
2904 5623 3030 5689 quia
3064 5636 3094 5673 a
3122 5620 3232 5672 Deo
3250 5630 3364 5688 opt.
3389 5634 3541 5672 max.
3582 5634 3699 5673 coii-

2148 5687 2427 5760 stitutum;
2463 5703 2566 5760 non
2610 5698 2815 5743 tantum
2852 5687 3178 5760 Europeam,
3215 5687 3683 5760 At‘i-icanani,_Ale

2151 5758 2497 5827 xandriuain,
2540 5758 3071 5830 Jcrosolyiuitanaiu,
3104 5761 3527 5830 Antiochenam,
3562 5758 3698 5814 Cotto

2147 5895 2178 5920 θ
