3906 6366
327 336 468 393 tum

1682 338 2047 405 VARIORUM
2080 348 2290 403 ΝΟΤᾸΞ

3462 341 3604 399 ιωο

328 478 495 517 manu
528 466 812 534 descripta,
839 475 1007 534 super
1030 470 1264 531 quatuor
1292 463 1663 534 evangelistas
1682 466 1910 530 Catena,
1945 473 1988 528 A
2023 469 2156 523 1517
2226 471 2295 523 ab
2360 466 2705 523 excucollato
2766 471 3009 534 apostata
3072 463 3335 534 Luthero
3382 462 3603 519 initium

329 535 575 596 inventa,
603 541 663 586 ut
695 532 728 587 ει
754 532 976 587 Victore
1005 536 1263 599 episeopo
1294 532 1577 601 Captiano,
1604 546 1733 591 ante
1771 538 1915 591 mille

326 615 383 658 et
422 614 643 657 centum
682 618 859 656 annos
896 604 1093 657 ibidem
1127 604 1444 667 laudantur,
1487 605 1587 658 hoc
1627 605 1746 659 loco
1775 606 1920 661 inse-

326 689 452 727 rere
475 688 655 741 opera:
682 674 918 739 pretium
942 674 1117 727 visum
1151 673 1275 727 fuit.
1301 670 1457 743 (llajc
1476 673 1771 743 fragmenta
1806 675 1913 743 iam

325 743 595 882 Edidi";th
622 743 846 811 hujusce
876 743 1205 811 Patrologia:
1239 753 1365 796 tant.
1406 741 1469 809 V,
1499 741 1912 815 in'l’olycarpo.

350 830 491 867 'DIT.

350 830 491 867 LDIT.

517 926 900 983 Adnotationes
934 927 1034 984 Fr.
1066 928 1417 987 Feuardentii
1439 934 1492 988 in
1519 951 1636 1003 cap.
1665 935 1717 989 4.

402 1045 693 1119 Pag._i78.
736 1046 925 1102 Tanta:
958 1048 1125 1119 igitur
1152 1052 1475 1106 ostensionis
1500 1068 1618 1106 cum
1643 1054 1746 1107 sint
1776 1054 1908 1110 Ittrt'.

323 1115 670 1172 Auctoritate
696 1126 806 1171 vet.
838 1115 1383 1186 codfexpunximus,
1419 1140 1438 1172 ι
1487 1125 1832 1178 estensioncs
1858 1143 1905 1185 ς»

326 1196 491 1260 atque
520 1186 594 1239 ita
627 1186 834 1260 colligit
861 1188 1119 1260 Ireuams,
1145 1205 1266 1258 qua:
1296 1206 1458 1260 supra
1484 1192 1648 1255 dixit,
1668 1196 1734 1245 de
1762 1194 1912 1247 Scri-

323 1257 527 1380 Et‘pris,
574 1259 1020 1313 successionibus
1066 1257 1451 1327 epiSCoporunt
1485 1303 1501 1326 ,
1554 1263 1792 1317 maxime
1856 1265 1908 1317 in

407 1326 573 1380 clesia
628 1326 896 1380 Romana.
947 1337 1002 1380 et
1063 1330 1456 1380 traditionibus
1497 1334 1903 1380 apostolorum-

407 1326 573 1401 clesia
628 1326 896 1401 Romana,
947 1337 1002 1382 ct
1063 1326 1456 1401 traditionibus
1497 1334 1905 1401 apostolorum,

327 1397 437 1449 vim
478 1398 679 1451 habere
713 1398 1181 1454 manifestissimae
1225 1414 1288 1451 ac
1316 1397 1647 1455 ﬁrmissima:
1689 1397 1913 1457 demon-

325 1467 611 1521 strationis
660 1468 926 1523 adversus
964 1484 1152 1522 omnes
1183 1469 1442 1524 hmreses.
1508 1472 1677 1527 Infert
1726 1485 1906 1526 autem

324 1551 587 1612 non__esse
613 1538 901 1612 veritatem
938 1539 1062 1593 ﬁdei
1094 1540 1456 1612 quazrendam
1482 1558 1508 1593 a
1545 1551 1652 1612 tam
1679 1542 1909 1612 impuris

326 1616 382 1659 et
413 1607 667 1661 dissectis
707 1606 1094 1663 Gnosticormn
1118 1608 1283 1663 sectis
1317 1628 1331 1663 :
1366 1610 1460 1663 sed
1492 1627 1520 1663 a
1569 1610 1685 1665 sola
1719 1606 1908 1667 E‘ccle-

324 1676 404 1730 sia
430 1676 720 1748 calholica,
752 1677 839 1731 cui
868 1688 930 1731 ut
960 1694 1175 1732 sacrum
1205 1693 1267 1732 ac
1299 1680 1520 1735 caeleste
1548 1681 1764 1748 pignus,
1791 1698 1908 1736 ser-

322 1747 504 1800 vanda
569 1748 639 1805 ah
697 1748 964 1817 apostolis
1017 1749 1309 1802 commissa
1378 1758 1480 1804 est.
1547 1747 1906 1805 conﬁrmatio

323 1818 501 1895 prima
527 1827 631 1883 est,
667 1832 829 1895 exeo
861 1820 1004 1895 quod
1041 1819 1257 1895 obortis
1300 1820 1455 1895 novis
1496 1820 1903 1895 disceptatioui-
1938 1841 1979 1895 Β

322 1885 426 1942 bus
452 1901 670 1958 semper
696 1890 761 1941 ad
797 1888 1142 1956 antiquiores
1163 1887 1481 1958 _Ecclesias,
1512 1885 1660 1943 velut
1701 1892 1767 1945 ad
1798 1907 1903 1958 pu-

324 1958 499 2011 riores
549 1956 725 2012 fontes
774 1960 1102 2011 recurritur.
1157 1956 1434 2019 Secunda,
1466 1959 1609 2027 quod
1646 1961 1689 2012 si
1742 1956 1902 2016 nulla:

320 2037 504 2081 essent
536 2026 835 2093 Scriptum
860 2029 1019 2080 nobis
1056 2027 1281 2091 rclictm,
1306 2029 1372 2081 ad
1403 2026 1589 2083 carum
1626 2030 1904 2085 Ecclesia-

323 2110 445 2166 rnm
499 2097 822 2150 traditiones
856 2098 1081 2150 omnino
1111 2098 1528 2166 confugiendum
1561 2112 1721 2153 esset.
1767 2101 1904 2153 Ter-

323 2165 421 2228 tia,
453 2166 655 2219 multas
687 2181 785 2234 per
810 2166 997 2219 orbem
1028 2175 1238 2234 gentes,
1273 2165 1393 2220 riva
1427 2168 1603 2221 solum
1636 2184 1770 2222 voce
1799 2181 1902 2223 tra-

320 2234 493 2288 ditam
516 2236 617 2290 sibi
636 2250 817 2290 veram
840 2236 998 2311 Ιίιιςιη
1018 2236 1382 2311 Christianam
1400 2248 1716 2294 constanter
1741 2241 1902 2311 119

323 2314 510 2359 tenere
557 2315 613 2359 et
639 2320 879 2360 servare.
911 2305 1139 2370 Quarta,
1177 2305 1441 2374 Spiritum
1466 2305 1897 2373 sanctum,_u_t'a

319 2375 605 2443 prophetis
634 2376 1060 2443 praenuntiatum
1091 2376 1210 2439 fuit,
1245 2378 1297 2429 in
1337 2378 1597 2431 cordibus
1628 2379 1898 2445 ﬁdelium,

320 2448 502 2518 potius
530 2460 696 2513 quam
733 2446 785 2498 in
820 2445 1048 2518 chartis,
1085 2458 1268 2518 vcram
1302 2456 1357 2499 et
1383 2445 1677 2502 salutarent
1718 2451 1898 2518 pieta-

319 2525 425 2567 tem
461 2517 705 2569 inserere
733 2529 796 2569 ac
825 2516 1070 2582 inﬁgere.
1123 2515 1290 2570 Paulo
1338 2526 1498 2585 post,
1539 2534 1558 2567 ι
1594 2518 1644 2569 in
1678 2515 1832 2583 eam,
1876 2538 1893 2568 ι

318 2601 436 2652 pro,
466 2602 486 2634 ο
523 2586 575 2639 iu
607 2600 700 2649 ea,
742 2603 760 2635 ι
798 2585 1015 2647 deinde,
1048 2605 1064 2636 ι
1118 2602 1238 2639 cum
1282 2601 1494 2639 summa
1545 2587 1893 2656 diligentia,»

317 2670 436 2719 pro,
471 2674 493 2707 ο
525 2671 650 2709 cum
682 2669 901 2725 magna,
940 2675 959 2707 ι
996 2656 1229 2710 docente
1255 2666 1436 2710 vetere
1459 2656 1670 2720 codice,
1696 2658 1900 2713 substi-

315 2727 542 2779 tuimus.

386 2795 635 2866 Diligere.
673 2794 863 2850 Billius
894 2795 1176 2866 «deligere
1204 2818 1221 2849 ι
1269 2797 1453 2852 mallet
1518 2813 1682 2867 quam
1727 2816 1748 2851 ι
1776 2799 1899 2855 dili-

312 2878 463 2937 gere,
494 2886 512 2917 ›
547 2868 618 2920 ob
650 2870 873 2920 verlnnu
913 2884 931 2916 ι
958 2869 1223 2937 devitarc,
1253 2886 1270 2919 ι
1307 2868 1452 2937 quod
1493 2870 1788 2922 antecedit.

389 2936 530 3001 Quid
578 2948 752 2989 autent
795 2937 842 2989 si
886 2952 1065 3003 neque.
1101 2934 1407 2991 Vehemens
1446 2947 1594 2992 certe
1637 2939 1799 2992 telum
1844 2940 1896 2993 in

310 3020 405 3059 eos
458 3007 547 3075 qtti
582 3008 714 3060 nihil
745 3008 1077 3061 credendmn
1106 3007 1390 3061 clamitant
1443 3011 1586 3075 quod
1623 3024 1730 3061 non
1759 3010 1899 3063 dilu-

310 3077 434 3129 cide
478 3087 532 3131 et
575 3088 764 3145 aperte
816 3075 1097 3143 Scriptura
1141 3078 1306 3147 dicat.
1358 3077 1495 3131 Num
1546 3093 1678 3147 ergo
1726 3080 1894 3134 Deum

313 3161 479 3231 unum
510 3161 656 3213 esse,
676 3148 1055 3231 .lIt-t'iVCI'saqlle
1088 3163 1185 3202 suo
1224 3145 1397 3201 Verbo
1426 3145 1737 3231 condidisse
1770 3164 1894 3231 ere-
1925 3170 1968 3231 ρ

308 3216 602 3283 didissent,
645 3217 688 3270 si
730 3216 932 3285 Moysis
974 3226 1191 3269 aetatem
1230 3218 1677 3286 prarcessissent?
1706 3220 1895 3273 Athei-

308 3301 559 3340 sntutnve
595 3286 827 3355 professi
862 3286 1112 3348 fuissent,
1152 3287 1194 3339 si
1236 3288 1487 3341 universa
1530 3286 1701 3341 Biblia
1740 3305 1893 3343 sacra

306 3356 658 3427 Itabylonicis
698 3356 932 3427 llatnniis
980 3356 1135 3427 exuri
1172 3356 1466 3411 vidissent?
1503 3356 1690 3424 Neque
1730 3360 1895 3427 igitur

307 3425 521 3479 Domini
554 3427 723 3480 nostri
757 3425 1211 3489 incarnationem,
1246 3438 1499 3491 mortem,
1536 3425 1893 3483 resurrectio-

306 3511 453 3556 ncm,
474 3505 527 3548 et
554 3496 865 3549 universam
893 3496 1257 3564 (Bconomiam
1284 3506 1558 3564 peractam
1588 3499 1655 3551 ab
1677 3514 1742 3550 eo
1768 3514 1894 3554 vere

303 3566 738 3635 existimassem,
768 3573 1059 3635 antequam
1088 3563 1396 3627 Matthaéus,
1429 3566 1663 3630 Marcus,
1694 3566 1890 3635 Lucas,

301 3633 568 3699 Joannes,
597 3636 709 3689 haec
734 3634 951 3703 Scriptis
982 3634 1373 3689 mandassent?
1402 3636 1468 3688 Et
1498 3637 1627 3703 quid
1659 3638 1724 3690 ad
1751 3633 1892 3694 hanc

305 3707 573 3759 rationem
619 3704 804 3759 Irenati
837 3706 1266 3772 respondebunt,
1297 3705 1340 3757 si
1378 3714 1586 3759 tantum
1617 3718 1672 3761 et
1715 3708 1889 3762 solum

305 3777 513 3847 apertis
540 3775 759 3844 scriptis
798 3779 1052 3847 credunt,
1086 3777 1381 3847 traditione
1409 3776 1556 3847 otnni
1589 3779 1891 3847 ahuegat‘a?

378 3845 566 3899 Multw
617 3858 790 3914 gentes
843 3844 1216 3899 barbarorum.
1268 3844 1479 3901 Divinis
1519 3844 1888 3914 jussionibtts,

302 3916 504 3983 quibus
546 3915 797 3970 Christus
846 3915 1124 3981 apostolos
1170 3926 1224 3969 et
1272 3914 1565 3987 discipulos
1598 3917 1885 3987 delegavit,

303 3999 364 4040 ttt
397 3997 587 4058 euntes
628 3988 680 4040 itt
720 3987 1033 4058 universum
1067 3988 1350 4049 mundum,
1388 3986 1514 4058 lelix
1546 3986 1888 4058 faustumque

305 4056 582 4123 l-Lvangi-lii
619 4054 843 4109 vetbum
879 4056 1264 4123 proﬁterentur
1295 4056 1441 4109 omni
1476 4069 1765 4121 creaturae,
1800 4054 1884 4112 in-

298 4128 568 4201 cipientes
612 4142 640 4179 a
686 4124 869 4178 Judtca
903 4139 1073 4193 usque
1120 4129 1186 4179 ad
1227 4128 1472 4180 ultimmn
1517 4138 1697 4201 territa,
1740 4139 1887 4201 tanto

300 4199 520 4253 fervore
550 4207 879 4265 paruerunt,
914 4204 972 4247 ut
1001 4210 1218 4249 omnem
1255 4207 1523 4265 terrarum
1565 4199 1753 4252 orbem
1798 4199 1885 4251 in-

301 4278 386 4320 tra
421 4267 493 4319 40
520 4264 613 4320 aut
637 4266 707 4319 50
735 4280 909 4318 annos
943 4266 1307 4333 peragrarint.
1346 4264 1458 4320 Hoc
1496 4267 1655 4335 plane
1683 4266 1885 4323 Paulus

302 4338 530 4402 indicat,
584 4337 955 4390 Romanorum
1016 4338 1171 4389 tidem
1228 4337 1413 4390 dicens
1469 4338 1781 4391 annuutiari
1831 4340 1881 4391 in

301 4410 559 4461 universo
588 4406 819 4469 mundo;
853 4414 909 4459 et
940 4405 1319 4476 Apocalypsis,
1351 4408 1492 4476 inter
1522 4407 1884 4462 eucharistias

304 4480 585 4534 beatorum
626 4478 868 4531 referens
904 4473 1000 4529 eos
1046 4473 1231 4530 dicere
1262 4498 1273 4531 :
1306 4495 1323 4527 ι
1352 4473 1649 4529 Redemiin
1691 4492 1788 4531 nos
1817 4496 1883 4532 ex

298 4550 447 4601 ouini
497 4549 660 4611 tribu,
696 4547 901 4614 lingua,
940 4545 1136 4615 populo
1178 4556 1233 4599 et
1280 4548 1522 4600 natione.
1555 4566 1573 4598 ι
1606 4545 1723 4603 Νοιι
1767 4548 1885 4603 fue-

302 4627 441 4691 runt
460 4628 640 4672 autem
667 4617 1266 4691 scripta-apostolorum
1287 4616 1541 4691 evulgata
1576 4618 1762 4691 statim
1790 4633 1888 4685 per

301 4698 384 4743 tot
412 4688 625 4759 linguas
656 4697 710 4740 et
738 4686 1081 4759 provincias;
1106 4702 1225 4754 qua:
1256 4686 1437 4740 tamen
1463 4698 1609 4741 recta
1638 4688 1691 4741 in
1718 4687 1909 4741 Deum.

299 4760 430 4825 ﬁde,
465 4756 581 4812 solo
615 4762 780 4811 verbo
820 4756 911 4810 Dei
956 4758 1185 4828 tradito,
1222 4773 1325 4811 non
1360 4767 1542 4810 autent
1575 4759 1781 4828 scripto
1809 4759 1889 4812 in-

298 4831 443 4886 nixa:
492 4829 822 4889 credebant,
858 4828 935 4879 uti
979 4827 1138 4879 docet
1174 4826 1429 4881 lienams.

377 4900 614 4964 Quorum
646 4900 735 4967 qui
782 4899 837 4949 in
867 4897 1132 4953 Christum
1169 4900 1413 4959 credunt,
1457 4898 1570 4949 sine
1616 4899 1800 4953 charta
1840 4910 1889 4952 et

299 4980 615 5027 atramento.
670 4968 745 5022 lta
791 4981 856 5021 ex
904 4969 1075 5022 veteri
1126 4968 1312 5022 codice
1365 4968 1755 5024 restituimus:
1800 4984 1890 5024 co-

299 5042 452 5098 dices
501 5041 713 5106 excusi,
764 5060 781 5090 ι
812 5054 1003 5093 eorum
1052 5039 1143 5107 qui
1190 5041 1243 5091 in
1296 5038 1578 5093 Christum
1633 5040 1886 5105 credunt,

297 5114 420 5166 sine
449 5112 769 5167 charaCtere
801 5111 882 5162 Vel
918 5118 1245 5162 atramento.
1274 5127 1293 5160 ι

369 5183 505 5238 Ante
556 5179 887 5235 Valentinum
938 5180 1100 5233 enim.
1145 5179 1363 5235 Eisdem
1412 5180 1771 5249 argumentis,
1822 5180 1888 5234 ab

297 5252 729 5321 originescilicet
752 5252 1041 5304 recentiori
1077 5259 1189 5304 tttnt
1227 5250 1747 5321 liceresiarcharum,
1770 5263 1884 5304 tum

302 5319 595 5387 haereseos,
629 5320 963 5378 validissime
992 5329 1199 5389 pugnat
1225 5319 1595 5376 Tertullianus
1628 5322 1889 5376 adversus

299 5395 467 5451 hosce
514 5391 806 5447 Gttoslicus
852 5393 947 5446 lib.
1000 5388 1313 5459 I'ra'script.
1365 5400 1419 5447 et
1468 5391 1564 5446 lib.
1620 5405 1637 5449 ι
1690 5390 1888 5447 Contra

307 5464 652 5517 tlarcionem.
690 5461 844 5517 Valet
875 5476 1093 5532 quoque
1127 5461 1419 5531 plurimum
1450 5461 1761 5530 hujusmodi
1795 5477 1887 5516 ar-

298 5543 620 5606 gumentum
654 5532 1109 5606 adversuslmjus
1140 5532 1241 5606 aevi
1273 5533 1631 5603 lluguosticos
1658 5548 1702 5606 :_
1716 5547 1889 5606 qua_n—_

298 5601 589 5672 (tequidem
644 5613 858 5657 constet
919 5601 1400 5657 Lutherauismum
1453 5618 1601 5657 anno
1671 5601 1889 5656 Domini

1924 4529 1960 4581 ii

2026 539 2311 602 habuisse;
2382 533 2866 592 sacramentariam
2931 534 3225 589 factionem
3292 533 3439 602 circa
3506 549 3605 587 an-

2026 625 2153 661 num
2184 601 2341 671 $24;
2373 606 2699 662 Carolstadii
2727 616 2782 660 et
2810 604 3042 673 Zuinglii
3074 619 3239 669 opera
3267 601 3599 673 pullulasse;

2022 678 2504 746 Anabaptistarum
2530 692 2661 732 vero
2688 671 2972 746 colluvieni
3002 674 3161 736 1522,
3194 671 3601 746 per_Nicol_autn

2022 742 2243 812 Storck’,
2286 747 2483 801 deinde
2533 746 2795 801 Thomam
2842 742 3407 810 Muntzerum’prima
3456 743 3605 797 furo-

2022 833 2140 871 rum
2192 832 2413 871 suorum
2471 816 2821 871 fundamenta
2863 815 3084 882 jecisse.
3136 812 3271 867 Nam
3320 812 3365 864 si
3409 827 3604 867 omnes

2020 887 2429 941 ecclesiasticas
2464 887 2725 941 historias
2765 900 3166 953 percurramus,
3221 882 3425 935 nullam
3475 898 3607 950 pro-

2019 958 2289 1019 vinciam,
2344 956 2659 1024 nullamque
2718 965 2931 1025 gentem
2962 953 3421 1025 _comperiemus,
3454 967 3602 1025 Aqua

2017 1027 2415 1082 confessionem
2447 1021 2943 1089 ﬁdeiAugustauaa,
2962 1021 3422 1089 Witeinbcrgicaz,
3452 1021 3604 1075 Man-

2017 1096 2279 1161 sfeldicm,
2335 1095 2642 1159 Saxonieaz,
2684 1091 3012 1161 Bohemicze,
3060 1091 3421 1155 Wandalicre,
3465 1095 3604 1146 Sue-

2015 1168 2175 1229 diczr,
2214 1160 2477 1233 Anglicte,
2517 1165 2767 1232 Belgicae,
2809 1160 3107 1225 Francicze,
3154 1162 3469 1233 Helvetiae,
3508 1169 3605 1216 aut

2017 1234 2070 1289 Ba
2094 1232 2559 1290 zanicte'similem
2576 1242 2831 1305 ‘uuquam
2862 1235 3114 1288 ediderit.
3135 1233 3297 1305 _llocg
3320 1232 3369 1283 in
3406 1233 3605 1305 primis

2015 1308 2149 1360 satis
2182 1306 2384 1359 fatetur
2418 1305 2579 1372 Bcza,
2616 1301 2834 1373 quando
2863 1305 2913 1357 in
2950 1301 3605 1373 libroilmaginumjcri-

2017 1377 2094 1428 bit
2123 1376 2394 1435 Cnoxum,
2434 1369 2725 1439 Bucerum,
2753 1372 3048 1437 Farellum,
3079 1369 3388 1433 Calvinum,
3432 1369 3603 1425 Zuin-

2014 1446 2208 1515 glium,
2239 1461 2301 1515 ac
2329 1444 2811 1515 (Ecolampadium
2844 1443 3061 1515 primos
3091 1443 3259 1497 fuisse
3292 1443 3346 1495 itt
3388 1441 3604 1515 Scotia,

2014 1460 2208 1514 gnum,
2239 1461 2301 1498 ac
2329 1460 2811 1515 wcommpautum
2883 1460 3051 1497 rttuos
3091 1460 3259 1497 tuisse
3292 1460 3346 1495 ιιι
3388 1460 3604 1503 accita,

2011 1514 2231 1584 Anglia,
2258 1514 2514 1580 Francia,
2557 1515 2827 1570 Sabaudia
2844 1460 3211 1584 ilelvetiaque
3234 1512 3515 1581 apostolos
3540 1529 3606 1566 :tc

2011 1582 2373 1653 evangeléslas
2397 1601 2413 1649 ;
2444 1586 2597 1647 item,
2637 1584 2844 1640 Calvini
2872 1585 2925 1637 in
2952 1598 3139 1637 sacras
3159 1582 3398 1636 Litteras
3426 1583 3608 1653 moni-

2011 1651 2209 1708 mentis
2232 1654 2759 1723 tnihiljudiciosius,
2790 1654 2920 1708 nihil
2942 1654 3301 1723 enucleatius,
3324 1651 3462 1705 nihil
3488 1668 3610 1723 ma-

2010 1724 2363 1794 gniﬁcentius
2381 1722 2706 1794 aquaquatn
2726 1725 2878 1794 verbi
2901 1722 3071 1794 divini
3098 1724 3397 1791 interprete
3421 1722 3608 1775 adhuc

2009 1793 2275 1861 scriptum
2301 1793 2544 1859 fuissem
2567 1805 2621 1846 et
2650 1797 2700 1848 in
2733 1793 2896 1861 hujus
2924 1793 3066 1859 Vita,
3110 1794 3397 1846 universos
3439 1807 3603 1845 vere-

2010 1860 2223 1918 cundia:
2247 1860 2383 1917 lines
2415 1864 2751 1929 transiliens,
2769 1860 2878 1919 tam
2904 1864 3252 1931 impudenter
3300 1878 3471 1930 quam
3499 1877 3605 1915 ne-

2007 1933 2191 2000 quiter
2219 1933 2457 1987 scribit:
2491 1952 2510 1984 ι
2552 1933 2868 1989 Doctrinam
2906 1935 2973 1988 de
3013 1946 3170 1986 coena
3208 1932 3518 1993 Dominica,
3569 1947 3601 1984 a

2008 2002 2155 2055 nullo
2174 2012 2297 2072 post
2312 2004 2585 2070 apostolos
2606 2014 2751 2059 recte
2770 2003 3103 2057 intellectam
3123 2013 3173 2056 et
3190 2003 3452 2055 traditam
3472 2003 3605 2055 bac-

2014 2071 2185 2126 tenus
2200 2071 2393 2139 fuisse,
2424 2089 2587 2141 quam
2629 2090 2659 2127 a
2686 2074 2929 2128 Calvino.
2960 2092 2978 2123 ι
3012 2075 3235 2127 Constat
3261 2087 3395 2141 ergo
3430 2072 3603 2125 etiam

2007 2143 2246 2210 propriis
2286 2143 2499 2197 illorum
2542 2145 2888 2209 testimoniis,
2917 2142 3312 2198 Calvinismum
3340 2152 3395 2196 et
3427 2141 3600 2194 Zuin-

2008 2212 2352 2279 glianismum
2380 2212 2815 2269 recentissimum
2840 2228 2962 2268 esse
2989 2231 3000 2265 :
3030 2227 3236 2281 nosque
3258 2211 3365 2266 illis
3386 2223 3599 2279 optimo

2000 2281 2434 2353 jjtreobjicere
2491 2298 2690 2353 posse,
2754 2284 2899 2352 quod
2970 2298 3142 2353 nuper
3193 2282 3246 2335 in
3319 2281 3601 2353 colloquio

2007 2351 2453 2407 Frankentalensi
2489 2350 2861 2423 Auabaptisus
2901 2350 3186 2421 nepotibus
3226 2352 3344 2423 suis
3376 2350 3602 2423 objece-

2010 2432 2179 2476 runt:
2221 2442 2237 2472 ι
2267 2424 2323 2475 Si
2372 2437 2468 2476 vos
2508 2420 2752 2478 Ecclesia
2797 2423 2892 2476 Dei
2933 2420 3088 2485 estis,
3128 2422 3377 2489 sequitur
3422 2420 3599 2473 Deum

2005 2493 2124 2562 sine
2148 2491 2343 2562 populo
2370 2503 2422 2546 et
2444 2492 2687 2548 Ecclesia
2714 2492 2879 2546 fuisse
2907 2508 3079 2562 usque
3106 2494 3171 2544 ad
3197 2508 3401 2544 annum
3428 2489 3594 2546 1524.

2005 2560 2059 2614 in
2112 2560 2231 2630 quo,
2264 2560 2639 2617 Carolstadius
2684 2562 2948 2616 doctrinae
2992 2560 3186 2616 vestra:
3230 2562 3595 2614 fundamenta

2004 2635 2208 2699 posuit.
2237 2630 2375 2685 Nam
2410 2633 2453 2686 si
2490 2634 2571 2688 vel
2606 2648 2798 2687 omnes
2828 2632 3084 2687 historias
3115 2631 3435 2700 perlegatis,
3472 2631 3597 2683 nul-

2004 2702 2113 2753 lutn
2140 2700 2208 2754 ab
2237 2702 2463 2755 exordio
2490 2704 2675 2757 tuundi
2705 2701 2963 2771 populum
2999 2702 3310 2765 invenietis,
3337 2700 3431 2769 qui
3462 2716 3596 2754 cum

2004 2771 2299 2824 fessionem
2330 2772 2453 2825 ﬁdei
2486 2785 2679 2828 vestra:
2708 2773 2939 2827 similem
2967 2772 3239 2833 habuerit,
3272 2791 3290 2823 ι
3332 2782 3442 2824 etc.

2072 2839 2551 2911 Lutlieranismum
2598 2858 2813 2911 quoque
2860 2842 3297 2898 recentissimum
3345 2854 3492 2903 esse,
3536 2852 3595 2895 et

2003 2910 2120 2977 ipse
2162 2910 2433 2965 Lutherus
2477 2914 2651 2981 palam
2703 2913 2975 2981 signiﬁcat
3019 2924 3075 2965 et
3111 2920 3458 2966 contestatur
3506 2911 3595 2965 his

2005 2981 2247 3034 verbis“
2279 3000 2290 3033 :
2331 2999 2347 3032 t
2374 2983 2655 3037 Audemus
2681 2984 2899 3052 gloriari
2953 2982 3232 3036 Christum
3263 2996 3385 3035 esse
3410 2982 3593 3052 primo

2003 3068 2031 3102 a
2068 3052 2552 3121 nobisvulgatum.
2586 3072 2604 3103 ι
2646 3051 2709 3106 Et
2752 3055 2805 3106 in
2855 3052 3145 3121 Colloquiis
3188 3052 3307 3117 ejus
3351 3066 3448 3119 per
3483 3051 3593 3105 Be-

2003 3120 2265 3175 benstock
2288 3122 2531 3177 collectis
2564 3123 2820 3186 refertur,
2851 3124 2994 3191 quod
3024 3120 3337 3191 irequenter
3366 3122 3590 3174 labores

2004 3206 2132 3245 suos
2181 3193 2546 3261 apostolorum
2599 3194 2759 3246 etiam
2804 3189 3080 3246 laboribus
3125 3189 3461 3261 pt'mfereus,
3504 3192 3590 3243 di-

2003 3260 2251 3315 ceret“:
2283 3281 2301 3313 ι
2331 3264 2596 3332 Tempore
2620 3261 2795 3327 Pauli,
2823 3260 3171 3332 Evangelinm
3200 3276 3307 3314 non
3335 3260 3585 3329 publice,

2003 3332 2098 3386 sed
2135 3332 2391 3399 privatim
2422 3330 2759 3401 propositum
2793 3342 2896 3387 est.
2926 3349 2945 3382 ι
2984 3330 3052 3385 Et
3086 3330 3325 3385 Joannes
3360 3332 3590 3401 Aurifa-

2004 3404 2097 3455 her
2129 3403 2181 3455 in
2209 3403 2331 3456 aliis
2360 3400 2604 3470 ejusdem
2630 3402 2853 3456 Lutheri
2885 3404 3235 3470 praeceptoris
3259 3402 3339 3455 sui
3400 3400 3588 3455 Cotto-

2001 3473 2160 3541 quiis,
2194 3489 2260 3527 eo
2306 3488 2475 3541 usque
2517 3475 2673 3531 effert
2725 3472 2873 3525 illum
2915 3487 3087 3535 super
3123 3485 3319 3541 omnes
3363 3470 3586 3535 Patres,

2001 3540 2277 3606 doctores,
2313 3540 2601 3612 martyres,
2638 3542 2950 3610 discipulos,
2990 3557 3055 3595 ac
3097 3540 3489 3612 evangelistas,
3529 3552 3591 3612 ct

2002 3614 2275 3680 apostolos
2321 3610 2547 3678 Christi,
2586 3622 2643 3666 ut
2682 3616 2767 3666 vix
2813 3612 3213 3666 divinissitnum
3262 3610 3490 3664 Paulqu
3535 3611 3589 3666 ei

2000 3683 2400 3749 praeferendum
2462 3683 2700 3749 judicet,
2764 3698 2827 3736 ac
2896 3685 3192 3747 secundum
3254 3682 3324 3734 ab
3378 3682 3585 3734 eodem

1998 3752 2218 3806 Christo
2246 3752 2423 3806 locum
2460 3756 2683 3807 omnino
2713 3754 2936 3815 tribuat,
2978 3762 3032 3805 ut
3067 3751 3319 3821 superius
3360 3766 3429 3804 ex
3463 3766 3589 3804 ver-

1997 3821 2147 3876 sibus
2184 3822 2303 3890 ejus
2333 3824 2658 3877 notavimus.
2689 3821 2993 3891 Wigandus
3037 3823 3270 3891 denique
3313 3822 3455 3876 libro
3502 3822 3586 3876 De

1998 3892 2148 3945 battis
2190 3905 2236 3946 et
2274 3893 2426 3945 malis
2468 3892 2786 3956 Germanus,
2832 3892 3060 3946 ascribit
3100 3894 3277 3945 cidem
3336 3891 3587 3947 Luthero

2001 3980 2020 4012 ι
2051 3962 2406 4017 articulorum
2435 3962 2556 4017 fidei
2586 3964 3027 4026 illustrationcm,
3056 3963 3230 4029 qualis
3258 3963 3326 4015 ab
3351 3975 3584 4031 aposto-

1994 4033 2173 4087 lorum
2225 4032 2559 4098 temporibus
2612 4036 2893 4100 hucusque
2942 4031 2995 4084 in
3054 4034 3255 4085 mundo
3306 4047 3418 4084 non
3477 4032 3587 4086 fuit

1994 4104 2235 4174 cognita.
2267 4121 2286 4153 ι
2322 4103 2388 4155 Et
2416 4106 2613 4173 reipsa,
2641 4119 2709 4156 ne
2739 4118 2928 4165 unum,
2957 4115 3023 4155 ue
3055 4117 3219 4154 uttunt
3246 4103 3475 4170 quidem
3510 4104 3586 4156 ah

1994 4173 2366 4242 apustolorum
2420 4174 2755 4243 temporibus
2812 4174 2878 4225 ad
2931 4173 3070 4225 hanc
3131 4186 3302 4240 usque
3357 4184 3582 4226 :rlatem

1995 4255 2264 4310 nostram,
2310 4246 2584 4298 doctorem
2633 4257 2696 4296 ac
2744 4243 3397 4312 episcoputugnominare
3446 4260 3582 4312 pos-

1993 4324 2136 4375 sunt,
2189 4325 2282 4367 aut
2330 4323 2582 4380 putcruttt
2632 4310 2892 4380 unquam.
2930 4316 3021 4380 qui
3068 4310 3462 4367 Lutlterauanti
3495 4317 3583 4367 vel

1986 4386 2554 4444 Melanchthonianam
2602 4385 2910 4441 doctrinam
2958 4386 3261 4455 professus,
3295 4394 3391 4441 aut
3434 4403 3580 4444 con-

1986 4457 2280 4513 fessionem
2311 4456 2433 4511 ﬁdei
2457 4458 2788 4525 Augustante
2814 4457 3045 4511 similem
3073 4457 3354 4520 amplexus
3378 4457 3575 4513 fuerit.

1989 4528 2093 4583 Sed
2125 4542 2299 4595 neque
2328 4526 2493 4580 ullam
2541 4526 2910 4593 provinciam,
2942 4527 3105 4580 ullam
3147 4527 3445 4592 civitatem,
3488 4530 3579 4582 ul-

1991 4601 2099 4651 lum
2146 4596 2439 4666 oppidum,
2468 4597 2639 4650 ullum
2692 4597 2859 4650 totius
2908 4596 3058 4650 orbis
3105 4597 3365 4665 angulum
3422 4598 3576 4652 desi-

1990 4682 2157 4737 gnare
2186 4674 2436 4737 possunt,
2470 4666 2525 4737 in
2556 4680 2665 4733 quo
2692 4666 2771 4719 vel
2803 4666 3131 4737 baptizatum
3156 4667 3238 4737 vel
3262 4678 3576 4735 cantatum,

1990 4734 2073 4791 vel
2100 4736 2451 4806 praedicatum
2479 4735 2880 4806 sit_recentiunt
2905 4734 3363 4806 llugnosticorum
3388 4752 3575 4792 more.

1993 4804 2497 4875 Estigiturihorum
2540 4804 2786 4859 doctrina
2834 4804 3179 4874 plane’nova,
3219 4816 3273 4860 et
3302 4805 3581 4863 hactenus

1994 4878 2132 4930 inter
2160 4874 2505 4931 Christianos
2530 4889 2631 4929 nec
2654 4875 2839 4929 audita
2870 4890 2967 4929 nec
3000 4883 3234 4934 recepta.

2075 4943 2379 4997 Valentinus
2427 4946 2561 4995 enim
2614 4942 2747 4994 venit
2804 4940 3049 4994 Romam.
3094 4942 3239 5004 Haec,
3285 4950 3461 5007 usque
3501 4942 3575 4991 ad

1988 5015 2115 5070 illud
2157 5032 2170 5069 :
2207 5013 2488 5066 «Μαννίου
2530 5023 2711 5065 autent
2760 5013 2834 5064 illi
2881 5011 3209 5073 succedens,
3240 5027 3259 5061 ι
3301 5011 3577 5061 transcri-

1990 5087 2098 5154 psit
2122 5085 2388 5138 Eusebius
2418 5083 2514 5136 lib.
2546 5099 2595 5137 tv
2633 5083 2795 5149 Iltst.,
2819 5099 2949 5154 cap.
2984 5083 3068 5134 10.
3103 5086 3319 5134 bet-tant
3347 5094 3579 5154 quoque

1994 5149 2491 5210 Valcntiniauorum
2534 5164 2709 5207 ortam
2747 5153 2853 5208 sub
2888 5162 3129 5221 tempore
3162 5154 3422 5205 Antonini
3463 5149 3572 5218 Pii,

1986 5237 2040 5281 et
2097 5226 2418 5294 Tclespltori
2476 5239 2649 5293 papae,
2709 5227 2802 5292 qui
2852 5223 3116 5293 llyginum
3180 5232 3571 5294 pnecesscrat,

1986 5293 2633 5351 memoriaetradiderunt
2674 5295 3048 5349 'fueodorctus
3076 5305 3130 5348 et
3162 5293 3495 5347 Sabellicus.

2058 5367 2186 5438 Pag.
2233 5364 2351 5419 179.
2401 5366 2562 5420 Modo
2599 5366 2805 5436 quidem
2850 5366 3073 5438 latenter
3113 5366 3328 5418 docens.
3358 5365 3573 5421 Obser-

1988 5437 2220 5493 vandum
2268 5451 2431 5505 quam
2484 5438 2710 5501 ittcetta,
2764 5437 3073 5502 vacillante,
3124 5447 3180 5491 et
3223 5440 3294 5490 ad
3344 5451 3571 5492 omnem

1986 5511 2173 5567 ﬂatum
2217 5508 2535 5572 ﬂuctuante,
2568 5507 2677 5562 imo
2714 5521 2766 5563 ct
2809 5523 3163 5578 repugnante,
3200 5519 3256 5564 et
3303 5519 3571 5578 perpetuo

1992 5589 2215 5643 verbere
2243 5579 2549 5649 llagellante
2580 5596 2674 5635 eos
2709 5581 2909 5637 misera
2941 5582 3301 5643 conscientia,
3346 5593 3571 5637 errores

370 5802 420 5838 ”
455 5802 673 5865 l‘t‘u'fat.
734 5805 784 5860 iu
847 5820 1044 5875 corpus
1078 5781 1369 5875 doctrinm,
1438 5807 1647 5861 editum
1698 5804 1894 5875 Lipsitt‘

2011 5801 2137 5857 561.
2197 5800 2241 5833 ⁸⁸
2275 5799 2431 5857 Tom.
2480 5796 2542 5866 ll,
2578 5811 2697 5869 pag.
2726 5794 2849 5853 145.
