1985 3189
225 186 297 215 1627

225 246 487 275 Fortassislrenteus
497 245 699 280 metonymich
714 245 1017 280 accepitmammonam,
1033 246 1056 274 Α

225 282 356 310 videlicet
370 285 481 310 causam
493 290 543 317 pro
560 280 672 315 etTectu,
688 281 715 309 id
747 285 809 314 est,
830 280 962 315 pecunias
990 284 1018 307 et

227 324 307 352 opes.
320 325 370 352 pro
386 324 480 344 earum
495 316 644 344 desiderio.

262 355 301 379 De
315 350 397 379 manu
420 352 549 387 fortioris.
566 352 603 379 lta
619 355 706 379 veter.
724 351 785 379 cod.
803 350 914 383 Excusi,
946 359 956 376 ι
984 350 1019 378 de

225 394 307 414 manu
322 387 483 415 Pharaonis.
501 397 510 413 ›

262 422 317 449 Sed
325 428 348 449 et
356 422 654 457 adjecit.Expunximns
665 421 791 455 «obiecit,
799 430 810 457 ι
818 424 937 447 auchet
953 420 1015 449 cod.

263 457 316 484 Sed
330 466 376 484 nec
383 456 538 492 quidquam.
555 457 709 485 Delevimus
723 466 732 482 ι
748 456 896 492 quidemLt
909 461 1016 483 auctor.

226 496 282 519 vet.
304 492 366 520 cod.
385 491 484 519 Probat
500 497 601 523 atttem,
628 498 682 519 tam
701 499 734 518 ex
757 491 916 525 Evangelia,
936 498 1016 525 quatn

226 535 258 553 et
275 526 401 560 Psalmis,
417 528 507 554 omnia
526 535 573 562 per
589 526 708 555 Verbum
723 527 831 554 condita
846 533 915 556 esse,
934 526 1017 553 adeo-

227 569 281 595 que
294 568 408 590 cunctos
422 562 534 590 ordines
547 563 708 596 angelorum
726 571 733 589 :
750 562 839 588 solum
856 566 947 588 autem
963 569 1016 588 non

227 596 340 629 factum,
355 603 383 624 et
397 597 456 624 sine
472 597 527 624 nllo
543 598 662 629 antline.
679 596 873 632 aut-principio
887 601 1017 623 creante:

227 631 328 665 quibus
347 633 414 660 satis
427 632 506 659 docet
519 631 593 660 Patri
608 638 775 660 comternum
793 637 820 659 et
832 631 1018 659 consubstan-

228 667 293 693 tiale
309 668 421 694 omnino
437 667 603 695 credendum
617 672 645 694 et
659 667 843 694 confitendum
856 674 927 694 esse.

263 701 298 729 Et
313 702 515 729 dissolutionem
538 708 657 736 possunt.
674 702 743 730 Tres
761 702 810 730 has
826 702 959 730 dictiones
972 701 1018 730 de-

227 737 389 765 siderabant
404 738 498 764 excusi
513 738 632 766 codices.

281 782 325 810 Ea;
336 784 382 811 Jo.
399 783 448 811 Er.
471 783 564 811 Grabii
578 784 796 811 adnotationibus
817 784 844 811 in
858 792 917 818 cap.
935 784 962 812 8.

264 830 331 866 Pag.
349 831 412 858 185.
426 831 577 858 Secundum
590 836 678 858 autem
696 830 866 858 Hebraicam.
882 830 953 858 Pert
966 830 1019 858 lle-

228 865 352 893 hraicam
374 875 383 892 ι
402 866 522 901 linguam
550 867 703 899 intelligere
723 866 832 892 videtur
846 873 900 892 non
922 873 1016 899 puram

227 900 301 936 illam
323 905 351 928 et
375 901 532 935 genuinam,
560 909 613 936 qua
638 901 667 928 S.
693 901 804 928 Litterae
819 900 928 936 scripta:
944 906 1016 933 sunt,

228 935 265 962 uti
279 936 390 969 quidem
406 937 459 963 hoc
474 935 619 963 loconotat
631 936 781 968 Gallasius;
798 935 846 963 sed
861 935 1015 971 Syriacam,

227 971 317 1003 qualis
332 976 396 998 tunc
411 972 493 1005 vulgo
507 971 609 998 usitata
624 971 684 1002 fuit,
702 979 761 1005 qua:
788 975 816 999 et
837 978 852 997 a
870 972 958 999 sacris
982 972 1014 1000 Ν.

227 1005 303 1032 Test.
319 1006 500 1041 scriptoribus
513 1006 646 1033 Hebraica
663 1006 735 1033 dicta
749 1011 800 1033 est.

264 1041 422 1074 Adjuuctive
436 1041 534 1067 dicitur
552 1041 678 1073 mamuel,
698 1046 721 1067 et
735 1040 869 1075 signiﬁcat
885 1041 1016 1075 gulosum.

227 1074 331 1111 Irenaeo
351 1075 472 1103 Hebraea
490 1076 590 1111 linguae
604 1077 700 1111 ignaro
711 1074 787 1103 certe
804 1074 913 1110 quidam
930 1076 1017 1111 impo-

227 1110 283 1136 suit
296 1118 304 1137 τ
318 1117 407 1144 neque
418 1110 490 1137 enim
506 1110 579 1138 dicta
593 1110 755 1144 signiﬁcatio
770 1111 802 1138 ad
819 1118 911 1138 vocem
929 1120 938 1137 ι
959 1110 1017 1138 ma—

228 1144 300 1172 rnnel
320 1155 331 1180 ρ
348 1145 402 1172 ullo
423 1146 503 1172 modo
525 1147 652 1180 quadrat.
681 1145 794 1178 Quando
808 1153 873 1179 vero
900 1146 1017 1173 Irenteus

226 1180 264 1206 ait
283 1179 499 1216 adjunctivedici
514 1179 674 1214 timamnel,
694 1190 703 1206 I
722 1180 746 1207 id
765 1181 799 1207 ita
810 1181 1015 1216 accipio,quasi

226 1223 332 1241 mnmon
343 1223 405 1242 cum
419 1215 563 1250 προσθέσει
575 1216 599 1243 el
617 1216 717 1242 dictum
736 1215 812 1242 velit.

267 1250 338 1285 Vasa
352 1257 438 1277 autem
452 1251 509 1285 ejus
518 1257 541 1277 et
557 1251 650 1277 domus
665 1259 711 1277 nos
726 1259 842 1284 arantur,
859 1255 913 1284 etc.
933 1251 969 1277 Ita
990 1256 1017 1278 et

227 1284 258 1314 S.
277 1284 416 1312 Barnabas
434 1284 467 1312 in'
479 1285 597 1320 Epistola
621 1286 735 1317 calhol.,
755 1285 768 1320 ς
784 1285 829 1319 16,
844 1286 921 1318 cuius
933 1286 1014 1313 verba

227 1328 261 1347 cx
295 1320 405 1353 antiqua
445 1320 532 1347 solum
561 1320 659 1347 Latina
687 1322 815 1347 versione
842 1328 976 1354 apponam
1007 1330 1013 1347 :

228 1364 238 1379 ι
257 1355 411 1388 Antequam
424 1356 599 1382 crederemus
615 1356 679 1388 Deo,
693 1360 753 1382 erat
769 1355 903 1383 habitatio
922 1360 1014 1382 nostra

225 1394 354 1424 corrupta
373 1396 399 1417 et
425 1391 545 1423 intirma,
562 1390 632 1417 sicut
648 1390 776 1424 templum
802 1391 874 1425 quod
892 1398 941 1424 per
955 1398 1014 1417 ma-

228 1433 280 1460 nus
305 1424 469 1458 aediﬁcatur,
485 1425 547 1460 quia
577 1425 648 1460 pleni
671 1433 782 1452 eramus
808 1424 1016 1460 adorationihns

228 1459 382 1492 idolorum;
397 1466 425 1487 et
440 1459 500 1488 erat
515 1459 611 1487 domus
623 1460 834 1491 daemoniorum.
853 1470 862 1486 ι
873 1461 938 1494 Qum
953 1459 1017 1487 Bar-

226 1494 304 1521 nabat
328 1496 418 1523 citans
440 1495 567 1523 Clemens
595 1495 744 1523 Alexandr.
773 1495 822 1522 lih.
853 1503 871 1522 ιι
901 1494 1013 1528 Strom.,

225 1529 303 1564 plura
318 1531 350 1557 ad
365 1538 461 1557 eorum
471 1530 680 1565 explicationem
694 1531 779 1565 addit,
794 1530 936 1558 Valentino
948 1537 1014 1564 quo-

226 1562 279 1598 que
296 1565 424 1594 haeretici»
448 1573 497 1592 cor
509 1562 618 1597 eorum,
646 1566 691 1600 qui
721 1562 887 1600 negligenter
909 1562 1014 1597 vivunt,

226 1588 346 1637 agat;
354 1588 460 1627 tam;
467 1588 618 1637 3.415.;
627 1588 900 1637 sagittarios.
915 1588 1018 1637 sugg;
1034 1588 1055 1619 c

227 1634 457 1671 dictoﬂClcmente
470 1634 554 1671 citata
569 1641 596 1662 et
612 1634 761 1671 emenda—ta
771 1636 832 1662 vide
849 1640 915 1662 tom.
931 1636 939 1662 Ι
957 1635 1020 1671 Spi-

227 1669 315 1704 cilegii
325 1670 435 1697 Patrum
443 1675 468 1697 et
477 1670 763 1698 lmreticorumsaeculi
777 1678 807 1702 tt,
815 1678 875 1705 pag.
888 1671 931 1701 59.
941 1669 1018 1706 seqq.

317 1715 510 1743 Adnotationrs
526 1715 574 1743 Fr.
595 1715 768 1743 Feuardentii
784 1717 809 1743 in
824 1725 882 1750 ειιρ.
903 1718 931 1744 9.

264 1760 329 1796 Pag.
345 1761 408 1789 185.
422 1760 533 1789 Οσιεηεο
546 1763 595 1789 Itoc
607 1762 700 1796 igitur.
714 1762 881 1790 Auctoritate
896 1765 1018 1793 vet.rod.

228 1796 422 1830 expunximus,
443 1807 451 1822 ι
470 1798 600 1824 ostensio.
622 1806 631 1823 ι
658 1797 692 1823 Et
715 1804 776 1823 mox
793 1805 802 1822 t
819 1798 988 1830 ostendetur,
1008 1809 1017 1825 ι

229 1838 281 1869 pro
297 1840 315 1856 ι’
327 1833 488 1859 ostendatur
506 1842 515 1858 ι
533 1832 735 1869 substituimus.
752 1831 836 1859 Docet
849 1838 939 1869 autem
956 1841 1020 1869 apo-

230 1866 326 1898 S'olos,
350 1875 433 1894 unttm
459 1868 637 1901 eumdemque
662 1867 746 1893 Deum
767 1871 849 1900 atque
875 1866 1018 1896 Dominittn

230 1902 418 1929 miiversorum
432 1910 480 1937 per
493 1903 589 1929 orhcm
603 1902 780 1936 praedicasse;
798 1906 825 1928 et
837 1910 899 1929 eum
919 1903 1018 1936 ipstlm,

228 1944 310 1970 quem
334 1941 441 1964 veteres
467 1937 606 1972 prophetat
630 1937 767 1971 quondam
795 1937 1018 1972 celebraverant;

229 1978 297 2007 quos
314 1977 341 1999 et
358 1980 405 1999 nos
423 1973 522 1999 imitari
538 1976 670 2007 oporteat.
687 2006 690 2007 ν
915 1973 921 1979 ’

266 2005 315 2033 Hie
334 2011 424 2034 autem
447 2008 505 2041 pios
519 2005 634 2034 lectores
653 2006 744 2034 celare
772 2007 846 2038 nolo.
862 2015 922 2035 cum
948 2009 1020 2036 hunc

229 2041 330 2068 librum
345 2046 372 2069 et
390 2042 478 2069 locmu
493 2043 615 2070 secttndo
633 2049 868 2074 recognoscerem,
889 2042 1019 2071 incidisse

229 2076 256 2103 in
272 2084 369 2104 manus
381 2085 456 2104 meas
470 2077 588 2105 libellum
612 2077 727 2104 Genera:
753 2085 896 2109 cxcusum,
916 2079 940 2104 in
959 2078 1018 2105 olli-

230 2111 293 2139 ciua
311 2111 450 2140 Francisci
468 2112 587 2145 Perrini,
604 2112 683 2143 1567,
701 2112 874 2146 insrriptntu,
892 2121 901 2137 ι
922 2112 1020 2140 Valen-

231 2147 280 2173 titti
295 2147 420 2179 chtilis,
443 2157 452 2173 ι
477 2152 542 2180 ete.,
560 2148 585 2174 in
615 2147 690 2178 cujus
707 2147 811 2181 paginis
824 2147 906 2179 9,10.
924 2148 966 2179 Η,
987 2149 1019 2175 12

230 2186 257 2208 et
273 2183 316 2218 IS.
332 2191 365 2210 ex
384 2183 493 2215 scriptis
505 2183 625 2218 ejusdem
642 2181 788 2213 Valentini,
810 2181 964 2218 referuntur
977 2184 1020 2210 de-

228 2224 288 2252 cent
302 2217 397 2244 lrcnmi
415 2216 582 2249 testimonia,
599 2217 697 2252 quibus
715 2225 830 2250 nequam
843 2216 886 2244 ille
903 2224 1018 2245 conatur

228 2251 337 2288 efﬁcere
354 2253 441 2280 solum
461 2253 568 2280 Patrem
583 2251 644 2280 esse
661 2260 753 2279 verum
768 2260 799 2278 ac
811 2252 920 2278 unicum
935 2252 1017 2288 Deum
1035 2260 1057 2288 ι)

229 2294 262 2313 ac
280 2287 423 2315 Dominum
448 2288 571 2320 lsraclis;
594 2295 648 2314 non
668 2292 759 2314 autetu
777 2294 828 2313 una
847 2295 908 2313 cum
925 2295 957 2314 eo
974 2287 1018 2314 Fi-

229 2322 308 2354 littm,
321 2327 404 2359 atque
420 2323 551 2358 Spiritum
565 2327 700 2359 sanctum.
715 2322 789 2359 Illico
801 2327 875 2359 certe
887 2323 1017 2359 exhorrui

231 2361 333 2385 tantam
349 2357 466 2386 hominis
479 2358 676 2392 blasphemiam
699 2365 730 2384 ac
749 2357 958 2391 impudentiam,
979 2358 1018 2384 si-

231 2394 341 2427 mulque
356 2394 512 2421 accuratius
525 2394 595 2427 coepi
611 2392 703 2419 lrcna'i
727 2392 839 2426 scripta,
864 2399 924 2425 qua:
938 2393 1019 2420 halte-

228 2427 290 2454 bam
318 2429 344 2455 in
374 2430 510 2460 manibus,
535 2432 673 2459 excutere,
689 2433 716 2454 et
740 2428 766 2454 itt
790 2427 832 2455 his
859 2427 1020 2462 perquirens

228 2463 293 2497 quid
307 2464 340 2491 de
358 2472 386 2491 re
403 2465 541 2498 proposita
560 2462 684 2491 sentiret.

266 2498 392 2534 Compcri
404 2497 496 2525 autem
511 2499 584 2525 locos
597 2506 610 2524 a
626 2498 725 2525 Gentili
740 2505 791 2534 pro
811 2504 858 2524 sua
873 2497 1019 2534 impietate

229 2532 343 2567 citatos;
364 2535 453 2568 qualis
482 2538 522 2561 est
540 2534 601 2566 iste,
623 2533 648 2560 in
664 2541 744 2567 quem
763 2533 821 2560 ιιωο
845 2532 1017 2568 aduotamus,

229 2569 296 2595 nihil
310 2567 399 2597 ntiuus
425 2577 505 2603 quam
521 2574 573 2596 tant
588 2569 669 2603 impia
680 2573 707 2595 et
720 2567 876 2602 blasphcma
889 2567 1017 2601 resipcre.

230 2603 311 2639 Urget
326 2605 398 2632 enim
417 2603 536 2631 Irenzrus
551 2609 577 2631 et
590 2604 747 2639 frequenter
760 2603 879 2639 inculcat
908 2603 1018 2629 unicutn

227 2647 288 2666 esse
315 2639 400 2667 Deum
427 2647 535 2671 rerum,
560 2640 639 2673 hujus
664 2638 756 2665 mundi
788 2638 966 2673 conditorem,
992 2639 1018 2664 in

228 2675 327 2701 Israclc
340 2675 516 2709 praedicatum
530 2683 543 2701 a
558 2672 857 2709 propltctis,cognitum
869 2677 897 2700 et
910 2672 1019 2699 invoca-

228 2714 284 2735 tum
299 2718 312 2736 a
327 2710 501 2744 patriarchis,
521 2710 589 2745 legis
606 2710 706 2736 veteris
719 2713 871 2745 auctorem,
891 2712 918 2745 et
932 2716 1018 2745 eam:

228 2744 290 2771 dem
306 2741 369 2772 esse
381 2741 613 2772 Patrcm'Dofnini
638 2744 725 2771 nostri
747 2743 812 2771 Jesu
836 2743 949 2770 Christi.
964 2741 1019 2770 Sed

227 2787 281 2806 non
295 2785 387 2814 negat,
399 2780 454 2806 imo
469 2784 627 2808 censtanter
640 2783 780 2806 asseverat
796 2778 923 2814 eumdem
937 2778 1020 2814 Chri-

228 2819 313 2844 stum,
333 2813 471 2849 quatenus
486 2820 529 2842 cst
546 2815 675 2846 Verbum,
690 2815 716 2841 id
732 2818 773 2841 est
799 2813 885 2840 Filius
906 2813 966 2849 Dei,
980 2813 1019 2840 ci-

228 2850 290 2876 dem
306 2848 379 2877 Patri
393 2856 443 2877 suo
459 2855 638 2882 roteternum,
648 2849 823 2884 comqualem,
837 2848 1019 2875 consubstan-

228 2885 332 2919 tialem,
356 2886 474 2920 denique
499 2889 527 2912 ct
549 2893 612 2912 ctnn
635 2885 680 2912 illo
706 2892 769 2911 cum
798 2884 907 2911 unicum
923 2890 1018 2920 )‘et'um

228 2920 314 2950 Deum
338 2928 410 2956 esse,
430 2918 480 2957 qui
497 2925 523 2951 ct
540 2921 612 2950 hunc
640 2919 781 2954 mundum,
801 2925 828 2947 cl.
853 2918 976 2958 angelos,
994 2923 1020 2947 et

1033 923 1054 950 Β

899 182 1081 212 VARIORUM
1097 183 1202 212 NOTAE

1796 181 1865 210 i623

1071 249 1167 271 cuncta
1183 243 1330 276 creaverit,
1339 242 1466 271 etlsracli
1484 246 1564 269 notus
1579 241 1661 269 fuerit
1674 252 1681 269 :
1693 243 1864 270 tantumdem

1070 284 1097 306 ct
1111 280 1145 306 de
1160 279 1262 313 Spiritu
1281 283 1378 305 sancto
1393 286 1426 305 ex
1442 278 1527 312 ipsius
1544 277 1647 313 ell‘ectis
1675 285 1709 305 ac
1734 278 1865 312 operibus
1889 277 1891 281 '

1070 319 1145 341 recte
1162 311 1260 348 pieque
1273 314 1414 347 colligens,
1429 311 1459 340 ut
1473 320 1545 340 nunc
1557 311 1773 347 patefaciamus.
1870 318 1890 348 λέ

1106 346 1258 376 Exclusivm
1285 346 1376 382 itaque
1408 346 1584 384 particulae}
1612 347 1714 384 solum.
1744 346 1889 384 tantum,”

1070 389 1262 418 praeterquam,
1293 384 1395 415 nullus,
1409 383 1496 412 alius,
1518 383 1626 414 unicus,
1647 383 1739 414 solus,
1759 383 1866 410 solum-

1070 419 1160 450 modo.
1177 428 1186 445 I
1201 424 1269 451 etc.,
1286 426 1345 453 qua:
1359 418 1385 445 in
1400 418 1509 452 scriptis
1521 418 1613 445 lrenaai
1626 423 1794 449 occurrunt,
1810 422 1837 443 et
1849 425 1867 445 a

1071 454 1236 481 Gentilianis
1264 458 1292 480 et
1314 453 1481 480 Servetianis
1508 453 1534 479 in
1564 460 1723 487 perversum
1750 460 1865 479 sensum

1071 495 1244 523 torquentur.
1259 489 1318 516 illos
1332 488 1520 516 tantummodo
1532 496 1546 514 a
1559 487 1703 523 divinitate
1716 488 1867 515 secludunt

1070 522 1174 552 IEones
1187 524 1360 555 Pleromatis,
1372 524 1484 559 Bytltos,
1499 522 1673 557 Propatoras.
1686 522 1866 559 Proarchon—

1069 564 1123 591 tas,
1139 560 1267 591 Aoratos,
1289 559 1499 590 Anouomastos,
1522 558 1667 592 Ageratos,
1688 558 1864 593 Autophyes,

1070 595 1198 625 Clioicos,
1212 594 1363 628 Carpistes,
1377 593 1700 628 Ennoms,Enthymeses,
1718 594 1862 620 Achamo-

1071 630 1142 661 thas,
1158 634 1185 656 et
1200 634 1298 657 caetera
1315 629 1340 656 id
1354 636 1441 664 genus
1457 633 1577 664 monstra
1595 634 1623 655 et
1643 632 1788 664 portenta,
1805 635 1864 661 qua

1070 672 1119 699 per
1131 663 1298 697 octenarios,
1321 663 1649 699 deoades,duodecades,
1664 668 1691 699 et
1709 663 1865 699 triacouta-

1070 698 1118 727 des
1135 699 1292 731 distributa,
1307 699 1387 725 unius
1404 699 1430 724 in
1443 698 1555 729 deitate,
1570 702 1597 724 et
1608 698 1673 724 trini
1689 699 1718 724 in
1736 698 1864 730 personis

1070 735 1128 762 veri
1141 742 1173 761 ac
1192 734 1386 768 omnipotentis
1409 733 1455 760 Dei
1475 732 1534 760 loco
1549 733 1719 760 substituere
1734 732 1864 768 Ginostici

1070 770 1251 797 conabantur.
1269 767 1424 802 ’Nunquam
1452 775 1517 795 vero
1545 775 1560 795 a
1585 769 1641 795 veri
1675 768 1723 795 Dei
1754 767 1865 794 Israelis

1070 805 1179 832 nomine
1202 809 1229 831 et.
1257 803 1365 831 ratione
1386 803 1543 830 eximuntur
1567 803 1652 830 Filius
1676 810 1709 829 ac
1739 802 1865 836 Spiritus

1070 845 1193 870 sanctus,
1212 839 1267 865 imo
1293 839 1564 872 comprehenduntur
1582 843 1610 865 et
1633 838 1783 872 signantur
1800 846 1808 864 :
1837 843 1866 865 ut

1070 882 1102 901 cx
1118 874 1247 907 subjectis
1262 873 1462 934 quinquaginta
1483 873 1596 907 integris
1613 878 1640 900 et
1654 874 1761 907 apertis
1782 872 1865 904 locis.

1070 918 1139 934 quos
1152 916 1185 934 ex
1203 909 1317 934 singulis
1349 908 1415 934 ibris
1432 915 1492 934 etus
1506 909 1672 934 colligimus.
1689 911 1717 934 et
1734 908 1835 934 decem
1849 915 1865 934 ι

1069 918 1139 943 quos
1152 916 1185 936 ex
1203 907 1317 943 singulis
1338 907 1415 935 libris
1432 907 1492 941 ejus
1506 909 1672 943 colligimus,
1689 911 1717 934 et
1734 908 1835 934 decem
1849 915 1866 935 ι

1068 945 1167 973 Gentiii
1187 944 1345 978 depravatis
1359 948 1386 970 et
1401 943 1534 970 mutilatis
1557 947 1719 971 constanter
1742 943 1863 978 oppoai—

1068 988 1139 1010 mus,
1157 980 1262 1006 cunctis
1278 978 1357 1005 facile
1373 978 1536 1006 innotescet.

1103 1015 1197 1041 Primo
1213 1015 1305 1048 itaque
1319 1013 1438 1040 Ireu:eus
1467 1013 1513 1040 lib.
1531 1021 1539 1040 ι
1562 1021 1622 1048 cap.
1639 1014 1666 1045 1,
1684 1012 1864 1041 Valentinia-

1068 1059 1117 1077 nos
1133 1049 1271 1083 coarguit,
1295 1048 1392 1082 quodt
1420 1048 1558 1075 Christum
1579 1048 1680 1075 nollent
1710 1049 1861 1075 Dominum

1068 1086 1135 1120 (quo
1154 1085 1232 1111 titulo
1247 1084 1348 1118 passim
1362 1083 1388 1110 in
1403 1084 1490 1110 sacris
1507 1091 1588 1120 verus
1601 1084 1671 1120 Deus
1689 1083 1816 1120 lsraelis,
1834 1088 1862 1120 et

1068 1119 1160 1147 mundi
1179 1123 1287 1146 creator
1303 1126 1335 1145 ac
1353 1122 1443 1145 rector
1459 1119 1627 1153 designatur)
1640 1119 1790 1153 appellare.
1807 1128 1816 1143 ι
1830 1119 1858 1145 9..

1068 1155 1192 1190 Ejusdem
1216 1153 1288 1190 libri_
1305 1161 1313 1180 ι
1342 1161 1401 1190 cap_.
1421 1153 1454 1190 2,
1469 1154 1594 1181 eumdem
1609 1153 1751 1181 Christum
1768 1159 1860 1186 vocat.

1071 1188 1257 1220 (Dominum,
1274 1188 1370 1220 Deum,
1382 1188 1563 1221 Salvatoretn,
1578 1193 1605 1216 ct
1620 1196 1710 1222 regem
1720 1192 1862 1221 nostrum,

1068 1225 1109 1252 cui
1127 1224 1245 1251 ﬂectitur
1258 1231 1339 1250 omne
1358 1231 1427 1258 genu
1444 1224 1607 1255 caelestium,
1626 1223 1814 1254 terrestrium,
1833 1229 1860 1251 et

1069 1260 1248 1287 inferuerunt.
1277 1269 1286 1284 ι
1305 1258 1427 1292 Insuper.
1443 1259 1564 1285 eamdem
1581 1266 1641 1285 esse
1658 1259 1747 1285 totius
1762 1258 1860 1285 Eccle-

1068 1296 1115 1322 size
1125 1293 1266 1322 catholica:
1283 1303 1292 1319 ι
1313 1293 1392 1320 tidetn
1414 1293 1440 1319 in
1466 1300 1548 1320 unum
1565 1294 1648 1320 Deutn
1671 1293 1795 1323 Patrem,
1815 1293 1860 1320 Fi-

1069 1330 1144 1363 littnt,
1161 1333 1187 1356 et
1197 1329 1331 1362 Spiritum
1345 1332 1497 1360 sanctum”
1517 1329 1636 1355 utetiam
1650 1328 1753 1355 ibidem
1763 1328 1862 1363 obser-

1068 1372 1173 1392 vamus.
1191 1364 1218 1390 5.
1232 1363 1327 1397 Capite
1339 1363 1366 1394 4,
1377 1364 1465 1397 carpit
1479 1363 1634 1398 Gnosticos,
1651 1364 1724 1397 quod
1745 1372 1755 1387 ε
1773 1362 1860 1390 alium

1069 1400 1162 1431 Deutn,
1183 1399 1264 1425 alium
1279 1398 1431 1429 Christum,
1447 1404 1475 1425 et
1498 1398 1580 1425 alittm
1606 1398 1779 1433 unigenitum
1796 1405 1863 1425 esse

1067 1435 1211 1469 ﬁngerent,
1232 1443 1242 1459 ›
1263 1441 1315 1460 non
1339 1440 1423 1469 unum
1453 1434 1608 1460 crederent.
1636 1433 1663 1460 ι.
1695 1433 1793 1466 Capite
1814 1433 1862 1465 t9,

1036 1495 1039 1498 ι
1066 1468 1209 1504 proﬁtetur
1233 1478 1242 1494 ‹
1269 1468 1396 1495 eumdem
1407 1475 1473 1504 resse
1490 1472 1643 1504 creatorem
1662 1468 1739 1504 ςῳιῇ,
1762 1473 1859 1499 terror.

1067 1503 1216 1538 rerumque
1237 1504 1359 1531 omnium
1387 1503 1535 1530 visibilium
1560 1508 1588 1530 et
1614 1503 1814 1536 invisibilmm;
1847 1512 1859 1528 ι

1067 1540 1138 1573 quod
1153 1546 1217 1566 vcrc
1230 1539 1348 1573 pertinet
1358 1538 1390 1564 ad
1405 1538 1488 1564 Deum
1500 1546 1594 1564 verum
1610 1538 1858 1571 etsentpiternum.

1072 1572 1098 1601 5.
1120 1572 1260 1607 Capitibus
1273 1573 1319 1604 24,
1337 1572 1372 1600 25
1386 1577 1412 1600 et
1427 1573 1472 1605 26,
1484 1573 1597 1599 damnat
1611 1573 1861 1607 Carpocratianos,

1072 1606 1266 1636 Cerinthianos
1297 1615 1329 1635 ac
1351 1608 1503 1639 Ebionitas,
1521 1617 1530 1633 ‹
1548 1608 1619 1642 quod
1634 1607 1764 1634 eumdem
1779 1606 1862 1642 Chri-

1072 1649 1143 1671 stum
1175 1644 1259 1671 lilium
1280 1642 1379 1676 Ioseph
1402 1650 1463 1670 esse
1482 1647 1647 1675 censerent;
1665 1646 1693 1669 et
1724 1649 1739 1667 ιι
1771 1641 1860 1668 Maria

1071 1684 1161 1706 ortutn
1181 1679 1309 1706 habuisse
1327 1688 1335 1703 ι
1353 1679 1500 1709 docerent;
1516 1677 1587 1704 Patri
1602 1685 1667 1704 Vero
1683 1683 1859 1703 eozcternum

1072 1714 1193 1741 conlitcri
1211 1713 1323 1740 nollent.
1340 1714 1366 1740 6.
1385 1712 1525 1747 Capitibus
1538 1712 1574 1740 28
1593 1717 1621 1747 et
1636 1713 1683 1744 29,
1701 1712 1860 1738 Cerdonem

1072 1754 1098 1776 et
1121 1748 1284 1776 Marcionem
1314 1749 1487 1782 persequitur
1504 1752 1532 1774 et
1553 1746 1686 1779 confodit,
1710 1751 1861 1782 propterea

1071 1784 1141 1818 quod
1155 1787 1287 1817 negarent
1301 1781 1425 1810 eunulem
1439 1781 1537 1810 Filiqu
1552 1789 1612 1810 esse
1628 1782 1687 1815 Dei,
1701 1782 1750 1817 qui
1768 1789 1784 1808 a
1801 1781 1862 1816 lege

1070 1824 1098 1845 et
1115 1819 1255 1853 prophetis
1271 1818 1481 1852 praedicabatur.

1106 1852 1132 1881 Ἰ.
1153 1853 1227 1881 Libri
1249 1853 1359 1880 secundi
1379 1853 1514 1887 capitibus
1529 1852 1555 1885 Ι,
1576 1852 1594 1878 ‘1
1610 1856 1638 1879 et
1656 1853 1683 1885 5,
1706 1852 1862 1887 reprobatis

1071 1889 1139 1915 duos
1166 1888 1312 1916 Marcionis
1339 1888 1423 1920 deos,
1455 1887 1566 1914 unicum
1591 1892 1682 1914 auten:
1717 1895 1863 1918 asserens.

1074 1933 1083 1949 ι
1099 1924 1145 1958 qui
1158 1931 1218 1950 cum
1234 1923 1323 1951 Verbo
1339 1930 1398 1955 suo,
1416 1932 1426 1948 I
1445 1922 1471 1949 id
1487 1927 1541 1954 est.
1556 1922 1665 1950 Christo
1681 1923 1738 1950 lilio
1760 1932 1771 1948 ι
1791 1931 1863 1949 cun—

1071 1965 1113 1985 cta
1127 1959 1296 1990 condiderit;
1316 1967 1325 1983 ι
1342 1958 1415 1984 hunc
1426 1961 1453 1983 et
1469 1961 1567 1984 natura
1581 1958 1863 1990 consubstantialeml

1070 1999 1098 2020 et
1112 1994 1230 2027 potentia
1253 1992 1419 2027 coaequalcm
1441 1996 1469 2018 et
1494 1998 1661 2028 eoa-ternum
1675 1994 1816 2028 agnoscit.
1832 1994 1861 2021 8.

1070 2026 1165 2063 Capite
1181 2028 1228 2059 M,
1245 2026 1391 2063 allii-mat}
1411 2034 1509 2063 nomen
1534 2026 1603 2055 Jesu-
1615 2034 1677 2054 eum
1695 2026 1864 2063 significare

1070 2062 1226 2094 Dominum,
1240 2064 1285 2098 qui
1305 2062 1426 2090 continet
1442 2062 1540 2098 caehnn
1555 2067 1583 2090 et.
1599 2068 1709 2089 terram.
1727 2062 1738 2090 ἱ
1755 2064 1785 2091 9.
1809 2065 1864 2091 Ca-

1071 2098 1126 2132 pite
1147 2098 1191 2130 47,
1210 2097 1339 2130 Verbum,
1361 2098 1466 2134 iddest,
1485 2097 1584 2134 Filium
1606 2098 1664 2129 Dei,
1680 2106 1778 2126 sacras
1794 2107 1863 2134 pro-

1071 2133 1159 2167 phetis
1174 2137 1202 2159 et
1224 2134 1354 2167 apostolis
1377 2132 1495 2159 dictasse
1522 2132 1680 2166 Scripturas
1703 2132 1860 2165 afﬁrmans.

1071 2175 1232 2205 ttnunt_esse
1249 2176 1311 2205 cu_m
1325 2169 1408 2205 Patre
1423 2168 1505 2205 Deum
1521 2168 1691 2205 comprobat.
1709 2170 1755 2196 10.
1773 2170 1861 2205 Capi-

1071 2203 1141 2230 tibus
1155 2203 1189 2230 48
1214 2208 1239 2230 et
1260 2203 1306 2235 49,
1322 2203 1416 2230 scribit
1432 2209 1443 2228 ε
1462 2202 1547 2236 Λόγον
1562 2210 1623 2229 csse
1650 2203 1734 2231 Deum
1752 2202 1862 2238 simpli-

1072 2246 1144 2270 cem,
1158 2238 1229 2265 nulla
1246 2246 1278 2265 ex
1297 2243 1373 2271 parte
1398 2240 1589 2272 compositum,
1609 2247 1619 2263 ι
1637 2239 1747 2266 aPatre
1762 2240 1862 2267 inetia-

1073 2273 1118 2299 hili
1134 2273 1213 2299 modo
1229 2274 1361 2307 genitum,
1380 2272 1451 2299 nulla
1467 2281 1500 2299 ex
1514 2277 1591 2307 parte
1604 2273 1638 2300 ab
1656 2280 1690 2301 eo
1703 2275 1860 2302 diversum.

1071 2308 1113 2335 ll.
1128 2309 1213 2342 Capit.
1235 2308 1268 2334 56
1280 2313 1306 2334 et
1327 2309 1371 2339 :37,
1388 2316 1419 2333 ex
1438 2308 1577 2335 miraculis
1591 2315 1638 2342 per
1653 2309 1860 2337 invocationem

1070 2344 1187 2370 nominis
1204 2343 1305 2370 Christi
1334 2351 1380 2377 per
1396 2343 1534 2376 apostolos
1555 2348 1583 2369 et
1605 2343 1673 2371 alios
1686 2352 1785 2372 servos
1801 2346 1863 2376 ejus

1069 2378 1160 2409 factis,
1176 2378 1323 2405 continuat
1338 2386 1399 2404 cum
1416 2385 1476 2405 esse
1495 2385 1579 2404 unum
1593 2386 1655 2406 cum
1672 2379 1759 2406 Patre
1772 2380 1861 2407 Deum

1069 2413 1296 2447 Omnipotentcm,
1310 2413 1356 2448 qui
1378 2413 1443 2449 facit
1461 2420 1634 2449 qua-cunque
1649 2414 1708 2441 vult
1725 2415 1754 2441 in
1774 2417 1860 2448 caelo,

1068 2454 1096 2474 et
1109 2449 1135 2475 itt
1152 2453 1233 2479 terra,
1249 2452 1276 2474 et
1290 2447 1459 2475 in'omnibus
1472 2447 1586 2483 abyssis.

1107 2496 1150 2524 12.
1168 2496 1331 2525 Prml‘alione
1349 2498 1374 2524 in
1388 2497 1438 2524 lih.
1452 2505 1481 2524 ιιι
1499 2496 1637 2524 ailirmans
1650 2504 1712 2525 eum
1727 2504 1793 2526 esse
1807 2499 1862 2525 Do-

1070 2533 1173 2560 tninttm
1191 2533 1313 2567 omnium
1331 2540 1362 2559 ac
1375 2532 1473 2559 Filium
1492 2532 1550 2567 Dei,
1570 2540 1650 2566 quem
1667 2532 1712 2567 qui
1735 2534 1859 2567 spernit.

1070 2569 1156 2602 ipsmn
1169 2575 1276 2602 qttoque
1292 2566 1400 2594 Patrem
1415 2566 1552 2601 aspernari
1565 2567 1646 2595 :satis
1660 2566 1763 2594 indicat
1775 2576 1860 2595 tinam

1071 2602 1216 2636 utriusque
1240 2609 1299 2629 esse
1322 2603 1492 2636 maiestatem
1510 2607 1537 2629 et
1554 2602 1695 2629 deitatem.
1715 2603 1759 2629 l3.
1779 2603 1858 2635 Ejus-

1069 2640 1130 2665 dem
1144 2637 1204 2664 libri
1219 2645 1278 2672 cap.
1294 2637 1320 2668 l,
1333 2638 1456 2665 referens
1480 2644 1576 2664 omnes
1590 2639 1738 2671 prophetas
1753 2642 1782 2664 et
1790 2646 1858 2672 apo-

1069 2673 1155 2700 stolos
1170 2682 1178 2697 (
1206 2673 1386 2699 annuntiasse
1411 2681 1493 2699 ιιιιιι-ιι
1512 2672 1608 2703 Deum,
1632 2679 1659 2699 et
1675 2680 1760 2699 unttnt
1774 2673 1859 2700 Chri-

1070 2713 1141 2736 stutn
1160 2707 1258 2735 Filium
1273 2707 1336 2743 Dei;
1353 2717 1363 2734 ι
1385 2707 1457 2734 Patri
1481 2706 1699 2743 atqualremieum
1720 2708 1858 2743 agnoscit.

1071 2743 1115 2770 14.
1131 2742 1272 2777 Capitibus
1285 2742 1302 2769 ι
1326 2747 1353 2769 et
1374 2743 1402 2775 5,
1419 2743 1544 2769 eamdem
1567 2742 1593 2768 in
1613 2742 1753 2769 Christum
1780 2743 1859 2770 orbis

1071 2778 1241 2806 Salvatorem
1258 2778 1338 2805 lidetn
1363 2778 1526 2809 habendam,
1541 2783 1601 2810 quae
1617 2782 1659 2804 est
1676 2778 1702 2804 in
1728 2784 1813 2804 unum
1830 2780 1860 2804 et

1069 2819 1164 2840 verum
1178 2813 1262 2839 Deum
1275 2813 1408 2845 suadens;
1423 2817 1451 2839 et
1464 2812 1490 2839 in
1506 2812 1592 2846 ipsum
1608 2817 1635 2838 ut
1657 2819 1751 2839 verum
1771 2813 1858 2839 Deum

1071 2848 1169 2876 credit.
1184 2848 1227 2875 l5.
1242 2848 1336 2881 Capite
1350 2847 1378 2879 6,
1397 2856 1405 2873 t
1422 2847 1531 2874 Patrem
1544 2851 1571 2874 et
1585 2847 1681 2874 Filiqu
1693 2847 1753 2881 ejus
1767 2848 1793 2873 in
1810 2855 1858 2873 sa-

1072 2882 1362 2911 crisLittorisdeﬁnite
1382 2887 1410 2909 et
1425 2882 1550 2909 absolute
1575 2882 1659 2909 Dcutn
1688 2882 1826 2908 nominari
1843 2890 1853 2906 ι

1073 2919 1180 2954 probat.
1198 2918 1240 2946 lt}.
1254 2919 1346 2954 Capite
1365 2919 1393 2952 8,
1409 2926 1469 2946 eum
1483 2939 1489 2952 ,
1505 2918 1558 2953 (ιιιί,
1570 2918 1669 2955 omnia
1683 2916 1754 2951 fecit
1767 2926 1777 2943 ι
1795 2924 1860 2945 cum
