3970 6378
568 475 709 529 1635

1905 468 2271 525 VARIORUM
2310 470 2520 527 ΝΟΤᾹΞ

3696 478 3821 530 “Et

567 590 699 645 dulii
739 587 1046 660 presbyteri
1089 601 1301 654 versus,
1334 590 1533 660 quibus
1560 589 1839 645 Clit-istum
1886 591 1959 643 ita
2005 590 2144 644 allo-
2178 594 2219 648 A
2251 601 2589 660 negatorem,
2624 590 2742 659 ipso
2771 589 3044 646 Marcione
3084 591 3409 648 deteriorem
3457 605 3588 646 esse
3624 590 3823 660 judica-

608 662 753 715 uitur
780 676 793 712 :

731 677 753 709 r
780 677 793 712 :

568 677 830 784 qullulhﬂ:
866 728 1155 784 .llutthwus
1184 744 1365 798 090’”.
1399 730 1657 782 hominem
1687 728 2006 798 gene'a’i‘"
2036 730 2139 783 im-

1982 801 2048 851 let

709 869 923 924 Murcus
955 878 1009 920 ut
1038 867 1147 919 alta
1182 867 1355 936 fremit
1375 884 1471 921 vox
1503 884 1597 935 per
1620 874 1821 921 deserta
1845 798 2072 934 Icolriilse,“

707 940 846 992 Jum
875 937 1159 991 sacerdotii
1183 934 1189 936 ⁷
1210 934 1380 991 Lucas
1410 947 1545 990 tenet
1570 953 1661 989 ore
1676 940 1913 1004 jtwenci.

712 1008 861 1062 More
890 1008 1067 1062 colons
1099 1007 1293 1074 aquila:
1330 1007 1481 1061 verbo
1510 1008 1638 1074 petit
1669 1018 1814 1059 astra
1844 1007 2103 1065 Joannes.

711 1078 979 1142 Quattuor
1005 1078 1058 1130 lii
1092 1092 1333 1143 proceres
1362 1094 1467 1130 una
1493 1087 1541 1129 te
1571 1092 1690 1129 voce
1725 1086 1997 1135 canentes.

711 1148 965 1217 Tempora
997 1160 1089 1199 cett
1130 1146 1344 1198 totidem
1392 1146 1560 1198 latum
1605 1156 1932 1287 spargunfgr
1967 1148 2140 1249 incor-

1299 1240 1304 1244 ”
1899 1233 1977 1270 ειη
2050 1253 2065 1269 .

1299 1240 1304 1244 ~
1843 1217 1977 1270 lbem
2002 1217 2065 1269 ιο.

643 1288 900 1356 inciperet
926 1289 1174 1343 mactari.
1200 1285 1393 1341 Billius
1426 1301 1440 1339 :
1479 1303 1499 1336 ι
1538 1284 1805 1352 inciperet
1832 1284 2086 1349 titactari,
2114 1306 2130 1339 ι

568 1374 686 1426 pro,
724 1378 741 1409 ι
772 1360 1098 1413 mactandas
1126 1367 1266 1421 erat,
1300 1375 1317 1407 ι
1354 1356 1560 1412 dictum
1607 1363 1733 1417 est;
1775 1356 2135 1423 quemadmo-

565 1430 693 1483 dum
736 1443 859 1497 cap.
900 1429 986 1489 l7,
1031 1446 1050 1481 t
1087 1430 1389 1497 inciperent
1434 1426 1635 1497 dicere,
1674 1442 1692 1474 ι
1727 1440 1843 1497 pro,
1882 1442 1901 1476 ι
1941 1426 2133 1480 dicturi

568 1508 749 1555 erant.
787 1495 819 1551 ί
851 1508 906 1553 et
930 1514 1051 1570 cap.
1079 1501 1176 1563 9.0,
1202 1495 1222 1549 ἆ
1254 1497 1342 1564 qui
1373 1496 1636 1570 inciperet
1661 1495 1913 1548 occidere
1938 1509 2136 1563 pecca-

568 1578 703 1639 tum,
745 1586 763 1620 ι
798 1584 917 1638 pro.
953 1587 971 1619 ι
999 1564 1104 1635 ἰιιιὶ
1149 1574 1434 1639 peceatum
1486 1564 1775 1620 occisurus
1821 1574 1984 1631 erat;
2022 1586 2040 1618 ι
2080 1575 2136 1623 et

567 1638 840 1706 plerisque
872 1639 994 1693 aliis
1023 1638 1179 1695 locis.

641 1703 766 1779 Pag.
802 1710 923 1765 lOl.
978 1709 1043 1764 Et
1090 1715 1390 1781 pennatam.
1440 1703 1821 1775 Expunximus
1863 1720 1883 1754 ι
1926 1720 2131 1774 penna-

566 1788 698 1831 ιιιιιι.
732 1797 747 1828 ι

635 1848 1062 1917 Colloqncbamr.
1087 1849 1163 1902 lla
1190 1863 1287 1919 pro
1321 1865 1341 1919 ι
1373 1845 1848 1919 colloquebantnr;
1876 1863 1895 1896 ι
1924 1853 1982 1899 ιιι
2006 1860 2130 1900 mox

2250 676 2391 714 mtts.
2426 660 2532 714 Sed
2567 661 2927 732 ignorantiam
2959 671 3105 714 tuam
3143 664 3192 717 in
3244 672 3296 718 te
3341 664 3818 732 potius‘agnoseo,

2246 744 2410 797 quam
2442 740 2495 783 ιιι
2525 730 2818 797 nequitiam
2852 740 2903 783 et
2938 732 3269 799 impietatem
3319 730 3423 787 lioe
3468 730 3819 785 esse’exisii-

2248 814 2390 868 mem
2414 799 2479 852 ¹⁸.
2511 818 2527 849 ι
2561 802 2735 868 Atque
2772 800 2870 853 hoc.
2901 799 3299 855 Helveticorum
3342 802 3743 857 ministrorum
3766 802 3821 853 de

2246 866 2473 921 Lutheri
2502 866 2810 933 ignorantia
2852 868 3141 932 judicium.
3170 872 3271 936 Qui
3309 872 3369 926 fit
3398 887 3559 939 ergo,
3590 881 3655 922 ut
3688 880 3819 923 tanta

2224 938 2531 1006 scripserit
2553 947 2608 991 et
2628 939 2957 1007 vulgaverit?
2978 938 3601 1009 Respondemquidqnid
3629 940 3684 992 in
3710 946 3823 991 lme-

2244 1024 2362 1078 cant
2382 1019 2713 1072 occurreret,
2742 1023 2863 1062 mox
2878 1010 3085 1063 chartis
3112 1011 3511 1064 mandabatur:
3540 1020 3715 1078 atque
3736 1010 3823 1061 hoc

2244 1076 2314 1148 ab
2342 1077 2651 1148 hominibus
2687 1092 2869 1148 rerum
2894 1093 3157 1148 novarum
3197 1081 3411 1148 cupidis
3448 1076 3639 1133 avide
3660 1080 3821 1147 rapieo

2244 1147 2423 1216 batur,
2461 1160 2525 1199 ac
2571 1146 2847 1216 Evangelii
2881 1147 3165 1215 Splendida
3220 1146 3375 1201 titulo
3407 1148 3816 1203 venditabalor.

2240 1214 2532 1278 thterum,
2572 1216 2694 1270 libri
2729 1214 2848 1284 ejus
2878 1214 3021 1270 sacci
3065 1221 3517 1272 suntverborum
3553 1233 3567 1268 :
3608 1233 3679 1270 ex
3712 1220 3818 1285 qui-

2240 1285 2341 1338 bus
2379 1286 2420 1338 si
2448 1296 2773 1344 .scoaunata.
2808 1286 3108 1341 calumnias
3131 1328 3145 1350 ,
3191 1287 3429 1342 obscena
3466 1289 3673 1343 verba.
3720 1290 3819 1339 ina-

2240 1370 2335 1425 nes
2354 1354 2643 1423 jactantias
2661 1366 2712 1408 et
2744 1355 3115 1425 gloriationes,
3150 1358 3380 1425 denique
3411 1357 3689 1416 Satanas,
3720 1357 3818 1408 dia-

2239 1423 2413 1496 bplos,
2473 1440 2607 1492 quos
2659 1423 2857 1490 pas’sim
2892 1423 3429 1490 elllat.detraxeris;
3476 1428 3653 1496 longe
3703 1442 3817 1493 pauo

2239 1492 2384 1547 ciora
2431 1509 2591 1561 quam
2648 1496 2881 1548 fortasse
2920 1496 3196 1560 crederes,
3228 1505 3356 1550 sunt
3385 1498 3436 1549 in
3482 1492 3819 1550 his'retnau-

2238 1578 2386 1631 sura.
2455 1565 2587 1619 Eant
2614 1580 2745 1631 ergo
2788 1580 2929 1618 nunc
2977 1564 3258 1628 Germani,
3311 1576 3371 1619 et
3411 1581 3546 1620 etim
3581 1581 3690 1618 suo
3728 1563 3818 1617 Ta-

2239 1630 2434 1697 burno,
2495 1630 2797 1688 Lutherum
2851 1635 3134 1689 clamitent
3170 1653 3189 1685 ι
3229 1636 3408 1688 virum
3472 1635 3816 1695 mirabilem,

2238 1702 2506 1774 divinum,
2563 1704 2812 1774 angelum
2870 1705 3139 1759 volantem
3192 1720 3288 1774 per
3344 1706 3603 1759 medium
3666 1706 3815 1761 creti.

2237 1772 2526 1826 habentem
2550 1772 2898 1842 Evangelium
2930 1772 3216 1837 aeternum,
3241 1789 3523 1827 summum
3559 1776 3815 1841 postremi

2236 1843 2414 1894 szecnli
2450 1844 2763 1907 doctorem;
2809 1862 2826 1893 ι
2855 1858 2918 1896 ac
2954 1846 3274 1906 etiamnum,
3308 1844 3452 1911 quod
3490 1842 3603 1895 illis
3639 1844 3818 1908 objicit

567 1918 687 1974 loco
721 1936 738 1969 t
775 1912 1106 1987 praebebam,
1129 1938 1146 1971 ι
1171 1912 1550 1975 substituimus
1572 1933 1592 1965 ι
1623 1914 1918 1982 praebebat,
1947 1934 1965 1966 ι
1986 1926 2130 1972 auct.

2240 1912 2532 1987 Sturmius,
2570 1931 2588 1963 ι
2624 1913 2883 1987 crepidas
2909 1914 3496 1987 Lutheri_adoranda§
3532 1922 3755 1987 putent.
3792 1929 3812 1963 ι

566 2000 672 2043 vet.
706 1990 825 2042 cod.

637 2058 767 2127 Pag.
802 2058 922 2113 192.
966 2058 1033 2112 Et
1071 2058 1290 2113 indocti.
1334 2055 1583 2127 lndoctos
1616 2060 1761 2106 recte
1788 2052 1877 2127 hic
1913 2063 1967 2109 et
2000 2054 2132 2109 alibi

566 2123 929 2196 satpc'censet
969 2144 1159 2182 onmes
1187 2126 1516 2196 hau-elices;
1552 2123 1954 2196 quantumlibet
1985 2127 2130 2178 enim

564 2192 709 2251 vera:
732 2197 1029 2265 theologiic,
1068 2209 1163 2251 attt
1199 2198 1366 2251 etiam
1405 2192 1762 2265 philosophiae
1796 2192 2012 2265 laudem
2038 2209 2133 2265 ve-

566 2276 784 2329 nentur,
829 2263 1005 2333 rcipsa
1031 2278 1207 2322 tamen
1233 2264 1432 2320 indocti
1457 2269 1717 2333 manent,
1747 2270 1802 2333 et
1827 2263 2016 2317 cortici
2044 2263 2133 2316 lit-

568 2346 715 2398 tera},
754 2331 1093 2405 aucupioqnc
1117 2337 1406 2390 verborum
1446 2342 1651 2386 tantum
1695 2331 2035 2405 insistentes,
2049 2335 2131 2405 ad

566 2421 709 2460 vera:
727 2401 1250 2474 sapietitire'fundum
1277 2416 1617 2474 nequaquam
1643 2401 2134 2474 perveniuntdiinc

570 2469 858 2542 Aposmlus
901 2478 1210 2531 ha~reticum
1256 2469 1592 2542 deseribens,
1623 2471 1700 2523 ait
1734 2486 1749 2522 :
1797 2487 1815 2519 ι
1855 2469 2133 2542 Superbus

566 2540 649 2598 est
686 2545 820 2598 nihil
854 2547 1070 2606 sciens;
1114 2547 1211 2599 sed
1251 2541 1679 2612 languenscirca
1713 2540 2039 2608 quaestiones
2079 2551 2134 2596 et

564 2630 773 2684 pugnas
804 2617 1091 2669 verborum
1127 2616 1191 2668 ¹¹.
1234 2634 1250 2666 ι
1286 2611 1365 2666 Et,
1399 2627 1466 2665 ne
1498 2611 1562 2665 de
1610 2624 1718 2662 uno
1766 2612 2131 2684 tantumtgvel

567 2678 738 2739 altero
784 2686 832 2737 id
866 2702 988 2739 eum
1027 2684 1330 2739 asseruisse
1372 2693 1715 2751 putaremus,
1767 2678 1833 2751 de
1863 2679 2115 2751 omnibus

566 2754 642 2807 ait
675 2771 688 2806 :
733 2773 752 2805 ι
784 2754 1010 2823 Semper
1041 2756 1335 2813 discentes,
1362 2747 1417 2823 et
1448 2763 1722 2823 nunquam
1753 2747 1820 2801 ad
1847 2749 2130 2823 scientiam

567 2825 815 2893 veritatis
860 2818 1259 2893 pervenientes.
1314 2821 1419 2876 Sed
1473 2820 1613 2893 ultra
1666 2833 1773 2893 non
1813 2818 2125 2893 proficient.

568 2888 881 2960 [nsipientia
930 2895 1073 2947 enim
1128 2907 1318 2947 eorum
1370 2889 1655 2943 manifesta
1698 2889 1804 2960 erit
1851 2888 1903 2939 in
1955 2889 2132 2960 omni-

522 3026 527 3033 .
569 2956 766 3018 bus'“.
802 2982 819 3015 ι
852 2963 983 3017 Nam
1020 2973 1071 3017 ιιι
1109 2963 1234 3015 mali
1262 2960 1438 3030 angeli
1463 2956 1788 3033 cumbonis,
1812 2966 1865 3010 et
1887 2959 2127 3033 pseudo-

570 3036 850 3100 prophetae
881 3049 943 3086 ac
977 3036 1295 3087 seductores
1337 3026 1459 3084 cum
1503 3027 1701 3081 divinis
1746 3026 2031 3100 prophetis
2074 3040 2130 3083 et

566 3097 822 3170 apoStolis
845 3102 1044 3164 collati,
1079 3102 1234 3169 plane
1262 3102 1421 3154 rudes
1444 3107 1570 3150 sunt
1590 3112 1654 3170 ac
1677 3097 1802 3150 eieci
1830 3114 1841 3147 :
1865 3098 1936 3148 ita
1965 3098 2126 3170 etiam

567 3167 614 3222 si
667 3173 908 3225 omnium
961 3167 1277 3225 saeculorum
1314 3168 1703 3222 haeresiarchas
1753 3181 1873 3219 cum
1922 3167 2128 3221 sanctis

569 3240 823 3321 Ecclesia:
847 3239 1094 3321 Patribus
1118 3241 1515 3321 ct_doctoribus
1544 3237 1967 3316 comparaveris,
2001 3238 2127 3328 illos
2155 3268 2201 3328 ο

569 3325 675 3361 non
702 3310 899 3375 injuria
934 3310 1159 3375 inertes,
1186 3309 1430 3374 ignavos,
1456 3316 1511 3360 et
1531 3316 1811 3364 ventosos.
1843 3306 2130 3375 impuden-

569 3388 649 3430 tes
672 3373 850 3432 tauien
890 3388 940 3431 ct
974 3373 1205 3432 audaces
1237 3377 1483 3431 homines
1523 3375 1791 3429 censebis.
1825 3373 1961 3439 Quid
1985 3376 2127 3429 enini

571 3446 1243 3511 Valcntimts,§Cerinthus,
1272 3445 1552 3510 Basilides,
1577 3442 1837 3503 Marcion,
1871 3453 1964 3494 aut
1995 3444 2133 3499 alius

569 3495 1551 3583 .sg'ta'c'itiftaéanIrgtunsae:
1568 3495 1874 3583 ctenieuté,
1900 3495 2130 3580 Ignatio,

571 3583 665 3637 Pol
676 3599 896 3655 ycarpo,
927 3580 1161 3655 Justino,
1188 3580 1414 3655 lrenmo,
1447 3581 1799 3655 Tertulliauo,
1837 3580 2130 3655 CAypriauo,

572 3650 989 3721 aut'ltuju'smodi
1016 3653 1270 3708 Ecclesia:
1305 3652 1509 3708 cathol.
1538 3650 1890 3721 proceribus?

642 3723 717 3776 Ac
739 3718 1104 3788 praetermissa
1122 3724 1187 3777 de
1204 3724 1416 3778 cunctis
1442 3718 1666 3775 Itmresia
1679 3719 1824 3773 rchis
1840 3718 2136 3785 prolixiora

569 3791 977 3860 disquisitione,
1002 3793 1159 3846 unius
1190 3801 1398 3846 tantum
1431 3801 1485 3845 et
1513 3790 1928 3860 alteriushujus
1951 3792 2132 3860 saeculi

568 3858 974 3930 propudiosam,
999 3870 1053 3915 et
1088 3862 1353 3930 plurimis,
1388 3861 1524 3923 scio,
1552 3858 1941 3930 incredibilem
1970 3859 2135 3913 insci-

572 3926 698 3983 tiam
727 3926 1136 3999 patefaciamus.
1168 3929 1370 3986 Scribit
1399 3930 1594 3985 Petrus
1624 3926 1962 3982 Rebenstock
1989 3943 2136 3983 com-

572 3998 828 4053 mensalis
849 4000 1100 4070 Lutheri,
1131 4001 1279 4054 hunc
1304 4000 1598 4070 aliquando
1619 3999 1685 4051 ad
1713 4011 1773 4052 se
1795 3998 2133 4070 redeuntem,

571 4083 634 4120 ac
674 4069 896 4136 proprio
922 4070 1158 4137 seipsum
1193 4067 1503 4123 metientem
1535 4070 1690 4137 pede,
1713 4080 1856 4137 saepe
1889 4067 2092 4120 dixisse
2119 4085 2132 4120 :

575 4156 594 4187 ι
633 4137 742 4207 Ego
774 4153 943 4207 neque
986 4136 1271 4203 llebraice,
1311 4154 1483 4206 neque
1518 4136 1708 4191 Graece
1742 4136 1943 4207 calleo;
1988 4146 2135 4207 atta-

570 4221 693 4259 men
730 4206 954 4261 llebrzeo
988 4208 1255 4262 acGra’co
1292 4208 1639 4262 mediocriter
1669 4206 2004 4272 respondebo
2037 4206 2132 4258 “.i

570 4276 690 4340 Quo
717 4277 880 4329 etiam
914 4285 1071 4343 pacto
1113 4277 1345 4346 plurima
1383 4277 1683 4341 calluissct,
1714 4274 1805 4344 qui
1852 4276 2138 4346 rursusde

569 4360 629 4416 se
660 4346 835 4416 aiebat
864 4364 876 4398 :
912 4365 928 4395 ι
953 4348 1061 4414 Ego
1093 4344 1199 4400 non
1233 4348 1405 4400 audeo
1434 4349 1642 4416 integra
1671 4346 1842 4397 latera
1876 4344 1986 4416 folii
2018 4344 2141 4416 sine

573 4413 1215 4485 intermissiouelegere,
1262 4431 1436 4485 neque
1467 4413 1600 4469 duas
1623 4423 1715 4485 aut
1742 4424 1852 4466 tres
1884 4413 2053 4485 lineas
2082 4414 2135 4485 i_u

570 4482 806 4548 Psahuo,
838 4496 929 4538 aut
960 4482 1118 4537 aliain
1148 4501 1261 4539 rem
1286 4482 1375 4539 diu
1402 4487 1621 4539 intueri.
1666 4482 1787 4537 Mox
1822 4484 1964 4535 enim
1991 4483 2140 4538 venit

570 4554 700 4623 milii
746 4554 971 4607 tinnitus
1016 4556 1248 4619 aurium,
1284 4563 1341 4608 ιιι
1384 4555 1582 4623 saepius
1616 4555 1682 4623 ad
1733 4567 2017 4623 scamnum
2051 4567 2136 4606 me

570 4621 857 4676 demittere
883 4638 1063 4692 cogar.
1105 4641 1124 4674 ι
1158 4623 1382 4678 Foutcm
1401 4621 1527 4677 vero
1551 4622 1710 4690 hujus
1737 4622 2130 4692 malisuigape-

570 4693 742 4750 riens.
788 4690 977 4746 scribit
1026 4694 1091 4746 ad
1141 4695 1433 4747 electorem
1484 4692 1772 4746 Saxonis):
1815 4708 1834 4741 ι
1875 4690 2128 4745 Diabolus

572 4760 839 4831 interdum
879 4777 971 4829 per
1001 4763 1284 4817 cerebrum
1318 4778 1493 4816 meum
1522 4764 1595 4816 ita
1624 4771 1895 4831 permeat,
1926 4769 1984 4812 ut
2027 4775 2127 4815 nec

570 4830 813 4902 scribere
850 4832 1076 4902 possim,
1110 4847 1209 4885 nec
1245 4832 1421 4902 legere
1454 4831 1520 4887 “.
1550 4850 1568 4882 ι

638 4899 708 4953 Ει
740 4913 807 4953 ne
832 4899 1082 4955 catholici
1108 4902 1206 4956 soli
1246 4899 1370 4956 odio
1405 4902 1608 4955 incitati
1637 4900 1935 4965 videamur,
1960 4899 2041 4955 sic
2062 4901 2128 4954 de

570 4966 683 5034 illo,
714 4984 777 5023 ex
810 4970 1045 5039 propriis
1074 4970 1190 5039 eius
1219 4973 1570 5033 testimoniis,
1616 4971 1941 5035 decernere;
1968 4984 2125 5025 acce-

570 5039 664 5091 dat
704 5040 1089 5110 Tigurinorum
1134 5042 1432 5110 apostolus,
1480 5052 1535 5095 et
1566 5039 2127 5110 Sacramentariorum

571 5109 679 5179 dux
716 5109 1017 5179 Zuinglius,
1067 5109 1183 5165 hate
1229 5115 1295 5164 ad
1343 5111 1593 5165 eumdem
1643 5109 1939 5165 Lutlierum
1991 5110 2129 5164 scri-

526 5200 529 5205 ⁴
572 5178 709 5249 hens
745 5197 758 5233 :
796 5198 811 5228 ι
844 5180 1025 5233 Facile
1056 5181 1322 5244 videmus,
1354 5191 1407 5235 te
1442 5182 1525 5234 vel
1554 5181 1882 5249 imperitum,
1920 5180 2001 5233 vel
2032 5182 2121 5231 tti-

570 5247 673 5318 mis
725 5253 908 5301 rudem
962 5262 1082 5302 esse
1136 5252 1479 5318 theologum,
1536 5247 1659 5304 cum
1700 5250 1767 5303 de
1803 5261 2033 5317 utraque
2073 5249 2127 5301 in

567 5315 783 5389 Qhristo
806 5328 1011 5389 natura
1027 5315 1487 5389 disputausfiuter
1512 5320 1609 5373 has
1641 5315 1971 5387 diStinguere
1994 5333 2131 5371 nou-

568 5384 696 5458 dum
720 5387 936 5458 novisti.
977 5386 1064 5440 \‘cl
1096 5384 1138 5442 si
1181 5390 1307 5441 illud
1343 5405 1446 5442 non
1477 5390 1709 5458 ignoras,
1749 5384 1968 5442 interim
1995 5400 2129 5458 vero

570 5453 679 5527 hac
705 5456 925 5527 confusa
958 5458 1239 5527 utriusque
1272 5453 1644 5527 permistioue,
1674 5458 1947 5525 simplices
1986 5456 2131 5510 fallis

567 5532 622 5577 et
652 5525 887 5592 decipis;
933 5535 985 5581 te
1030 5525 1394 5594 seductorem,
1424 5530 1775 5597 itopostorem
1839 5539 1892 5583 et
1920 5527 2129 5581 Christi

642 5730 684 5763 “
709 5732 890 5810 Carm.
928 5738 1113 5807 paseh.
1143 5737 1236 5793 lib.
1263 5751 1379 5805 t,v.
1404 5740 1688 5810 555seqq.

565 5810 618 5877 et
650 5811 793 5877 torno
820 5804 883 5871 ll,
911 5804 1029 5877 pag.
1063 5810 1156 5863 22.

567 5871 796 5941 Colloq.,
832 5871 925 5932 liii:
954 5871 1019 5934 δῖ
1051 5891 1105 5935 et
1136 5880 1255 5935 M9.

1765 5742 1804 5774 ¹¹
1838 5742 1852 5795 I
1897 5742 2038 5796 'l‘int.
2063 5756 2137 5806 γι,
2166 5741 2220 5795 4.

1240 5812 1282 5842 ’⁵
1318 5810 1485 5865 Τυιιιο
1508 5810 1548 5865 ν
1577 5812 1795 5867 δειιοιιε.
1822 5812 2034 5874 Germ.,
2060 5814 2149 5868 lol.
2176 5811 2302 5866 485.

1352 5881 1404 5955 7”
1443 5882 1497 5935 lu
1537 5878 1655 5936 Vita
1673 5881 1847 5949 Calv.,
1874 5893 1928 5939 et
1950 5882 2218 5938 leonibus.
2267 5882 2306 5913 ι’
2338 5879 2455 5935 Lib.
2482 5875 2661 5935 contr.
2694 5880 2904 5935 \‘aleut.
2930 5877 3136 5937 Gentii.
3171 5877 3256 5943 ,"
3279 5875 3524 5947 lustitut.

2237 1981 2365 2045 Ant,
2390 1983 2532 2051 quod
2566 1983 2727 2035 etiam
2757 1984 2913 2050 longe
2947 1983 3318 2050 turpissimum
3352 1997 3417 2036 ac
3450 1982 3816 2035 “uilissimum

2237 2051 2354 2105 solo
2387 2050 2584 2122 relatu,
2613 2062 2671 2105 nt
2711 2052 2830 2121 i_llos
2862 2052 2962 2122 sibi
2996 2053 3290 2122 aliquando
3337 2050 3705 2122 Smalcaldia
3728 2054 3815 2106 de-

2202 2138 2205 2139 '
2237 2122 2510 2174 cumbenti
2542 2120 2739 2175 fecisse
2759 2120 3042 2190 gloriatur,
3073 2120 3358 2191 «pudenda
3386 2122 3639 2190 propriis
3662 2121 3816 2175 labiis

2236 2201 2532 2258 exsugam;
2579 2199 2672 2244 aut
2702 2201 2849 2244 certe
2893 2199 3133 2244 stercora
3175 2191 3612 2253 venerentur“,
3653 2209 3675 2241 υ
3714 2202 3815 2243 la'u

2238 2258 2363 2314 findi
2396 2277 2457 2313 ac
2484 2261 2698 2329 reprobi
2730 2260 3011 2314 catholica:
3059 2261 3181 2315 lidei
3214 2260 3701 2329 professionisque
3722 2264 3814 2314 de-

2235 2330 2481 2384 sertoris.

2308 2400 2540 2453 Lutliero
2567 2400 2818 2452 succedat
2842 2398 3120 2461 Calvinus,
3158 2398 3297 2453 Beza
3337 2398 3581 2466 judicio,
3615 2416 3637 2450 ι
3672 2414 3815 2452 sum-

2236 2484 2356 2523 mus
2381 2470 2469 2523 ille
2503 2469 2881 2536 maximusque
2920 2469 3200 2537 theologus
3227 2511 3242 2535 ,
3277 2484 3386 2538 quo
3416 2484 3587 2523 nemo
3636 2472 3814 2523 docuit

2235 2540 2467 2599 doctius,
2500 2538 3016 2609 nemojudiciosius,
3054 2554 3213 2592 nemo
3237 2539 3613 2609 enucleatius,
3664 2556 3814 2592 nemo

2233 2608 2974 2676 magnificentiushactenus
3021 2609 3252 2676 scripsit
3288 2608 3349 2662 '7.
3416 2626 3436 2659 ι
3501 2609 3555 2662 Is
3603 2622 3817 2675 quoque

2234 2686 2381 2730 certe
2437 2678 2604 2732 totius
2650 2677 2992 2747 antiquitatis
3042 2678 3417 2743 rudissimum,
3458 2692 3527 2731 ac
3562 2679 3815 2731 historiae

2232 2747 2619 2801 ecclesiasticae
2653 2747 3156 2816 igttorattlissimttm
3202 2762 3261 2801 se
3299 2749 3519 2801 cunctis
3559 2749 3814 2816 prodidit,

2233 2817 2452 2884 quando
2484 2817 2725 2886 scripsit,
2756 2836 2773 2867 ι
2812 2816 3030 2869 beatum
3074 2818 3441 2871 Athanasium
3476 2832 3693 2886 magno
3748 2820 3817 2870 illi

2232 2888 2463 2939 concilio
2511 2885 2729 2940 Νίρειιιιο
2759 2888 2935 2954 primo
2965 2886 3249 2955 praefuisse
3280 2886 3360 2952 ¹⁸;
3394 2904 3416 2939 ι
3456 2885 3813 2955 quandoqui-

2234 2956 2354 3009 dem
2411 2966 2521 3009 tutn
2580 2956 2925 3009 solummodo
2981 2956 3244 3008 diaconus
3294 2965 3439 3017 erat,
3494 2958 3814 3023 episcopum

2233 3039 2387 3077 suum
2419 3027 2583 3079 ad‘id
2618 3026 2912 3079 concilium
2968 3026 3414 3092 proficiscentem
3459 3038 3812 3079 consecutus.

2230 3096 2311 3148 Ad
2347 3096 2589 3149 eamdem
2615 3109 2832 3163 quoque
2888 3094 3158 3148 inscitiam
3190 3095 3455 3162 pertinet,
3495 3113 3517 3144 ι
3554 3097 3708 3163 quod
3734 3096 3813 3159 ju-

2233 3166 2432 3218 dicavit
2457 3166 2688 3217 Arianos
2727 3166 3002 3233 aliquanto
3041 3173 3283 3232 tempore
3314 3166 3683 3231 praecessisse
3712 3164 3813 3216 Ia-

2234 3235 2563 3288 niclta'orum
2619 3232 2867 3287 haeresim
2910 3234 2983 3295 ";
3024 3252 3045 3286 ›
3097 3247 3219 3286 cum
3264 3234 3319 3285 bi
3362 3232 3469 3285 sub
3517 3236 3813 3286 Aureliano

2236 3306 2582 3372 imperatore,
2625 3307 2690 3355 ad
2725 3319 2923 3355 annum
2960 3304 3164 3356 Christi
3210 3302 3319 3356 277
3354 3302 3554 3356 furere.
3585 3303 3815 3370 increpo

2237 3377 2366 3439 rint,
2397 3374 2468 3426 illi
2501 3390 2628 3427 vero
2647 3384 2858 3426 tantum
2894 3374 2994 3426 sub
3023 3373 3405 3434 Constantino,
3431 3373 3597 3425 circa
3615 3388 3811 3424 annum

2234 3444 2432 3498 Christi
2458 3443 2581 3508 592,
2606 3443 2895 3497 habuerint
2913 3443 3149 3495 initium.
3184 3442 3486 3506 Praeterea,
3510 3442 3811 3495 innumera

2237 3514 2722 3574 contradictiones,
2748 3515 2943 3580 quibus
2966 3512 3201 3580 seipsum
3237 3512 3524 3577 implicat;
3556 3519 3813 3565 sexcenta

2236 3598 2516 3636 sacrorum
2552 3583 2845 3634 Bibliorum
2881 3581 2996 3635 loca
3031 3584 3105 3635 ab
3128 3582 3321 3636 eodem
3356 3580 3503 3634 male
3527 3582 3746 3633 reddita
3766 3589 3817 3635 et

2238 3653 2551 3715 intellecta;
2601 3651 3054 3718 frequentissimae
3092 3661 3337 3705 veterum
3385 3649 3626 3703 Patrum
3673 3664 3811 3702 nunc

2238 3721 2520 3786 mutilatze,
2582 3736 2704 3774 mox
2758 3735 3042 3788 perperam
3080 3731 3255 3783 tortae,
3296 3729 3352 3773 et
3400 3720 3551 3773 falso
3590 3720 3817 3786 denique

2238 3793 2319 3845 eis
2354 3791 2622 3859 impositae
2663 3792 2947 3843 sententite
2983 3793 3237 3844 omnibus
3286 3790 3672 3842 manifestam
3700 3803 3815 3859 eum

2239 3858 2450 3924 istbaec,
2484 3875 2583 3915 nec
2612 3862 2744 3914 satis
2773 3860 3061 3929 diligenter
3091 3861 3304 3929 legisse,
3340 3872 3450 3929 nec
3479 3861 3632 3912 bene
3664 3858 3813 3911 intel-

2239 3929 2454 3983 lexisse.
2491 3932 2569 3983 Ad
2609 3932 2721 3983 haec
2747 3928 3037 3984 successor
3059 3928 3300 3999 ejusdem
3334 3928 3491 3999 ΒίηςιΔ
3514 3937 3579 3980 et
3614 3929 3818 3980 versio—

2240 4015 2356 4061 nes,
2382 4008 2435 4053 et
2466 3999 2973 4067 interpretationes,
3008 4008 3062 4051 et
3088 3997 3383 4068 plerasque
3417 3997 3573 4050 illius
3603 4007 3820 4050 senten-

2245 4071 2348 4123 tias
2399 4066 2658 4123 erroneas
2693 4068 2911 4136 scriptis
2954 4066 3182 4136 publicis
3221 4066 3538 4135 corrigens,
3594 4068 3819 4120 eisdem-

2240 4153 2346 4206 que
2392 4139 2795 4199 contradiceus,
2830 4149 2925 4190 aut
2965 4138 3209 4206 profecto
3262 4138 3406 4191 illius
3445 4136 3817 4205 ignorantiam

2241 4222 2421 4261 coram
2466 4219 2578 4263 toto
2635 4208 2835 4260 mundo
2884 4209 3154 4275 coarguit,
3188 4216 3281 4261 aut
3331 4222 3495 4260 suam
3540 4208 3819 4275 propriam

2242 4277 2534 4351 manifeste
2575 4278 2776 4351 prodit.
2820 4277 3048 4341 Quando
3082 4279 3322 4345 insuper,
3369 4278 3425 4329 in
3473 4275 3821 4351 gravissimis

2242 4346 2708 4415 disputationibus
2743 4356 2941 4399 statum
2971 4356 3334 4402 controversae
3362 4346 3703 4414 quzestiouis
3730 4354 3818 4396 aut

2242 4427 2469 4479 mutare,
2504 4426 2595 4468 aut
2623 4416 2806 4484 fugere
2838 4427 2946 4469 tam
2999 4431 3140 4485 saepe
3171 4426 3423 4476 conatur,
3463 4417 3626 4469 falsis
3658 4416 3804 4481 priu-

2244 4486 2402 4554 cipiis
2427 4486 2695 4548 innititur,
2732 4487 2946 4555 stupide
2969 4495 3276 4555 argutatur,
3305 4486 3631 4555 cavillator,
3666 4494 3815 4536 extra

2242 4557 2469 4609 chorum
2509 4555 2754 4619 saltitat,
2810 4554 3189 4624 probationum
3240 4555 3361 4607 loco
3396 4554 3718 4608 bacchatur
3766 4563 3817 4605 et

2239 4626 2597 4689 conviciator,
2638 4625 2909 4679 similibus
2941 4627 3113 4678 utitur
3153 4624 3537 4693 ineptissitnis,
3572 4636 3818 4691 metony-

2239 4693 2376 4746 mias
2393 4696 2655 4761 contingit
2682 4695 3118 4757 absurdissimas,
3137 4693 3408 4762 ambiguis
3434 4693 3633 4747 verbis
3663 4693 3814 4753 ludit,

2237 4765 2559 4832 principimu
2594 4766 2767 4834 petit,
2809 4765 3187 4834 paralogismis
3223 4778 3336 4834 rem
3377 4778 3543 4817 suam
3567 4764 3813 4824 coniicit,

2236 4843 2372 4896 etc.;
2407 4833 2634 4887 verioris
2666 4833 2984 4898 dialecticae,
3017 4833 3373 4902 philosophia:
3411 4841 3586 4899 atque
3611 4834 3816 4885 theolo-

2237 4905 2338 4970 gia:
2372 4904 2592 4955 fundum
2628 4918 2687 4956 se
2712 4919 2986 4973 nunquam
3012 4903 3259 4972 attigisse
3287 4917 3351 4955 ac
3379 4911 3715 4973 penetrasse
3736 4903 3817 4953 de-

2240 4983 2529 5028 monstrat.
2566 4972 2885 5041 Quicunque
2924 4974 3069 5027 euitn
3107 4975 3173 5026 ad
3211 4982 3415 5025 rectam
3466 4974 3521 5027 in
3568 4972 3737 5025 modo
3764 4982 3814 5023 ct

2237 5041 2407 5095 forma
2434 5043 2733 5095 disserendi
2780 5044 3044 5096 rationem
3075 5041 3257 5095 omnia
3302 5041 3449 5094 illius
3485 5050 3813 5110 argumenta

2236 5112 2514 5164 reduxerit
2540 5125 2605 5165 ac
2625 5114 2964 5179 espeuderit,
3000 5111 3301 5178 comperiet
3327 5112 3551 5165 tandem
3604 5112 3811 5163 inanis-

2235 5182 2371 5251 sima
2407 5195 2550 5246 esse,
2591 5195 2712 5249 qua:
2746 5182 2919 5250 prima
2951 5183 3134 5251 specie
3170 5180 3740 5251 magniﬁcentissima
3765 5189 3812 5233 et

2237 5250 2611 5305 valentissima
2670 5252 2926 5305 videntur
2984 5250 3279 5319 imperitis.
3334 5250 3620 5315 Quoniam
3682 5265 3809 5303 vero

2238 5320 2398 5385 hujus
2425 5322 2657 5375 hominis
2691 5322 2937 5385 technas,
2974 5319 3215 5385 fraudes,
3254 5322 3553 5383 versutias,
3599 5334 3671 5374 ac
3702 5327 3812 5373 tne-

2238 5392 2515 5457 ptissimas
2543 5391 2937 5460 diSputationes
2964 5392 3015 5443 in
3047 5391 3163 5443 suis
3187 5390 3464 5457 perductis
3485 5396 3812 5457 Promptina-

2238 5461 2335 5511 riis
2365 5461 2656 5522 cat/tofina,
2687 5460 2845 5528 126
2858 5469 2913 5513 et
2929 5460 3191 5513 Antidotis
3214 5460 3296 5512 vir
3312 5460 3737 5513 eruditissimus
3765 5474 3811 5510 et

2238 5529 2572 5584 clarissimus
2601 5533 2760 5585 docto
2822 5531 3176 5599 Stapletouus
3206 5528 3527 5599 planissime
3558 5531 3769 5583 detexit
3794 5544 3808 5580 :

2956 5738 2999 5770 ¹³
3030 5736 3185 5791 Tom.
3222 5733 3513 5805 I.Colloq.,
3540 5751 3665 5803 pag.
3692 5733 3805 5794 l87,

3540 5808 3583 5838 η
3612 5806 3802 5860 Τοωιᾼ

2302 5740 2342 5772 ¹¹
2375 5737 2415 5793 ιι
2446 5738 2586 5793 'l‘im.
2619 5754 2701 5804 tu,
2737 5740 2792 5803 7,
2824 5737 2878 5793 9.

2382 5810 2423 5841 ⁸⁵
2462 5811 2629 5878 Epist.
2658 5813 2724 5862 ad
2754 5810 3078 5878 Lntherum,
3112 5821 3254 5878 anno
3283 5806 3448 5878 i526.
