3970 6378
448 336 589 392 1643

1787 326 2146 386 V’ARIORL’M
2177 330 2384 388 NOTAE

3562 344 3700 399 16H

458 468 571 527 rum
618 451 848 527 aposwl.
904 445 1042 527 libro
1073 449 1441 518 foci-sequitur
1470 449 1776 527 institutam
1819 459 2017 503 contra
2047 450 2097 509 Α
2129 465 2234 527 non
2265 451 2588 527 apostnlum.
2621 451 2882 527 Reginam
2917 469 3045 527 vero
3075 453 3417 527 Ethiopum,
3437 471 3563 527 qua
3598 478 3699 513 no-

456 518 756 585 Cuosticos,
809 521 873 573 de
928 518 1037 572 Den
1093 533 1198 572 uno
1247 529 1305 573 et
1346 533 1474 573 vero
1530 520 1715 573 mundi
1747 530 2016 582 creatore,

456 609 515 645 at:
566 591 731 646 Patre
774 590 990 645 Domini
1034 588 1207 645 nostri
1246 586 1381 645 ~Jesu
1433 590 1638 645 Christi
1688 589 2017 661 disputatio-

455 679 598 718 nem.

529 733 753 801 Etigere.
794 729 911 789 Vet.
959 730 1079 785 cod.
1128 749 1148 783 σ
1188 731 1461 801 allegare,
1501 751 1521 784 ι
1565 728 1886 786 vocabulum
1924 728 2018 796 ju-

457 800 796 858 risconsultis
828 802 1118 864 usitatum,
1158 817 1268 871 quo
1301 800 1372 855 in
1428 814 1617 856 coetum
1670 801 1963 870 adjungere
1996 839 2014 863 ,

455 874 716 941 ascribere
765 881 813 924 et
879 873 1033 939 quasi
1086 883 1335 937 cooptare
1374 872 1702 941 significant.
1761 871 1895 924 Nam
1960 882 2016 926 et

453 945 550 1014 legi
582 940 982 1014 ddicehautur.
1066 943 1155 1011 qui
1226 943 1280 996 in
1345 940 1654 1014 senatorum
1721 957 2013 1014 numerum

451 1011 887 1067 ascribebantur.
918 1011 1254 1067 Suetonius:
1291 1031 1309 1064 ι
1351 1011 1580 1066 Instanti
1624 1013 1822 1079 saepius
1850 1022 1906 1064 ut
1938 1011 2016 1065 ci-

453 1086 619 1137 vitate
667 1082 929 1136 donatum
979 1084 1031 1136 in
1081 1083 1332 1152 decurias
1377 1083 1724 1152 allegeretur,
1759 1082 2012 1137 Tiberius

451 1155 668 1218 negavit
709 1167 769 1206 se
815 1153 1155 1209 allecturum.
1197 1172 1216 1205 ι
1247 1151 1511 1222 Ulpianus
1533 1155 1601 1207 de
1630 1154 1814 1206 «iecur.
1846 1152 1964 1221 lege
1994 1170 2008 1206 :

457 1224 824 1280 «Generaliter
877 1223 1071 1292 Allegi,
1104 1234 1188 1278 est
1214 1237 1310 1292 per
1329 1223 1648 1278 electionem
1692 1224 2009 1278 iuordinem

448 1295 671 1348 assumi.
711 1313 730 1345 ι
763 1292 945 1347 Utitur
990 1293 1180 1348 eodem
1227 1293 1445 1349 Lucifer
1470 1293 1839 1358 Calaritauus,
1868 1293 2010 1349 libro

448 1367 622 1434 primo
650 1379 752 1434 pro
784 1364 840 1417 S.
874 1364 1201 1421 Athanasio.

518 1459 825 1528 Oportebat.
874 1456 1007 1511 Cum
1043 1455 1228 1528 Greece
1257 1457 1328 1512 sit
1358 1457 1486 1522 ἔδει,
1527 1455 1721 1511 melius
1764 1456 2010 1513 redditur

447 1531 512 1582 ab
543 1527 766 1590 iretiazo.
802 1547 819 1579 t
850 1527 1172 1596 oportebat,
1207 1546 1227 1580 ι
1264 1529 1348 1582 vel
1380 1528 1708 1597 «oportuit,»
1747 1538 1806 1581 ut
1835 1536 1918 1581 est
1954 1528 2006 1580 in

446 1611 634 1655 nostro
686 1609 796 1652 vet.
836 1598 982 1652 cod.
1043 1613 1202 1667 quam
1260 1615 1279 1650 ι
1334 1609 1569 1668 oportet,
1634 1616 1658 1668 ι
1712 1612 1835 1652 cum
1890 1598 2008 1651 vul-

444 1673 578 1740 gari.
623 1669 754 1722 Nam
795 1669 860 1740 tle
901 1681 957 1720 re
978 1668 1087 1736 jam
1125 1679 1344 1737 peracta
1377 1667 1623 1740 loquitur
1645 1667 1861 1740 Petrus.

517 1741 589 1794 In;
611 1741 784 1798 caelos.
815 1738 962 1792 lianc
995 1748 1097 1791 vet.
1125 1740 1248 1792 cod.
1278 1739 1707 1794 emendationem
1734 1737 2005 1792 lubentius

444 1812 611 1863 sortiti
640 1825 845 1872 sumus,
866 1809 1008 1878 quod
1037 1809 1258 1866 Graecus
1283 1808 1441 1864 Luca:
1471 1819 1760 1864 contextus
1781 1810 1860 1872 εἰς
1879 1807 2006 1873 τοὺς

443 1881 700 1953 οὐρανούς
717 1881 950 1953 habeat.

513 1946 935 2020 Suppedaneum.
964 1946 1054 2020 Sic
1077 1948 1244 2004 etiam
1270 1950 1406 2003 libro
1425 1964 1484 2012 ιι,
1514 1962 1634 2017 cap.
1657 1947 1748 2011 49,
1775 1947 2007 2020 reddidit

442 2021 728 2074 ὑποπόδιον
755 2037 770 2085 ;
797 2029 850 2074 et
876 2019 1267 2082 Tertullianus,
1303 2020 1640 2088 Cyprianus,
1666 2019 2004 2090 Augustinus

441 2090 838 2145 LatiuiPatres
872 2105 978 2144 non
1009 2105 1133 2143 raro
1163 2090 1473 2159 loquuntur.

511 2161 639 2230 Pag.
674 2161 797 2216 194.
828 2159 1054 2215 Saliens.
1099 2157 1247 2214 Cum'
1273 2175 1441 2215 sanus
1475 2157 1803 2230 factusfuit,
1835 2157 2001 2230 semel

439 2228 687 2295 cxsiliit,
749 2240 938 2300 postea
1018 2245 1183 2300 vero;
1231 2230 1520 2300 identidem
1604 2229 1769 2282 saliit.
1863 2228 1998 2300 iliud

439 2303 624 2356 Graece
670 2297 871 2356 dictum
914 2311 1000 2356 est
1046 2298 1572 2371 éﬁandpevoq._lioc
1622 2309 1800 2355 autetn
1847 2297 2002 2352 ἁλλό-

440 2389 621 2442 μενος,
664 2372 808 2442 quod
851 2381 998 2442 recte
1027 2368 1416 2425 animadvertit
1447 2368 1714 2436 lrcnaaus,
1751 2378 1807 2424 ut
1835 2371 1999 2424 etiam

437 2441 695 2496 nbservat
723 2442 831 2496 illic
859 2441 1140 2495 Erasmus.

506 2510 1076 2581 Aggravastts.-Graece
1103 2508 1445 2582 ἠρνήσασθε,
1493 2509 1638 2580 quod
1670 2523 1793 2562 cum
1825 2509 1995 2582 veteri

437 2584 734 2650 interprete
780 2583 986 2650 passim
1030 2581 1577 2636 omnes'convertuut
1603 2618 1619 2645 ,
1672 2598 1692 2632 «
1734 2581 1993 2648 negastis,

434 2652 778 2706 renudiastis.
827 2671 846 2703 ι

533 2670 562 2704 ll
609 2670 653 2705 Ill
692 2669 708 2704 Ι.
765 2693 778 2705 .
827 2671 846 2703 ι

496 2669 807 2776 ῐὲιαυεῗιὶῗηι
835 2721 996 2775 vobis.
1036 2719 1201 2776 Paulo
1227 2719 1388 2776 aliter
1432 2719 1575 2776 hunc
1604 2719 1784 2776 locum
1816 2720 1999 2788 expri-

434 2803 589 2847 munt
612 2805 666 2845 et
693 2793 871 2846 littera
893 2790 1080 2846 Graeca
1109 2801 1161 2846 et
1192 2792 1361 2845 editio
1389 2789 1637 2859 Vulgata.
1669 2789 1994 2846 Tertullian.

399 2865 529 2922 .lib.
570 2863 646 2916 De
677 2878 869 2916 resurr.
897 2877 1047 2916 cam.
1072 2879 1090 2916 :
1131 2860 1234 2917 tUt
1269 2872 1511 2929 tempora
1553 2861 1708 2915 vobis
1738 2875 1998 2929 superve-

437 2936 588 2987 nianl
617 2933 882 3002 refrigerii
910 2945 975 2984 ex
1006 2946 1239 3002 persona
1270 2931 1403 2998 Dei;
1435 2951 1456 2985 ι
1491 2947 1613 3003 quae
1636 2945 1742 2985 non
1768 2931 1995 2986 multum

435 3004 695 3058 recedunt
723 3008 790 3055 ab
812 3003 995 3056 Irentei
1034 3004 1284 3057 lectione.

508 3074 642 3128 Deus
698 3084 863 3127 vester
924 3075 988 3124 de
1045 3072 1299 3140 fratribus
1353 3071 1556 3126 vestris.
1623 3070 1996 3137 Expunximus

2035 1788 2083 1847 Β

2124 521 2266 574 mine
2305 522 2521 596 publico
2553 525 2703 596 regni
2750 521 3500 596 eunuchumJerusoilymain
3533 531 3704 585 mise-

2121 601 2226 664 tat,
2257 592 2479 664 proprio
2513 594 2731 648 nomine
2757 595 2905 658 (nam
2931 595 3216 649 CaudaCes
3238 592 3619 664 dithiopibns.
3645 612 3702 655 ut

2119 659 2372 716 Cmsares
2395 661 2654 716 Romanis
2691 678 2980 717 commune
3011 681 3208 719 nomen
3256 667 3401 732 fuit),
3431 659 3700 725 'Lacassn

2120 732 2468 805 appellatam,
2504 734 2766 786 Baazenae
2796 735 2938 805 regis
2971 735 3156 791 filiam.
3191 753 3310 805 qum
3335 748 3578 804 quatuor
3607 757 3704 794 an-

2119 803 2208 854 uis
2233 802 2450 858 Christo
2479 802 2943 871 supervixerit.el
2967 802 3335 858 Christianam
3354 802 3700 871 religionem

2118 871 2277 925 istius
2308 875 2539 928 eunuchi
2566 888 2728 941 opera
2763 875 2975 942 publice
3003 877 3309 944 receperit:
3342 893 3465 941 qua:
3498 880 3568 931 ad
3599 882 3702 933 hoc

2121 957 2288 1010 usque
2328 955 2538 1014 tempus
2566 945 2680 998 illic
2714 955 2989 1012 utcunque
3028 957 3370 1014 perseveret,
3423 958 3588 1002 uth
3628 950 3703 1004 le-

2117 1015 2425 1086 gationibus
2459 1030 2647 1086 regum
2684 1014 2976 1082 Etltiopite
3010 1017 3076 1086 ad
3115 1031 3358 1070 summos
3405 1019 3702 1086 pontiﬁces
3757 1077 3760 1080 _

2117 1082 2476 1155 Clementem,
2495 1082 2752 1155 Leonem,
2773 1096 3009 1155 etgreges
3038 1082 3700 1155 Porttigallite,'librist;iie

2118 1152 2364 1235 Damiani
2409 1171 2437 1207 a
2474 1155 2638 1220 Goes,
2690 1153 2892 1219 Osorii,
2921 1152 3168 1222 'Alvari,
3212 1152 3358 1212 Iovii
3397 1168 3454 1212 et
3502 1159 3698 1214 Μειπωί

2113 1227 2476 1278 certissimum
2508 1235 2612 1280 est.

2184 1314 2379 1368 Missus
2410 1326 2485 1370 est
2522 1318 2575 1369 in
2616 1318 2850 1385 regiones
2879 1316 3190 1384 .‘E‘thiopiw.
3229 1318 3297 1373 Ut
3326 1319 3476 1375 hunc
3512 1321 3696 1376 locum

2109 1400 2176 1438 ex
2228 1387 2432 1440 lrenmo
2491 1388 2720 1441 mutuati
2775 1399 2903 1440 sunt
2951 1397 3134 1454 postea
3188 1389 3459 1445 Eusebius
3506 1393 3608 1448 lib.
3658 1407 3696 1446 ιι

2113 1455 2279 1520 ll-ist.,
2314 1471 2434 1524 cap.
2476 1457 2528 1518 1.
2559 1467 2613 1511 et
2642 1457 3007 1528 Hieronymus
3037 1456 3185 1510 Com.
3217 1460 3271 1512 in
3295 1476 3392 1516 LIII
3426 1460 3576 1528 ιδεμ,
3617 1464 3698 1516 sic

2111 1527 2326 1596 videtur
2372 1529 2606 1581 lrenteus
2655 1524 2904 1581 eumdem
2960 1529 3296 1596 dccerpsisse
3343 1547 3410 1585 ex
3461 1524 3569 1585 lib.
3619 1547 3695 1585 vtt

2109 1595 2291 1652 Const.
2317 1607 2488 1674 apost.
2517 1599 2816 1674 Clementis
2844 1640 2857 1662 ,
2891 1612 3009 1665 cap.
3180 1598 3382 1674 Omnes
3413 1603 3697 1671 siquidem

2111 1681 2218 1742 uno
2245 1681 2380 1742 ore,
2429 1667 2745 1742 iisdemque"
2768 1668 2936 1722 ferme
2970 1667 3187 1742 verbis,
3226 1671 3373 1725 hunc
3410 1667 3697 1742 indigenis

2111 1740 2222 1790 suis
2251 1737 2451 1808 Christi
2485 1738 2838 1808 Evangelium
2882 1747 2939 1792 et
2986 1739 3255 1806 baptisma
3299 1737 3693 1805 annuntiasse,

2111 1818 2171 1883 ut
2199 1809 2248 1883 ei
2277 1824 2305 1861 a
2338 1806 2587 1883 Philippo
2607 1806 2862 1862 traditum
2883 1807 3390 1883 fu_crat,_aﬂir_maut.
3410 1815 3702 1883 Additqne

2107 1878 2332 1950 Abtlias,
2377 1876 2690 1950 Matthaaum
2738 1880 3042 1947 apostolum
3091 1878 3144 1930 iu
3177 1879 3526 1949 {Etliiopiam
3560 1876 3691 1950 pio-

2107 1947 2333 2012 iectum,
2367 1946 2562 2002 ibidem
2598 1949 2746 2001 illum
2777 1946 3085 2013 invenisse;
3116 1946 3464 2018 Sophronius
3501 1946 3690 2006 autem

2107 2027 2409 2092 tantoeum
2429 2020 2606 2072 studio
2629 2021 3034 2092 promulgandi!)
3057 2023 3334 2092 religionis
3349 2024 3692 2077 Christianae

2103 2089 2376 2162 exaitisisse
2403 2084 2653 2162 testatur,
2687 2097 2745 2141 ut
2775 2084 3057 2144 iii—Arabia
3088 2084 3236 2146 felici
3270 2102 3324 2146 et
3352 2094 3688 2162 Taprobina

2103 2157 2807 2233 insulagevangelizaverit,
2841 2175 2905 2215 ac
2947 2163 3182 2230 glorioso
3225 2157 3538 2218 certamine
3587 2179 3688 2233 pro
3757 2179 3762 2182 ·

2102 2229 2305 2283 Christi
2337 2232 2556 2283 nomine
2583 2231 2801 2284 obierit.

2172 2299 2298 2369 Pag.
2336 2298 2457 2354 197.
2499 2297 2728 2364 Quidam
2769 2302 3049 2355 secundum
3094 2320 3205 2364 vos.
3253 2301 3324 2358 Ut
3357 2303 3450 2358 hic
3481 2303 3691 2358 omittit

2103 2375 2432 2441 mentionem
2469 2380 2789 2441 poetarum,
2813 2387 2931 2441 qua:
2961 2383 3138 2428 tamen
3179 2375 3233 2429 itt
3270 2377 3460 2428 codice
3489 2374 3690 2427 Gnaeo

2102 2439 2264 2512 Lucae
2317 2439 2572 2512 habetur,
2625 2441 2705 2495 sic
2768 2439 2897 2496 fecit
2957 2455 3140 2511 postea
3209 2456 3262 2498 et
3314 2448 3687 2512 Augustinus,

2100 2509 2380 2578 explicans
2405 2511 2618 2579 aliquot
2647 2509 2982 2581 quaestiones
3017 2514 3072 2567 iit
3106 2509 3428 2584 Epistolam‘
3451 2517 3525 2568 ad
3570 2517 3686 2568 tto-

2098 2593 2310 2634 manos.

2174 2647 2425 2723 Paeniteri
2458 2650 2514 2723 in
2537 2650 2728 2723 ipsum.
2754 2651 2859 2706 Pro
2890 2668 2908 2703 t
2945 2655 3234 2723 paenitere,
3268 2676 3285 2709 ι
3321 2653 3484 2707 dixit.
3517 2655 3687 2711 Com-

2097 2721 2279 2775 munis
2337 2722 2561 2774 editio:
2619 2738 2655 2796 t_
2681 2721 2750 2775 Ut
2795 2737 2984 2777 omnes
3035 2721 3237 2796 ubique
3290 2726 3684 2796 paenitentiam

2099 2799 2298 2862 agant,
2333 2808 2353 2842 ι
2387 2790 2660 2862 πανταχοῦ
2704 2796 3001 2859 μετανοεῖν.
3037 2790 3302 2850 Ρωιὶίιετῖ
3344 2798 3493 2848 [orte
3522 2798 3683 2862 dixit,

2097 2857 2158 2912 ut
2205 2857 2394 2936 Graece
2439 2857 2890 2936 μετᾳὶμελεῖσθαι,
2943 2863 3119 2919 forma
3154 2866 3356 2932 passivi
3389 2869 3472 2919 vel
3507 2857 3684 2936 depol

2099 2930 2302 3007 uentis.
2337 2930 2612 3007 Estienim
2647 2934 2797 2987 locus
2825 2937 2946 2988 Act.
2972 2950 3104 2995 χιιι.
3123 2930 3213 2998 51,
3237 2949 3293 2991 et
3314 2930 3685 3007 Apocalypsis

2096 2999 2278 3063 XI,i8,
2311 3013 2365 3054 et
2390 3003 2456 3056 ad
2482 3012 2771 3069 utrumque
2799 3015 2990 3058 auctor
3022 3010 3286 3070 respexit.

2168 3070 2486 3146 {Angelorutu
2518 3071 2634 3126 Dei.
2674 3074 3155 3146 [ersiouetnLXX
3178 3078 3451 3146 sequitur,
3474 3087 3538 3130 ut
3569 3077 3682 3130 Ba-

435 3164 455 3195 «
493 3155 678 3198 uoster
704 3162 721 3194 ι
785 3152 839 3196 et
874 3159 893 3192 «
920 3139 1139 3207 nostris,
1167 3161 1186 3195 ι
1215 3144 1446 3197 docente
1480 3141 1669 3195 Latina
1697 3142 1997 3212 Graecaque
2024 3139 2069 3201 (Ξ
2099 3139 2257 3212 silius
2285 3140 2330 3212 Ι.
2356 3157 2414 3195 ιιι
2446 3139 2642 3195 Contra
2677 3142 2929 3206 Eunom.,
2964 3139 3395 3208 Clu-vsustu'mus
3426 3147 3578 3199 hom.
3610 3149 3685 3204 60

432 3217 692 3268 Actorum
735 3213 1008 3275 lectione,
1065 3227 1188 3266 cum
1235 3223 1346 3268 vet.
1401 3213 1523 3266 cod.
1555 3213 1847 3277 Cseterum,
1895 3215 1999 3266 hoc

433 3284 636 3355 .‘llnysis
653 3285 978 3355 testimonio
997 3281 1275 3355 Christum
1297 3283 1626 3355 promissum
1661 3283 1849 3355 fuisse,
1872 3297 1995 3355 cum

431 3350 695 3422 apostolis
753 3362 810 3408 et
877 3355 1082 3422 Irenteo
1149 3350 1348 3406 docent
1415 3350 1663 3406 Justinus
1722 3353 1882 3419 Resp.
1928 3352 1996 3404 ad

430 3421 618 3492 quwst.
667 3423 763 3476 101
809 3424 1002 3489 orth.;
1049 3421 1279 3478 Tertull.
1312 3422 1408 3480 lib.
1449 3437 1504 3476 tv
1525 3421 1742 3477 Advers.
1797 3422 1994 3483 Mam,

430 3491 551 3561 cap.
580 3493 684 3560 22;
709 3494 1016 3564 Cyprianus
1045 3493 1137 3564 ιιι),
1169 3508 1186 3546 ι
1214 3491 1431 3564 Advers.
1457 3492 1699 3564 Judwos,
1732 3507 1854 3564 cap.
1886 3493 1952 3547 18
1978 3508 1993 3557 ;

430 3565 679 3618 Clemens
716 3561 875 3619 A'lex.
915 3563 1008 3618 lib.
1049 3578 1066 3617 ι
1098 3561 1410 3632 Pwdagogi,
1462 3577 1579 3631 cap.
1618 3562 1680 3628 7,
1732 3561 1887 3632 paulo
1914 3564 1997 3616 di-

431 3637 605 3689 versis
638 3635 766 3689 licet
796 3634 1220 3688 tralationibus:
1252 3647 1320 3686 ex
1351 3634 1549 3701 quibus
1580 3633 1848 3687 refellitur
1875 3633 1998 3688 Cal-
2032 3683 2043 3697 ,

429 3706 774 3790 vinianorum
807 3702 1031 3760 Judaica
1057 3704 1217 3774 plane
1247 3702 1498 3776 impietas
1518 3743 1533 3771 ,
1561 3705 1692 3759 illud
1735 3704 1861 3758 alibi
1897 3706 1994 3760 de-

429 3785 820 3845 torquentium.

496 3869 631 3940 Pag.
659 3869 784 3925 195.
817 3867 1304 3940 ραοηὶαιιιαιιιειη.
1353 3865 1580 3923 Refutat
1610 3865 1992 3940 Gnostieorum

426 3938 835 4063 sycop'liangam
863 3949 918 3994 et
942 3938 1369 4002 cavillationem,
1402 3953 1566 4008 quam
1600 3938 1877 3994 recensuit
1903 3953 1997 3992 su-

427 4029 525 4063 ιιι-ει
553 4025 674 4063 can.
748 4046 764 4063 .

466 4029 525 4068 ra
553 4025 674 4068 Cal).
709 4025 764 4063 ἃ).

481 4033 488 4042 ·
589 4028 614 4062 a
637 4027 674 4062 ι.
709 4027 764 4063 o.

427 4027 665 4148 Ρηὸὲρξη
693 4079 975 4133 hominem.
1009 4077 1338 4143 Delevimus,
1377 4095 1398 4128 «
1432 4078 1928 4149 quemadmodum;
1966 4099 1987 4134 ι

426 4156 570 4212 infra
601 4165 819 4222 quoque
846 4165 944 4220 pro
976 4168 994 4202 t
1023 4149 1186 4222 ipsis,
1219 4149 1365 4222 ipsi;
1399 4167 1420 4202 ι
1464 4164 1596 4218 pro,
1651 4167 1670 4200 ι
1704 4153 1989 4219 putabant,

426 4219 690 4298 putabat;
731 4241 750 4275 ι
784 4219 988 4290 ειιιιο,
1013 4221 1190 4287 vobis,
1216 4219 1397 4285 nobis,
1429 4238 1449 4272 ι
1480 4222 1820 4290 reposuimus
1842 4230 1990 4276 auct.

424 4297 533 4354 vet.
567 4297 689 4348 cod.

494 4368 625 4435 Pag.
682 4363 803 4418 196.
849 4360 1252 4435 Prtedestinatis
1313 4377 1346 4414 a
1384 4357 1540 4435 _Deo.
1596 4361 1985 4435 Sustulimns,

429 4459 447 4489 «
486 4438 552 4491 ab
573 4429 664 4500 Eo,
697 4454 715 4486 ι
750 4437 978 4489 docente
1007 4442 1112 4486 vet.
1142 4431 1263 4487 cod.
1293 4441 1348 4485 et
1375 4429 1562 4484 Crteea
1591 4432 1850 4500 lectione,
1885 4432 1990 4485 ὑπὸ

422 4507 515 4563 τοῦ
549 4508 703 4560 Θεοῦ.

496 4596 844 4666 Imperfectus
875 4593 1350 4666 igitursecnndum
1374 4591 1468 4666 hos
1495 4589 1706 4645 Petrus.
1733 4590 1993 4666 Expende

424 4682 530 4738 quo
567 4662 723 4736 pacto
754 4662 914 4735 paulo
941 4665 1191 4738 superius
1233 4662 1504 4738 asseruit,
1544 4663 1824 4738 apostolos
1869 4674 1993 4738 post

424 4733 805 4794 ascensionem
837 4733 1068 4801 Domitii,
1098 4749 1193 4803 per
1217 4735 1507 4786 adventum
1541 4733 1778 4801 Spiritus
1813 4736 1986 4787 sancti

423 4809 698 4880 perfectos
739 4808 912 4880 factos
957 4803 1307 4880 fuisset‘liic
1350 4817 1566 4880 quoque
1607 4815 1859 4880 tanquam
1891 4807 1988 4858 ab—

423 4871 646 4934 surdum
676 4878 984 4946 et.impium
1013 4873 1290 4931 Guosticis
1316 4872 1560 4946 objiciat,
1591 4871 1734 4942 quod
1762 4871 1981 4946 Petrum

422 4943 855 5020 imperfectunu'
879 4958 936 5002 et
975 4953 1199 5020 catteros
1227 4943 1500 5020 apostolos
1542 4952 1833 5020 censerent
1870 4945 1979 5020 im-

420 5012 718 5091 peit‘ectos.
767 5014 1206 5091 Quantomagis
1251 5012 1412 5091 hujus
1467 5012 1568 5091 aevi
1609 5012 1980 5091 .iiuguosticos

421 5083 758 5152 damnasset,
783 5083 839 5143 et
866 5088 1047 5142 verbis
1077 5083 1378 5153 et’scriptis
1399 5083 1615 5137 cosdem
1648 5084 1984 5140 incessentes

420 5173 476 5215 et
505 5159 880 5219 traducentes,
919 5156 1079 5211 «velut
1100 5173 1132 5206 -«
1169 5154 1582 5218 sehismaticos,
1615 5163 1904 5223 .apostatas
1931 5164 1986 5209 et

422 5229 778 5285 itlololatras?
807 5228 1076 5282 ινΡειυιιιιιι
1095 5233 1418 5281 accusantes
1443 5241 1462 5274 «
1491 5226 1832 5288 temeritatis,
1853 5239 1987 5278 cou-

422 5311 660 5369 temptus
713 5299 839 5365 Dei,
888 5313 956 5353 ac
981 5294 1383 5369 Epicureistni?
1429 5311 1448 5369 ι
1497 5293 1716 5369 Petrum
1745 5296 1984 5369 denique

420 5364 701 5433 dicentes,
732 5385 778 5440 ί(
826 5364 1057 5438 gratiam
1112 5364 1323 5440 .Cit_risti
1401 5364 1738 5440 aboievisse,
1804 5364 1986 5418 Evan-

415 5440 618 5540 gelium
655 5435 1023 5540 deformasse,
1056 5446 1113 5494 et
1147 5436 1451 5492 libertatem
1490 5435 1853 5490 Christianam
1886 5451 1976 5491 se-

426 5509 760 5564 uclivisse'”.
798 5526 817 5560 ι

416 5527 770 5649 “inlitis”;
798 5527 1005 5632 ,autem.
1044 5576 1200 5633 Hunc
1225 5575 1418 5632 volunt
1470 5575 1758 5640 diaconum
1785 5573 1976 5642 fuisse,

2101 3211 2154 3264 in
2185 3209 2400 3287 M_atth.,
2426 3212 2658 3287 erillus
2685 3214 2737 3266 iu
2768 3228 2866 3266 LIII
2899 3214 3026 3287 l_sa.,
3065 3214 3297 3270 Ruﬁnus
3336 3217 3392 3268 in
3424 3217 3681 3287 Symbot.

2100 3289 2155 3335 et
2183 3281 2423 3350 plerique
2464 3281 2775 3337 Grmcorum
2823 3295 2875 3337 et
2906 3282 3250 3342 Latinorum.
3296 3281 3572 3342 llcbraica
3603 3292 3684 3342 sic

2100 3352 2422 3429 adverbutn
2461 3353 2639 3406 reddit
2677 3353 2996 3429 SaltCleSit
3031 3355 3235 3410 Statuit
3273 3361 3544 3429 terminos
3581 3376 3682 3429 μοι

2098 3421 2369 3490 pulcrum,
2392 3422 2550 3489 juxta
2581 3438 2864 3476 numerum
2900 3426 3134 3481 liliorum
3169 3427 3353 3482 l'sraeL
3396 3446 3417 3479 ι

2173 3489 2261 3544 Uti
2289 3494 2352 3545 ab
2381 3495 2456 3546 eis
2479 3494 2649 3548 vanis.
2679 3495 2896 3560 Septem
2932 3497 3029 3549 has
3054 3510 3212 3551 voces
3243 3512 3306 3551 ex
3345 3497 3520 3551 veteri
3551 3499 3679 3552 cod.

2099 3561 2415 3635 adjecimus,
2462 3579 2598 3632 quas
2647 3567 2826 3635 etiam
2874 3568 3120 3635 agnoscit
3182 3568 3343 3621 Lucae
3383 3581 3682 3622 contextus

2096 3633 2218 3686 Aet.
2248 3648 2369 3698 xw,
2397 3645 2452 3687 et
2478 3635 2618 3688 linea
2650 3633 2935 3704 superiore
2969 3659 2988 3688 ι
3014 3653 3131 3703 nos,
3163 3656 3182 3689 ι
3221 3656 3320 3708 pro
3346 3657 3366 3690 «
3397 3641 3624 3693 nomine
3655 3659 3677 3690 υ

2100 3709 2463 3772 reposuimus.

2171 3793 2406 3862 Utraque
2458 3804 2580 3863 apta
2621 3797 2955 3864 temporibus.
3000 3797 3338 3864 Augustinus
3387 3797 3483 3851 lib.
3518 3814 3679 3854 nm

2098 3863 2293 3936 Contra
2313 3865 2475 3935 129
2493 3863 2769 3929 Faustum,
2791 3884 2909 3935 cap.
2931 3869 3017 3932 14,
3037 3881 3091 3921 et
3107 3869 3264 3936 epist.
3285 3867 3342 3928 5,
3363 3884 3488 3936 qua:
3503 3882 3593 3923 est
3610 3885 3679 3922 ait

2097 3935 2374 4006 Marcelt.,_
2409 3942 2547 3990 idem
2582 3940 2821 4004 explicat
2848 3950 3072 3992 venusta
3122 3935 3487 3991 similitudine
3523 3957 3677 3993 suni-

2097 4018 2186 4074 pta
2215 4022 2243 4058 a
2282 4008 2512 4070 medico,
2563 4009 2654 4076 qtti
2697 4007 2844 4060 aliud
2876 4023 3018 4071 cras,
3075 4009 3218 4060 aliud
3250 4009 3416 4061 hodie
3449 4015 3677 4077 εει-ους

2095 4077 2492 4149 observandum
2526 4078 2790 4144 prtecipit,
2811 4083 3147 4149 quandoque
3167 4082 3332 4132 etiam
3371 4084 3676 4147 prohibens

2093 4147 2238 4214 quod
2262 4157 2387 4200 ante
2415 4159 2763 4216 praeceperat.
2795 4147 3222 4217 Origeues'idetn
3256 4160 3422 4201 antea
3460 4161 3674 4217 praestt-

2097 4228 2260 4279 terat,
2290 4222 2448 4272 ducta
2480 4217 2838 4271 simtlitudine
2869 4235 2896 4271 ιι
2932 4231 3126 4282 matre,
3160 4235 3276 4286 qlia:
3312 4236 3461 4273 nunc
3492 4237 3674 4272 tuam-

2096 4290 2198 4361 uiis
2228 4291 2490 4361 suaviter,
2523 4297 2709 4361 postea
2755 4288 3011 4361 solidiore
3061 4291 3182 4345 cibo
3223 4290 3433 4343 liberos
3467 4294 3670 4361 pascit,

2095 4358 2306 4428 dialogo
2339 4358 2365 4411 1
2395 4369 2582 4428 contra
2617 4359 2878 4414 Marcion.

2168 4427 2300 4498 Pag.
2334 4429 2456 4484 198.
2485 4427 2756 4493 Quasdam
2786 4428 3014 4498 quidem.
3049 4427 3348 4498 Utramque
3362 4430 3671 4498 Epistulam

2025 4474 2070 4529 Π
2099 4503 2163 4552 ad
2193 4474 2561 4560 'i'tomotheuiit,
2595 4509 2648 4551 et
2697 4474 2816 4553 eam
2840 4515 2959 4568 qua:
2988 4502 3160 4554 estad
3196 4474 3673 4565 'l'iiutnfMarcic-

2101 4586 2220 4623 nem
2251 4571 2465 4636 penitus
2496 4569 2747 4636 rejecisse
2768 4570 2960 4622 scribit
2992 4570 3085 4624 lib.
3112 4586 3143 4624 v
3173 4571 3224 4623 iu
3249 4574 3506 4624 eumdem
3534 4574 3672 4627 Ter-

2098 4641 2216 4693 tull.
2249 4642 2490 4714 Caeteros
2515 4644 2647 4714 Aejus
2681 4641 3060 4714 corruptitmes
3095 4641 3374 4714 uberrime
3398 4648 3672 4714 suppedi-

2097 4714 2227 4764 tabit
2263 4710 2597 4780 Epiphanius
2626 4723 2812 4763 contra
2848 4713 3096 4764 haeresim
3118 4712 3211 4768 42.

2163 4780 2229 4832 In
2258 4786 2425 4834 altera
2461 4783 2864 4848 conscriptione.
2899 4782 3118 4834 Librum
3150 4780 3441 4851 specialem
3468 4787 3671 4840 adv-er.

2089 4865 2182 4905 sus
2213 4851 2544 4905 Mart-inueni
2577 4855 2842 4918 promittit
2875 4867 2888 4902 :
2921 4865 3078 4918 quem
3127 4855 3170 4905 si
3205 4855 3440 4906 ediderit
3464 4894 3479 4916 .
3522 4872 3672 4911 nunc

2091 4931 2266 4976 tamen
2293 4921 2714 4992 haudquaquam
2746 4929 2963 4974 exstare
2994 4932 3200 4975 certum
3231 4933 3336 4976 est.

2157 5012 2532 5081 Blasphemant
2583 5011 2980 5081 fabricatorem.
3060 5011 3470 5083 Blasphemiam
3529 5018 3671 5072 adeo

2084 5084 2410 5139 horrendam
2458 5097 2579 5138 esse
2615 5083 2668 5135 in
2719 5097 2903 5135 verum
2942 5083 3151 5146 Deum,
3200 5085 3670 5140 existimaverunt

2085 5155 2271 5208 Patres
2327 5155 2588 5217 universi,
2638 5167 2760 5206 eum
2821 5152 3143 5222 cujusquam
3203 5155 3331 5207 ntali
3378 5171 3666 5210 aut-.orem

2081 5238 2340 5289 censere;
2376 5232 2433 5278 ut
2462 5224 2635 5294 liquet
2662 5237 2727 5276 ex
2757 5223 2861 5277 hoc
2893 5227 3047 5294 loco,
3080 5234 3133 5276 et
3165 5224 3304 5279 libro
3350 5228 3531 5280 altero
3566 5231 3672 5286 ad-_

2087 5311 2274 5348 versus
2325 5293 2635 5361 Floriuum,
2687 5294 2774 5346 cui
2820 5293 3034 5347 titulum
3097 5295 3224 5350 fecit
3265 5309 3280 5348 ε
3323 5297 3484 5360 Quod
3519 5295 3665 5351 Deus

2084 5382 2186 5419 non
2230 5366 2301 5418 sit
2340 5377 2528 5418 auctor
2569 5363 2868 5426 malorum;
2922 5375 2980 5417 ut
3015 5365 3220 5418 nullum
3272 5368 3377 5419 nisi
3429 5368 3663 5420 sacrile-

2088 5451 2213 5506 gum
2245 5435 2359 5490 huic
2389 5436 2570 5506 dicere
2600 5435 3022 5506 pronuntiarint.
3050 5434 3443 5504 PrOphetarum
3475 5450 3664 5492 autem

2088 5503 2251 5560 verba
2279 5507 2382 5560 ista
2411 5523 2426 5560 :
2463 5524 2480 5558 ι
2523 5503 2640 5576 Non
2672 5513 2756 5560 est
2783 5504 2986 5558 malum
3015 5506 3067 5559 iu
3096 5503 3344 5568 civitate,
3375 5514 3529 5576 quod
3554 5525 3663 5562 uo

2091 5577 2282 5632 fect-rit.
2327 5574 2667 5634 Dominus“.
2731 5593 2751 5626 ι
2814 5577 2880 5630 Et
2935 5594 2950 5631 :
3015 5594 3034 5629 «
3090 5577 3215 5648 Ego
3267 5574 3408 5633 Deus
3458 5591 3663 5634 creant

483 5789 529 5820 ³⁸
555 5789 686 5844 Vide
712 5783 999 5860 septimum
1042 5784 1320 5858 Dialogum
1358 5795 1624 5842 nostrum.
1702 5785 1746 5818 “
1778 5786 1945 5841 Amos
1977 5798 2059 5849 tn,
2083 5781 2134 5837 6.
