3970 6378
437 348 574 403 ΜΠ

1732 341 2091 401 γΑιιιοῆυΜ
2116 342 2323 403 ΝΟΤΛΕ

3527 349 3663 403 1633

455 466 579 517 tisse
607 480 620 515 :
648 479 671 512 ι
700 461 857 515 Anno
879 460 1072 528 quinto
1097 459 1305 516 decimo
1335 460 1677 529 principatus
1717 460 1993 514 Tiberiani
2024 462 2072 518 A
2101 462 2442 529 templum",
2475 461 2726 516 faciendo
2753 477 2813 518 se
2840 462 3041 518 Judzeis
3073 462 3343 525 Jndmnm,
3374 461 3668 519 nuntians

480 550 577 588 ens
596 530 875 587 descendit
904 532 957 584 in
991 532 1265 585 civitatem
1291 530 1526 585 Galiltete
1552 531 1985 599 Capharnauma

436 603 591 659 Unde
627 602 829 671 Irenzeo
857 601 951 656 lib.
986 617 1026 663 ι.
1052 617 1171 671 cap.
1208 601 1301 665 29,
1329 601 1553 665 dicitur,
1586 620 1605 653 α
1641 601 1691 654 id
1732 603 1874 667 quod
1907 610 1993 655 est

436 675 734 728 secundum
778 670 987 725 Lucam
1032 670 1381 740 Evangelium
1441 671 1880 734 circumcidens,
1937 680 1993 725 et

433 746 614 798 omnia
639 758 761 812 qua:
798 752 921 812 sunt
950 743 1015 795 de
1043 743 1393 812 generatione
1425 740 1751 811 (nativitate)
1782 742 1989 796 Domini

434 810 743 883 conscripta
771 856 785 875 ,
816 810 1093 883 auferens.
1147 831 1165 865 ι
1202 812 1337 866 Dum
1380 826 1510 866 vero
1562 828 1686 866 mox
1734 810 1988 883 addidit:

440 903 459 935 ι
495 884 560 938 Et
588 881 922 937 tle—doctrina
946 897 1254 936 sermonum
1280 882 1492 936 Domini
1517 883 1685 937 multa
1712 881 1988 949 auferens,

435 955 487 1009 in
517 954 712 1022 quibus
741 951 1187 1022 manifestissime
1213 953 1548 1007 conditorem
1582 952 1742 1020 hujus
1773 953 1992 1006 univer-

432 1021 613 1079 sitatis
634 1038 790 1077 suum
822 1021 1032 1076 Patrem
1063 1022 1327 1078 confitens
1359 1023 1619 1077 Dominus
1652 1023 1993 1090 conscriptus

430 1104 548 1156 est;
598 1111 623 1144 ν)
662 1092 899 1161 respexit
936 1094 1209 1161 praecipue
1254 1093 1320 1146 ad
1370 1107 1588 1147 versum
1620 1092 1684 1147 2t
1729 1093 1921 1161 capitis
1958 1110 1992 1147 x

433 1165 593 1219 Lucae
647 1182 660 1217 :
708 1162 1061 1245 ¢_Cottrneor
1092 1164 1226 1226 tibi,
1257 1163 1440 1245 Pater,
1476 1163 1704 1219 Domine
1758 1162 1893 1245 coeli
1938 1172 1994 1218 et

433 1245 625 1295 terrae,
668 1253 685 1286 ι
715 1234 979 1295 etc.,~ubi
1012 1248 1198 1288 vocem
1232 1252 1251 1285 ε
1290 1231 1467 1289 Patris
1502 1253 1521 1287 ι
1552 1233 1817 1301 expunxit
1844 1231 1994 1287 Mar—

430 1305 573 1370 cion,
602 1311 660 1357 ut
695 1319 761 1358 ex
790 1303 1107 1358 Tertulliani
1133 1304 1227 1357 lib.
1254 1319 1325 1365 tv,
1364 1319 1484 1373 cap.
1512 1304 1603 1367 25,
1636 1304 1837 1371 liquet;
1864 1320 1988 1358 cum

430 1390 539 1444 quo
566 1374 711 1429 conf.
744 1374 1009 1441 Epiphan.
1041 1376 1093 1428 in
1123 1374 1267 1429 dicta
1288 1375 1585 1436 haeresim,
1606 1373 1869 1444 confutat.
1897 1375 1989 1429 22.

502 1444 569 1498 In
624 1444 1242 1513 altera-conscriptione.
1302 1444 1563 1512 Respexit
1612 1444 1756 1499 hunc
1812 1443 1993 1499 locum

430 1516 697 1570 Eusebius
728 1514 826 1567 lib.
859 1529 890 1565 v
931 1514 1076 1567 Hist.
1105 1554 1120 1577 ,
1152 1529 1273 1583 cap.
1310 1515 1343 1569 8
1366 1553 1381 1577 ,
1414 1516 1491 1569 ita
1530 1515 1596 1569 de
1622 1514 1825 1569 Irenaeo
1858 1521 1996 1569 scrt-

430 1588 564 1640 bens
594 1602 606 1637 :
647 1583 1099 1655 ’Errﬁwehatoe
1132 1585 1160 1637 ὁ
1182 1585 1375 1648 αὐτὸς,
1416 1587 1480 1638 ὲκ
1515 1584 1623 1638 τῶν
1671 1584 1995 1655 Μαρκίωνος

430 1655 871 1726 συγγραμμάτων
902 1654 1193 1726 ἀντιλέξειν
1216 1655 1363 1726 αὑτῷ
1382 1657 1438 1708 ὲν
1462 1656 1575 1726 ἰδίῳ
1596 1655 1751 1726 130
1765 1656 1996 1709 σπουδά-

430 1725 615 1796 σματι.
643 1744 661 1777 ε
685 1725 831 1796 Idem
857 1740 985 1779 vero
1006 1725 1277 1794 pollicitus
1298 1725 1400 1793 est,
1434 1741 1491 1780 se
1515 1725 1579 1779 ex
1604 1725 1834 1795 propriis
1855 1726 1995 1781 Mar-

424 1798 602 1866 cionis
624 1795 779 1866 libris
804 1810 927 1866 eum
951 1796 1209 1865 peculiari
1234 1810 1399 1866 Opere
1431 1798 1786 1851 refutaturum
1813 1812 1986 1852 esse»
2022 1800 2066 1856 B

502 1865 631 1934 Pag.
659 1865 780 1922 199.
815 1865 883 1919 In
915 1866 1075 1919 vobis.
1106 1865 1545 1921 EditaActorum
1579 1875 1756 1934 apost.
1805 1881 1992 1922 exem-

430 1936 596 2005 plaria
627 1936 826 2007 habent
848 1938 996 2007 ἡμῖν.
1037 1934 1143 1990 Sed
1185 1952 1287 1991 ms.
1313 1937 1473 1991 Ales.
1502 1936 1634 2007 ὑμῖν
1660 1976 1676 2001 ,
1715 1937 1991 2007 quomodo

426 2002 484 2059 et
516 2008 613 2063 lib.
644 2021 695 2059 v1
715 2002 953 2079 ‘Cous'tit.
978 2017 1174 2076 apost.,
1200 2021 1323 2078 cap.
1342 2007 1431 2074 t2,
1453 2002 1620 2077 atque
1654 2002 1795 2077 apud
1818 2006 1991 2079 Chry-

429 2087 729 2131 sostomum
753 2075 971 2145 legitur.

502 2146 710 2219 Domini
736 2148 978 2219 nostri...
1020 2162 1113 2219 nos
1151 2162 1322 2219 posse.
1366 2146 1554 2219 ’Υμῶν
1582 2147 1635 2201 in
1672 2146 1871 2203 nostris
1901 2146 1990 2201 Bi-

430 2215 553 2271 hliis
574 2215 779 2287 Grtecis
804 2230 910 2270 non
938 2216 1194 2287 legimps;
1224 2217 1354 2285 legit
1378 2215 1559 2272 autem
1581 2228 1700 2287 post
1725 2219 1988 2273 Irenaeum

424 2287 698 2359 interpres
741 2284 911 2355 Syrus
966 2284 1021 2359 et
1066 2284 1340 2359 Ethiop’s.
1390 2284 1632 2359 Reliquae
1672 2289 1790 2343 duae
1827 2304 1990 2345 voces

432 2381 455 2415 α
494 2356 592 2416 nos
625 2366 782 2429 poSse
816 2375 835 2411 ι
869 2356 1245 2431 explicationis
1276 2372 1406 2427 ergo
1437 2356 1633 2431 additae
1664 2369 1812 2414 sunt.

502 2427 641 2486 Deus
685 2427 998 2499 excogitatiit
1038 2427 1269 2499 accipere
1319 2443 1384 2479 ea:
1444 2429 1685 2497 gentibus
1716 2429 1989 2499 pupulum

426 2502 629 2557 nomini
652 2518 769 2555 suo.
798 2498 1022 2557 Omissa!
1047 2498 1172 2555 sunt
1204 2502 1370 2571 dum,
1406 2500 1625 2571 q'Utein
1662 2498 1828 2554 editt.
1864 2501 1984 2555 Act.

426 2582 607 2641 apost.
638 2580 890 2632 exstant,
923 2586 1085 2626 voces
1112 2570 1325 2693 πῖὦτον
1364 2568 1553 2626 (δι’ὲπί
1572 2608 1587 2631 .
1624 2583 1857 2637 quarum
1893 2586 1990 2638 po-

426 2644 713 2693 steriorem
734 2656 839 2693 nec
858 2642 1120 2693 collector
1180 2640 1372 2693 'onstit.
1395 2640 1617 2693 auostol.
1649 2640 1769 2693 loco
1796 2640 1986 2693 citato.

424 2640 713 2698 steriorem
734 2656 839 2696 nec
858 2642 1120 2696 collector
1150 2640 1372 2699 Constit.
1395 2640 1617 2709 apostol.
1649 2640 1769 2709 loco
1796 2640 1986 2706 citato,

426 2729 529 2769 nec
569 2712 987 2783 Chrysostomus
1025 2720 1082 2766 et
1116 2708 1564 2783 Theophylactus
1592 2713 1647 2783 in
1694 2708 1984 2768 Comment.

427 2781 753 2849 agnoscunt,
794 2797 967 2851 neque
991 2781 1522 2851 manuscript.Alex.
1553 2781 1737 2838 habet.

497 2853 567 2907 Et
587 2853 681 2907 sic.
715 2854 821 2908 Pro
842 2849 1019 2933 esset?
1048 2849 1290 2933 lrenteus
1304 2851 1397 2933 vel
1416 2853 1701 2933 interpres
1717 2850 1988 2933 ejus‘legit

421 2914 601 2995 οὗτος,
631 2924 904 2995 quomodo
925 2914 1092 2995 etiam
1133 2921 1385 2995 primitus
1415 2922 1467 2975 in
1500 2914 1623 2978 eod.
1662 2914 1983 2995 Cantabrig.

427 2991 842 3054 scriptut'nfait.
876 2993 969 3048 sed
1001 2991 1289 3046 recentiori
1324 3006 1490 3047 manu
1513 3002 1838 3048 correctum.

551 3064 726 3117 aciens
750 3065 885 3118 haec.
910 3061 1093 3115 Ταῦτα
1116 3060 1292 3115 πάντα
1308 3070 1695 3117 sonantnostra
1724 3063 1983 3118 Actorum

2096 532 2550 597 lucrifaceret";
2580 548 2687 586 non
2714 542 2894 586 autem
2928 533 2980 585 in
3010 544 3359 603 perpetuum.

2374 623 2627 693 Ejusdem
2654 625 3021 678 adnotationes
3051 626 3104 679 in
3134 641 3250 691 cap.
3286 624 3374 677 ιι.

2168 712 2433 780 Quoniam
2467 725 2666 770 autem.
2701 716 2867 770 Docet
2897 716 3113 771 beatum
3160 716 3360 771 Lucam
3393 715 3553 771 Pauli
3576 733 3673 772 eo.

2094 786 2279 840 mitem
2306 787 2662 856 individuum,
2690 797 2743 841 et
2774 786 3015 840 sedulmn
3042 798 3481 856 cooperatorem,
3519 788 3671 842 Gno-

2095 856 2355 910 sticorum
2388 855 2648 920 Aionum,
2684 866 2775 911 aut
2799 857 3124 912 Pleromatis
3149 855 3433 925 nunquam
3474 859 3672 912 memi-

2093 928 2262 997 nisse,
2296 927 2735 997 quandoquidem
2770 942 2870 981 nec
2899 942 2927 980 a
2959 925 3128 982 Paulo
3157 927 3223 981 de
3250 928 3336 982 his
3365 928 3670 997 quidquam

2094 996 2393 1049 audivisset
2425 996 2511 1050 vel
2540 996 2839 1051 didicisset.

2164 1063 2491 1136 Festinaret.
2520 1066 2613 1119 Sic
2642 1066 2878 1122 habebat
2912 1075 3023 1121 vet.
3051 1067 3208 1131 cod.;
3240 1067 3362 1122 ideo
3398 1066 3522 1136 ejus
3564 1080 3669 1119 au-

2095 1135 2349 1190 ctoritate
2385 1137 2683 1190 delevimus
2712 1154 2731 1187 t
2766 1137 3064 1195 festinavit.
3108 1155 3129 1188 ι

2165 1203 2299 1274 Pag.
2329 1206 2453 1262 202.
2484 1204 2612 1261 Post
2644 1207 2926 1261 discessum
2952 1224 3141 1260 meum.
3172 1206 3243 1260 Ita
3277 1215 3435 1261 vetus
3468 1205 3671 1269 codex,

2094 1284 2149 1328 et
2170 1275 2331 1331 lectio
2358 1276 2565 1342 Graeca,
2593 1277 2731 1348 μετὰ
2753 1276 2852 1348 τὴν
2883 1276 3074 1348 ἄφιξίν
3098 1295 3218 1348 ttat).
3240 1275 3426 1348 Itaque
3459 1276 3673 1331 delevi-

2096 1360 2215 1418 rnus
2249 1363 2267 1396 ι
2308 1346 2632 1416 nostrum.)
2668 1347 2733 1400 Et
2765 1346 3040 1407 centinno.
3066 1346 3219 1401 λύκοι
3256 1347 3482 1418 βαρεῖς,
3517 1357 3674 1400 recte

2096 1414 2329 1487 lrepaaus
2349 1414 2523 1472 reddit
2553 1418 2692 1487 tlupi
2720 1432 2963 1487 graves”
2990 1418 3145 1487 Vulg.
3180 1414 3670 1487 edit..'trapaces.s

2168 1484 2257 1539 Sic
2290 1487 2536 1556 apostoli.
2574 1484 2754 1542 ln'eo's
2795 1489 2909 1541 haec
2940 1484 3216 1549 dicuntur,
3249 1489 3340 1556 qui
3384 1484 3676 1556 apostolos

2104 1553 2333 1627 diversa
2349 1566 2405 1613 et
2429 1557 2723 1627 pugnantia
2760 1572 2860 1627 pro
2894 1559 3062 1611 variis
3090 1553 3435 1612 auditoribus
3460 1572 3680 1609 annun-

2101 1625 2283 1691 tiasse,
2315 1636 2409 1682 aut
2431 1625 2614 1683 minus
2642 1625 2941 1683 instructos
2973 1644 3002 1681 a
3038 1627 3245 1697 Spiritu
3284 1636 3481 1682 saneto
3516 1642 3676 1697 pra:-

2099 1710 2263 1767 _c_ones
2291 1700 2485 1767 missos
2538 1697 2705 1751 fuisse
2730 1696 3175 1767 volebantzquos
3204 1698 3477 1753 acerrime
3506 1696 3682 1767 refel-

2099 1764 2159 1890 lci;
2198 1764 2765 1892 etaiam7'l‘ertullianus
2823 1769 2963 1824 libro
3018 1764 3099 1822 De
3147 1766 3673 1837 prascn‘ptionius,

2165 1852 2215 1892 ι).
2296 1852 2325 1892 e
2407 1877 2421 1892 .

2094 1848 2215 1904 cap.
2243 1839 2277 1892 6
2296 1846 2350 1893 et
2368 1839 2421 1894 7.

2161 1905 2633 1977 Contem’ptatores.
2685 1906 2904 1973 Graece,
2955 1907 3219 1978 αὐτόπται
3247 1907 3342 1962 τοῦ
3371 1909 3578 1978 Aorsi,
3639 1924 3676 1963 ι

2091 1980 2413 2055 pronomine
2468 1979 2675 2043 αὑτός,
2759 1980 3006 2055 ipse,_et
3066 1977 3253 2043 ὅπτω,
3306 1977 3502 2047 video,
3572 1981 3677 2053 qui

2091 2048 2201 2121 ipsi
2216 2048 2479 2121 viderant
2510 2059 2561 2104 et
2598 2048 3221 2121 contemplati‘fuerant.

2164 2118 2226 2175 Si
2278 2119 2395 2188 quis
2456 2128 2630 2174 autem
2674 2116 2890 2188 refutet.
2944 2116 3425 2187 Prmoccupatione
3481 2135 3624 2175 usus
3656 2158 3677 2185 ,

2089 2192 2252 2247 docet
2280 2190 2484 2245 Lucam
2543 2204 2654 2246 non
2706 2191 2994 2257 ignorasse
3050 2190 3316 2244 altissima
3366 2191 3679 2259 divinaqns

2090 2262 2387 2334 mysteria;
2444 2260 2643 2334 quippe
2695 2261 2785 2330 qui
2848 2261 3121 2334 praecipua
3171 2270 3279 2334 tam
3338 2260 3675 2334 Evangelio,

2089 2330 2250 2401 quam
2283 2332 2553 2401 Actorum
2578 2331 2716 2385 libro
2745 2330 3031 2401 memorize
3067 2330 3444 2396 mandaverit,
3495 2330 3556 2385 tit
3607 2348 3679 2387 ex

2092 2399 2352 2471 subjectis
2380 2399 2734 2471 manifestum
2767 2414 2988 2471 quoque
3015 2400 3166 2455 facit.

2164 2470 2231 2524 Et
2273 2464 2756 2541 pseudOprophetis.
2784 2464 2946 2524 ’Natn
3011 2470 3201 2541 Graece
3240 2469 3441 2538 legitur
3476 2468 3682 2541 ψευδο-

2092 2544 2449 2614 πρρφήταιςρ
2482 2540 2712 2614 Vulgata
2744 2541 2941 2614 editio,‘
2973 2558 2993 2593 α
3029 2540 3329 2614 prophetis.
3373 2558 3393 2591 ι

2159 2609 2869 2681 Εὼροιιιιιαὸαηιάηἱηιαηι.
2905 2609 3215 2680 Cyprianus
3266 2609 3322 2663 in
3358 2611 3681 2665 orationem

2090 2680 2359 2738 Dominic.
2388 2700 2402 2737 :
2450 2700 2467 2733 ι
2502 2680 2699 2745 Stulte,
2744 2683 2845 2735 hac
2879 2691 3036 2736 nocte
3066 2681 3449 2749 espostulatur
3477 2683 3679 2734 anima

2088 2762 2203 2807 tua.
2228 2771 2247 2805 ι
2271 2752 2638 2807 Tertullianus
2673 2753 2811 2804 libro
2844 2761 3040 2821 quarto
3071 2754 3334 2821 Adversus
3368 2751 3678 2816 Marciam,

2095 2842 2112 2877 ι
2148 2830 2457 2895 reposcent.
2496 2841 2516 2875 ι
2545 2822 2732 2878 Graece
2765 2820 3202 2877 θειίάπαιτοῦσι.

2377 2914 2637 2986 Ejusdem
2665 2915 3031 2968 adnutationes
3054 2914 3110 2967 in
3137 2930 3256 2982 cap.
3282 2912 3374 2967 15.

2156 3009 2287 3076 Pag.
2316 3008 2443 3063 205.
2480 3004 2579 3063 His
2613 3010 2701 3076 qui
2748 3006 3001 3062 Paulum.
3046 3005 3334 3060 Ebionaeos
3371 3004 3679 3075 intelligit,

2087 3095 2223 3151 quos
2252 3078 2503 3151 Paulum,
2540 3090 2599 3133 ut
2624 3078 3116 3151 legisapostatam,
3154 3089 3445 3129 recusasse
3470 3091 3681 3151 _reoen-

428 3143 602 3201 apost.
629 3149 784 3188 exem
828 3134 983 3186 Iaria.
1012 3131 1116 3187 Sed
1136 3130 1204 3184 τὰ
1232 3131 1410 3187 πάντα
1439 3147 1542 3187 non
1575 3132 1824 3202 legerunt
1847 3132 1981 3187 Vul-

430 3214 586 3258 tzatus
615 3213 670 3258 et
697 3149 953 3258 itﬁions
986 3204 1315 3258 interpretes
1338 3242 1353 3258 .
1388 3218 1488 3257 nec
1530 3212 1724 3258 auctor
1753 3200 1983 3258 Constit.

2105 3130 2503 3213 {diffiitiij
2546 3130 3185 3219 feap.°26.'Persequitur
3210 3158 3395 3199 autem
3432 3145 3679 3202 alteram

2105 3229 2300 3258 νη-Ιρηι
2344 3219 2640 3258 cunni-inpie
2678 3218 3009 3258 tlilmnmnlie
3074 3216 3129 3258 Si
3160 3214 3407 3258 Cttnslici
3444 3230 3679 3258 “maror.

430 3199 586 3269 gatus
615 3213 670 3259 et
697 3199 953 3270 ithiops
986 3204 1315 3271 interpretes
1338 3242 1353 3265 ,
1388 3218 1488 3257 nec
1530 3199 1724 3259 auctor
1753 3200 1983 3259 Constit.

429 3283 624 3345 apost.,
655 3287 829 3345 neque
851 3272 1109 3345 exstatin
1133 3271 1573 3345 codLAlexandr.

499 3340 777 3429 cognituri:
797 3359 859 3425 ,α
890 3342 1084 3422 swculo
1126 3350 1204 3429 est
1235 3340 1689 3429 Qeowop'us‘ejus.
1722 3344 1991 3429 Similiter

429 3428 536 3487 msz
558 3410 893 3487 Cantabrig.,
917 3410 1155 3485 γνῷστον
1180 3410 1276 3466 ἀπ’
1306 3412 1501 3475 αἰῶνός
1523 3410 1639 3467 em
1681 3412 1758 3485 τῷ
1801 3416 1990 3487 Κυρίῳ

425 3481 487 3535 τὸ
512 3481 670 3553 ἔργον
697 3482 883 3537 αὐτοῦ.

494 3552 812 3625 Α⁷δαη9μίηε
838 3568 857 3617 ;
893 3559 943 3606 et
976 3566 1297 3625 qutecunque
1320 3552 1549 3618 nolunt,
1579 3561 1689 3625 etc.
1721 3552 1991 3620 Quemad-

430 3629 649 3693 modum
681 3620 1063 3693 lrenaeustvel
1104 3620 1228 3693 ejus
1279 3624 1549 3693 interpres
1574 3662 1591 3688 ,
1632 3624 1721 3679 hic
1753 3632 1807 3676 et
1832 3626 1992 3691 paulo

430 3642 649 3678 mouum
681 3642 953 3688 trenaeus,
982 3642 1063 3677 vet
1104 3642 1137 3679 e
1164 3642 1228 3680 us
1279 3642 1549 3693 interpres
1574 3662 1591 3688 ,
1632 3642 1721 3679 tne
1753 3642 1807 3676 et
1832 3642 1991 3691 patilo

428 3704 580 3762 post;
614 3692 685 3765 ita
718 3702 773 3747 et
798 3694 919 3765 cod.
949 3642 1267 3765 Cantabrig.
1304 3703 1543 3765 utroque
1580 3695 1635 3747 in
1681 3694 1991 3765 locoomit-

429 3766 511 3825 tit,
548 3762 643 3816 xui.
676 3762 937 3834 πνικτοῦ,
974 3770 1136 3834 atque
1163 3762 1314 3819 addit
1346 3782 1359 3817 :
1398 3764 1492 3818 καὶ
1524 3764 1623 3817 ὅσα
1660 3762 1734 3834 μὴ
1768 3762 1993 3818 θέλωσιν

425 3835 638 3907 ἑαυτοῖς
657 3832 919 3903 γίνεσθαι,
943 3833 1148 3905 ἑτέροις
1172 3834 1245 3907 μὴ
1276 3835 1499 3899 ποιεῖτε,
1534 3832 1823 3907 posteriori
1849 3834 1990 3907 loco,

426 3906 618 3957 ποιεῖν.
659 3906 922 3975 Agnoscit
948 3904 1336 3973 qucque'hane
1369 3904 1724 3973 appendicem
1765 3905 1994 3975 Cypria-

427 3990 529 4029 nus
562 3974 745 4058 ιειξηηι
880 3974 1182 4058 ριιὶνίζιωῃ,
1212 3990 1335 4058 cap.
1373 3976 1628 4058 it9,_non
1656 3985 1835 4058 autem
1870 3975 1995 4058 Cle-

427 4059 580 4098 mens
609 4044 763 4100 Alex.
796 4044 889 4115 lib.
930 4060 968 4099 ιι
1008 4042 1319 4115 PaulagOgi,
1351 4060 1472 4115 cap.
1503 4045 1555 4111 7,
1580 4060 1700 4115 pag.
1730 4045 1857 4110 {72,
1895 4057 1993 4099 ue-

425 4130 530 4182 qne
554 4114 1036 4183 pseudo-Clemens
1061 4114 1339 4171 Romanus
1364 4114 1485 4171 loco
1516 4114 1859 4171 aute’citato.

573 4224 955 4279 Atlnotationes
985 4224 1086 4280 Fr.
1120 4225 1469 4281 Feuardentii
1514 4228 1569 4283 in
1597 4244 1715 4298 cap.
1759 4228 1849 4284 15.

501 4332 790 4407 Ρεεηεοο.
834 4337 936 4392 Eos
984 4352 1159 4393 autem
1205 4342 1295 4407 qui
1345 4341 1550 4398 dicunt.
1600 4341 1849 4398 Ostendit
1887 4356 1995 4396 non

432 4404 607 4481 solum
648 4405 876 4462 Paulum
923 4412 1200 4481 veritatem
1218 4404 1536 4481 agnovisse,
1578 4414 1668 4467 sed
1704 4413 1865 4481 hujus
1904 4427 1996 4465 co-

2090 3229 2301 3292 partem
2326 3214 2646 3292 superioris
2678 3214 3030 3292 dilemmatisi
3074 3216 3130 3269 Si
3160 3214 3682 3292 Gu_os_tici_untver-

2089 3286 2210 3346 sum
2238 3305 2301 3345 ac
2325 3286 2588 3358 integrum
2616 3289 2676 3345 Β.
2709 3288 2867 3341 Luca:
2896 3290 3155 3355 scriptum
3184 3286 3534 3358 admisetjnt:
3558 3286 3679 3353 jam

2090 3378 2158 3416 ex
2191 3374 2256 3415 eo
2290 3354 2500 3414 discent
2535 3360 2700 3413 Deum
2736 3373 2904 3411 unum
2936 3367 2990 3411 et
3012 3354 3203 3411 verum
3236 3371 3358 3408 cum
3398 3354 3458 3408 Β.
3497 3354 3682 3412 Paulo

2094 3432 2350 3492 locutum,
2386 3441 2439 3484 et
2474 3430 2619 3483 hunc
2654 3428 2722 3482 ab
2753 3430 2941 3482 eodem
2976 3429 3209 3481 electum
3240 3434 3296 3479 et
3332 3426 3568 3478 missum
3609 3430 3681 3482 ad

2092 3500 2414 3555 erudiendas
2436 3508 2625 3567 gentes
2654 3502 2719 3553 de
2742 3497 2963 3553 Christo
2993 3514 3124 3551 vero
3158 3495 3249 3549 Dei
3304 3494 3465 3549 Filio.
3536 3498 3680 3550 Pro-

2094 3581 2275 3640 pterca
2300 3571 2498 3623 etenim
2520 3571 2683 3623 multa
2703 3570 2772 3621 ab
2794 3568 2913 3623 aliis
2934 3567 3276 3640 evangelistis
3301 3568 3679 3640 praetermissa

2096 3638 2386 3703 nuntiavit,
2422 3651 2480 3693 ut
2504 3648 2557 3694 et
2587 3639 2689 3708 ipsi
2711 3641 2776 3693 de
2804 3639 2956 3691 Pauli
2990 3639 3275 3693 vocatione
3300 3649 3355 3691 et
3381 3638 3683 3693 laboribus

2098 3710 2427 3773 testificanti,
2460 3709 2591 3765 fides
2620 3710 2938 3763 haberetur.

2165 3779 2283 3833 Hoc
2312 3781 2447 3833 enim
2475 3779 2737 3847 βείω-ωτι.
2765 3780 2937 3845 Quam
2963 3792 3090 3832 vere
3114 3777 3297 3831 istltate
3319 3778 3543 3833 cunctis
3568 3781 3693 3834 ἣδε

2094 3851 2281 3906 reticis
2315 3851 2678 3913 Conveniunt,
2714 3864 2837 3902 cum
2880 3850 3125 3903 histortis
3160 3848 3564 3901 ecclesiasticis
3598 3862 3684 3905 te-

2096 3931 2311 3975 stantur
2353 3918 2580 3974 Patrum
2611 3921 2851 3974 omnium
2889 3931 3261 3973 monumenta.
3312 3918 3684 3975 Marcionitas

2095 3991 2278 4045 carnis
2336 3992 2791 4045 resurrectionem
2876 3990 3203 4060 imaginaria
3259 3989 3684 4060 significatione

2097 4062 2532 4129 distorquentes,
2585 4060 2795 4129 hacque
2834 4059 3349 4131 speciecaytolicos
3386 4059 3475 4111 in‘
3509 4063 3687 4116 collo-

2096 4132 2242 4200 quiis
2288 4128 2550 4199 decipere
2603 4128 2795 4184 solitos
2852 4128 3073 4199 scripsit
3107 4128 3362 4200 Tertull.,
3422 4132 3684 4198 quasiet

2097 4198 2199 4271 ipsi
2247 4198 2701 4271 resurrectionem
2756 4198 3191 4271 admitterent”:
3252 4198 3388 4254 Nota
3419 4210 3526 4271 est
3558 4202 3681 4256 Arii

2098 4269 2363 4327 scelerata
2378 4270 2649 4335 vafricies,
2675 4272 2766 4339 qui
2795 4272 3112 4340 imperatori
3142 4269 3513 4325 Constantino
3544 4273 3677 4327 fidei

2098 4342 2517 4405 confessionem,
2582 4340 2781 4413 verbis
2822 4343 3042 4413 quidem
3084 4340 3512 4413 catholicorum,
3540 4356 3683 4413 con~

2100 4412 2458 4477 sarcinatam,
2490 4420 2546 4466 at
2575 4426 2737 4466 sensu
2766 4410 2925 4481 longe
2956 4427 2983 4464 a
3020 4422 3204 4466 mente
3235 4425 3427 4465 eorum
3465 4412 3681 4465 abhor-

432 4475 729 4541 gnitionem
764 4494 827 4533 ac
859 4479 1252 4551 professionem
1269 4475 1496 4537 'cunctis
1527 4475 1995 4551 apostolisfuisse
2019 4488 2065 4543 Β
2091 4492 2325 4545 rentem,
2380 4475 2713 4536 exhibuit“.
2768 4475 2887 4539 Sed
2917 4485 2983 4538 de
3042 4483 3128 4537 his
3178 4482 3290 4551 jam
3326 4484 3585 4549 quedam
3619 4485 3675 4537 in

428 4560 776 4601 communem
803 4566 816 4602 :
840 4548 978 4605 alias
1004 4549 1207 4604 frustra
1232 4551 1284 4604 in
1312 4548 1626 4606 universum
1645 4550 1908 4608 mundum
1928 4551 1995 4606 ad

427 4630 547 4686 earn
578 4619 978 4686 propagandam
1000 4620 1162 4675 missi
1194 4621 1446 4676 fuissent.

500 4684 1020 4759 tv‘alsa'tes'taanum.
1054 4690 1315 4759 ltagvetus
1343 4690 1538 4755 codex,
1568 4692 1723 4759 cujus
1752 4692 1991 4747 auctori-

425 4762 538 4807 tate
574 4754 691 4808 loco
723 4756 990 4810 movimus
1025 4774 1045 4807 ι
1085 4755 1285 4810 falsum
1321 4754 1715 4813 testimonium.
1750 4777 1771 4811 ι

495 4825 577 4879 Ad
600 4825 821 4898 lteram
846 4826 1117 4898 cessimus.
1167 4827 1246 4881 lta
1289 4828 1472 4895 legunt
1509 4844 1698 4884 omnes
1730 4829 1982 4898 codices;

424 4909 571 4969 nunc
600 4894 753 4949 Pauli
780 4894 964 4969 littera
1005 4895 1230 4969 Graeca,
1264 4908 1319 4951 et
1338 4894 1507 4969 editio
1539 4898 1692 4969 Vulg.
1728 4914 1853 4955 cum
1884 4894 1982 4958 ne;

421 4965 648 5031 gatione
676 4982 690 5019 :
728 4984 748 5017 ‹
780 4962 964 5039 Neque
986 4967 1056 5039 ad
1082 4962 1277 5039 horam
1297 4968 1596 5034 cessimus;
1636 4962 1668 5022 ἶ
1690 4970 1878 5039 sicque
1900 4972 1981 5026 in-

425 5045 799 5109 terpretantur
824 5035 1185 5109 Augustinus.
1220 5036 1664 5109 Chrysostomus,
1689 5035 1901 5109 Tbéod.
1926 5052 1982 5097 et

420 5101 739 5177 tlteronym.
779 5103 833 5159 in
858 5101 1251 5177 posterioribus
1280 5101 1568 5164 Cémment.
1618 5101 1688 5162 ad
1731 5106 1976 5167 Galatas.

419 5174 490 5225 At
535 5174 839 5250 idein‘ipse
862 5174 938 5250 'in
975 5175 1255 5250 prioribus
1297 5178 1720 5245 Commentariis,
1755 5191 1812 5235 et
1841 5192 1982 5250 pust-

423 5244 645 5320 ntodutn
685 5244 1009 5320 Primasius,
1063 5247 1306 5320 indicant
1351 5250 1595 5320 quaedam
1646 5244 1979 5320 exemplaria

422 5327 536 5387 non
562 5314 761 5387 habere
784 5314 934 5381 esse;
966 5318 1109 5387 quod
1140 5327 1197 5371 et
1230 5314 1434 5373 omittit
1459 5314 1975 5376 Ambrosius-Ter-

422 5381 847 5459 tullianuslibro
870 5381 1060 5455 quitito
1097 5387 1315 5441 Advers.
1352 5387 1549 5453 Mam,
1576 5404 1695 5459 cap.
1728 5390 1783 5455 4,
1825 5391 1974 5446 velut

419 5451 620 5528 nodum
642 5451 945 5528 dissolvens
969 5497 986 5520 ,
1010 5467 1065 5512 et
1097 5467 1382 5527 utramque
1403 5451 1972 5528 probans-lectionem,

420 5522 623 5598 fatetur
663 5523 894 5598 Paulum
918 5528 984 5598 ad
1025 5527 1241 5596 aliquod
1272 5522 1484 5598 témpus
1507 5531 1763 5594 cessisse,
1794 5522 1975 5586 Time-3

423 5591 604 5648 tbeum
643 5595 1078 5653 circumcidenda
1098 5591 1142 5630 "7
1162 5635 1181 5665 ,
1205 5606 1261 5654 et
1288 5591 1443 5655 rasos
1482 5591 1882 5657 introduceudo
1913 5603 1969 5657 in

486 5712 531 5743 "
571 5715 687 5788 Act.
720 5731 830 5783 xw,
857 5715 913 5772 ὅ.
987 5719 1033 5751 ’³
1057 5720 1179 5777 Act.
1207 5734 1321 5788 nt,
1347 5718 1439 5777 2i.

419 5785 649 5854 cap.tt.

1529 5722 1620 5780 ’³1
1653 5723 1777 5783 Cor.
1803 5739 1882 5794 ts,
1906 5722 1998 5781 20.

2089 4551 2185 4606 lib.
2227 4566 2244 4604 ι
2279 4552 2708 4606 observavimus.

2161 4620 2234 4674 Et
2290 4622 2514 4674 itticiunt
2563 4638 2670 4686 eos,
2712 4621 3019 4677 simulantes
3068 4630 3301 4675 nostrum
3349 4628 3676 4679 tractatum.

2089 4691 2395 4746 Delevimns
2435 4708 2456 4743 ‹
2504 4692 2557 4747 in
2606 4692 2835 4747 deliciis.
2880 4710 2901 4745 ι
2944 4694 3252 4754 Caeterum,
3298 4694 3541 4745 notanda
3591 4706 3681 4749 est

2089 4763 2198 4816 ista
2243 4761 2489 4816 omnium
2541 4763 2761 4832 quidem
2792 4764 3174 4819 hzereticorum
3212 4761 3264 4815 in
3300 4763 3591 4830 perversis
3620 4774 3679 4818 et

2089 4832 2423 4900 blasphemis
2467 4835 2748 4887 erroribus
2799 4835 2915 4888 suis
2958 4832 3208 4887 fucandis
3232 4872 3247 4895 ,
3283 4833 3586 4901 palliandts
3619 4846 3678 4889 et

2091 4903 2462 4956 incrustandis
2493 4904 2765 4958 calliditas
2798 4916 2853 4957 et
2889 4904 3140 4967 malitia;
3179 4902 3676 4959 Sacramentario—

2088 4987 2209 5025 runt
2268 4982 2448 5026 autem
2494 4974 2738 5027 omnium
2780 4974 3037 5028 maxime.
3070 4972 3207 5028 Nam
3260 4971 3571 5027 Lutberaui
3617 4985 3678 5029 et

2085 5042 2458 5113 Auabaptistze
2510 5043 2688 5113 magis
2731 5044 2965 5111 ingenue
3018 5052 3072 5098 et
3126 5053 3316 5111 aperte
3356 5042 3509 5110 quod
3547 5059 3674 5100 sen-

2089 5112 2640 5183 tiuntLproferunt;
2680 5115 2756 5168 illi
2790 5130 2920 5169 vero
2974 5114 3030 5168 in
3084 5124 3195 5167 tam
3232 5113 3418 5166 varias
3458 5115 3674 5181 ﬁguras

2087 5183 2265 5236 instar
2288 5182 2466 5238 Pretei
2495 5197 2618 5239 sese
2651 5194 2869 5239 vertunt
2896 5224 2912 5251 ,
2944 5195 3005 5239 ut
3044 5184 3227 5237 multis
3245 5184 3412 5236 etiam
3452 5187 3673 5254 magnis

2086 5264 2141 5325 et
2173 5254 2508 5325 sapientibus
2539 5256 2857 5325 hominibus
2889 5256 3197 5325 imponant,
3233 5255 3402 5325 idque
3435 5256 3582 5308 mira
3613 5267 3672 5309 et

2087 5322 2477 5378 inenarrabitia
2515 5324 2756 5379 vafritie.
2797 5343 2816 5377 ι
2873 5322 3562 5394 Quemadmodumhyeua
3586 5364 3604 5389 ,
3642 5343 3665 5376 ι

2081 5401 2140 5446 ut
2172 5402 2301 5448 ante
2332 5407 2417 5448 me
2442 5394 2607 5449 etiam
2635 5397 2894 5452 observat
2922 5409 2989 5449 ex
3020 5395 3198 5449 Plinio
3243 5393 3669 5449 Scblusselbur-

2078 5464 2224 5537 gius,
2257 5480 2276 5515 ι
2310 5464 2499 5520 volens
2532 5481 2689 5520 suam
2715 5467 2770 5520 in
2800 5466 3033 5537 aliquem
3068 5478 3330 5519 exercere
3363 5464 3670 5533 feritatem,

2078 5534 2218 5605 solet
2245 5547 2553 5589 sermonem
2590 5534 2903 5591 humanum
2933 5539 3076 5591 inter
3109 5543 3396 5605 pastorum
3445 5537 3670 5591 Stabula

2080 5604 2425 5672 assimulare,
2490 5620 2800 5677 nomenque
2859 5604 3458 5679 alicujus’addiscere;
3520 5608 3669 5675 quod

2095 5726 2140 5759 ³⁸
2172 5725 2292 5785 Lib.
2325 5731 2389 5788 de
2411 5744 2618 5789 resurr.
2660 5744 2818 5788 earn.
2924 5726 2966 5760 ³³
3002 5724 3268 5794 Ruﬁnus,
3305 5727 3404 5786 lib.
3430 5741 3462 5782 x
3501 5724 3677 5801 msh,
