3970 6378
435 410 564 499 εδει

1748 433 2109 492 VARIORUM
2141 433 2348 494 ΝΟΤκΕ

3538 424 3678 482 {653

433 561 675 631 lgnatius
700 569 754 616 et
778 559 896 631 ipse
922 566 1151 631 martyr,
1199 557 1376 631 Epist.
1419 557 1488 612 ad
1526 552 1813 623 Trallian.,
1866 554 2000 611 Tar-
2032 558 2077 616 Α
2106 554 2210 610 Sed
2246 555 2417 631 velint
2445 554 2614 631 nplint
2654 552 2820 631 Spurii
2857 549 3301 631 ﬁynagtigeehlii,
3335 548 3477 631 hanc
3508 550 3677 630 inter-

431 626 571 695 εἰη..
594 626 823 700 ΡΙιὶΙὶρ.’,
856 626 1184 700 Philadélp.,
1214 626 1499 698 Polycarp.

504 700 714 772 Lingua
743 695 976 770 quidem.
1016 699 1084 753 Et
1106 695 1238 772 'hic_
1267 695 1460 753 rursus
1492 697 1864 772 observanda,
1891 695 2000 772 imo

431 767 1168 843 detestandaGnosticorum
1216 767 1387 843 fraus,
1415 784 1524 843 qua
1566 768 1747 843 verbis
1778 768 1997 836 quidem

430 843 827 911 aliquantisper
862 851 1011 911 recte
1036 840 1247 911 discere
1287 840 1631 911 videbantur,
1669 840 1998 911 interpreta-

431 908 581 967 tione
607 908 744 967 vero
764 914 973 980 impure
1003 910 1472 976 blasphemabaut.
1516 910 1774 980 Eamdem
1809 908 1999 977 impie—

433 991 599 1035 tatem
626 979 1075 1043 Sacramentarii,
1109 980 1322 1051 illorum
1356 980 1668 1051 progenies,
1705 979 1864 1051 pleno
1904 991 1999 1031 ore

429 1053 659 1117 spirant,
688 1052 803 1107 sive
827 1052 894 1106 de
924 1052 1016 1106 Dei
1046 1050 1477 1118 omnipotentia,’
1492 1053 1606 1104 sive
1631 1050 1698 1102 de
1735 1050 1998 1102 descensu

426 1122 629 1176 Christi
656 1124 724 1175 ad
753 1124 981 1185 inferos,
1020 1123 1086 1175 de
1115 1120 1407 1189 multisque
1458 1120 1577 1174 aliis
1630 1118 1753 1172 fidei
1801 1118 1999 1189 capiti~

434 1191 556 1253 bus,
617 1192 884 1247 adversus
911 1207 1007 1248 eos
1035 1192 1331 1261 diSputatio
1369 1192 1704 1245 instituatur.

494 1261 775 1319 Adhibere.
802 1260 1178 1333 Expunximus
1204 1281 1221 1312 ι
1257 1261 1483 1324 habere,
1521 1279 1539 1312 ι
1571 1269 1720 1314 auct.
1745 1269 1849 1313 vet.
1872 1260 1993 1314 cod.

694 1374 948 1443 Ejusdem
985 1374 1350 1428 adnotationes
1388 1374 1443 1427 in
1483 1388 1599 1440 cap.
1636 1371 1725 1427 18.

494 1464 624 1537 Pag.
659 1465 786 1521 204.
817 1467 883 1520 Et
906 1468 1169 1537 quoniam,
1206 1467 1457 1521 Joannes.
1513 1466 1651 1537 Toto
1698 1466 1996 1536 prmsertim

423 1534 585 1607 huius
611 1537 731 1591 libri
755 1552 876 1607 cap.
918 1534 986 1592 Ἠ
1032 1552 1099 1591 ex
1141 1534 1711 1607 JoannisiEvangelio'
1765 1540 1998 1607 asseruit

422 1605 696 1662 Christum
754 1605 877 1663 esse
931 1618 1191 1662 aeternum
1231 1605 1325 1661 Dei
1374 1605 1594 1673 Filium,
1640 1605 1998 1675 eamdemque

421 1692 571 1731 mere
616 1677 887 1734 hominem
944 1678 1148 1734 factum
1187 1696 1200 1731 :
1249 1688 1427 1731 etnon
1454 1676 1617 1729 alium
1642 1691 1764 1731 esse
1786 1673 1993 1742 Iesum,

423 1747 587 1802 alium
622 1746 899 1803 Christum
923 1766 937 1815 ;
960 1763 1060 1802 nec
1091 1748 1256 1802 alium
1291 1746 1490 1802 Filium
1516 1747 1994 1811 Altissimi,alium

423 1832 553 1888 vero
582 1819 779 1873 Filium
812 1818 1071 1888 Virginis.

491 1886 595 1943 Sed
621 1884 934 1957 prwvidens:
985 1886 1361 1957 Expunximus
1402 1905 1421 1938 ι
1455 1885 1768 1957 providens.
1805 1905 1825 1939 ι
1855 1884 1988 1957 [tem
2023 1898 2066 1957 Β

420 1964 529 2011 tam
572 1955 633 2029 in
655 1962 757 2015 hoc
778 1960 975 2027 capite,
1008 1955 1169 2029 quam
1206 1955 1468 2012 omnibus
1494 1957 1616 2029 aliis
1649 1958 1779 2011 locis
1809 1976 1826 2008 ε
1859 1955 1990 2010 Em-

420 2028 638 2084 manuel
695 2047 716 2082 ι
769 2027 1133 2098 reposuimus,
1176 2044 1273 2099 pro
1305 2046 1324 2080 ‹
1354 2027 1617 2085 Emanuel
1648 2045 1660 2081 :
1695 2048 1713 2079 ι
1745 2029 1888 2098 quod
1912 2041 1992 2081 se-

418 2100 520 2151 mel
551 2100 753 2154 dixisse
784 2098 999 2153 sufﬁcit.

486 2167 616 2238 Pag.
648 2169 778 2224 205.
821 2166 1148 2223 voluntates.
1176 2168 1299 2223 νει.
1327 2169 1448 2224 cod.
1488 2167 1802 2235 (voluptate
1823 2185 1869 2233 ;i
1895 2169 1988 2222 sed

416 2239 544 2309 quia
565 2240 705 2294 infra
733 2254 854 2307 cap.
878 2238 941 2293 21
982 2255 1171 2295 rursus
1202 2239 1369 2294 habet
1405 2256 1425 2293 ι
1464 2239 1764 2303 voluntate,
1799 2258 1819 2292 ι
1848 2238 1985 2294 nihil

417 2322 633 2365 mutare
658 2310 844 2366 libuit.

488 2383 728 2434 Alterum
760 2390 954 2435 autem.
998 2379 1243 2447 Quatuor
1282 2380 1379 2434 has
1411 2394 1570 2435 voces
1598 2395 1665 2434 ex
1703 2388 1811 2433 vet.
1860 2379 1983 2434 cod.

414 2452 747 2520 adjecimus,
798 2460 853 2505 et
911 2451 1057 2506 illius
1107 2457 1257 2505 auct.
1307 2450 1610 2506 delevimus
1666 2469 1685 2503 ς
1739 2451 1983 2519 suspice-

412 2536 932 2647 “Eridanum.
964 2590 1187 2661 Vulgata
1215 2590 1405 2655 editio,
1439 2611 1457 2644 ι
1497 2599 1834 2661 segregatus,
1875 2607 1893 2640 ι
1929 2598 1984 2642 et

412 2660 489 2735 lla
539 2663 729 2735 legunt
777 2660 1156 2735 Hieronymus,
1203 2660 1981 2735 Ambrosius,’Theodoretus,

412 2734 664 2801 Augus.t.,
702 2731 1032 2804 Ρ]·ἰιιιεείυέ;
1058 2732 1248 2788 Grtece
1272 2743 1354 2804 est
1378 2731 1775 2804 ὁιφωριςτμιξνοςἶ

482 2800 591 2871 Qui
621 2812 694 2856 est
724 2802 863 2856 Deus
893 2819 1050 2873 super
1073 2819 1270 2858 omnes.
1300 2800 1526 2873 Vulgata
1566 2800 1734 2858 editio
1766 2800 1978 2866 Latina,

412 2894 434 2930 ς
466 2890 629 2944 super
668 2874 884 2944 omnia;
918 2893 937 2926 ι
981 2872 1153 2928 ΕΙ·ωοὶ
1200 2874 1293 2927 ἐπὶ
1329 2872 1982 2944 rrdVrvacommuniter

409 2948 476 3002 ad
526 2943 816 3011 utramque
854 2943 1167 3000 lectionem.
1216 2944 1509 3009 Craterum,
1562 2943 1822 2997 Erasmus
1873 2957 1978 2996 non

407 3017 525 3072 sine
557 3014 847 3068 manifesta
875 3014 1079 3068 malitia
1121 3023 1176 3068 et
1220 3014 1500 3083 impietate
1541 3016 1596 3068 in
1650 3012 1969 3083 Christum,

405 3097 641 3143 conatus
689 3095 771 3138 est
825 3084 986 3151 hujus
1040 3082 1326 3154 apostolici
1388 3085 1516 3149 loci,
1564 3100 1586 3137 ς
1632 3098 1740 3155 quo
1770 3082 1974 3137 Christi

403 3168 604 3214 teterna
633 3155 809 3209 deitas
857 3166 914 3209 et
955 3155 1208 3222 maiestas
1251 3156 1517 3209 adversus
1565 3156 1823 3208 Ariauam
1877 3155 1976 3207 im-

403 3229 658 3313 vieelesr
681 3224 1374 3313 lies"itTtlesP'anlswa
1406 3236 1598 3313 eis"?
1624 3224 1970 3313 fefellitus!
2006 3256 2048 3313 ο

403 3293 787 3365 auctoritatem
838 3293 1083 3349 elevare.
1120 3293 1302 3348 Primo
1338 3299 1589 3350 scribens
1644 3293 1977 3365 Cyprianum

403 3368 500 3421 lib.
527 3383 564 3421 ιι
596 3367 729 3419 Adv.
757 3363 997 3430 Judtros,
1039 3380 1161 3434 cap.
1211 3366 1264 3429 6,
1309 3366 1399 3419 Dei
1446 3363 1774 3419 mentionem
1816 3365 1980 3417 omit-

405 3450 553 3502 tere;
587 3436 730 3506 quod
764 3444 943 3506 tamen
970 3437 1189 3491 codices
1216 3451 1252 3506 a7
1278 3434 1505 3489 Morelio
1543 3446 1599 3489 et
1635 3434 1880 3506 Pamelio
1912 3450 1979 3490 ex

402 3517 512 3563 vet.
546 3505 936 3575 manuscriptis
986 3505 1257 3561 emendati
1300 3516 1356 3558 et
1394 3506 1627 3575 vulgati,
1679 3505 1901 3571 insuper
1923 3517 1979 3559 et

400 3577 771 3633 Tertullianus
799 3573 894 3646 lib.
924 3576 1404 3646 Advers.t’raxeait
1434 3615 1451 3640 ,
1481 3573 1602 3646 cap.
1636 3574 1703 3630 l5
1725 3583 1778 3628 et
1806 3575 1897 3639 15,
1924 3586 1979 3630 et

402 3649 755 3717 Novatianusi
797 3645 892 3702 lib.
956 3646 1035 3701 De
1095 3644 1289 3700 Trinit.
1352 3661 1473 3717 cap.
1538 3644 1606 3701 {5
1672 3655 1727 3700 et
1787 3646 1881 3709 50,
1920 3654 1977 3700 ct.

400 3721 490 3775 hic
522 3717 712 3774 lreuaei
745 3716 898 3787 locus
939 3717 1253 3787 manifestas
1288 3716 1605 3786 imposturte
1650 3731 1973 3787 coarguunt.

399 3790 628 3852 Deinde,
662 3786 1000 3855 coniectatur
1027 3786 1350 3857 particulam
1386 3788 1561 3853 illam,
1584 3805 1603 3839 ι
1636 3786 1801 3857 Deus,
1836 3805 1854 3839 ι
1882 3790 1976 3841 ad-

398 3861 566 3914 uitam
597 3857 767 3913 fuisse
819 3856 1159 3929 abOrig’enis
1210 3858 1532 3926 interprete,
1581 3868 1675 3911 aut
1703 3856 1823 3912 aliis
1854 3859 1978 3928 qui-

399 3931 663 3995 busdam;
692 3930 835 3998 quod
872 3928 1224 3983 falsissimum
1274 3943 1397 3983 esse
1430 3930 1763 3984 convincunt
1817 3944 1976 3997 supe-

399 4002 548 4055 riora
580 3998 797 4054 Patrum
828 4000 1160 4064 testitnonia,
1190 4011 1622 4069 cunetorumque
1652 3998 1973 4053 Latinorum

395 4081 452 4125 et
476 4071 794 4126 Graecorum
826 4070 1193 4125 vetustissima
1225 4082 1597 4125 monumenta.
1629 4069 1750 4123 Stat
1781 4070 1971 4138 igitur,

396 4141 672 4208 stabitque
698 4141 1074 4194 lirmtssimum
1102 4150 1155 4194 et
1183 4142 1587 4207 apertissimum
1619 4155 1716 4209 pro
1767 4139 1973 4193 Christi

395 4226 521 4265 vera
553 4211 990 4279 sempiteruaque
1032 4212 1337 4276 divinitate,
1390 4214 1655 4265 adversus
1713 4211 1970 4275 Ariauos,

394 4282 701 4351 horumque
761 4282 1027 4347 fautores,
1076 4282 1180 4336 hoc
1232 4280 1374 4335 beati
1423 4281 1667 4351 Apostoli
1727 4282 1974 4335 testimo-

394 4369 564 4408 ηιιηιι.

466 4420 670 4476 Natum
710 4437 775 4476 ea:
806 4422 1046 4477 muliere.
1101 4420 1291 4477 Grmce
1332 4432 1417 4475 est
1463 4420 1821 4492 γεννώμενον.
1858 4422 1970 4476 Au-

392 4504 536 4565 gust.
572 4493 667 4565 lib.
694 4492 797 4565 _l)e
839 4495 1077 4565 trinitate
1115 4494 1406 4565 etyunitate
1440 4492 1559 4555 Dei,
1586 4507 1706 4565 cap.
1756 4494 1821 4558 5;
1867 4492 1973 4562 Cy-

2143 626 2458 680 retalionem
2477 619 2717 685 Patrum,
2732 619 2952 683 Justiu'i,
2970 619 3312 685 Tertulliani,
3334 619 3673 689 Hieronymi,

2150 696 2311 758 asilii,
2360 695 2485 748 huic
2519 692 2703 748 Iretttei
2742 693 2964 748 omnino
3013 694 3371 757 conlormem,
3404 689 3673 744 ambabus

2102 766 2243 819 ulnis
2262 764 2613 832 excipiemus.

2174 826 2401 902 Pr0pter
2422 836 2519 888 hoc
2544 844 2591 887 et
2616 849 2822 899 pueras.
2860 831 3119 885 Parvulos
3164 831 3484 902 innocentes
3509 826 3674 902 intel-

2102 905 2242 973 ligit,
2273 899 2500 973 quorum
2551 903 2966 972 quatuurdecim
3022 902 3209 965 millia,
3249 902 3401 973 utin
3452 899 3673 969 liturgia

2102 969 2304 1030 sibi'a'
2347 974 2410 1029 Β.
2464 969 2717 1028 Mattiaco
2766 974 2949 1026 relicta
3012 982 3199 1026 notant
3255 969 3569 1039 Ethiopes,
3619 980 3672 1024 et

2101 1045 2274 1100 Grteci
2301 1048 2589 1100 observant
2620 1045 2670 1096 in
2710 1041 3029 1098 Calendario
3066 1057 3188 1107 suo,
3226 1041 3458 1095 nefanda
3495 1042 3674 1097 Hero-

2100 1118 2186 1170 dis
2210 1116 2565 1178 immanitate,
2601 1114 2855 1169 Christus
2882 1123 2933 1168 et
2964 1112 3077 1181 ipse
3108 1128 3238 1182 puer
3258 1121 3524 1181 martyres
3543 1126 3672 1163 cou-

2101 1187 2358 1241 secravit.
2390 1184 2499 1239 llos
2534 1201 2779 1255 namque
2797 1183 3103 1255 Cyprianus
3133 1195 3184 1237 et
3210 1185 3552 1255 AuguStinus
3582 1198 3674 1245 ap-

2102 1256 2304 1322 pellant
2354 1272 2376 1307 t
2421 1254 2715 1325 Martyrum
2759 1253 2951 1319 flores;
3011 1272 3043 1325 »ν
3083 1268 3180 1307 nec
3234 1253 3549 1325 dillitentur
3591 1262 3673 1319 ty-

2101 1341 2330 1381 rannum
2357 1326 2475 1394 plus
2516 1323 2597 1380 eis
2644 1327 2911 1393 profuisse
2960 1324 3105 1387 odio,
3157 1339 3318 1391 quam
3374 1323 3675 1391 profuisset

2099 1397 2378 1463 obsequio.
2408 1396 2471 1449 Et
2501 1395 2869 1451 Tertullianus
2918 1395 2992 1448 ait
3023 1412 3035 1447 :
3072 1411 3091 1445 ί
3141 1395 3247 1450 Eos
3293 1394 3676 1449 testimonium

2099 1466 2314 1535 Christo
2339 1468 2604 1535 sanguine
2626 1482 2724 1520 suo
2754 1466 2959 1520 litasse.
3000 1483 3022 1517 ι

2172 1534 2238 1588 Et
2270 1532 2455 1589 omnia
2492 1538 2550 1590 in
2601 1539 2869 1604 semetipso
2924 1533 3296 1604 recapitulans.
3345 1533 3555 1587 Alludit
3605 1532 3674 1585 ad

2098 1606 2243 1661 hunc
2271 1605 2423 1660 Pauli
2462 1607 2638 1661 locum
2662 1606 2860 1675 Ephes.
2892 1621 2933 1671 t,
2988 1606 3081 1659 [0:
3118 1622 3139 1656 ι
3187 1603 3504 1657 lnstaurare
3551 1618 3676 1656 orn—

2101 1677 2188 1729 nia
2240 1678 2292 1730 in
2337 1676 2587 1742 Christo;
2628 1696 2647 1729 ι
2690 1676 2780 1730 ubi
2832 1675 3077 1730 Grmcum
3121 1675 3344 1728 verbum
3387 1675 3675 1741 ἀνικεφα-

2096 1745 2453 1810 λαιώσασθαι,
2496 1748 2549 1802 id
2594 1756 2676 1801 est
2718 1745 3024 1801 universam
3073 1746 3347 1800 hominum
3400 1754 3461 1799 et
3504 1761 3675 1814 auge-

2098 1816 2270 1870 lorum
2301 1817 2553 1883 salutem,
2581 1817 2824 1885 adeoque
2868 1826 3116 1871 cunctam
3164 1816 3407 1877 omnium
3472 1829 3664 1870 rerum

2095 1888 2395 1944 coelesﬁum
2475 1898 2529 1941 et
2608 1886 2947 1941 terrestrium
3021 1900 3322 1947 summam,
3378 1888 3447 1938 ad
3498 1902 3671 1939 unum

2093 1958 2367 2013 Christum
2405 1958 2559 2028 132
2597 1972 2873 2028 revocare,
2909 1971 2973 2011 ac
3016 1958 3164 2028 ineo
3206 1956 3372 2009 unico
3411 1970 3671 2028 compre-

2091 2026 2721 2099 hendereJlterouymus
2747 2026 2949 2099 Comm.
2972 2028 3023 2081 in
3052 2026 3198 2081 illtun
3222 2027 3671 2091 locum,verbum

2094 2115 2114 2147 ι
2152 2099 2509 2167 recapitulare
2545 2098 2576 2150 ί
2601 2109 2722 2167 post
2769 2098 3030 2152 Irenzeum
3090 2112 3376 2162 usurpans,
3428 2098 3671 2152 miratur

2089 2170 2441 2236 quamobrem
2483 2169 2535 2223 in
2595 2167 2807 2223 Latinis
2860 2168 3143 2224 codicibus
3196 2167 3492 2229 habeatur,
3525 2185 3543 2216 ι
3583 2169 3666 2222 in.

2088 2248 2267 2293 staura
2278 2252 2356 2293 re.
2387 2257 2405 2291 ι

2158 2308 2581 2376 lntempestivam
2625 2307 3035 2379 festinationem.
3080 2306 3195 2363 Non
3239 2318 3344 2371 est.
3390 2310 3541 2377 quod
3596 2324 3667 2364 ex

2088 2378 2193 2432 hoc
2242 2379 2359 2433 loco
2417 2378 2905 2448 puteut'Gnostici
2969 2381 3324 2447 posteriores,
3386 2379 3668 2434 lrenzeuur

2086 2448 2147 2520 Β.
2182 2447 2454 2517 Virginem
2480 2449 2707 2503 Mariam
2753 2447 2979 2520 alicujus
3014 2448 3137 2520 vitii
3187 2464 3451 2520 arguere;
3506 2452 3669 2517 cujus

2087 2519 2440 2589 integritatis,
2502 2521 2742 2589 pietatis,
2792 2529 2851 2589 et
2902 2518 3025 2573 ﬁdei
3072 2518 3273 2574 tantus
3300 2531 3556 2589 assertor
3610 2531 3668 2574 et

2085 2588 2282 2660 vindex
2309 2605 2430 2645 esse
2453 2588 2677 2659 apparet
2718 2588 2858 2643 infra
2902 2589 2997 2660 lib.
3044 2604 3128 2654 tu,
3175 2606 3294 2660 cap.
3318 2588 3411 2652 24.
3438 2590 3538 2655 95,
3568 2590 3668 2653 26,

2084 2657 2405 2735 27,52,_1_’>_5,
2432 2657 2603 2735 ett—ib.
2646 2674 2720 2735 tv,
2746 2676 2866 2729 cap.
2894 2658 2988 2725 40,
3029 2673 3082 2714 et
3112 2660 3209 2715 lib.
3243 2657 3312 2735 'v.
3364 2662 3478 2715 Nec
3511 2666 3665 2715 enim

2084 2732 2266 2799 culpat
2297 2730 2896 2792 illius'humauitatem,
2934 2746 3040 2799 qua
3096 2730 3381 2799 egentibus
3413 2734 3662 2786 subven-

2085 2808 2195 2853 tum
2227 2802 2505 2869 eupiebat;
2538 2815 2639 2855 nec
2667 2809 2890 2854 matrem
2920 2814 3039 2854 esse
3088 2802 3316 2865 abnegat
3348 2800 3545 2863 Filius.
3574 2805 3665 2857 cui

2082 2871 2275 2941 subjici
2302 2882 2356 2926 et
2388 2886 2578 2940 parere
2606 2886 2710 2924 non
2739 2871 3061 2941 detrectavit
3093 2890 3106 2925 :
3141 2890 3158 2922 ι
3191 2871 3297 2925 Sed
3340 2872 3432 2924 ille
3471 2874 3664 2941 singu-

2083 2937 2270 2995 lariter
2299 2937 2454 2995 natus
2482 2943 2548 2996 de
2578 2952 2735 3011 patre
2772 2941 2890 2996 sine
2938 2937 3135 3004 matre,
3196 2944 3261 2995 de
3305 2952 3487 2996 matre
3541 2937 3665 2998 sine

2082 3022 2257 3084 patre,
2286 3011 2607 3065 miraculmn
2635 3012 2777 3079 quod
2811 3011 3057 3065 facturus
3078 3022 3215 3073 erat,
3247 3013 3550 3084 secundum
3576 3016 3661 3066 di-

2082 3082 2394 3146 vinitatem,
2448 3096 2610 3148 quam
2662 3097 2764 3135 non
2817 3093 3081 3150 genuerat
3136 3091 3339 3145 mater,
3408 3082 3662 3138 facturus

2080 3163 2220 3219 erat,
2251 3166 2356 3205 nou
2387 3153 2680 3206 secundum
2721 3152 3128 3219 inﬁrmitatem;
3166 3153 3288 3207 ideo
3321 3164 3665 3221 operaturus

2082 3225 2225 3279 facta
2252 3223 2456 3285 divina,
2498 3243 2515 3274 ι
2566 3222 2642 3276 ait
2667 3222 3019 3292 Augustinus,
3063 3241 3080 3273 ι
3141 3238 3244 3276 non
3282 3225 3540 3292 agnoscit
3586 3241 3669 3276 vr-

2084 3309 2235 3351 scera
2265 3293 2495 3346 lnunana
2520 3293 2585 3345 “.
2634 3313 2651 3344 ι
2687 3293 2752 3345 Et
2784 3291 3030 3347 Justinus
3060 3304 3260 3361 martyr
3294 3291 3666 3361 responsione

2085 3364 2152 3420 ad
2207 3361 2311 3418 156
2351 3375 2540 3432 qumst.
2595 3364 2745 3416 orth.
2786 3364 2903 3416 ait:
2941 3382 2959 3414 ι
2996 3363 3125 3417 lllud
3161 3381 3174 3417 :
3204 3360 3232 3414 ί(
3268 3360 3407 3428 Quid
3459 3365 3558 3419 tibi
3607 3377 3667 3418 et

2091 3453 2108 3486 ι
2140 3434 2270 3489 mihi
2300 3446 2407 3499 est,
2440 3435 2631 3488 mulier
2651 3434 2704 3486 ?s
2744 3450 2850 3488 non
2877 3434 2942 3489 ad
2965 3434 3393 3503 objurgationem
3448 3436 3665 3489 dictum

2082 3517 2164 3559 est
2197 3507 2356 3557 matri
2387 3522 2417 3557 a
2448 3506 2759 3571 Servatore,
2788 3506 2881 3559 sed
2920 3506 3075 3574 quasi
3118 3506 3220 3558 hoc
3272 3505 3665 3561 demonstrare

2082 3577 2264 3629 vellet.
2301 3574 2417 3628 Non
2448 3590 2549 3629 nos
2586 3575 2620 3629 ii
2660 3589 2883 3640 sumus,
2933 3577 3026 3645 qui
3076 3589 3262 3628 curam
3312 3577 3662 3643 suscepimus

2081 3647 2187 3699 viui
2219 3646 2361 3713 quod
2390 3646 2440 3699 in
2472 3645 2676 3715 nuptiis
2704 3647 3081 3711 consumitur;
3117 3654 3295 3700 tamen
3328 3660 3441 3715 prae
3466 3663 3663 3702 amore

2080 3718 2123 3769 si
2162 3717 2243 3770 vis
2276 3730 2342 3769 ne
2368 3716 2585 3770 deliciat
2626 3731 2719 3770 eos
2770 3717 2980 3780 vinum,
3029 3716 3117 3769 dic
3165 3716 3433 3769 ministris
3475 3730 3540 3770 ut
3578 3720 3664 3769 fa-

2078 3788 2227 3841 ciant
2252 3802 2372 3855 qua:
2397 3802 2496 3857 ego
2519 3787 2597 3840 eis
2628 3786 2838 3852 dixero,
2871 3797 2925 3841 et
2976 3786 3183 3841 videbis
3214 3789 3291 3841 eis
3323 3801 3430 3840 non
3464 3788 3662 3842 deesse

2079 3859 2302 3923 vinum;
2336 3858 2390 3911 id
2439 3857 2583 3929 quod
2630 3859 2805 3929 etiam
2856 3857 3091 3929 accidit.
3114 3857 3230 3910 Non
3278 3872 3416 3929 ergo
3466 3861 3660 3913 verbis

2079 3938 2311 3981 matrem
2355 3926 2686 3997 objurgavit,
2738 3942 2862 3982 cum
2904 3942 3022 3997 eam
3070 3926 3228 3982 factis
3276 3928 3584 3981 honorarit.
3634 3949 3655 3981 ι

2078 4000 2217 4052 Sunt
2247 3996 2431 4067 itaque
2450 3999 2848 4069 Chrysostomi,
2891 3996 3281 4068 Theophylacti
3332 4013 3399 4051 ac
3447 3998 3661 4069 Euthy-

2077 4070 2169 4123 tuii
2203 4070 2257 4123 in
2312 4070 2457 4124 hunc
2509 4069 2690 4125 locum
2742 4070 3157 4135 commentaria,
3210 4069 3412 4138 quibus
3458 4070 3658 4123 intem-

2078 4141 2320 4208 pestivos
2346 4138 2575 4194 allectus
2622 4140 2685 4195 Β.
2726 4139 2908 4194 Maria:
2952 4141 3189 4193 tribuere
3218 4142 3493 4205 videntur,
3529 4155 3658 4207 pru-

2076 4209 2269 4280 denter
2307 4209 2569 4279 legenda;
2617 4225 2742 4264 cum
2800 4211 3098 4279 praesertim
3149 4220 3338 4264 sancta
3402 4214 3657 4280 synodus

2077 4276 2397 4335 Tridentinis
2433 4296 2526 4334 eos
2573 4276 2920 4335 anathemate
2963 4284 3322 4349 percusserit,
3362 4276 3456 4348 qui
3504 4298 3657 4333 eant-

2075 4351 2195 4403 dem
2232 4352 2421 4405 intota
2456 4352 2565 4404 vita
2594 4352 2909 4415 sua,omnia
2939 4360 3362 4418 peccata,ettam
3397 4352 3654 4412 venialia,

2074 4421 2405 4491 exispeciali
2449 4418 2543 4475 Dei
2571 4422 2856 4491 privilegio
2885 4422 3109 4485 vitasse,
3147 4438 3249 4475 non
3290 4426 3651 4476 asserucrint.

2143 4490 2593 4546 Deminoratione.
2672 4492 2899 4547 Auctor.
2976 4503 3082 4546 vet.
3159 4494 3282 4547 cod.
3347 4494 3655 4546 delevrmus

392 4560 621 4634 prianus
652 4563 744 4653 libi.
790 4580 828 4618 ll
860 4564 1123 4653 Adversus
1154 4563 1396 4653 Judteos,
1451 4579 1571 4653 cap.
1620 4560 1671 4653 1.5,
1707 4560 1964 4653 consta‘n-
2000 4598 2046 4653 υ
2079 4578 2098 4612 t
2130 4560 2667 4653 DemiurgiJratioue.
2711 4581 2730 4613 ι

391 4633 480 4688 ter
537 4650 659 4689 cum
716 4633 920 4705 lrena‘o
954 4653 972 4685 ι
1010 4643 1192 4705 uatum
1226 4652 1252 4705 γ»
1288 4635 1750 4705 interpretantur;
1798 4654 1849 4705 «ν
1886 4633 1966 4687 fa-

390 4719 543 4759 etum
583 4723 602 4757 ι
632 4705 819 4774 legunt
848 4703 1076 4758 Tertull.
1107 4704 1285 4759 lib.De
1311 4703 1549 4758 vetandis
1582 4706 1713 4773 virg.
1749 4713 1803 4758 et
1827 4704 1959 4757 Am-

388 4776 608 4831 brosius
634 4776 727 4829 lib.
764 4791 779 4829 I
816 4774 895 4830 De
920 4775 1045 4844 ﬁde,
1076 4791 1197 4848 cap.
1241 4774 1368 4843 6,et
1412 4776 1570 4845 epist.
1597 4774 1686 4839 32,
1711 4791 1875 4831 serm.
1907 4776 1961 4841 5,

387 4848 442 4903 in
476 4847 666 4903 nsalm.
696 4860 886 4902 cxvur.

576 4864 666 4900 nn.
768 4864 886 4900 vm.

458 4864 762 4971 βίῗῗοιαηιῗ
787 4915 883 4970 His
927 4918 1178 4986 agnoscit
1210 4915 1537 4970 ineffabilem
1585 4930 1705 4970 eam
1759 4917 1963 4970 unitio-

383 5003 532 5049 nem.
557 5002 668 5058 qua
690 4987 893 5056 duplex
934 4996 1150 5058 natura,
1185 4988 1332 5058 omni
1369 4988 1696 5041 confusione
1726 4998 1957 5052 semota,

382 5055 604 5113 constat
638 5055 850 5112 Domini
889 5058 1058 5129 nostri
1098 5055 1225 5111 Jesu
1258 5056 1459 5111 Christi
1504 5058 1663 5111 unica
1701 5058 1961 5129 hypoSta-

382 5130 460 5182 sis
488 5145 502 5194 ;
540 5141 598 5183 ut
622 5143 763 5183 unus
792 5130 865 5181 sit
892 5127 1062 5181 Filius
1088 5129 1201 5189 Dei,
1228 5138 1283 5181 et
1313 5129 1549 5181 hominis
1576 5129 1737 5182 tilius.

465 5198 746 5253 Velociter.
770 5197 994 5268 Vulgata
1021 5198 1210 5261 editio,
1235 5212 1354 5268 qua:
1374 5210 1428 5253 et
1456 5198 1650 5253 littera:
1684 5197 1961 5253 llebraicte

384 5269 682 5324 conformis
713 5282 797 5325 est
824 5282 840 5322 :
874 5287 891 5319 ‹
922 5270 1178 5324 Accelera
1210 5268 1380 5338 spolia
1426 5268 1734 5332 detrahere,
1765 5268 1959 5323 festina

383 5340 641 5407 praedari.
680 5357 698 5391 ι
736 5341 849 5394 Non
878 5356 1095 5409 possunt
1143 5340 1247 5393 hoc
1302 5339 1422 5392 loco
1480 5340 1700 5393 silentio
1736 5351 1963 5407 printer-

384 5410 609 5479 inittere
672 5410 883 5464 Calvini
945 5412 1302 5479 impietatem,
1349 5424 1455 5479 qua
1501 5426 1647 5463 czeco
1699 5410 1878 5463 furore
1909 5411 1960 5463 in

380 5476 576 5533 Patres
606 5493 824 5534 sanctos
854 5476 1245 5541 debacchatur,
1291 5476 1419 5534 dum
1476 5480 1814 5534 Christianos
1841 5496 1964 5534 om-

383 5564 481 5619 nes
511 5553 809 5619 scriptores
872 5552 1031 5605 nimis
1061 5564 1246 5605 crasse
1276 5552 1636 5605 hallucinatos
1664 5565 1788 5605 esse
1817 5550 1960 5605 scri-

381 5618 483 5693 bit,
519 5618 653 5693 qui;
686 5622 999 5693 vaticinium
1053 5622 1155 5675 hoc
1202 5622 1273 5693 ad
1321 5622 1600 5693 Christum
1651 5630 1956 5676 traxerunt.

384 5689 604 5745 Siccine
627 5689 870 5745 Judaicze
901 5693 1133 5745 ca'citati
1188 5692 1379 5747 faves?
1423 5692 1665 5747 hmccine
1710 5693 1955 5746 omniurn

387 5761 793 5830 δετιυωι-ίηυιη
855 5764 920 5815 ad
973 5763 1097 5818 fidei
1134 5763 1438 5820 analoeiam
1490 5760 1956 5821 accommodatio‘l

447 5921 493 5957 “
524 5921 708 5979 fract.
745 5920 775 5979 8
807 5922 861 5977 in
889 5918 1044 5976 .ioan.

2140 4632 2278 4686 Deos
2310 4634 2518 4702 quidem
2572 4632 2772 4700 plures.
2822 4634 3079 4688 Irenaeum
3130 4634 3375 4687 imitatus
3407 4632 3658 4704 Cyrillns

2067 4701 2242 4758 Jeros.
2299 4701 2641 4758 Valentinum
2705 4705 2924 4775 triginta
2979 4722 2996 4755 ι
3040 4704 3273 4759 Deorum
3317 4701 3652 4773 praedicato-

2068 4790 2179 4828 rem
2213 4793 2232 4826 ι
2279 4784 2458 4836 vocat,
2481 4776 2691 4829 catech.
2718 4774 2773 4827 6.

2140 4844 2365 4914 Propter
2391 4846 2529 4910 quod
2558 4861 2762 4900 rursus.
2796 4844 2996 4900 Locum
3027 4847 3169 4899 hunc
3216 4862 3247 4899 e
3294 4843 3655 4903 Theodoreu-

2067 4914 2253 4970 Graece
2280 4926 2335 4966 et
2367 4914 2556 4969 Latine
2576 4931 2676 4969 suo
2710 4918 2827 4972 loco
2854 4918 3201 4970 iuseruimus.

2140 4986 2364 5059 llabita_t
2392 5002 2447 5059 tn
2476 4988 2656 5059 nobis.
2677 4984 2864 5041 Graeca
2892 4987 3042 5059 Pauli
3078 4989 3259 5051 lectio,
3309 4988 3366 5039 ἐν
3394 4988 3531 5059 ὑμῖν
3560 5008 3573 5043 :
3602 5002 3659 5046 el

2071 5054 2295 5126 Vulgata
2331 5054 2551 5129 Latina,
2590 5073 2608 5106 ι
2645 5056 2698 5110 in
2734 5060 2906 5112 vobis.
2947 5077 2965 5109 s
2998 5058 3062 5110 Et
3089 5070 3298 5127 postea,
3348 5077 3367 5109 ι
3411 5054 3654 5129 corpora

2068 5125 2275 5180 vestra.
2321 5146 2339 5179 ›
2376 5130 2481 5179 ειεά
2515 5125 2752 5181 lrenazus
2778 5130 3017 5197 seipsum
3061 5125 3184 5181 aliis
3215 5125 3651 5197 connumerans,

2068 5213 2357 5264 pet'Sonam
2392 5202 2458 5249 ad
2490 5198 2801 5252 institutum
2831 5215 2988 5252 suun.
3012 5199 3255 5254 inﬂectit.

2139 5310 2227 5364 Ea:
2253 5308 2345 5365 J0.
2390 5310 2521 5366 Ern.
2550 5310 2733 5366 Grubii
2770 5314 3203 5368 adnotationibus
3239 5315 3295 5367 in
3327 5332 3447 5385 cap.
3485 5318 3575 5373 18.

2141 5400 2272 5472 Pag.
2302 5403 2430 5457 204.
2470 5403 2669 5458 Christi
2696 5415 2892 5460 autent.
2936 5407 3014 5459 Ex
3043 5408 3143 5461 hac
3172 5408 3457 5472 citatione,
3491 5409 3654 5463 inde-

2064 5486 2170 5552 que
2194 5476 2426 5552 deducto
2454 5487 2774 5552 argumento
2799 5489 2968 5552 patet,
3000 5478 3258 5552 lt'enatunt
3298 5497 3498 5533 nomen
3546 5482 3654 5552 'lq—

2067 5543 2189 5610 σοῦ,
2216 5546 2359 5613 quod
2387 5547 2441 5599 in
2473 5543 2678 5600 nostris
2704 5546 2769 5600 N.
2798 5543 2947 5603 Test.
2997 5550 3401 5616 exemplaribus
3430 5543 3652 5605 Graecis

2066 5631 2388 5685 expressum
2404 5628 2605 5691 egstat,
2632 5619 2774 5673 haud
2802 5618 3016 5689 legisse,
3051 5620 3127 5672 uti
3152 5637 3252 5674 nec
3282 5621 3514 5691 Vulgata
3544 5623 3651 5677 La-

2066 5697 2199 5753 ttna,
2232 5702 2405 5751 neque
2439 5687 2653 5743 Persica
2689 5687 3018 5743 versio'illud
3058 5691 3238 5744 habet.

2136 5758 2264 5825 Ρη.
2294 5758 2417 5815 2υ5.
2462 5759 2583 5813 Non
2620 5776 2753 5816 enim
2778 5766 3216 5817 r1roluntute....
3254 5761 3481 5817 Verbum
3516 5781 3648 5817 cura
