3970 6378
523 409 659 470 1655

1824 410 2183 469 VARIORUM
2234 413 2442 471 NOTE

3585 422 3690 481 i656

523 530 691 615 illius,
727 528 811 615 ad
858 481 1095 615 gratiam
1147 527 1549 615 emlcgemmetp
1572 525 1920 615 pltaritatem,
1971 544 2093 615 qua:
2123 532 2167 589 Α
2196 607 2208 615 Δ
2266 529 2542 615 Setibene
2572 528 2760 615 babpt,
2789 528 3467 615 quodAEpiphaniusaine
3505 535 3627 615 mille
3650 552 3689 596 et

519 616 614 669 per
646 597 911 670 Spiritum
947 609 1195 654 sanctum
1236 598 1554 654 diil'unditur
1579 597 1825 670 incorda
1857 597 2089 654 creden-

516 667 704 733 tium,'
744 668 879 723 alias
916 670 1036 739 plus
1068 670 1205 723 satis
1240 670 1389 723 arida
1422 677 1478 721 et
1520 669 1749 739 sterilia.
1799 667 1854 723 Id
1910 680 2089 723 autem

516 742 805 823 praevisum
836 746 892 793 et
918 736 1301 823 praesignatum
1337 739 1538 823 ‘olimha
1587 736 1869 823 Pgtrilius,
1911 739 2090 821 nullus

514 806 874 872 i'nﬁciabitur,
900 806 993 879 qui
1032 806 1196 863 Paulo
1223 809 1540 873 crediderit,
1578 806 1869 862 aiIirmanti
1905 811 2087 863 omnia

468 882 475 887 ’
516 882 568 932 in
622 880 848 950 ﬁguram
885 878 1125 947 antiquis
1156 879 1473 950 contigisse,
1510 878 2085 950 legemqueumbram

517 947 686 1003 fuisse
718 951 1021 1003 futurorum
1055 951 1343 1003 bonorum.
1373 949 1529 1015 Quod
1556 947 1686 1001 vero
1722 951 1788 1003 ad
1815 948 1953 1003 hanc
1974 947 2087 1003 Ge-

514 1020 706 1073 ileonis
756 1018 973 1072 velleris
1031 1020 1175 1087 piam
1234 1019 1797 1073 accommodationem
1849 1022 2083 1087 attinet,

513 1090 777 1142 Irenaeum
811 1086 1057 1141 imitatur
1094 1090 1426 1157 Augustiuus
1456 1099 1647 1156 quaest.
1675 1088 1744 1143 49
1789 1090 1840 1143 in
1870 1090 1963 1144 lib.
1996 1086 2087 1142 Ju-

513 1160 745 1229 dicum;
803 1159 1027 1229 lil).__xn
1065 1159 1263 1213 Contra
1308 1159 1605 1229 Faustum,
1658 1174 1780 1229 cap.
1825 1160 1932 1226 32;
1988 1161 2077 1215 lib.

511 1227 591 1280 De
656 1228 856 1282 unitate
904 1226 1106 1281 Eccles.
1131 1268 1164 1300 ,4
1187 1244 1308 1297 cap.
1365 1226 1445 1294 5;
1500 1226 1792 1300 comment.
1838 1232 1895 1284 in
1942 1234 2080 1300 psal.

510 1312 616 1350 xcv
650 1307 705 1351 et
736 1314 859 1351 Lxxi
889 1315 901 1361 ;
931 1313 1098 1351 scrin.
1138 1298 1195 1363 2,
1229 1301 1295 1353 de
1317 1300 1498 1354 verbis
1526 1298 1799 1367 Apostoli;
1826 1309 1881 1353 et
1914 1298 2079 1355 scrin.

512 1368 636 1438 1‘08,
677 1367 745 1423 de
772 1380 1050 1436 leinpore;
1081 1368 1333 1423 Ambros.
1360 1370 1583 1438 prologo
1619 1368 1670 1421 in
1702 1369 1898 1423 librum
1939 1385 1957 1423 ι
1998 1372 2082 1425 De

511 1436 719 1504 Spiritu
749 1447 965 1501 sancto;
1002 1436 1389 1509 Hieronymus
1458 1439 1615 1507 epist.
1667 1439 1732 1491 ad
1767 1440 2075 1506 Paulinum,

509 1510 578 1581 de
596 1509 769 1581 iustit.
797 1508 1049 1581 monachi
1067 1526 1081 1573 ;
1101 1519 1152 1562 et
1169 1508 1244 1562 ex
1262 1510 1465 1581 Graecis
1491 1509 1862 1581 Theodorctus
1884 1522 2075 1581 quaest.

508 1578 577 1631 Η
614 1580 668 1632 in
708 1576 887 1632 Judic.
917 1577 1178 1649 Origenes
1211 1586 1355 1633 hom.
1387 1579 1412 1633 1
1451 1581 1503 1632 in
1541 1577 1716 1632 Judic.
1758 1576 2077 1635 i‘laec'adno-

511 1658 631 1703 tare
665 1649 838 1720 visum
889 1658 974 1702 est
1010 1648 1061 1703 in
1115 1648 1334 1720 Gallasii
1386 1649 1979 1720 malevolentiam,qui,
2019 1662 2077 1706 ut

506 1728 767 1789 perpetuo
795 1719 1015 1774 Patrum
1063 1719 1375 1773 auctoritati
1410 1719 1682 1779 detrahat,
1714 1721 1800 1773 hic
1837 1719 2074 1777 levitatis

504 1803 765 1860 acepsare
796 1805 899 1843 non
936 1800 1153 1844 veretur
1179 1791 1395 1843 beatum
1421 1790 1564 1842 hunc
1598 1800 1912 1860 martyrem.

574 1857 644 1912 Et
670 1874 826 1926 super
858 1860 1017 1913 vellus
1052 1860 1207 1912 tante.
1242 1861 1315 1911 Ita
1353 1868 1463 1911 vet.
1497 1860 1644 1925 cod.,
1684 1857 1870 1915 excusi
1909 1860 2074 1917 habe-

506 1928 662 1995 bant,
710 1946 729 1979 ι
775 1944 804 1983 e
836 1929 1101 1995 superiori
1134 1929 1305 1982 vellus
1341 1929 1539 1981 lanam.
1574 1948 1594 1981 ι

578 1998 643 2052 Ut
676 2012 772 2062 per
814 1997 1069 2066 Spiritum
1099 1999 1381 2069 imaginem
1421 2011 1467 2051 et
1496 1999 1882 2067 inscriptionem
1904 2044 1917 2067 ,
1957 2013 2066 2060 etc.

503 2069 641 2134 Quid
671 2070 715 2123 si
746 2070 963 2123 nomine
995 2071 1244 2143 imaginis
1286 2078 1339 2143 et
1381 2069 1757 2143 inscriptionis
1793 2072 1846 2143 in
1891 2075 2070 2143 bapti-

503 2155 624 2193 Milo
663 2150 952 2207 susceptae,
995 2138 1238 2209 ilOCAIOCO
1272 2142 1487 2209 signum
1517 2140 1647 2192 illud
1686 2138 1977 2208 spirituale
2006 2161 2070 2201 ac

504 2219 823 2290 perpetuum
855 2207 1417 2290 animisChristianis
1475 2209 1805 2290 impressum.
1839 2210 2071 2290 lrepagus

504 2277 790 2347 intelligat,
813 2280 955 2348 quod
984 2278 1072 2331 alii
1109 2297 1126 2330 ι
1158 2280 1527 2333 characterem
1571 2297 1590 2329 ι
1631 2279 1943 2347 appellant?
1981 2284 2072 2338 Li-

502 2349 698 2420 benter
726 2353 871 2403 enim
911 2350 979 2403 ad
1014 2348 1357 2420 illumetiam
1405 2348 1790 2420 reiero,_quod
1829 2352 2067 2420 ejusdem

500 2419 685 2495 pasculi
742 2420 974 2488 scriptor
1014 2415 1382 2495 Tertullianus
1433 2415 1732 2495 dicitf‘S-t
1777 2415 1973 2495 Caroi
2015 2428 2067 2478 iu

500 2490 772 2558 baptismo
802 2503 980 2548 .sacro
1015 2489 1417 2563 chrismatiset
1455 2489 1634 2563 crucis
1657 2490 1819 2563 signo
1843 2494 1858 2559 )
1886 2489 2069 2563 signa-

499 2557 607 2623 tur,
642 2569 699 2613 ut
721 2563 899 2613 anima
928 2560 1223 2613 muniatur.
1256 2577 1275 2610 ι
1316 2559 1423 2613 Sed
1458 2557 1659 2612 nullam
1696 2557 2070 2618 mihicav'illa-

499 2629 702 2683 tionem
735 2630 1023 2684 admittere
1061 2642 1219 2699 posse
1248 2630 1500 2683 videntur
1552 2631 1668 2700 haec
1698 2630 1883 2700 Cyrilli
1914 2631 2070 2688 Jero-

496 2702 693 2769 solym.
729 2700 796 2755 de
819 2701 1009 2754 eodem
1044 2704 1366 2754 charactere
1388 2700 1552 2753 verba
1572 2699 1651 2752 “:
1696 2716 1711 2752 ι
1747 2699 1961 2757 Accede
1999 2706 2067 2759 ad

497 2766 855 2838 baptismum,
894 2784 1001 2824 non
1073 2779 1280 2823 tantum
1335 2770 1542 2823 vultum
1597 2771 1760 2824 istum
1798 2770 2066 2828 visibilem

497 2840 895 2910 baptizantium
948 2840 1279 2909 respiciens,
1318 2842 1413 2894 sed
1461 2839 1777 2895 memineris
1832 2842 2068 2910 Spiritus

496 2911 694 2964 sancti.
729 2908 829 2965 Hic
877 2913 1020 2964 enim
1053 2920 1272 2981 paratus
1307 2912 1461 2981 adest
1506 2910 1800 2979 obsignare
1831 2908 2066 2967 animant

496 2984 670 3045 luam,
700 2991 755 3035 et
785 2982 917 3034 dare
956 2980 1065 3034 tibi
1094 2980 1452 3049 signaculum,
1479 2988 1623 3048 quod
1656 2982 1929 3037 daemones
1961 2993 2067 3039 tre-

495 3061 672 3115 munt,
742 3052 963 3106 cmleste
1017 3056 1289 3119 quoddam
1348 3060 1402 3105 et
1442 3054 1704 3116 divinum,
1744 3053 1887 3106 sicut
1934 3058 2067 3109 scri-

494 3131 648 3192 ptum
679 3134 763 3176 est
796 3139 811 3175 :
848 3141 865 3173 ι
896 3120 954 3174 in
992 3137 1101 3191 quo
1141 3123 1305 3175 etiam
1346 3120 1632 3192 credentes
1685 3122 1884 3192 signati
1933 3132 2067 3181 estis

503 3207 522 3239 ι
569 3190 776 3261 §piritu
795 3200 987 3246 sancto
1010 3190 1393 3261 promissionis
1420 3190 1487 3257 “,
1515 3209 1533 3243 ι
1572 3201 1678 3247 etc.

564 3260 958 3331 Spirituitaque
989 3260 1346 3315 descendente.
1383 3261 1592 3324 lsthaac,
1620 3277 1791 3332 usque
1821 3262 1886 3317 ad
1913 3265 2061 3330 illud,

499 3347 553 3405 ε-
579 3341 633 3384 et
664 3332 1085 3405 subdivisiones
1139 3333 1667 3405 excogitaverunt,_i
1726 3338 2067 3405 Irauscripsit

494 3398 867 3471 Tlieodoretus
891 3403 1017 3454 dial.
1039 3403 1091 3467 1,
1109 3417 1229 3470 quae
1247 3398 1301 3454 ei
1319 3416 1415 3455 uos
1443 3398 1638 3471 apponi
1661 3398 1996 3459 curavimus.

563 3468 693 3540 Pag.
715 3470 843 3525 209.
868 3472 933 3524 Et
950 3468 1220 3539 oportebit.
1248 3468 1623 3535 Expunxiinus
1648 3491 1665 3523 ι
1695 3476 2011 3541 oportebat;
2043 3490 2062 3527 ι

493 3552 547 3595 et
598 3543 879 3613 aliquanto
938 3553 1063 3611 post
1100 3560 1119 3593 ι
1188 3544 1511 3597 assectiouis
1566 3561 1586 3595 ι
1640 3544 1957 3613 delevimus,
2011 3556 2069 3601 et

499 3629 519 3662 ι
554 3610 862 3667 aﬁ'ectionis
892 3629 913 3663 ι
942 3610 1302 3682 reposuimus
1333 3623 1477 3666 auct.
1512 3622 1623 3671 vet.
1657 3616 1778 3667 cod.

565 3682 724 3735 Lacte
744 3697 964 3751 gypsum
988 3683 1259 3737 miscetur.
1299 3682 1652 3738 Proverbium
1678 3693 1783 3747 est,
1808 3699 1913 3738 non
1938 3685 2067 3740 hinc

492 3750 798 3809 dissimilei
828 3769 848 3803 ι
878 3750 1105 3807 Lethale
1131 3752 1399 3818 mulsum;
1431 3772 1450 3806 ι
1480 3754 1532 3808 id
1556 3768 1716 3808 omne
1733 3756 2064 3822 signiticans,

491 3824 636 3893 quod
689 3822 814 3877 boni
854 3824 1056 3891 specie,
1101 3824 1397 3895 perniciem
1429 3823 1604 3895 affert.
1647 3824 1887 3895 Gypsum
1919 3829 2063 3881 enim

491 3904 732 3965 praiseps
756 3907 1025 3949 venenum
1051 3894 1250 3948 habere
1275 3896 1428 3948 docet
1460 3894 1669 3950 Plinius
1699 3894 1834 3950 libro
1874 3912 2061 3965 mm,

490 3963 615 4035 cap.
645 3963 737 4033 24,
762 3967 905 4034 quod
932 3979 1055 4020 cum
1096 3966 1239 4019 lacte
1268 3964 1487 4019 niistuin
1518 3966 1700 4034 fuerit,
1730 3966 1885 4021 fallit.

735 4082 993 4153 Ejusdem
1040 4082 1405 4136 adnotatione:
1441 4084 1496 4136 in
1543 4099 1661 4153 cap.
1724 4081 1816 4140 20.

564 4172 697 4245 Pag.
739 4172 865 4230 209.
904 4173 1153 4229 Ostenso.
1185 4176 1279 4232 Sic
1317 4189 1383 4229 ex
1420 4176 1593 4229 veteri
1650 4178 1774 4231 cod.
1826 4179 2068 4232 restitui-

491 4262 637 4315 mns,
666 4253 725 4300 ut
757 4247 830 4301 sit
858 4246 1316 4318 anaceplialeosis
1353 4259 1565 4312 eorum,
1593 4261 1713 4314 qua:
1757 4250 2067 4318 superiori-

492 4318 594 4372 bus
626 4318 860 4373 dixerat.
896 4316 1271 4385 Expimximus
1305 4316 1489 4383 itaque
1512 4332 1532 4367 ι
1562 4316 1879 4371 οδιθιιείο.ἰ
1911 4319 2065 4374 Scri-

489 4386 572 4441 bit
621 4397 801 4442 autem
836 4386 1032 4441 Filium
1066 4385 1159 4440 Dei
1197 4400 1536 4455 nequaquam
1594 4398 1723 4441 tunc
1772 4389 2066 4458 incmpisse

488 4472 631 4522 esse,
672 4472 794 4511 cum
826 4471 1046 4510 carnem
1102 4467 1344 4511 nostram
1405 4460 1729 4526 assumpsit;
1774 4462 1869 4514 sed
1912 4463 2061 4515 Patri

489 4542 705 4596 semper
729 4529 1111 4591 cocxstitisse;
1151 4528 1420 4581 hominem
1452 4542 1577 4583 vero
1606 4529 1806 4582 factum
1839 4544 1981 4597 esse,
2008 4545 2064 4590 ut

489 4599 542 4652 id
579 4609 944 4666 repararetur,
979 4600 1121 4666 quod
1162 4597 1413 4672 in_A_d_am
1446 4599 1705 4672 amissum
1733 4609 1869 4654 erat.
1901 4601 2056 4672 Item,

488 4684 654 4722 unum
692 4684 754 4721 ac
791 4672 1038 4721 euuutem
1070 4684 1191 4721 esse
1221 4667 1415 4721 Filium
1448 4669 1540 4722 Dei
1575 4678 1630 4722 et
1667 4671 1927 4736 hominis,
1970 4667 2059 4728 sa;

486 4738 618 4794 Iutis
664 4749 861 4793 nostrae
894 4750 1190 4799 anetorem,
1222 4753 1346 4790 vere
1378 4754 1594 4805 passum
1649 4755 1746 4809 pro
1777 4741 1955 4809 nobis,
2000 4754 2058 4801 ut.

486 4821 545 4863 et
568 4810 802 4879 apostoli
834 4822 959 4861 vere
985 4811 1126 4875 passi
1160 4818 1279 4860 sunt
1305 4825 1401 4876 pro
1444 4809 1661 4879 nomine
1698 4811 1886 4877 ipsius.

561 4877 627 4933 Ui
659 4879 799 4946 quod
820 4879 1211 4946 perdideramus
1244 4882 1299 4930 in
1331 4879 1518 4931 Adam.
1545 4878 1763 4933 Videtur
1788 4895 2053 4950 asserere,

485 4963 710 5019 peccato
745 4953 874 5003 Atla:
922 4949 1188 5017 perditam
1222 4964 1341 5003 esse
1391 4952 1439 5002 in
1472 4965 1535 5003 eo
1570 4966 1633 5003 ac
1665 4953 1896 5016 posteris
1940 4949 2055 5019 ejus

487 5024 778 5089 imaginem
829 5020 960 5092 Dei,
1018 5022 1158 5086 quod
1202 5031 1255 5092 et
1286 5019 1548 5092 Origenes
1602 5020 1801 5092 dicitur
1863 5036 2049 5092 postea

488 5092 750 5163 sensisse,
774 5091 1020 5163 scribens
1047 5101 1190 5143 lOtllO
1218 5090 1278 5144 Ill
1306 5092 1359 5143 in
1386 5090 1601 5163 Cenes;
1629 5091 1832 5145 «Homo
1862 5090 2052 5163 imagi-

490 5177 610 5215 nem
642 5162 756 5224 Dei,
806 5162 872 5213 ad
912 5176 1073 5229 quam
1104 5162 1353 5214 conditus
1382 5161 1579 5226 fuerat,
1620 5165 1893 5231 peccando
1918 5161 2052 5217 auii-

487 5234 576 5284 sit.
616 5252 634 5284 ι
685 5233 1021 5300 Augustinus
1059 5245 1295 5299 quoque,
1366 5232 1460 5286 lib.
1510 5246 1558 5286 Vl
1625 5235 1699 5286 De
1758 5231 1940 5288 Genesi
1984 5236 2054 5289 ad

489 5304 746 5367 litteram,
794 5315 914 5375 cap.
945 5300 1011 5353 Ἦ
1042 5314 1096 5353 et
1122 5303 1217 5375 2:5,
1245 5302 1473 5375 scribit:
1509 5321 1528 5353 ι
1576 5306 1745 5357 Adam
1804 5320 1898 5372 per
1927 5322 2054 5375 pec-

488 5383 669 5425 catum
710 5373 941 5440 perdidit
971 5373 1261 5441 imaginem
1287 5370 1378 5425 Dei
1411 5374 1466 5425 in
1495 5377 1683 5441 Spil‘lltl
1716 5370 2051 5431 mentis-iiu-

488 5454 752 5517 pressam,
779 5442 1085 5517 secundum
1111 5453 1521 5517 quam_creatu_s
1556 5455 1657 5497 est.
1690 5463 1707 5494 ι
1742 5447 2045 5517 llocipsuui

488 5521 616 5565 ante
648 5512 1006 5587 illustradere
1044 5516 1254 5567 videtur
1276 5512 1431 5568 Philo
1468 5513 1707 5580 luamus,
1758 5518 1835 5569 Ue
1891 5512 2049 5587 opili-

485 5596 567 5636 διο
597 5598 691 5636 sea;
719 5582 951 5635 dierum.

558 5809 603 5884 ξδ
661 5811 783 5865 Lib.
837 5812 901 5867 de
938 5827 1126 5884 [θεων.
1164 5830 1337 5881 carm,
1376 5829 1487 5884 cap.
1525 5813 1573 5873 8.

485 5880 529 5914 ν
561 5882 677 5940 Lib.
709 5900 805 5939 »ιιι
839 5891 903 5942 tie
937 5882 1154 5951 Tt':nit.,
1191 5904 1307 5956 cap.
1352 5886 1435 5938 Η.

1677 5814 1719 5848 ³⁸
1755 5816 1975 5875 Catcch.
2014 5817 2097 5875 i7.

2195 600 2705 670 trecentospannos'
2738 602 2896 655 istam
2946 600 3193 670 Origenis
3251 603 3535 670 opinionem
3581 609 3689 666 inter

2192 683 2410 740 errores
2443 668 2561 738 ejus
2593 672 2883 733 recensuit,
2902 680 2955 725 et
2982 668 3313 740 Augustinus
3343 674 3473 728 libro
3499 684 3690 735 secundo

2193 737 2609 805 Retractation.,
2649 756 2775 807 cap.
2811 741 2903 806 9.4,
2962 737 3197 808 prio-rem
3255 746 3556 800 sententiam
3576 748 3686 806 illam

2188 809 2471 887 emolliens
2515 821 2569 864 et
2614 811 2866 879 mitigans
2896 812 3119 887 scribat.
3147 827 3268 866 eam
3306 830 3404 887 non
3430 817 3501 869 sic
3533 820 3688 887 accipi-

2188 879 2382 954 endam
2421 895 2565 954 esse,
2594 888 2849 954 tanquam
2893 881 3037 954 nulla
3072 895 3347 954 remaneat
3381 884 3569 954 imago:
3618 879 3689 944 sed

2188 949 2331 1018 quod
2382 960 2488 1003 tam
2518 950 2779 1005 deformis
2810 960 2863 1004 et
2905 952 3136 1004 obscura
3179 952 3319 1007 facta
3348 954 3434 1015 sit,
3484 949 3691 1012 utreior-

2189 1021 2426 1092 inatione
2466 1036 2602 1089 opus
2657 1020 2871 1092 habeat.
2909 1018 3181 1075 Pcrditam
3214 1038 3342 1092 ergo
3372 1024 3505 1078 illam
3542 1029 3691 1082 scribit

2187 1087 2439 1162 tremens,
2470 1087 2851 1162 quantuinad
2897 1092 3106 1158 gratim,
3154 1087 3377 1161 justitiaa
3423 1104 3473 1148 et
3518 1097 3691 1162 pietatis

2187 1158 2362 1231 infusa
2422 1158 2573 1231 initio
2629 1159 2933 1213 clarissima
2966 1158 3309 1222 ornamenta,
3356 1158 3534 1231 quibus
3559 1166 3689 1221 Deum

2185 1227 2393 1283 referre
2419 1230 2634 1304 debuit;
2669 1246 2772 1283 non
2803 1240 3078 1304 quantum
3108 1234 3175 1304 ad
3233 1227 3592 1299 substantiam,
3626 1238 3689 1304 ip-

2184 1312 2416 1372 sumque
2462 1300 2875 1353 fundamentum
2924 1302 3198 1371 imaginis,
3233 1314 3289 1355 ut
3316 1319 3379 1356 ex
3422 1304 3531 1357 libri
3556 1300 3689 1372 quinti

2183 1370 2361 1441 capite
2388 1378 2541 1424 sexto
2574 1379 2880 1439 promptum
2917 1381 2999 1424 est
3030 1370 3305 1441 Colligere.
3340 1373 3446 1426 Hoc
3474 1370 3599 1428 vehit
3621 1392 3689 1429 ex-

2182 1438 2387 1511 plicans
2412 1452 2465 1494 et
2490 1438 2852 1507 comprobans
2875 1442 2950 1494 ait
2986 1438 3351 1510 Augustinus-
3383 1463 3399 1493 ‹
3433 1442 3688 1511 Recipimus

2175 1508 2470 1577 justitiam,
2504 1526 2572 1565 ex
2607 1526 2709 1578 qua
2735 1526 2830 1580 per
2861 1508 3143 1579 peccatum
3179 1513 3364 1581 lapsus
3389 1523 3465 1566 est
3490 1508 3639 1567 homo.
3671 1535 3685 1566 ι

2180 1581 2247 1632 Et
2278 1594 2523 1634 rursum:
2564 1598 2582 1631 ι
2614 1582 2766 1635 llanc
2792 1582 3080 1650 imaginem
3108 1583 3162 1635 in
3199 1585 3391 1650 spiritu
3427 1585 3599 1637 mentis
3622 1587 3689 1636 im-

2177 1662 2442 1717 pressam,
2481 1652 2665 1724 amisit
2698 1653 2868 1724 Adam
2902 1666 2998 1724 per
3030 1664 3340 1719 peccatum,
3366 1668 3518 1722 quam
3538 1656 3690 1724 rccipi-

2178 1735 2295 1773 mus
2325 1734 2419 1786 per
2443 1721 2674 1791 gratiam
2699 1722 2925 1790 iustitia:
2957 1722 3022 1775 ⁸⁷.
3062 1740 3082 1774 ι

2244 1810 2381 1877 Quia
2404 1813 2670 1885 enimnon
2692 1823 2802 1885 erat
2846 1814 3112 1885 possibile.
3145 1812 3295 1871 Duas
3325 1828 3475 1868 voces
3498 1833 3515 1866 ι
3541 1814 3687 1883 impos-

2104 1877 2145 1932 B
2175 1882 2364 1938 sibilei
2399 1893 2453 1936 et
2489 1877 2933 1946 «obedientiam,»
2960 1887 3289 1937 auctoritate
3314 1886 3507 1938 veteris
3526 1877 3686 1941 codicis

2178 1966 2454 2007 removere
2481 1968 2585 2006 non
2608 1952 3393 2023 dubitavimus,oppositasque
3423 1956 3681 2023 «possibile:

2175 2030 2229 2078 et
2282 2023 2765 2076 tinobedientiami
2798 2024 3153 2084 substituere,
3191 2031 3250 2075 ut
3281 2039 3467 2077 sensus
3494 2028 3584 2077 sit:
3614 2042 3684 2079 ne-

2174 2093 2471 2148 cessarium
2494 2090 2659 2146 fuisse
2688 2092 2999 2163 hominibus
3017 2093 3298 2147 Christum
3324 2095 3680 2163 redemptorem,

2172 2178 2295 2217 cum
2356 2170 2507 2215 tanto
2550 2162 2761 2215 muneri
2814 2163 2999 2216 facere
3044 2164 3179 2217 satis
3212 2162 3531 2231 nequivisset
3579 2167 3683 2221 ullus

2173 2232 2314 2287 alius
2336 2235 2402 2286 ab
2427 2246 2513 2286 eo.
2545 2234 2720 2299 Atque
2750 2232 2890 2285 hanc
2919 2246 3040 2286 esse
3072 2234 3266 2287 Irentei
3301 2244 3521 2287 mentem
3551 2240 3681 2286 mani-

2173 2302 2482 2372 iestissime
2525 2300 2765 2355 iudicant
2797 2316 2883 2366 ea,
2915 2317 3035 2371 quce
3058 2304 3110 2355 in
3145 2307 3299 2357 calce
3332 2302 3485 2372 hujus
3528 2306 3681 2372 capitis

2172 2371 2676 2427 habenturJreumo
2711 2375 3005 2425 subscribit
3028 2372 3364 2427 Athanasius
3383 2371 3513 2427 orat.
3539 2375 3567 2423 3
3583 2371 3680 2425 eon-

2174 2450 2256 2497 tra
2278 2444 2531 2503 Arianos,
2557 2452 2610 2494 et
2640 2442 2795 2495 initio
2826 2441 2951 2495 libri
2995 2442 3071 2495 De
3125 2443 3486 2496 incarnatione
3536 2442 3679 2509 Verbi,-

2170 2514 2265 2566 sed
2321 2520 2578 2566 accurate
2618 2512 3040 2580 disputationem
3091 2512 3237 2567 hanc
3283 2523 3563 2581 pertractat
3596 2514 3678 2564 Au-

2170 2582 2374 2635 selmus
2414 2584 2621 2635 duobus
2670 2582 2844 2647 libris,
2874 2584 3071 2649 quibus
3100 2597 3303 2636 nomen
3364 2585 3503 2636 dedit
3542 2600 3553 2635 :
3600 2582 3680 2635 Car

2172 2651 2311 2704 Deus
2356 2653 2530 2707 homo.
2604 2650 2667 2704 D.
2720 2650 2915 2705 Petrus
2981 2654 3122 2720 apud
3172 2650 3494 2706 Clementem
3542 2652 3618 2705 lib.
3668 2666 3680 2705 t

2169 2721 2397 2792 Itecogn.
2448 2724 2649 2776 asserit
2680 2762 2697 2785 ,
2761 2723 3146 2790 «impossibile
3202 2721 3371 2777 fuisse
3428 2724 3678 2776 mortaliqu

2170 2791 2314 2845 mala
2366 2793 2581 2861 purgari
2641 2807 2735 2859 per
2788 2792 2976 2845 alium.
3018 2811 3037 2844 ι
3077 2791 3368 2845 Consentit
3418 2793 3494 2847 bis
3539 2794 3679 2845 verbis

2168 2863 2536 2932 Augustinus:
2566 2881 2585 2913 ι
2624 2863 2854 2917 Necesse
2886 2873 3004 2916 erat
3063 2863 3215 2915 illum
3252 2864 3514 2915 hominem
3571 2876 3675 2923 esse.

2169 2938 2257 2999 qui
2285 2934 2461 2987 occidi
2490 2943 2667 3001 posset
2694 2949 2709 2997 ;
2744 2943 2799 2987 et
2830 2932 3019 2996 Deum,
3049 2933 3143 3001 qui
3177 2934 3317 2988 mori
3345 2933 3569 3001 nequiret
3591 2932 3675 2981 “.i

2236 3022 2306 3105 Et
2331 3027 2655 3079 incantatus.
2684 3024 2820 3081 Octo
2856 3029 2957 3082 has
2980 3039 3137 3079 voces
3167 3038 3235 3079 ex
3274 3031 3380 3077 vet.
3411 3024 3521 3079 cod.
3555 3022 3676 3075 resti-

2173 3106 2395 3148 luimus.

2239 3188 2533 3256 Atiingitur.
2588 3187 2960 3256 Expunximus
3027 3204 3047 3237 ι
3104 3185 3377 3255 anigitur;
3419 3204 3436 3238 ι
3501 3193 3548 3239 et
3587 3197 3676 3236 mox

2176 3277 2194 3311 ι
2224 3257 2389 3321 Horo,
2418 3259 2469 3309 id
2501 3268 2587 3311 est
2649 3260 2739 3311 lini
2773 3276 2793 3308 ι
2831 3260 3167 3327 reposuimus
3214 3274 3354 3328 proc
3381 3258 3507 3322 loro,
3536 3256 3579 3309 id
3615 3260 3677 3307 est

2171 3330 2304 3389 funi,
2340 3346 2361 3378 ι
2399 3337 2543 3380 auct.
2574 3338 2683 3380 vct.
2713 3329 2834 3380 cod.

2241 3397 2579 3467 Manifestum
2601 3408 2673 3449 est
2700 3399 2881 3466 igitur.
2911 3394 3032 3451 Hzec
3056 3396 3429 3453 Theodoretus
3452 3397 3497 3447 in
3514 3392 3677 3467 dialogo

2168 3468 2201 3522 5
2224 3482 2291 3524 ex
2327 3468 2528 3521 Irenaeo
2561 3467 2884 3520 nominatim
2919 3470 3258 3534 transcribit,
3297 3480 3459 3535 usque
3485 3466 3542 3517 ad
3562 3466 3677 3535 illud:

2173 3558 2191 3590 ι
2228 3548 2284 3593 et
2315 3539 2535 3602 iterum,
2568 3546 2621 3591 et
2646 3548 2816 3606 periet
2845 3537 3114 3603 iulirmus,
3157 3556 3177 3589 ι
3212 3533 3344 3604 etc.,
3376 3533 3430 3590 ut
3465 3549 3549 3589 suo
3588 3533 3679 3585 loco

2207 3623 2471 3663 OSUIIIIUS.

2168 3622 2548 3747 υθῖιῖιὲἶύεἷίο.
2585 3674 2652 3729 Et
2672 3678 2856 3746 periet.
2894 3676 3073 3732 Vcter.
3122 3678 3247 3733 cod.
3296 3673 3589 3732 auctoritate
3619 3672 3678 3725 sic

2168 3764 2267 3820 pro
2294 3766 2313 3799 ι
2363 3758 2550 3816 pereat
2584 3765 2603 3820 ρ
2647 3762 2754 3820 non
2773 3747 3464 3820 dubitavimusreponere,
3496 3758 3600 3820 cum
3636 3753 3677 3795 et

2168 3814 2455 3875 Graece—sit
2517 3816 2611 3870 καὶ
2663 3817 2965 3883 ἀπολεῖται,
2997 3829 3051 3872 et
3090 3814 3394 3885 huiusmodi
3434 3814 3676 3885 verborum

2169 3891 2374 3945 formas
2424 3888 2587 3957 prisci
2642 3890 2941 3956 scriptorcs
3000 3883 3359 3943 ecclesiastici
3422 3883 3678 3952 frequentet

2168 3956 2500 4027 usurparint.
2585 3959 2864 4011 Arnobius
2925 3958 3220 4014 Comment.
3282 3960 3339 4013 in
3391 3956 3517 4027 psal.
3572 3966 3676 4004 xx:

2175 4049 2194 4083 ι
2231 4030 2465 4085 Fructus
2488 4043 2676 4083 eorum
2708 4032 2798 4095 qui
2825 4029 3084 4082 increduli
3115 4034 3481 4097 perseverant,
3512 4038 3537 4076 ιι
3564 4033 3677 4077 terra

2169 4101 2402 4172 perierit.
2432 4118 2451 4151 ι
2484 4098 2551 4152 Et
2584 4101 2636 4152 in
2674 4099 2810 4172 psa_l.
2840 4102 3100 4172 ιλᾼχιηίιιι
3132 4101 3309 4172 tribus
3336 4100 3502 4161 lineis,
3530 4104 3678 4172 qua-ter

2173 4167 2191 4224 ἱ
2223 4170 2397 4224 [loriet
2430 4188 2449 4222 ι
2482 4167 2729 4238 usurpat.
2757 4167 2976 4224 Lucifer
3011 4169 3238 4225 Calarit.
3276 4170 3371 4223 lib.
3396 4183 3432 4232 ι,
3453 4168 3677 4238 prosilia-

2168 4242 2353 4297 nasio:
2402 4259 2422 4292 ι
2479 4236 2735 4294 Memoria
2770 4242 3058 4309 impiorum
3094 4242 3289 4308 periet.
3314 4257 3333 4290 ι
3369 4236 3677 4302 Conqueritur

2166 4312 2525 4380 Augustinus,
2553 4312 2692 4377 quod
2728 4311 2794 4363 de
2818 4327 2913 4365 ore
2935 4312 3269 4364 cantantium
3297 4324 3405 4363 sua:
3434 4310 3677 4359 dimtzescos

2169 4379 2490 4452 populorum
2536 4379 2756 4433 auferre
2784 4396 2893 4434 non
2947 4381 3214 4448 potuerit;
3277 4398 3316 4452 r
3358 4382 3518 4452 Super
3542 4379 3675 4449 ipsum

2168 4448 2349 4507 autem
2386 4450 2561 4506 ﬂoriet
2612 4454 2976 4504 sanctilicatio
3011 4466 3166 4517 mea;
3195 4470 3213 4502 ι
3254 4450 3386 4503 adeo
3442 4448 3550 4500 huic
3586 4448 3673 4517 tot!

2171 4530 2546 4577 assueveraut.
2583 4519 2749 4573 Paulo
2795 4533 2914 4588 post
2958 4524 3122 4575 etiam
3153 4513 3188 4570 ἐ
3243 4520 3546 4581 decubuit,i
3585 4513 3675 4567 loco

2097 4568 2142 4624 Β
2171 4568 2496 4647 ῖιῘὶειειιὺιιὶι
2525 4609 2544 4641 ι
2579 4568 2990 4656 substituimus,
3020 4606 3085 4644 ex
3113 4601 3221 4645 vet.
3252 4593 3369 4644 cod.

2231 4662 2300 4718 In
2329 4662 2522 4717 Christi
2555 4664 2781 4715 nomine.
2825 4663 3023 4715 Eadem
3069 4663 3181 4715 fere
3224 4662 3292 4715 ad
3321 4659 3525 4713 verbum
3555 4656 3674 4709 docet

2159 4736 2483 4794 Ambrosius
2524 4733 2617 4786 lib.
2649 4746 2664 4784 ι
2693 4732 2771 4785 De
2796 4730 2999 4802 Spiritu
3027 4744 3230 4797 sancto,
3257 4748 3375 4801 cap.
3399 4732 3448 4785 ὅ.
3497 4796 3512 4802 Α
3627 4790 3651 4802 Α,

2232 4806 2546 4860 Salvaverit.
2585 4796 2892 4857 Delevimus
2930 4821 2948 4855 ι
2988 4796 3253 4869 salvabit;
3288 4796 3395 4855 {et
3440 4796 3672 4871 infratli-

2163 4890 2325 4941 mete,
2355 4895 2375 4928 ι
2404 4891 2503 4945 pro
2537 4892 2556 4925 ι
2600 4874 2855 4928 timentes
2884 4894 2902 4926 ι
2945 4885 3055 4928 vet.
3096 4875 3217 4929 cod.
3251 4883 3394 4927 auct.
3444 4872 3671 4924 substitui-

2159 4965 2298 5001 HIIIS.
3544 5004 3571 5009 __
3645 4998 3669 5009 ..

2229 4999 2331 5084 Qui
2358 5015 2617 5087 ﬂagellari
2642 5025 2691 5070 et
2719 5015 2883 5087 occidi
2902 5015 3167 5067 haberent.
3198 5015 3252 5068 ld
3292 5021 3373 5069 est
3423 4999 3669 5081 ﬂagellaudi

2158 5102 2214 5145 et
2247 5085 2528 5143 occidendi
2564 5096 2741 5142 erant.
2780 5085 2871 5139 Sic
2906 5097 2961 5138 et
3010 5086 3171 5148 inl‘ra,
3215 5104 3233 5136 ι
3256 5094 3306 5139 et
3339 5098 3430 5139 nos
3476 5093 3577 5134 eum
3611 5087 3669 5123 ni-

2159 5162 2453 5233 cipiemus_
2482 5173 2605 5213 vere
2632 5161 2819 5233 pati_,_i
2873 5156 3114 5233 ingipere
3146 5157 3278 5233 pati,
3320 5164 3404 5233 est
3436 5154 3667 5233 ρειξευῖξξψ

2162 5222 2306 5293 esse,
2342 5241 2399 5281 ut
2429 5228 2587 5283 Joan.
2632 5222 2705 5292 iv,
2730 5227 2798 5282 47
2852 5244 2889 5299 :_
2927 5222 3287 5299 immissa?
3342 5222 3664 5299 (inmanisﬁt?!

2167 5292 2494 5369 sincipiebat
2543 5303 2689 5355 enim
2756 5292 2986 5362 mori;'i
3024 5310 3079 5351 et
3128 5292 3283 5351 Lucae
3333 5311 3422 5358 vn,
3452 5292 3666 5356 2.603196

2164 5372 2363 5445 ἦμελλε
2390 5372 2645 5445 τελευτᾷν
2682 5410 2696 5434 ,
2734 5390 2753 5422 ι
2782 5384 2973 5445 servus
3004 5380 3123 5425 erat
3144 5369 3455 5445 interiturus.
3484 5381 3500 5413 ι

2230 5445 2333 5509 Qui
2361 5425 2823 5512 confunderentur.
2862 5440 3026 5495 Vetus
3056 5444 3177 5495 cod.
3204 5425 3662 5512 δίιιιμιιιῑίιιὶιΙιιιξιςξΔί

2165 5534 2184 5567 ι
2225 5494 3041 5569 sonit—induerentconfessionem
3071 5494 3209 5579 ejus.
3246 5528 3265 5562 ι
3300 5494 3465 5576 Atque
3488 5506 3544 5553 ita
3580 5494 3665 5579 Ῑςξθ

2162 5588 2291 5656 legit
2323 5586 2717 5640 'l‘ertulliauus:
2763 5605 2781 5639 ι
2808 5586 3002 5640 Salvus
3033 5575 3176 5649 sum,
3226 5584 3320 5646 ait,
3357 5575 3396 5633 si
3431 5589 3520 5629 non
3565 5575 3662 5618 cou-

2230 5816 2275 5853 “
2310 5818 2505 5891 Ephes.
2535 5838 2577 5891 t,
2609 5824 2694 5881 15.
2752 5898 2767 5899 η
2831 5819 2873 5851 ⁸⁷
2896 5819 2958 5876 L.
2992 5834 3041 5873 Vi
3070 5818 3131 5875 dc
3161 5812 3315 5881 Gem,
3351 5827 3393 5865 ς.
3418 5803 3476 5860 Ξᾶ
3512 5807 3555 5855 ct
3590 5789 3657 5847 27η
