  <div class='ocr_page' id='page_1' title='image "/cluster/home/n/w/nwhite01/storage/ocr_20150623/7/hvd.32044019206614/840.png"; bbox 0 0 3970 6378; ppageno 0'>
   <div class='ocr_carea' id='block_1_1' title="bbox 261 396 393 452">
    <p class='ocr_par' dir='ltr' id='par_1_1' title="bbox 261 396 393 452">
     <span class='ocr_line' id='line_1_1' title="bbox 261 396 393 452; baseline -0.015 0"><span class='ocrx_word' id='word_1_1' title='bbox 261 396 393 452; x_wconf 78' lang='grc'><strong>1661</strong></span> 
     </span>
    </p>
   </div>
   <div class='ocr_carea' id='block_1_2' title="bbox 1517 398 2257 461">
    <p class='ocr_par' dir='ltr' id='par_1_2' title="bbox 1517 398 2257 461">
     <span class='ocr_line' id='line_1_2' title="bbox 1517 398 2257 461; baseline 0.008 -8"><span class='ocrx_word' id='word_1_2' title='bbox 1517 398 1585 454; x_wconf 82' lang='lat' dir='ltr'><strong>IN</strong></span> <span class='ocrx_word' id='word_1_3' title='bbox 1616 399 1741 455; x_wconf 83' lang='lat' dir='ltr'><strong>LIB.</strong></span> <span class='ocrx_word' id='word_1_4' title='bbox 1784 398 1852 456; x_wconf 90' lang='grc'><strong>111</strong></span> <span class='ocrx_word' id='word_1_5' title='bbox 1888 399 1943 456; x_wconf 91' lang='lat' dir='ltr'><strong>S.</strong></span> <span class='ocrx_word' id='word_1_6' title='bbox 1985 398 2257 461; x_wconf 70' lang='grc' dir='ltr'><strong>ΙΒΕΝΑΞῘ.</strong></span> 
     </span>
    </p>
   </div>
   <div class='ocr_carea' id='block_1_3' title="bbox 3334 412 3514 467">
    <p class='ocr_par' dir='ltr' id='par_1_3' title="bbox 3334 412 3514 467">
     <span class='ocr_line' id='line_1_3' title="bbox 3334 412 3514 467; baseline -0.006 0"><span class='ocrx_word' id='word_1_7' title='bbox 3334 434 3345 441; x_wconf 71' lang='grc'><strong><em>’</em></strong></span> <span class='ocrx_word' id='word_1_8' title='bbox 3382 412 3514 467; x_wconf 69' lang='grc'><strong>1669.</strong></span> 
     </span>
    </p>
   </div>
   <div class='ocr_carea' id='block_1_4' title="bbox 336 496 3508 595">
    <p class='ocr_par' dir='ltr' id='par_1_4' title="bbox 336 496 3508 595">
     <span class='ocr_line' id='line_1_4' title="bbox 336 496 3508 595; baseline 0.006 -32"><span class='ocrx_word' id='word_1_9' title='bbox 336 508 584 595; x_wconf 61' lang='lat' dir='ltr'><strong>Ingratus</strong></span> <span class='ocrx_word' id='word_1_10' title='bbox 616 512 925 595; x_wconf 46' lang='lat' dir='ltr'><strong>enim.\fe_t.</strong></span> <span class='ocrx_word' id='word_1_11' title='bbox 952 514 1073 595; x_wconf 79' lang='lat' dir='ltr'><strong>cod.</strong></span> <span class='ocrx_word' id='word_1_12' title='bbox 1103 536 1113 568; x_wconf 84' lang='lat'><strong>:</strong></span> <span class='ocrx_word' id='word_1_13' title='bbox 1153 496 1635 595; x_wconf 70' lang='lat' dir='ltr'><strong>«ingratumenim</strong></span> <span class='ocrx_word' id='word_1_14' title='bbox 1665 518 1836 595; x_wconf 73' lang='lat' dir='ltr'><strong>magis</strong></span> <span class='ocrx_word' id='word_1_15' title='bbox 1864 520 1911 579; x_wconf 74' lang='grc' dir='ltr'><strong>Α</strong></span> <span class='ocrx_word' id='word_1_16' title='bbox 1937 518 2117 595; x_wconf 83' lang='lat' dir='ltr'><strong>_c_ri_bit,</strong></span> <span class='ocrx_word' id='word_1_17' title='bbox 2169 536 2294 592; x_wconf 74' lang='lat' dir='ltr'><strong>qua:</strong></span> <span class='ocrx_word' id='word_1_18' title='bbox 2325 517 2519 578; x_wconf 71' lang='lat' dir='ltr'><strong>Graece</strong></span> <span class='ocrx_word' id='word_1_19' title='bbox 2548 531 2604 577; x_wconf 94' lang='lat' dir='ltr'><strong>et</strong></span> <span class='ocrx_word' id='word_1_20' title='bbox 2629 512 2825 578; x_wconf 81' lang='lat' dir='ltr'><strong>Latine</strong></span> <span class='ocrx_word' id='word_1_21' title='bbox 2862 522 3166 595; x_wconf 70' lang='lat' dir='ltr'><strong>insequenti</strong></span> <span class='ocrx_word' id='word_1_22' title='bbox 3204 524 3381 595; x_wconf 85' lang='lat' dir='ltr'><strong>capite</strong></span> <span class='ocrx_word' id='word_1_23' title='bbox 3414 531 3508 581; x_wconf 84' lang='lat' dir='ltr'><strong>ad-</strong></span> 
     </span>
    </p>
   </div>
   <div class='ocr_carea' id='block_1_5' title="bbox 255 584 1827 653">
    <p class='ocr_par' dir='ltr' id='par_1_5' title="bbox 255 584 1827 653">
     <span class='ocr_line' id='line_1_5' title="bbox 255 584 1827 653; baseline 0.006 -20"><span class='ocrx_word' id='word_1_24' title='bbox 255 595 385 653; x_wconf 81' lang='lat' dir='ltr'><strong>eum</strong></span> <span class='ocrx_word' id='word_1_25' title='bbox 417 584 539 653; x_wconf 83' lang='lat' dir='ltr'><strong>hoc,</strong></span> <span class='ocrx_word' id='word_1_26' title='bbox 578 591 793 653; x_wconf 75' lang='lat' dir='ltr'><strong>etc.,_et</strong></span> <span class='ocrx_word' id='word_1_27' title='bbox 818 584 1183 646; x_wconf 88' lang='lat' dir='ltr'><strong>dilectionem,</strong></span> <span class='ocrx_word' id='word_1_28' title='bbox 1212 600 1371 653; x_wconf 87' lang='lat' dir='ltr'><strong>quam</strong></span> <span class='ocrx_word' id='word_1_29' title='bbox 1402 586 1637 641; x_wconf 82' lang='lat' dir='ltr'><strong>habebat</strong></span> <span class='ocrx_word' id='word_1_30' title='bbox 1683 584 1827 643; x_wconf 66' lang='lat' dir='ltr'><strong>Dens</strong></span> 
     </span>
    </p>
   </div>
   <div class='ocr_carea' id='block_1_6' title="bbox 255 650 1615 718">
    <p class='ocr_par' dir='ltr' id='par_1_6' title="bbox 255 650 1615 718">
     <span class='ocr_line' id='line_1_6' title="bbox 255 650 1615 718; baseline 0.007 -16"><span class='ocrx_word' id='word_1_31' title='bbox 255 651 311 703; x_wconf 91' lang='lat' dir='ltr'><strong>in</strong></span> <span class='ocrx_word' id='word_1_32' title='bbox 345 650 641 716; x_wconf 87' lang='lat' dir='ltr'><strong>hominem,</strong></span> <span class='ocrx_word' id='word_1_33' title='bbox 674 650 972 706; x_wconf 81' lang='lat' dir='ltr'><strong>oli&#39;tiscabat</strong></span> <span class='ocrx_word' id='word_1_34' title='bbox 999 650 1429 718; x_wconf 49' lang='lat' dir='ltr'><strong>sensnm&#39;suum,</strong></span> <span class='ocrx_word' id='word_1_35' title='bbox 1461 675 1479 707; x_wconf 88' lang='grc'><strong>)</strong></span> <span class='ocrx_word' id='word_1_36' title='bbox 1510 668 1615 711; x_wconf 87' lang='lat' dir='ltr'><strong>etc.</strong></span> 
     </span>
    </p>
   </div>
   <div class='ocr_carea' id='block_1_7' title="bbox 324 720 1827 843">
    <p class='ocr_par' dir='ltr' id='par_1_7' title="bbox 324 720 1827 843">
     <span class='ocr_line' id='line_1_7' title="bbox 324 720 1827 843; baseline 0.005 -70"><span class='ocrx_word' id='word_1_37' title='bbox 324 720 617 843; x_wconf 46' lang='lat' dir='ltr'><strong>lCognitiscat</strong></span> <span class='ocrx_word' id='word_1_38' title='bbox 662 733 857 778; x_wconf 86' lang='lat' dir='ltr'><strong>autem.</strong></span> <span class='ocrx_word' id='word_1_39' title='bbox 894 723 1203 781; x_wconf 84' lang='lat' dir='ltr'><strong>Delevimus</strong></span> <span class='ocrx_word' id='word_1_40' title='bbox 1235 726 1827 796; x_wconf 71' lang='lat' dir='ltr'><strong>«cognoscatit,i’auct.</strong></span> 
     </span>
     <span class='ocr_line' id='line_1_8' title="bbox 352 805 532 843; baseline -0.006 -2"><span class='ocrx_word' id='word_1_41' title='bbox 352 827 368 841; x_wconf 94' lang='lat'><strong>.</strong></span> <span class='ocrx_word' id='word_1_42' title='bbox 410 805 475 843; x_wconf 93' lang='lat' dir='ltr'><strong>co</strong></span> <span class='ocrx_word' id='word_1_43' title='bbox 520 829 532 840; x_wconf 93' lang='lat'><strong>.</strong></span> 
     </span>
    </p>
   </div>
   <div class='ocr_carea' id='block_1_8' title="bbox 254 800 532 844">
    <p class='ocr_par' dir='ltr' id='par_1_8' title="bbox 254 800 532 844">
     <span class='ocr_line' id='line_1_9' title="bbox 254 800 532 844; baseline -0.007 -2"><span class='ocrx_word' id='word_1_44' title='bbox 254 800 368 842; x_wconf 67' lang='grc' dir='ltr'>νει.</span> <span class='ocrx_word' id='word_1_45' title='bbox 410 800 532 844; x_wconf 78' lang='lat' dir='ltr'><strong>COd.</strong></span> 
     </span>
    </p>
   </div>
   <div class='ocr_carea' id='block_1_9' title="bbox 325 858 1825 930">
    <p class='ocr_par' dir='ltr' id='par_1_9' title="bbox 325 858 1825 930">
     <span class='ocr_line' id='line_1_10' title="bbox 325 858 1825 930; baseline 0.006 -17"><span class='ocrx_word' id='word_1_46' title='bbox 325 858 459 930; x_wconf 83' lang='lat' dir='ltr'><strong>Pag.</strong></span> <span class='ocrx_word' id='word_1_47' title='bbox 499 859 626 915; x_wconf 72' lang='lat' dir='ltr'><strong>2H.</strong></span> <span class='ocrx_word' id='word_1_48' title='bbox 653 858 855 916; x_wconf 77' lang='lat' dir='ltr'><strong>Factus</strong></span> <span class='ocrx_word' id='word_1_49' title='bbox 890 873 987 921; x_wconf 75' lang='lat' dir='ltr'><strong>est.</strong></span> <span class='ocrx_word' id='word_1_50' title='bbox 1016 862 1345 920; x_wconf 80' lang='lat' dir='ltr'><strong>Vertendnm</strong></span> <span class='ocrx_word' id='word_1_51' title='bbox 1373 874 1511 929; x_wconf 89' lang='lat' dir='ltr'><strong>erat,</strong></span> <span class='ocrx_word' id='word_1_52' title='bbox 1540 884 1558 917; x_wconf 76' lang='grc' dir='ltr'><strong>ι</strong></span> <span class='ocrx_word' id='word_1_53' title='bbox 1621 866 1825 922; x_wconf 77' lang='lat' dir='ltr'><strong>factum</strong></span> 
     </span>
    </p>
   </div>
   <div class='ocr_carea' id='block_1_10' title="bbox 250 933 1831 1007">
    <p class='ocr_par' dir='ltr' id='par_1_10' title="bbox 250 933 1831 1007">
     <span class='ocr_line' id='line_1_11' title="bbox 250 933 1831 1007; baseline 0.006 -25"><span class='ocrx_word' id='word_1_54' title='bbox 250 938 364 995; x_wconf 83' lang='lat' dir='ltr'><strong>est,</strong></span> <span class='ocrx_word' id='word_1_55' title='bbox 392 949 411 983; x_wconf 70' lang='grc' dir='ltr'><strong>ι</strong></span> <span class='ocrx_word' id='word_1_56' title='bbox 450 942 695 1007; x_wconf 68' lang='lat' dir='ltr'><strong>propter</strong></span> <span class='ocrx_word' id='word_1_57' title='bbox 734 937 1062 989; x_wconf 83' lang='lat' dir='ltr'><strong>antecedens</strong></span> <span class='ocrx_word' id='word_1_58' title='bbox 1110 954 1128 986; x_wconf 75' lang='grc' dir='ltr'><strong>ι</strong></span> <span class='ocrx_word' id='word_1_59' title='bbox 1172 933 1426 1007; x_wconf 83' lang='lat' dir='ltr'><strong>Verbum,</strong></span> <span class='ocrx_word' id='word_1_60' title='bbox 1452 957 1470 988; x_wconf 76' lang='grc' dir='ltr'><strong><em>ι</em></strong></span> <span class='ocrx_word' id='word_1_61' title='bbox 1516 938 1617 992; x_wconf 91' lang='lat' dir='ltr'><strong>nisi</strong></span> <span class='ocrx_word' id='word_1_62' title='bbox 1674 938 1831 1007; x_wconf 82' lang='grc' dir='ltr'><strong>λόγος</strong></span> 
     </span>
    </p>
   </div>
   <div class='ocr_carea' id='block_1_11' title="bbox 251 1002 1831 1077">
    <p class='ocr_par' dir='ltr' id='par_1_11' title="bbox 251 1002 1831 1077">
     <span class='ocr_line' id='line_1_12' title="bbox 251 1002 1831 1077; baseline 0.008 -25"><span class='ocrx_word' id='word_1_63' title='bbox 251 1002 612 1077; x_wconf 68' lang='lat' dir='ltr'><strong>masculinam</strong></span> <span class='ocrx_word' id='word_1_64' title='bbox 645 1007 1201 1077; x_wconf 67' lang='lat' dir='ltr'><strong>vocemrespexisset</strong></span> <span class='ocrx_word' id='word_1_65' title='bbox 1250 1006 1547 1077; x_wconf 82' lang='lat' dir='ltr'><strong>interpres:</strong></span> <span class='ocrx_word' id='word_1_66' title='bbox 1590 1002 1831 1074; x_wconf 77' lang='lat' dir='ltr'><strong>quodet</strong></span> 
     </span>
    </p>
   </div>
   <div class='ocr_carea' id='block_1_12' title="bbox 250 1069 1823 1152">
    <p class='ocr_par' dir='ltr' id='par_1_12' title="bbox 250 1069 1823 1152">
     <span class='ocr_line' id='line_1_13' title="bbox 250 1069 1823 1152; baseline 0.007 -30"><span class='ocrx_word' id='word_1_67' title='bbox 250 1069 385 1152; x_wconf 80' lang='lat' dir='ltr'><strong>alibi</strong></span> <span class='ocrx_word' id='word_1_68' title='bbox 412 1069 729 1139; x_wconf 80' lang='lat' dir='ltr'><strong>frequenter</strong></span> <span class='ocrx_word' id='word_1_69' title='bbox 754 1075 902 1152; x_wconf 67' lang='lat' dir='ltr'><strong>facit.</strong></span> <span class='ocrx_word' id='word_1_70' title='bbox 948 1069 1114 1131; x_wconf 78' lang='lat' dir='ltr'><strong>Paulo</strong></span> <span class='ocrx_word' id='word_1_71' title='bbox 1166 1086 1310 1146; x_wconf 86' lang='lat' dir='ltr'><strong>post,</strong></span> <span class='ocrx_word' id='word_1_72' title='bbox 1349 1095 1368 1129; x_wconf 75' lang='grc' dir='ltr'><strong>ι</strong></span> <span class='ocrx_word' id='word_1_73' title='bbox 1396 1069 1764 1145; x_wconf 77' lang='lat' dir='ltr'><strong>assuesceret,</strong></span> <span class='ocrx_word' id='word_1_74' title='bbox 1803 1100 1823 1133; x_wconf 70' lang='grc' dir='ltr'><strong>ι</strong></span> 
     </span>
    </p>
   </div>
   <div class='ocr_carea' id='block_1_13' title="bbox 250 1145 1132 1209">
    <p class='ocr_par' dir='ltr' id='par_1_13' title="bbox 250 1145 1132 1209">
     <span class='ocr_line' id='line_1_14' title="bbox 250 1145 1132 1209; baseline 0.006 -15"><span class='ocrx_word' id='word_1_75' title='bbox 250 1145 476 1209; x_wconf 87' lang='lat' dir='ltr'><strong>ponitur</strong></span> <span class='ocrx_word' id='word_1_76' title='bbox 513 1156 631 1209; x_wconf 92' lang='lat' dir='ltr'><strong>pro,</strong></span> <span class='ocrx_word' id='word_1_77' title='bbox 660 1162 678 1194; x_wconf 78' lang='grc' dir='ltr'><strong>ι</strong></span> <span class='ocrx_word' id='word_1_78' title='bbox 697 1145 1083 1200; x_wconf 74' lang='lat' dir='ltr'><strong>assuefaceret.</strong></span> <span class='ocrx_word' id='word_1_79' title='bbox 1113 1166 1132 1199; x_wconf 87' lang='grc'><strong>)</strong></span> 
     </span>
    </p>
   </div>
   <div class='ocr_carea' id='block_1_14' title="bbox 332 1208 1825 1289">
    <p class='ocr_par' dir='ltr' id='par_1_14' title="bbox 332 1208 1825 1289">
     <span class='ocr_line' id='line_1_15' title="bbox 332 1208 1825 1289; baseline 0.007 -27"><span class='ocrx_word' id='word_1_80' title='bbox 332 1208 453 1264; x_wconf 88' lang='grc' dir='ltr'><strong>Νοη</strong></span> <span class='ocrx_word' id='word_1_81' title='bbox 484 1208 737 1267; x_wconf 80' lang='lat' dir='ltr'><strong>habebant</strong></span> <span class='ocrx_word' id='word_1_82' title='bbox 764 1217 979 1289; x_wconf 70' lang='lat' dir='ltr'><strong>saluari.</strong></span> <span class='ocrx_word' id='word_1_83' title='bbox 1018 1216 1206 1289; x_wconf 62' lang='lat' dir='ltr'><strong>Craice</strong></span> <span class='ocrx_word' id='word_1_84' title='bbox 1263 1218 1364 1271; x_wconf 79' lang='grc' dir='ltr'>οὐκ</span> <span class='ocrx_word' id='word_1_85' title='bbox 1387 1213 1532 1289; x_wconf 75' lang='grc' dir='ltr'>εἶχον</span> <span class='ocrx_word' id='word_1_86' title='bbox 1563 1218 1825 1289; x_wconf 82' lang='grc' dir='ltr'><strong>σωθῆναι,</strong></span> 
     </span>
    </p>
   </div>
   <div class='ocr_carea' id='block_1_15' title="bbox 250 1287 1825 1359">
    <p class='ocr_par' dir='ltr' id='par_1_15' title="bbox 250 1287 1825 1359">
     <span class='ocr_line' id='line_1_16' title="bbox 250 1287 1825 1359; baseline 0.007 -25"><span class='ocrx_word' id='word_1_87' title='bbox 250 1294 363 1335; x_wconf 89' lang='lat' dir='ltr'><strong>non</strong></span> <span class='ocrx_word' id='word_1_88' title='bbox 386 1292 635 1351; x_wconf 83' lang='lat' dir='ltr'><strong>poterant</strong></span> <span class='ocrx_word' id='word_1_89' title='bbox 660 1288 894 1347; x_wconf 87' lang='lat' dir='ltr'><strong>salvari;</strong></span> <span class='ocrx_word' id='word_1_90' title='bbox 928 1296 985 1340; x_wconf 93' lang='lat' dir='ltr'><strong>ut</strong></span> <span class='ocrx_word' id='word_1_91' title='bbox 1012 1287 1119 1358; x_wconf 81' lang='grc' dir='ltr'><strong>ἔχω</strong></span> <span class='ocrx_word' id='word_1_92' title='bbox 1142 1287 1339 1357; x_wconf 80' lang='grc' dir='ltr'><strong>λέγειν,</strong></span> <span class='ocrx_word' id='word_1_93' title='bbox 1370 1287 1592 1359; x_wconf 81' lang='lat' dir='ltr'><strong>possunt</strong></span> <span class='ocrx_word' id='word_1_94' title='bbox 1618 1287 1825 1346; x_wconf 80' lang='lat' dir='ltr'><strong>dicere.</strong></span> 
     </span>
    </p>
   </div>
   <div class='ocr_carea' id='block_1_16' title="bbox 538 1404 1546 1476">
    <p class='ocr_par' dir='ltr' id='par_1_16' title="bbox 538 1404 1546 1476">
     <span class='ocr_line' id='line_1_17' title="bbox 538 1404 1546 1476; baseline 0.002 -18"><span class='ocrx_word' id='word_1_95' title='bbox 538 1404 790 1476; x_wconf 76' lang='lat' dir='ltr'><strong>Ejusdem</strong></span> <span class='ocrx_word' id='word_1_96' title='bbox 830 1404 1193 1460; x_wconf 69' lang='lat' dir='ltr'><strong>adnotatione:</strong></span> <span class='ocrx_word' id='word_1_97' title='bbox 1222 1406 1276 1459; x_wconf 83' lang='lat' dir='ltr'><strong>in</strong></span> <span class='ocrx_word' id='word_1_98' title='bbox 1313 1422 1431 1475; x_wconf 86' lang='lat' dir='ltr'><strong>cap.</strong></span> <span class='ocrx_word' id='word_1_99' title='bbox 1456 1405 1546 1460; x_wconf 72' lang='grc'><strong>25.</strong></span> 
     </span>
    </p>
   </div>
   <div class='ocr_carea' id='block_1_17' title="bbox 323 1494 1829 1568">
    <p class='ocr_par' dir='ltr' id='par_1_17' title="bbox 323 1494 1829 1568">
     <span class='ocr_line' id='line_1_18' title="bbox 323 1494 1829 1568; baseline 0.004 -19"><span class='ocrx_word' id='word_1_100' title='bbox 323 1494 454 1568; x_wconf 76' lang='lat' dir='ltr'><strong>Pag.</strong></span> <span class='ocrx_word' id='word_1_101' title='bbox 480 1498 609 1552; x_wconf 73' lang='lat' dir='ltr'><strong>2H.</strong></span> <span class='ocrx_word' id='word_1_102' title='bbox 650 1497 873 1561; x_wconf 79' lang='lat' dir='ltr'><strong>Rursus,</strong></span> <span class='ocrx_word' id='word_1_103' title='bbox 901 1500 1151 1568; x_wconf 76' lang='lat' dir='ltr'><strong>quoniam</strong></span> <span class='ocrx_word' id='word_1_104' title='bbox 1181 1515 1343 1566; x_wconf 85' lang='lat' dir='ltr'><strong>neque</strong></span> <span class='ocrx_word' id='word_1_105' title='bbox 1375 1498 1547 1553; x_wconf 84' lang='lat' dir='ltr'><strong>homo.</strong></span> <span class='ocrx_word' id='word_1_106' title='bbox 1577 1497 1829 1567; x_wconf 89' lang='lat' dir='ltr'><strong>Oportuit</strong></span> 
     </span>
    </p>
   </div>
   <div class='ocr_carea' id='block_1_18' title="bbox 246 1565 1829 1640">
    <p class='ocr_par' dir='ltr' id='par_1_18' title="bbox 246 1565 1829 1640">
     <span class='ocr_line' id='line_1_19' title="bbox 246 1565 1829 1640; baseline 0.002 -18"><span class='ocrx_word' id='word_1_107' title='bbox 246 1565 593 1640; x_wconf 83' lang='lat' dir='ltr'><strong>Salvatorem</strong></span> <span class='ocrx_word' id='word_1_108' title='bbox 641 1569 822 1622; x_wconf 89' lang='lat' dir='ltr'><strong>mundi</strong></span> <span class='ocrx_word' id='word_1_109' title='bbox 864 1565 984 1624; x_wconf 76' lang='lat' dir='ltr'><strong>esse</strong></span> <span class='ocrx_word' id='word_1_110' title='bbox 1018 1585 1203 1624; x_wconf 90' lang='lat' dir='ltr'><strong>verum</strong></span> <span class='ocrx_word' id='word_1_111' title='bbox 1248 1570 1541 1631; x_wconf 89' lang='lat' dir='ltr'><strong>hominem,</strong></span> <span class='ocrx_word' id='word_1_112' title='bbox 1588 1565 1679 1638; x_wconf 82' lang='lat' dir='ltr'><strong>qui</strong></span> <span class='ocrx_word' id='word_1_113' title='bbox 1730 1588 1829 1640; x_wconf 85' lang='lat' dir='ltr'><strong>pro</strong></span> 
     </span>
    </p>
   </div>
   <div class='ocr_carea' id='block_1_19' title="bbox 247 1638 1825 1711">
    <p class='ocr_par' dir='ltr' id='par_1_19' title="bbox 247 1638 1825 1711">
     <span class='ocr_line' id='line_1_20' title="bbox 247 1638 1825 1711; baseline 0.003 -20"><span class='ocrx_word' id='word_1_114' title='bbox 247 1638 412 1692; x_wconf 91' lang='lat' dir='ltr'><strong>nobis</strong></span> <span class='ocrx_word' id='word_1_115' title='bbox 439 1649 716 1707; x_wconf 84' lang='lat' dir='ltr'><strong>pateretur</strong></span> <span class='ocrx_word' id='word_1_116' title='bbox 740 1648 793 1691; x_wconf 91' lang='lat' dir='ltr'><strong>et</strong></span> <span class='ocrx_word' id='word_1_117' title='bbox 822 1650 1168 1711; x_wconf 88' lang='lat' dir='ltr'><strong>moreretur;</strong></span> <span class='ocrx_word' id='word_1_118' title='bbox 1214 1640 1341 1693; x_wconf 89' lang='lat' dir='ltr'><strong>item</strong></span> <span class='ocrx_word' id='word_1_119' title='bbox 1387 1650 1441 1693; x_wconf 88' lang='lat' dir='ltr'><strong>et</strong></span> <span class='ocrx_word' id='word_1_120' title='bbox 1493 1644 1685 1706; x_wconf 88' lang='lat' dir='ltr'><strong>Deum,</strong></span> <span class='ocrx_word' id='word_1_121' title='bbox 1730 1638 1825 1711; x_wconf 75' lang='lat' dir='ltr'><strong>qui</strong></span> 
     </span>
    </p>
   </div>
   <div class='ocr_carea' id='block_1_20' title="bbox 244 1710 1539 1778">
    <p class='ocr_par' dir='ltr' id='par_1_20' title="bbox 244 1710 1539 1778">
     <span class='ocr_line' id='line_1_21' title="bbox 244 1710 1539 1778; baseline 0.001 -17"><span class='ocrx_word' id='word_1_122' title='bbox 244 1718 472 1777; x_wconf 88' lang='lat' dir='ltr'><strong>peccata</strong></span> <span class='ocrx_word' id='word_1_123' title='bbox 498 1712 801 1763; x_wconf 77' lang='lat' dir='ltr'><strong>remitteret</strong></span> <span class='ocrx_word' id='word_1_124' title='bbox 830 1719 992 1778; x_wconf 88' lang='lat' dir='ltr'><strong>atque</strong></span> <span class='ocrx_word' id='word_1_125' title='bbox 1021 1710 1259 1764; x_wconf 86' lang='lat' dir='ltr'><strong>salvaret</strong></span> <span class='ocrx_word' id='word_1_126' title='bbox 1281 1724 1310 1763; x_wconf 88' lang='lat' dir='ltr'><strong>a</strong></span> <span class='ocrx_word' id='word_1_127' title='bbox 1344 1719 1539 1763; x_wconf 91' lang='lat' dir='ltr'><strong>morte.</strong></span> 
     </span>
    </p>
   </div>
   <div class='ocr_carea' id='block_1_21' title="bbox 322 1778 1823 1849">
    <p class='ocr_par' dir='ltr' id='par_1_21' title="bbox 322 1778 1823 1849">
     <span class='ocr_line' id='line_1_22' title="bbox 322 1778 1823 1849; baseline 0.001 -15"><span class='ocrx_word' id='word_1_128' title='bbox 322 1778 449 1834; x_wconf 86' lang='lat' dir='ltr'><strong>Sine</strong></span> <span class='ocrx_word' id='word_1_129' title='bbox 465 1795 643 1834; x_wconf 81' lang='lat' dir='ltr'><strong>carne.</strong></span> <span class='ocrx_word' id='word_1_130' title='bbox 668 1778 886 1849; x_wconf 77' lang='lat' dir='ltr'><strong>Angelis</strong></span> <span class='ocrx_word' id='word_1_131' title='bbox 908 1794 1135 1847; x_wconf 89' lang='lat' dir='ltr'><strong>corpora</strong></span> <span class='ocrx_word' id='word_1_132' title='bbox 1164 1780 1379 1847; x_wconf 89' lang='lat' dir='ltr'><strong>propria</strong></span> <span class='ocrx_word' id='word_1_133' title='bbox 1404 1781 1647 1834; x_wconf 83' lang='lat' dir='ltr'><strong>tribuunt</strong></span> <span class='ocrx_word' id='word_1_134' title='bbox 1672 1782 1823 1836; x_wconf 90' lang='lat' dir='ltr'><strong>multi</strong></span> 
     </span>
    </p>
   </div>
   <div class='ocr_carea' id='block_1_22' title="bbox 1938 589 2210 645">
    <p class='ocr_par' dir='ltr' id='par_1_22' title="bbox 1938 589 2210 645">
     <span class='ocr_line' id='line_1_23' title="bbox 1938 589 2210 645; baseline 0 0"><span class='ocrx_word' id='word_1_135' title='bbox 1938 589 2210 645; x_wconf 61' lang='lat' dir='ltr'><strong>iicietttur.</strong></span> 
     </span>
    </p>
   </div>
   <div class='ocr_carea' id='block_1_23' title="bbox 1929 606 3215 731">
    <p class='ocr_par' dir='ltr' id='par_1_23' title="bbox 1929 606 3215 731">
     <span class='ocr_line' id='line_1_24' title="bbox 1929 606 2210 660; baseline 0.007 -17"><span class='ocrx_word' id='word_1_136' title='bbox 1929 606 2210 660; x_wconf 71' lang='lat' dir='ltr'><strong>petentur.</strong></span> 
     </span>
     <span class='ocr_line' id='line_1_25' title="bbox 2202 659 3215 731; baseline 0.005 -18"><span class='ocrx_word' id='word_1_137' title='bbox 2202 659 2467 731; x_wconf 60' lang='lat' dir='ltr'><strong>Ejusdem</strong></span> <span class='ocrx_word' id='word_1_138' title='bbox 2497 660 2866 715; x_wconf 70' lang='lat' dir='ltr'><strong>adnotatione:</strong></span> <span class='ocrx_word' id='word_1_139' title='bbox 2900 663 2956 716; x_wconf 78' lang='lat' dir='ltr'><strong>in</strong></span> <span class='ocrx_word' id='word_1_140' title='bbox 2985 679 3097 731; x_wconf 85' lang='lat' dir='ltr'><strong>cap.</strong></span> <span class='ocrx_word' id='word_1_141' title='bbox 3122 663 3215 718; x_wconf 16' lang='lat'><strong>2.5.</strong></span> 
     </span>
    </p>
   </div>
   <div class='ocr_carea' id='block_1_24' title="bbox 2004 728 3508 804">
    <p class='ocr_par' dir='ltr' id='par_1_24' title="bbox 2004 728 3508 804">
     <span class='ocr_line' id='line_1_26' title="bbox 2004 728 3508 804; baseline 0.003 -19"><span class='ocrx_word' id='word_1_142' title='bbox 2004 731 2130 804; x_wconf 74' lang='lat' dir='ltr'><strong>Pag.</strong></span> <span class='ocrx_word' id='word_1_143' title='bbox 2150 728 2278 804; x_wconf 61' lang='lat'><strong>215.</strong></span> <span class='ocrx_word' id='word_1_144' title='bbox 2307 728 2437 804; x_wconf 86' lang='lat' dir='ltr'><strong>on_</strong></span> <span class='ocrx_word' id='word_1_145' title='bbox 2466 748 2589 800; x_wconf 83' lang='lat' dir='ltr'><strong>ergo</strong></span> <span class='ocrx_word' id='word_1_146' title='bbox 2618 749 2750 804; x_wconf 10' lang='lat' dir='ltr'><strong>vera?</strong></span> <span class='ocrx_word' id='word_1_147' title='bbox 2768 742 2838 785; x_wconf 77' lang='lat' dir='ltr'><strong>est</strong></span> <span class='ocrx_word' id='word_1_148' title='bbox 2865 728 3216 803; x_wconf 72' lang='lat' dir='ltr'><strong>quorumdam</strong></span> <span class='ocrx_word' id='word_1_149' title='bbox 3244 734 3508 804; x_wconf 78' lang='lat' dir='ltr'><strong>interpre-</strong></span> 
     </span>
    </p>
   </div>
   <div class='ocr_carea' id='block_1_25' title="bbox 1931 799 3489 872">
    <p class='ocr_par' dir='ltr' id='par_1_25' title="bbox 1931 799 3489 872">
     <span class='ocr_line' id='line_1_27' title="bbox 1931 799 3489 872; baseline 0.003 -16"><span class='ocrx_word' id='word_1_150' title='bbox 1931 799 2321 872; x_wconf 49' lang='lat' dir='ltr'><strong>tatiofJudcgpS</strong></span> <span class='ocrx_word' id='word_1_151' title='bbox 2351 799 2508 872; x_wconf 80' lang='lat' dir='ltr'><strong>huius</strong></span> <span class='ocrx_word' id='word_1_152' title='bbox 2521 799 2711 872; x_wconf 69' lang='lat' dir='ltr'><strong>prava:</strong></span> <span class='ocrx_word' id='word_1_153' title='bbox 2742 799 3211 872; x_wconf 82' lang='lat' dir='ltr'><strong>interpretationis</strong></span> <span class='ocrx_word' id='word_1_154' title='bbox 3235 799 3489 861; x_wconf 81' lang='lat' dir='ltr'><strong>auctores</strong></span> 
     </span>
    </p>
   </div>
   <div class='ocr_carea' id='block_1_26' title="bbox 1932 870 3509 945">
    <p class='ocr_par' dir='ltr' id='par_1_26' title="bbox 1932 870 3509 945">
     <span class='ocr_line' id='line_1_28' title="bbox 1932 870 3509 945; baseline 0.005 -20"><span class='ocrx_word' id='word_1_155' title='bbox 1932 889 2036 926; x_wconf 86' lang='lat' dir='ltr'><strong>una</strong></span> <span class='ocrx_word' id='word_1_156' title='bbox 2069 870 2497 945; x_wconf 86' lang='lat' dir='ltr'><strong>cum_Ebiouitis,</strong></span> <span class='ocrx_word' id='word_1_157' title='bbox 2519 870 2896 945; x_wconf 70' lang='lat' dir='ltr'><strong>Theodotione</strong></span> <span class='ocrx_word' id='word_1_158' title='bbox 2928 885 2981 927; x_wconf 86' lang='lat' dir='ltr'><strong>et</strong></span> <span class='ocrx_word' id='word_1_159' title='bbox 3001 874 3193 945; x_wconf 73' lang='lat' dir='ltr'><strong>Aquila</strong></span> <span class='ocrx_word' id='word_1_160' title='bbox 3223 875 3509 945; x_wconf 76' lang='lat' dir='ltr'><strong>intelligit:</strong></span> 
     </span>
    </p>
   </div>
   <div class='ocr_carea' id='block_1_27' title="bbox 1930 941 3507 1013">
    <p class='ocr_par' dir='ltr' id='par_1_27' title="bbox 1930 941 3507 1013">
     <span class='ocr_line' id='line_1_29' title="bbox 1930 941 3507 1013; baseline 0.004 -19"><span class='ocrx_word' id='word_1_161' title='bbox 1930 945 2130 1011; x_wconf 83' lang='lat' dir='ltr'><strong>quibus</strong></span> <span class='ocrx_word' id='word_1_162' title='bbox 2172 941 2515 1013; x_wconf 71' lang='lat' dir='ltr'><strong>Tryphonem</strong></span> <span class='ocrx_word' id='word_1_163' title='bbox 2566 950 2622 994; x_wconf 91' lang='lat' dir='ltr'><strong>et</strong></span> <span class='ocrx_word' id='word_1_164' title='bbox 2676 941 3078 1010; x_wconf 38' lang='lat' dir='ltr'><strong>Carpocratem&#39;</strong></span> <span class='ocrx_word' id='word_1_165' title='bbox 3110 941 3357 999; x_wconf 89' lang='lat' dir='ltr'><strong>Justinus</strong></span> <span class='ocrx_word' id='word_1_166' title='bbox 3401 941 3507 1000; x_wconf 68' lang='lat' dir='ltr'><strong>ad-</strong></span> 
     </span>
    </p>
   </div>
   <div class='ocr_carea' id='block_1_28' title="bbox 1926 1011 3508 1083">
    <p class='ocr_par' dir='ltr' id='par_1_28' title="bbox 1926 1011 3508 1083">
     <span class='ocr_line' id='line_1_30' title="bbox 1926 1011 3508 1083; baseline 0.004 -18"><span class='ocrx_word' id='word_1_167' title='bbox 1926 1013 2135 1083; x_wconf 83' lang='lat' dir='ltr'><strong>jungit;</strong></span> <span class='ocrx_word' id='word_1_168' title='bbox 2167 1011 2552 1083; x_wconf 59' lang='lat' dir='ltr'><strong>Symmachum</strong></span> <span class='ocrx_word' id='word_1_169' title='bbox 2584 1026 2651 1063; x_wconf 78' lang='lat' dir='ltr'><strong>ex</strong></span> <span class='ocrx_word' id='word_1_170' title='bbox 2690 1014 3037 1083; x_wconf 77' lang='lat' dir='ltr'><strong>Samaritano</strong></span> <span class='ocrx_word' id='word_1_171' title='bbox 3078 1014 3411 1083; x_wconf 88' lang='lat' dir='ltr'><strong>prosclytum</strong></span> <span class='ocrx_word' id='word_1_172' title='bbox 3453 1029 3508 1071; x_wconf 79' lang='lat' dir='ltr'><strong>et</strong></span> 
     </span>
    </p>
   </div>
   <div class='ocr_carea' id='block_1_29' title="bbox 1930 1081 3506 1151">
    <p class='ocr_par' dir='ltr' id='par_1_29' title="bbox 1930 1081 3506 1151">
     <span class='ocr_line' id='line_1_31' title="bbox 1930 1081 3506 1151; baseline 0.003 -14"><span class='ocrx_word' id='word_1_173' title='bbox 1930 1081 2336 1144; x_wconf 79' lang='lat' dir='ltr'><strong>circumcisum,</strong></span> <span class='ocrx_word' id='word_1_174' title='bbox 2375 1081 2641 1135; x_wconf 87' lang='lat' dir='ltr'><strong>Eusebius</strong></span> <span class='ocrx_word' id='word_1_175' title='bbox 2668 1091 2723 1135; x_wconf 89' lang='lat' dir='ltr'><strong>et</strong></span> <span class='ocrx_word' id='word_1_176' title='bbox 2781 1081 3139 1151; x_wconf 79' lang='lat' dir='ltr'><strong>Epiphanius.</strong></span> <span class='ocrx_word' id='word_1_177' title='bbox 3190 1081 3361 1139; x_wconf 27' lang='lat' dir='ltr'><strong>Et‘de</strong></span> <span class='ocrx_word' id='word_1_178' title='bbox 3400 1088 3506 1142; x_wconf 82' lang='lat' dir='ltr'><strong>illis</strong></span> 
     </span>
    </p>
   </div>
   <div class='ocr_carea' id='block_1_30' title="bbox 1930 1152 3502 1224">
    <p class='ocr_par' dir='ltr' id='par_1_30' title="bbox 1930 1152 3502 1224">
     <span class='ocr_line' id='line_1_32' title="bbox 1930 1152 3502 1224; baseline 0.004 -20"><span class='ocrx_word' id='word_1_179' title='bbox 1930 1155 2147 1222; x_wconf 87' lang='lat' dir='ltr'><strong>quidem</strong></span> <span class='ocrx_word' id='word_1_180' title='bbox 2185 1152 2317 1224; x_wconf 82' lang='lat' dir='ltr'><strong>nihil</strong></span> <span class='ocrx_word' id='word_1_181' title='bbox 2352 1152 2569 1224; x_wconf 85' lang='lat' dir='ltr'><strong>mirum,</strong></span> <span class='ocrx_word' id='word_1_182' title='bbox 2616 1166 2740 1205; x_wconf 90' lang='lat' dir='ltr'><strong>cum</strong></span> <span class='ocrx_word' id='word_1_183' title='bbox 2774 1152 2858 1206; x_wconf 90' lang='lat' dir='ltr'><strong>vel</strong></span> <span class='ocrx_word' id='word_1_184' title='bbox 2905 1152 3178 1206; x_wconf 88' lang='lat' dir='ltr'><strong>Christum</strong></span> <span class='ocrx_word' id='word_1_185' title='bbox 3228 1171 3502 1224; x_wconf 86' lang='lat' dir='ltr'><strong>nunquam</strong></span> 
     </span>
    </p>
   </div>
   <div class='ocr_carea' id='block_1_31' title="bbox 1931 1221 3505 1292">
    <p class='ocr_par' dir='ltr' id='par_1_31' title="bbox 1931 1221 3505 1292">
     <span class='ocr_line' id='line_1_33' title="bbox 1931 1221 3505 1292; baseline 0.003 -15"><span class='ocrx_word' id='word_1_186' title='bbox 1931 1221 2291 1290; x_wconf 80' lang='lat' dir='ltr'><strong>susceperint,</strong></span> <span class='ocrx_word' id='word_1_187' title='bbox 2316 1221 2396 1275; x_wconf 92' lang='lat' dir='ltr'><strong>vel</strong></span> <span class='ocrx_word' id='word_1_188' title='bbox 2427 1232 2737 1290; x_wconf 89' lang='lat' dir='ltr'><strong>susceptum</strong></span> <span class='ocrx_word' id='word_1_189' title='bbox 2763 1224 2931 1277; x_wconf 86' lang='lat' dir='ltr'><strong>semel</strong></span> <span class='ocrx_word' id='word_1_190' title='bbox 2965 1224 3179 1292; x_wconf 88' lang='lat' dir='ltr'><strong>penitus</strong></span> <span class='ocrx_word' id='word_1_191' title='bbox 3202 1221 3382 1291; x_wconf 79' lang='lat' dir='ltr'><strong>postea</strong></span> <span class='ocrx_word' id='word_1_192' title='bbox 3412 1228 3505 1281; x_wconf 90' lang='lat' dir='ltr'><strong>ab-</strong></span> 
     </span>
    </p>
   </div>
   <div class='ocr_carea' id='block_1_32' title="bbox 1930 1293 3503 1362">
    <p class='ocr_par' dir='ltr' id='par_1_32' title="bbox 1930 1293 3503 1362">
     <span class='ocr_line' id='line_1_34' title="bbox 1930 1293 3503 1362; baseline 0 -13"><span class='ocrx_word' id='word_1_193' title='bbox 1930 1294 2199 1361; x_wconf 89' lang='lat' dir='ltr'><strong>negariut.</strong></span> <span class='ocrx_word' id='word_1_194' title='bbox 2260 1293 2350 1352; x_wconf 81' lang='lat' dir='ltr'><strong>At.</strong></span> <span class='ocrx_word' id='word_1_195' title='bbox 2387 1301 2570 1345; x_wconf 91' lang='lat' dir='ltr'><strong>nostra</strong></span> <span class='ocrx_word' id='word_1_196' title='bbox 2604 1301 2948 1359; x_wconf 88' lang='lat' dir='ltr'><strong>tempestate,</strong></span> <span class='ocrx_word' id='word_1_197' title='bbox 2994 1297 3044 1346; x_wconf 89' lang='lat' dir='ltr'><strong>in</strong></span> <span class='ocrx_word' id='word_1_198' title='bbox 3086 1295 3201 1362; x_wconf 87' lang='lat' dir='ltr'><strong>ipso</strong></span> <span class='ocrx_word' id='word_1_199' title='bbox 3233 1296 3503 1351; x_wconf 86' lang='lat' dir='ltr'><strong>Christia-</strong></span> 
     </span>
    </p>
   </div>
   <div class='ocr_carea' id='block_1_33' title="bbox 1931 1362 3503 1435">
    <p class='ocr_par' dir='ltr' id='par_1_33' title="bbox 1931 1362 3503 1435">
     <span class='ocr_line' id='line_1_35' title="bbox 1931 1362 3503 1435; baseline 0.001 -17"><span class='ocrx_word' id='word_1_200' title='bbox 1931 1379 2127 1435; x_wconf 88' lang='lat' dir='ltr'><strong>narum</strong></span> <span class='ocrx_word' id='word_1_201' title='bbox 2161 1362 2437 1435; x_wconf 84' lang='lat' dir='ltr'><strong>regionum</strong></span> <span class='ocrx_word' id='word_1_202' title='bbox 2463 1362 2780 1435; x_wconf 87' lang='lat' dir='ltr'><strong>meditullio,</strong></span> <span class='ocrx_word' id='word_1_203' title='bbox 2807 1366 3094 1431; x_wconf 88' lang='lat' dir='ltr'><strong>quosdam,</strong></span> <span class='ocrx_word' id='word_1_204' title='bbox 3119 1366 3286 1432; x_wconf 89' lang='lat' dir='ltr'><strong>quise</strong></span> <span class='ocrx_word' id='word_1_205' title='bbox 3319 1367 3503 1435; x_wconf 80' lang='lat' dir='ltr'><strong>gloria:</strong></span> 
     </span>
    </p>
   </div>
   <div class='ocr_carea' id='block_1_34' title="bbox 1930 1432 3503 1490">
    <p class='ocr_par' dir='ltr' id='par_1_34' title="bbox 1930 1432 3503 1490">
     <span class='ocr_line' id='line_1_36' title="bbox 1930 1432 3503 1490; baseline 0.001 -3"><span class='ocrx_word' id='word_1_206' title='bbox 1930 1434 2131 1488; x_wconf 85' lang='lat' dir='ltr'><strong>Christi</strong></span> <span class='ocrx_word' id='word_1_207' title='bbox 2166 1432 2403 1484; x_wconf 88' lang='lat' dir='ltr'><strong>omnimn</strong></span> <span class='ocrx_word' id='word_1_208' title='bbox 2435 1434 2701 1485; x_wconf 78' lang='lat' dir='ltr'><strong>maximos</strong></span> <span class='ocrx_word' id='word_1_209' title='bbox 2726 1445 2779 1486; x_wconf 88' lang='lat' dir='ltr'><strong>et</strong></span> <span class='ocrx_word' id='word_1_210' title='bbox 2834 1435 3232 1488; x_wconf 79' lang='lat' dir='ltr'><strong>sincerissimos</strong></span> <span class='ocrx_word' id='word_1_211' title='bbox 3265 1432 3503 1490; x_wconf 76' lang='lat' dir='ltr'><strong>asserto-</strong></span> 
     </span>
    </p>
   </div>
   <div class='ocr_carea' id='block_1_35' title="bbox 1931 1502 3497 1571">
    <p class='ocr_par' dir='ltr' id='par_1_35' title="bbox 1931 1502 3497 1571">
     <span class='ocr_line' id='line_1_37' title="bbox 1931 1502 3497 1571; baseline 0.001 -12"><span class='ocrx_word' id='word_1_212' title='bbox 1931 1520 2019 1559; x_wconf 78' lang='lat' dir='ltr'><strong>res</strong></span> <span class='ocrx_word' id='word_1_213' title='bbox 2040 1504 2402 1561; x_wconf 83' lang='lat' dir='ltr'><strong>venditarum,</strong></span> <span class='ocrx_word' id='word_1_214' title='bbox 2433 1502 2711 1557; x_wconf 76' lang='lat' dir='ltr'><strong>exstitisse</strong></span> <span class='ocrx_word' id='word_1_215' title='bbox 2745 1504 2837 1571; x_wconf 85' lang='lat' dir='ltr'><strong>qui</strong></span> <span class='ocrx_word' id='word_1_216' title='bbox 2872 1503 3157 1558; x_wconf 83' lang='lat' dir='ltr'><strong>Judaicam</strong></span> <span class='ocrx_word' id='word_1_217' title='bbox 3191 1516 3246 1559; x_wconf 93' lang='lat' dir='ltr'><strong>ct</strong></span> <span class='ocrx_word' id='word_1_218' title='bbox 3271 1506 3497 1561; x_wconf 80' lang='lat' dir='ltr'><strong>Gnosti-</strong></span> 
     </span>
    </p>
   </div>
   <div class='ocr_carea' id='block_1_36' title="bbox 1930 1572 3501 1646">
    <p class='ocr_par' dir='ltr' id='par_1_36' title="bbox 1930 1572 3501 1646">
     <span class='ocr_line' id='line_1_38' title="bbox 1930 1572 3501 1646; baseline 0.003 -19"><span class='ocrx_word' id='word_1_219' title='bbox 1930 1592 2062 1646; x_wconf 5' lang='lat' dir='ltr'><strong>cam,</strong></span> <span class='ocrx_word' id='word_1_220' title='bbox 2094 1575 2233 1626; x_wconf 88' lang='lat' dir='ltr'><strong>hanc</strong></span> <span class='ocrx_word' id='word_1_221' title='bbox 2285 1572 2639 1646; x_wconf 72' lang='lat' dir='ltr'><strong>impietatem,</strong></span> <span class='ocrx_word' id='word_1_222' title='bbox 2690 1584 2838 1627; x_wconf 89' lang='lat' dir='ltr'><strong>tanto</strong></span> <span class='ocrx_word' id='word_1_223' title='bbox 2874 1586 3172 1646; x_wconf 79' lang='lat' dir='ltr'><strong>martyrum</strong></span> <span class='ocrx_word' id='word_1_224' title='bbox 3233 1579 3501 1644; x_wconf 85' lang='lat' dir='ltr'><strong>sanguine</strong></span> 
     </span>
    </p>
   </div>
   <div class='ocr_carea' id='block_1_37' title="bbox 1930 1642 3500 1712">
    <p class='ocr_par' dir='ltr' id='par_1_37' title="bbox 1930 1642 3500 1712">
     <span class='ocr_line' id='line_1_39' title="bbox 1930 1642 3500 1712; baseline 0.002 -13"><span class='ocrx_word' id='word_1_225' title='bbox 1930 1645 2276 1706; x_wconf 79' lang='lat' dir='ltr'><strong>exstinctam,</strong></span> <span class='ocrx_word' id='word_1_226' title='bbox 2309 1642 2375 1695; x_wconf 89' lang='lat' dir='ltr'><strong>ab</strong></span> <span class='ocrx_word' id='word_1_227' title='bbox 2409 1642 2550 1696; x_wconf 90' lang='lat' dir='ltr'><strong>Orco</strong></span> <span class='ocrx_word' id='word_1_228' title='bbox 2607 1654 2951 1708; x_wconf 84' lang='lat' dir='ltr'><strong>revocarent,</strong></span> <span class='ocrx_word' id='word_1_229' title='bbox 2978 1642 3119 1712; x_wconf 83' lang='lat' dir='ltr'><strong>apud</strong></span> <span class='ocrx_word' id='word_1_230' title='bbox 3156 1642 3403 1712; x_wconf 76' lang='lat' dir='ltr'><strong>posteros</strong></span> <span class='ocrx_word' id='word_1_231' title='bbox 3434 1648 3500 1701; x_wconf 88' lang='lat' dir='ltr'><strong>li-</strong></span> 
     </span>
    </p>
   </div>
   <div class='ocr_carea' id='block_1_38' title="bbox 1930 1712 3502 1784">
    <p class='ocr_par' dir='ltr' id='par_1_38' title="bbox 1930 1712 3502 1784">
     <span class='ocr_line' id='line_1_40' title="bbox 1930 1712 3502 1784; baseline 0.002 -14"><span class='ocrx_word' id='word_1_232' title='bbox 1930 1716 2051 1770; x_wconf 91' lang='lat' dir='ltr'><strong>dem</strong></span> <span class='ocrx_word' id='word_1_233' title='bbox 2081 1715 2171 1767; x_wconf 81' lang='lat' dir='ltr'><strong>vix</strong></span> <span class='ocrx_word' id='word_1_234' title='bbox 2201 1713 2457 1784; x_wconf 55' lang='lat' dir='ltr'><strong>inveniet.</strong></span> <span class='ocrx_word' id='word_1_235' title='bbox 2484 1712 2766 1784; x_wconf 87' lang='lat' dir='ltr'><strong>Calvinum</strong></span> <span class='ocrx_word' id='word_1_236' title='bbox 2809 1716 3072 1784; x_wconf 86' lang='lat' dir='ltr'><strong>intelligo,</strong></span> <span class='ocrx_word' id='word_1_237' title='bbox 3096 1716 3184 1783; x_wconf 85' lang='lat' dir='ltr'><strong>qui</strong></span> <span class='ocrx_word' id='word_1_238' title='bbox 3212 1714 3414 1771; x_wconf 66' lang='lat' dir='ltr'><strong>JlldiBlS</strong></span> <span class='ocrx_word' id='word_1_239' title='bbox 3434 1719 3502 1773; x_wconf 89' lang='lat' dir='ltr'><strong>de</strong></span> 
     </span>
    </p>
   </div>
   <div class='ocr_carea' id='block_1_39' title="bbox 1933 1781 3499 1854">
    <p class='ocr_par' dir='ltr' id='par_1_39' title="bbox 1933 1781 3499 1854">
     <span class='ocr_line' id='line_1_41' title="bbox 1933 1781 3499 1854; baseline 0.001 -15"><span class='ocrx_word' id='word_1_240' title='bbox 1933 1786 2148 1839; x_wconf 85' lang='lat' dir='ltr'><strong>nomine</strong></span> <span class='ocrx_word' id='word_1_241' title='bbox 2167 1781 2327 1847; x_wconf 56' lang='lat'><strong>.1725?</strong></span> <span class='ocrx_word' id='word_1_242' title='bbox 2356 1781 2646 1854; x_wconf 78' lang='lat' dir='ltr'><strong>Ilaalmalt,</strong></span> <span class='ocrx_word' id='word_1_243' title='bbox 2697 1781 3156 1854; x_wconf 39' lang='lat' dir='ltr'><strong>conceditfquod</strong></span> <span class='ocrx_word' id='word_1_244' title='bbox 3199 1788 3499 1854; x_wconf 86' lang='lat' dir='ltr'><strong>postulant,</strong></span> 
     </span>
    </p>
   </div>
   <div class='ocr_carea' id='block_1_40' title="bbox 246 1848 3496 1927">
    <p class='ocr_par' dir='ltr' id='par_1_40' title="bbox 246 1848 3496 1927">
     <span class='ocr_line' id='line_1_42' title="bbox 246 1848 3496 1927; baseline 0.003 -25"><span class='ocrx_word' id='word_1_245' title='bbox 246 1852 619 1927; x_wconf 45' lang='lat' dir='ltr'><strong>antqnorum:</strong></span> <span class='ocrx_word' id='word_1_246' title='bbox 660 1859 723 1927; x_wconf 67' lang='grc' dir='ltr'><strong>ιιι</strong></span> <span class='ocrx_word' id='word_1_247' title='bbox 761 1848 833 1903; x_wconf 74' lang='lat' dir='ltr'><strong>ex</strong></span> <span class='ocrx_word' id='word_1_248' title='bbox 881 1848 1119 1927; x_wconf 74' lang='lat' dir='ltr'><strong>Justino,</strong></span> <span class='ocrx_word' id='word_1_249' title='bbox 1156 1850 1404 1927; x_wconf 71' lang='lat' dir='ltr'><strong>Taliane,</strong></span> <span class='ocrx_word' id='word_1_250' title='bbox 1458 1849 1814 1913; x_wconf 87' lang='lat' dir='ltr'><strong>Tertulliann,</strong></span> <span class='ocrx_word' id='word_1_251' title='bbox 1847 1866 1889 1919; x_wconf 75' lang='grc' dir='ltr'><strong><em>Β</em></strong></span> <span class='ocrx_word' id='word_1_252' title='bbox 1920 1855 2174 1927; x_wconf 79' lang='lat' dir='ltr'><strong>videlicet</strong></span> <span class='ocrx_word' id='word_1_253' title='bbox 2226 1855 2292 1927; x_wconf 84' lang='lat' dir='ltr'><strong>de</strong></span> <span class='ocrx_word' id='word_1_254' title='bbox 2334 1853 2741 1927; x_wconf 69' lang='lat' dir='ltr'><strong>adulescentula</strong></span> <span class='ocrx_word' id='word_1_255' title='bbox 2777 1848 3159 1927; x_wconf 72' lang='lat' dir='ltr'><strong>viro_éognita</strong></span> <span class='ocrx_word' id='word_1_256' title='bbox 3194 1848 3496 1927; x_wconf 51' lang='lat' dir='ltr'><strong>intelligen;</strong></span> 
     </span>
    </p>
   </div>
   <div class='ocr_carea' id='block_1_41' title="bbox 244 1919 1813 1990">
    <p class='ocr_par' dir='ltr' id='par_1_41' title="bbox 244 1919 1813 1990">
     <span class='ocr_line' id='line_1_43' title="bbox 244 1919 1813 1990; baseline 0.001 -16"><span class='ocrx_word' id='word_1_257' title='bbox 244 1920 540 1990; x_wconf 88' lang='lat' dir='ltr'><strong>Cypriano,</strong></span> <span class='ocrx_word' id='word_1_258' title='bbox 582 1919 832 1989; x_wconf 81' lang='lat' dir='ltr'><strong>Origene,</strong></span> <span class='ocrx_word' id='word_1_259' title='bbox 864 1931 918 1974; x_wconf 91' lang='lat' dir='ltr'><strong>et</strong></span> <span class='ocrx_word' id='word_1_260' title='bbox 942 1921 1212 1989; x_wconf 88' lang='lat' dir='ltr'><strong>plerisque</strong></span> <span class='ocrx_word' id='word_1_261' title='bbox 1256 1920 1377 1990; x_wconf 90' lang='lat' dir='ltr'><strong>aliis</strong></span> <span class='ocrx_word' id='word_1_262' title='bbox 1408 1931 1653 1987; x_wconf 90' lang='lat' dir='ltr'><strong>apertum</strong></span> <span class='ocrx_word' id='word_1_263' title='bbox 1705 1938 1813 1976; x_wconf 86' lang='lat' dir='ltr'><strong>est.</strong></span> 
     </span>
    </p>
   </div>
   <div class='ocr_carea' id='block_1_42' title="bbox 241 1989 1810 2060">
    <p class='ocr_par' dir='ltr' id='par_1_42' title="bbox 241 1989 1810 2060">
     <span class='ocr_line' id='line_1_44' title="bbox 241 1989 1810 2060; baseline 0.001 -17"><span class='ocrx_word' id='word_1_264' title='bbox 241 1989 353 2044; x_wconf 77' lang='lat' dir='ltr'><strong>Alii</strong></span> <span class='ocrx_word' id='word_1_265' title='bbox 391 2006 517 2045; x_wconf 89' lang='lat' dir='ltr'><strong>vero</strong></span> <span class='ocrx_word' id='word_1_266' title='bbox 544 2000 603 2044; x_wconf 87' lang='lat' dir='ltr'><strong>ut</strong></span> <span class='ocrx_word' id='word_1_267' title='bbox 633 1991 939 2060; x_wconf 80' lang='lat' dir='ltr'><strong>Dionysius,</strong></span> <span class='ocrx_word' id='word_1_268' title='bbox 972 1990 1232 2060; x_wconf 87' lang='lat' dir='ltr'><strong>Cyrillus,</strong></span> <span class='ocrx_word' id='word_1_269' title='bbox 1272 1989 1670 2054; x_wconf 83' lang='lat' dir='ltr'><strong>Theodoretus,</strong></span> <span class='ocrx_word' id='word_1_270' title='bbox 1707 1993 1810 2045; x_wconf 88' lang='lat' dir='ltr'><strong>Da-</strong></span> 
     </span>
    </p>
   </div>
   <div class='ocr_carea' id='block_1_43' title="bbox 243 2060 1811 2128">
    <p class='ocr_par' dir='ltr' id='par_1_43' title="bbox 243 2060 1811 2128">
     <span class='ocr_line' id='line_1_45' title="bbox 243 2060 1811 2128; baseline 0.003 -16"><span class='ocrx_word' id='word_1_271' title='bbox 243 2075 557 2126; x_wconf 89' lang='lat' dir='ltr'><strong>mascenus,</strong></span> <span class='ocrx_word' id='word_1_272' title='bbox 585 2061 772 2115; x_wconf 89' lang='lat' dir='ltr'><strong>vohmt</strong></span> <span class='ocrx_word' id='word_1_273' title='bbox 800 2061 920 2114; x_wconf 92' lang='lat' dir='ltr'><strong>illos</strong></span> <span class='ocrx_word' id='word_1_274' title='bbox 961 2060 1183 2115; x_wconf 89' lang='lat' dir='ltr'><strong>omnino</strong></span> <span class='ocrx_word' id='word_1_275' title='bbox 1221 2061 1595 2128; x_wconf 78' lang='lat' dir='ltr'><strong>incorporeas,</strong></span> <span class='ocrx_word' id='word_1_276' title='bbox 1623 2071 1677 2116; x_wconf 90' lang='lat' dir='ltr'><strong>et</strong></span> <span class='ocrx_word' id='word_1_277' title='bbox 1707 2079 1811 2117; x_wconf 91' lang='lat' dir='ltr'><strong>non</strong></span> 
     </span>
    </p>
   </div>
   <div class='ocr_carea' id='block_1_44' title="bbox 244 2131 1815 2199">
    <p class='ocr_par' dir='ltr' id='par_1_44' title="bbox 244 2131 1815 2199">
     <span class='ocr_line' id='line_1_46' title="bbox 244 2131 1815 2199; baseline 0.004 -18"><span class='ocrx_word' id='word_1_278' title='bbox 244 2131 567 2199; x_wconf 70' lang='lat' dir='ltr'><strong>iuateriatos</strong></span> <span class='ocrx_word' id='word_1_279' title='bbox 594 2145 751 2194; x_wconf 87' lang='lat' dir='ltr'><strong>esse;</strong></span> <span class='ocrx_word' id='word_1_280' title='bbox 780 2131 976 2199; x_wconf 82' lang='lat' dir='ltr'><strong>quibus</strong></span> <span class='ocrx_word' id='word_1_281' title='bbox 1006 2131 1264 2184; x_wconf 87' lang='lat' dir='ltr'><strong>accedere</strong></span> <span class='ocrx_word' id='word_1_282' title='bbox 1312 2132 1524 2184; x_wconf 86' lang='lat' dir='ltr'><strong>videtur</strong></span> <span class='ocrx_word' id='word_1_283' title='bbox 1552 2132 1653 2185; x_wconf 90' lang='lat' dir='ltr'><strong>hoc</strong></span> <span class='ocrx_word' id='word_1_284' title='bbox 1692 2133 1815 2188; x_wconf 90' lang='lat' dir='ltr'><strong>loco</strong></span> 
     </span>
    </p>
   </div>
   <div class='ocr_carea' id='block_1_45' title="bbox 242 2198 1810 2269">
    <p class='ocr_par' dir='ltr' id='par_1_45' title="bbox 242 2198 1810 2269">
     <span class='ocr_line' id='line_1_47' title="bbox 242 2198 1810 2269; baseline 0.004 -17"><span class='ocrx_word' id='word_1_285' title='bbox 242 2198 500 2264; x_wconf 65' lang='lat' dir='ltr'><strong>Irentcus,</strong></span> <span class='ocrx_word' id='word_1_286' title='bbox 530 2202 653 2256; x_wconf 90' lang='lat' dir='ltr'><strong>licet</strong></span> <span class='ocrx_word' id='word_1_287' title='bbox 676 2198 883 2269; x_wconf 36' lang='lat' dir='ltr'><strong>cap.&#39;70</strong></span> <span class='ocrx_word' id='word_1_288' title='bbox 902 2201 996 2255; x_wconf 85' lang='lat' dir='ltr'><strong>lib.</strong></span> <span class='ocrx_word' id='word_1_289' title='bbox 1024 2216 1076 2254; x_wconf 87' lang='lat' dir='ltr'><strong>tv</strong></span> <span class='ocrx_word' id='word_1_290' title='bbox 1102 2200 1244 2253; x_wconf 85' lang='lat' dir='ltr'><strong>aliud</strong></span> <span class='ocrx_word' id='word_1_291' title='bbox 1270 2200 1515 2254; x_wconf 92' lang='lat' dir='ltr'><strong>indicare</strong></span> <span class='ocrx_word' id='word_1_292' title='bbox 1542 2203 1810 2259; x_wconf 90' lang='lat' dir='ltr'><strong>videatur.</strong></span> 
     </span>
    </p>
   </div>
   <div class='ocr_carea' id='block_1_46' title="bbox 241 2269 1813 2342">
    <p class='ocr_par' dir='ltr' id='par_1_46' title="bbox 241 2269 1813 2342">
     <span class='ocr_line' id='line_1_48' title="bbox 241 2269 1813 2342; baseline 0.003 -18"><span class='ocrx_word' id='word_1_293' title='bbox 241 2270 483 2339; x_wconf 84' lang='lat' dir='ltr'><strong>lguatius</strong></span> <span class='ocrx_word' id='word_1_294' title='bbox 515 2274 662 2336; x_wconf 88' lang='lat' dir='ltr'><strong>item,</strong></span> <span class='ocrx_word' id='word_1_295' title='bbox 701 2270 869 2338; x_wconf 73' lang='lat' dir='ltr'><strong>Epist.</strong></span> <span class='ocrx_word' id='word_1_296' title='bbox 930 2272 1000 2324; x_wconf 85' lang='lat' dir='ltr'><strong>ad</strong></span> <span class='ocrx_word' id='word_1_297' title='bbox 1047 2269 1368 2342; x_wconf 75' lang='lat' dir='ltr'><strong>Trallianos,</strong></span> <span class='ocrx_word' id='word_1_298' title='bbox 1413 2276 1813 2342; x_wconf 76' lang='lat' dir='ltr'><strong>vocatangelos</strong></span> 
     </span>
    </p>
   </div>
   <div class='ocr_carea' id='block_1_47' title="bbox 246 2340 1810 2410">
    <p class='ocr_par' dir='ltr' id='par_1_47' title="bbox 246 2340 1810 2410">
     <span class='ocr_line' id='line_1_49' title="bbox 246 2340 1810 2410; baseline 0.004 -17"><span class='ocrx_word' id='word_1_299' title='bbox 246 2361 268 2393; x_wconf 72' lang='grc' dir='ltr'><strong>ι</strong></span> <span class='ocrx_word' id='word_1_300' title='bbox 300 2342 647 2410; x_wconf 90' lang='lat' dir='ltr'><strong>incorporeas</strong></span> <span class='ocrx_word' id='word_1_301' title='bbox 677 2351 977 2395; x_wconf 84' lang='lat' dir='ltr'><strong>creaturas.</strong></span> <span class='ocrx_word' id='word_1_302' title='bbox 1012 2361 1030 2392; x_wconf 88' lang='grc'><strong>)</strong></span> <span class='ocrx_word' id='word_1_303' title='bbox 1068 2340 1231 2393; x_wconf 87' lang='lat' dir='ltr'><strong>Basil.</strong></span> <span class='ocrx_word' id='word_1_304' title='bbox 1294 2344 1441 2395; x_wconf 90' lang='lat' dir='ltr'><strong>hom.</strong></span> <span class='ocrx_word' id='word_1_305' title='bbox 1478 2340 1631 2406; x_wconf 84' lang='lat' dir='ltr'><strong>Quod</strong></span> <span class='ocrx_word' id='word_1_306' title='bbox 1671 2340 1810 2399; x_wconf 79' lang='lat' dir='ltr'><strong>Deus</strong></span> 
     </span>
    </p>
   </div>
   <div class='ocr_carea' id='block_1_48' title="bbox 242 2412 1812 2475">
    <p class='ocr_par' dir='ltr' id='par_1_48' title="bbox 242 2412 1812 2475">
     <span class='ocr_line' id='line_1_50' title="bbox 242 2412 1812 2475; baseline 0.003 -10"><span class='ocrx_word' id='word_1_307' title='bbox 242 2428 347 2465; x_wconf 86' lang='lat' dir='ltr'><strong>non</strong></span> <span class='ocrx_word' id='word_1_308' title='bbox 376 2422 451 2464; x_wconf 75' lang='lat' dir='ltr'><strong>est</strong></span> <span class='ocrx_word' id='word_1_309' title='bbox 506 2423 692 2465; x_wconf 87' lang='lat' dir='ltr'><strong>auctor</strong></span> <span class='ocrx_word' id='word_1_310' title='bbox 718 2412 979 2464; x_wconf 85' lang='lat' dir='ltr'><strong>malorum</strong></span> <span class='ocrx_word' id='word_1_311' title='bbox 1002 2451 1016 2475; x_wconf 94' lang='lat'><strong>,</strong></span> <span class='ocrx_word' id='word_1_312' title='bbox 1055 2412 1448 2464; x_wconf 75' lang='lat' dir='ltr'><strong>cacodtemouis</strong></span> <span class='ocrx_word' id='word_1_313' title='bbox 1470 2421 1715 2467; x_wconf 87' lang='lat' dir='ltr'><strong>naturam</strong></span> <span class='ocrx_word' id='word_1_314' title='bbox 1737 2419 1812 2469; x_wconf 87' lang='lat' dir='ltr'><strong>ait</strong></span> 
     </span>
    </p>
   </div>
   <div class='ocr_carea' id='block_1_49' title="bbox 240 2480 1808 2553">
    <p class='ocr_par' dir='ltr' id='par_1_49' title="bbox 240 2480 1808 2553">
     <span class='ocr_line' id='line_1_51' title="bbox 240 2480 1808 2553; baseline 0.002 -17"><span class='ocrx_word' id='word_1_315' title='bbox 240 2495 367 2553; x_wconf 82' lang='lat' dir='ltr'><strong>esse</strong></span> <span class='ocrx_word' id='word_1_316' title='bbox 397 2482 793 2553; x_wconf 87' lang='lat' dir='ltr'><strong>incorpoream.</strong></span> <span class='ocrx_word' id='word_1_317' title='bbox 830 2480 1156 2535; x_wconf 84' lang='lat' dir='ltr'><strong>Nazianzen.</strong></span> <span class='ocrx_word' id='word_1_318' title='bbox 1191 2492 1335 2553; x_wconf 90' lang='lat' dir='ltr'><strong>or_a_t.</strong></span> <span class='ocrx_word' id='word_1_319' title='bbox 1361 2481 1396 2553; x_wconf 73' lang='lat'><strong>2</strong></span> <span class='ocrx_word' id='word_1_320' title='bbox 1422 2483 1488 2535; x_wconf 90' lang='lat' dir='ltr'><strong>de</strong></span> <span class='ocrx_word' id='word_1_321' title='bbox 1519 2483 1808 2553; x_wconf 87' lang='lat' dir='ltr'><strong>theologia,</strong></span> 
     </span>
    </p>
   </div>
   <div class='ocr_carea' id='block_1_50' title="bbox 240 2551 1809 2633">
    <p class='ocr_par' dir='ltr' id='par_1_50' title="bbox 240 2551 1809 2633">
     <span class='ocr_line' id='line_1_52' title="bbox 240 2551 1809 2633; baseline 0.002 -28"><span class='ocrx_word' id='word_1_322' title='bbox 240 2551 309 2633; x_wconf 83' lang='lat' dir='ltr'><strong>de</strong></span> <span class='ocrx_word' id='word_1_323' title='bbox 363 2552 675 2633; x_wconf 81' lang='lat' dir='ltr'><strong>angelorum</strong></span> <span class='ocrx_word' id='word_1_324' title='bbox 711 2562 902 2633; x_wconf 76' lang='lat' dir='ltr'><strong>natura</strong></span> <span class='ocrx_word' id='word_1_325' title='bbox 933 2552 1158 2633; x_wconf 67' lang='lat' dir='ltr'><strong>scribit:</strong></span> <span class='ocrx_word' id='word_1_326' title='bbox 1199 2569 1217 2601; x_wconf 85' lang='grc'><em>‹</em></span> <span class='ocrx_word' id='word_1_327' title='bbox 1250 2551 1325 2605; x_wconf 84' lang='lat' dir='ltr'><strong>Ne</strong></span> <span class='ocrx_word' id='word_1_328' title='bbox 1376 2552 1517 2605; x_wconf 87' lang='lat' dir='ltr'><strong>hanc</strong></span> <span class='ocrx_word' id='word_1_329' title='bbox 1565 2551 1809 2633; x_wconf 78' lang='lat' dir='ltr'><strong>quidem,</strong></span> 
     </span>
    </p>
   </div>
   <div class='ocr_carea' id='block_1_51' title="bbox 241 2622 1809 2691">
    <p class='ocr_par' dir='ltr' id='par_1_51' title="bbox 241 2622 1809 2691">
     <span class='ocr_line' id='line_1_53' title="bbox 241 2622 1809 2691; baseline 0.004 -18"><span class='ocrx_word' id='word_1_330' title='bbox 241 2622 459 2676; x_wconf 86' lang='lat' dir='ltr'><strong>tametsi</strong></span> <span class='ocrx_word' id='word_1_331' title='bbox 514 2622 759 2691; x_wconf 90' lang='lat' dir='ltr'><strong>corporis</strong></span> <span class='ocrx_word' id='word_1_332' title='bbox 805 2622 1466 2691; x_wconf 28' lang='lat' dir='ltr'><strong>expertetnaincorporeo</strong></span> <span class='ocrx_word' id='word_1_333' title='bbox 1500 2624 1657 2675; x_wconf 88' lang='lat' dir='ltr'><strong>modo</strong></span> <span class='ocrx_word' id='word_1_334' title='bbox 1684 2641 1809 2680; x_wconf 91' lang='lat' dir='ltr'><strong>eer-</strong></span> 
     </span>
    </p>
   </div>
   <div class='ocr_carea' id='block_1_52' title="bbox 238 2689 1809 2761">
    <p class='ocr_par' dir='ltr' id='par_1_52' title="bbox 238 2689 1809 2761">
     <span class='ocr_line' id='line_1_54' title="bbox 238 2689 1809 2761; baseline 0.003 -16"><span class='ocrx_word' id='word_1_335' title='bbox 238 2706 372 2761; x_wconf 84' lang='lat' dir='ltr'><strong>nere</strong></span> <span class='ocrx_word' id='word_1_336' title='bbox 418 2689 727 2761; x_wconf 84' lang='lat' dir='ltr'><strong>possumus.</strong></span> <span class='ocrx_word' id='word_1_337' title='bbox 782 2709 800 2742; x_wconf 76' lang='grc' dir='ltr'><strong>ι</strong></span> <span class='ocrx_word' id='word_1_338' title='bbox 875 2692 1037 2759; x_wconf 82' lang='lat' dir='ltr'><strong>Greg.</strong></span> <span class='ocrx_word' id='word_1_339' title='bbox 1106 2689 1378 2761; x_wconf 84' lang='lat' dir='ltr'><strong>Nysseuus</strong></span> <span class='ocrx_word' id='word_1_340' title='bbox 1420 2691 1511 2745; x_wconf 88' lang='lat' dir='ltr'><strong>lib.</strong></span> <span class='ocrx_word' id='word_1_341' title='bbox 1567 2692 1641 2745; x_wconf 86' lang='lat' dir='ltr'><strong>De</strong></span> <span class='ocrx_word' id='word_1_342' title='bbox 1704 2699 1809 2751; x_wconf 83' lang='lat' dir='ltr'><strong>vita</strong></span> 
     </span>
    </p>
   </div>
   <div class='ocr_carea' id='block_1_53' title="bbox 237 2760 1810 2832">
    <p class='ocr_par' dir='ltr' id='par_1_53' title="bbox 237 2760 1810 2832">
     <span class='ocr_line' id='line_1_55' title="bbox 237 2760 1810 2832; baseline 0.002 -16"><span class='ocrx_word' id='word_1_343' title='bbox 237 2760 462 2831; x_wconf 62' lang='lat' dir='ltr'><strong>ﬂagris,</strong></span> <span class='ocrx_word' id='word_1_344' title='bbox 495 2770 684 2816; x_wconf 89' lang='lat' dir='ltr'><strong>censet</strong></span> <span class='ocrx_word' id='word_1_345' title='bbox 710 2761 932 2829; x_wconf 81' lang='lat' dir='ltr'><strong>angelos</strong></span> <span class='ocrx_word' id='word_1_346' title='bbox 959 2760 1163 2814; x_wconf 88' lang='lat' dir='ltr'><strong>natura</strong></span> <span class='ocrx_word' id='word_1_347' title='bbox 1183 2762 1554 2830; x_wconf 88' lang='lat' dir='ltr'><strong>incorporeos.</strong></span> <span class='ocrx_word' id='word_1_348' title='bbox 1582 2763 1810 2832; x_wconf 84' lang='lat' dir='ltr'><strong>Epipha-</strong></span> 
     </span>
    </p>
   </div>
   <div class='ocr_carea' id='block_1_54' title="bbox 238 2832 1807 2900">
    <p class='ocr_par' dir='ltr' id='par_1_54' title="bbox 238 2832 1807 2900">
     <span class='ocr_line' id='line_1_56' title="bbox 238 2832 1807 2900; baseline 0.003 -15"><span class='ocrx_word' id='word_1_349' title='bbox 238 2834 365 2886; x_wconf 81' lang='lat' dir='ltr'><strong>nius</strong></span> <span class='ocrx_word' id='word_1_350' title='bbox 390 2844 576 2887; x_wconf 89' lang='lat' dir='ltr'><strong>contra</strong></span> <span class='ocrx_word' id='word_1_351' title='bbox 609 2834 804 2886; x_wconf 65' lang='lat' dir='ltr'><strong>haeres.</strong></span> <span class='ocrx_word' id='word_1_352' title='bbox 831 2832 923 2895; x_wconf 73' lang='lat'><strong>26,</strong></span> <span class='ocrx_word' id='word_1_353' title='bbox 968 2832 1201 2900; x_wconf 85' lang='lat' dir='ltr'><strong>appellat</strong></span> <span class='ocrx_word' id='word_1_354' title='bbox 1224 2833 1518 2885; x_wconf 69' lang='lat' dir='ltr'><strong>daainonem</strong></span> <span class='ocrx_word' id='word_1_355' title='bbox 1554 2836 1807 2899; x_wconf 77' lang='lat' dir='ltr'><strong>Spiritum</strong></span> 
     </span>
    </p>
   </div>
   <div class='ocr_carea' id='block_1_55' title="bbox 238 2901 1804 2971">
    <p class='ocr_par' dir='ltr' id='par_1_55' title="bbox 238 2901 1804 2971">
     <span class='ocr_line' id='line_1_57' title="bbox 238 2901 1804 2971; baseline 0.003 -16"><span class='ocrx_word' id='word_1_356' title='bbox 238 2903 641 2970; x_wconf 88' lang='lat' dir='ltr'><strong>incorporeum.</strong></span> <span class='ocrx_word' id='word_1_357' title='bbox 674 2902 1097 2971; x_wconf 89' lang='lat' dir='ltr'><strong>Chrysostomus</strong></span> <span class='ocrx_word' id='word_1_358' title='bbox 1146 2902 1329 2955; x_wconf 90' lang='lat' dir='ltr'><strong>homil.</strong></span> <span class='ocrx_word' id='word_1_359' title='bbox 1380 2901 1471 2966; x_wconf 71' lang='grc'><strong>22,</strong></span> <span class='ocrx_word' id='word_1_360' title='bbox 1510 2903 1562 2956; x_wconf 92' lang='lat' dir='ltr'><strong>in</strong></span> <span class='ocrx_word' id='word_1_361' title='bbox 1606 2902 1804 2961; x_wconf 82' lang='lat' dir='ltr'><strong>Genes.</strong></span> 
     </span>
    </p>
   </div>
   <div class='ocr_carea' id='block_1_56' title="bbox 237 2971 1805 3042">
    <p class='ocr_par' dir='ltr' id='par_1_56' title="bbox 237 2971 1805 3042">
     <span class='ocr_line' id='line_1_58' title="bbox 237 2971 1805 3042; baseline 0.003 -16"><span class='ocrx_word' id='word_1_362' title='bbox 237 2971 478 3026; x_wconf 81' lang='lat' dir='ltr'><strong>allirmat</strong></span> <span class='ocrx_word' id='word_1_363' title='bbox 511 2973 847 3041; x_wconf 88' lang='lat' dir='ltr'><strong>impossibile</strong></span> <span class='ocrx_word' id='word_1_364' title='bbox 891 2988 1010 3042; x_wconf 89' lang='lat' dir='ltr'><strong>esse</strong></span> <span class='ocrx_word' id='word_1_365' title='bbox 1059 2976 1458 3042; x_wconf 72' lang='lat' dir='ltr'><strong>incorporeum</strong></span> <span class='ocrx_word' id='word_1_366' title='bbox 1492 2974 1805 3042; x_wconf 79' lang='lat' dir='ltr'><strong>angelorum</strong></span> 
     </span>
    </p>
   </div>
   <div class='ocr_carea' id='block_1_57' title="bbox 236 3041 1806 3115">
    <p class='ocr_par' dir='ltr' id='par_1_57' title="bbox 236 3041 1806 3115">
     <span class='ocr_line' id='line_1_59' title="bbox 236 3041 1806 3115; baseline 0.004 -20"><span class='ocrx_word' id='word_1_367' title='bbox 236 3054 493 3115; x_wconf 83' lang='lat' dir='ltr'><strong>naturam</strong></span> <span class='ocrx_word' id='word_1_368' title='bbox 521 3041 959 3115; x_wconf 84' lang='lat' dir='ltr'><strong>concupiscentia</strong></span> <span class='ocrx_word' id='word_1_369' title='bbox 991 3043 1171 3097; x_wconf 87' lang='lat' dir='ltr'><strong>carnis</strong></span> <span class='ocrx_word' id='word_1_370' title='bbox 1215 3044 1406 3115; x_wconf 88' lang='lat' dir='ltr'><strong>teneri.</strong></span> <span class='ocrx_word' id='word_1_371' title='bbox 1445 3041 1806 3115; x_wconf 85' lang='lat' dir='ltr'><strong>Hieronymus</strong></span> 
     </span>
    </p>
   </div>
   <div class='ocr_carea' id='block_1_58' title="bbox 238 3112 1807 3183">
    <p class='ocr_par' dir='ltr' id='par_1_58' title="bbox 238 3112 1807 3183">
     <span class='ocr_line' id='line_1_60' title="bbox 238 3112 1807 3183; baseline 0.003 -18"><span class='ocrx_word' id='word_1_372' title='bbox 238 3113 493 3183; x_wconf 88' lang='lat' dir='ltr'><strong>denique,</strong></span> <span class='ocrx_word' id='word_1_373' title='bbox 518 3114 679 3183; x_wconf 87' lang='lat' dir='ltr'><strong>epist.</strong></span> <span class='ocrx_word' id='word_1_374' title='bbox 710 3115 776 3167; x_wconf 89' lang='lat' dir='ltr'><strong>ad</strong></span> <span class='ocrx_word' id='word_1_375' title='bbox 803 3112 1056 3183; x_wconf 71' lang='lat' dir='ltr'><strong>Avitum,</strong></span> <span class='ocrx_word' id='word_1_376' title='bbox 1108 3115 1159 3165; x_wconf 93' lang='lat' dir='ltr'><strong>in</strong></span> <span class='ocrx_word' id='word_1_377' title='bbox 1201 3114 1480 3167; x_wconf 86' lang='lat' dir='ltr'><strong>erroribus</strong></span> <span class='ocrx_word' id='word_1_378' title='bbox 1509 3112 1665 3181; x_wconf 78' lang='lat' dir='ltr'><strong>ponit</strong></span> <span class='ocrx_word' id='word_1_379' title='bbox 1685 3115 1807 3171; x_wconf 49' lang='lat' dir='ltr'><strong>Ori&#39;</strong></span> 
     </span>
    </p>
   </div>
   <div class='ocr_carea' id='block_1_59' title="bbox 1916 1921 3502 1991">
    <p class='ocr_par' dir='ltr' id='par_1_59' title="bbox 1916 1921 3502 1991">
     <span class='ocr_line' id='line_1_61' title="bbox 1916 1921 3502 1991; baseline 0.001 -12"><span class='ocrx_word' id='word_1_380' title='bbox 1916 1926 2043 1979; x_wconf 90' lang='lat' dir='ltr'><strong>dum</strong></span> <span class='ocrx_word' id='word_1_381' title='bbox 2066 1923 2566 1991; x_wconf 86' lang='lat' dir='ltr'><strong>:(lEcolampadium</strong></span> <span class='ocrx_word' id='word_1_382' title='bbox 2583 1921 2806 1979; x_wconf 85' lang='lat' dir='ltr'><strong>Judaice</strong></span> <span class='ocrx_word' id='word_1_383' title='bbox 2821 1936 2875 1977; x_wconf 85' lang='lat' dir='ltr'><strong>c&#39;.</strong></span> <span class='ocrx_word' id='word_1_384' title='bbox 2892 1924 3147 1980; x_wconf 87' lang='lat' dir='ltr'><strong>Guostice</strong></span> <span class='ocrx_word' id='word_1_385' title='bbox 3171 1921 3502 1982; x_wconf 69' lang='lat' dir='ltr'><strong>transferen-</strong></span> 
     </span>
    </p>
   </div>
   <div class='ocr_carea' id='block_1_60' title="bbox 1917 1992 3498 2067">
    <p class='ocr_par' dir='ltr' id='par_1_60' title="bbox 1917 1992 3498 2067">
     <span class='ocr_line' id='line_1_62' title="bbox 1917 1992 3498 2067; baseline 0.002 -18"><span class='ocrx_word' id='word_1_386' title='bbox 1917 2005 2060 2049; x_wconf 85' lang='lat' dir='ltr'><strong>tem;</strong></span> <span class='ocrx_word' id='word_1_387' title='bbox 2102 2015 2119 2047; x_wconf 80' lang='grc' dir='ltr'><strong>ι</strong></span> <span class='ocrx_word' id='word_1_388' title='bbox 2150 1996 2315 2067; x_wconf 83' lang='lat' dir='ltr'><strong>Ecce,</strong></span> <span class='ocrx_word' id='word_1_389' title='bbox 2370 1992 2766 2067; x_wconf 82' lang='lat' dir='ltr'><strong>adulescentula</strong></span> <span class='ocrx_word' id='word_1_390' title='bbox 2806 1996 2891 2047; x_wconf 89' lang='lat' dir='ltr'><strong>illa</strong></span> <span class='ocrx_word' id='word_1_391' title='bbox 2928 2011 3239 2067; x_wconf 74' lang='lat' dir='ltr'><strong>prtegnaus,</strong></span> <span class='ocrx_word' id='word_1_392' title='bbox 3284 2008 3339 2050; x_wconf 92' lang='lat' dir='ltr'><strong>ct</strong></span> <span class='ocrx_word' id='word_1_393' title='bbox 3398 2014 3498 2067; x_wconf 88' lang='lat' dir='ltr'><strong>pa-</strong></span> 
     </span>
    </p>
   </div>
   <div class='ocr_carea' id='block_1_61' title="bbox 1918 2064 3497 2131">
    <p class='ocr_par' dir='ltr' id='par_1_61' title="bbox 1918 2064 3497 2131">
     <span class='ocr_line' id='line_1_63' title="bbox 1918 2064 3497 2131; baseline 0 -11"><span class='ocrx_word' id='word_1_394' title='bbox 1918 2067 2065 2120; x_wconf 89' lang='lat' dir='ltr'><strong>riens</strong></span> <span class='ocrx_word' id='word_1_395' title='bbox 2108 2066 2310 2129; x_wconf 88' lang='lat' dir='ltr'><strong>lilium;</strong></span> <span class='ocrx_word' id='word_1_396' title='bbox 2344 2080 2363 2114; x_wconf 84' lang='grc'><strong>)</strong></span> <span class='ocrx_word' id='word_1_397' title='bbox 2402 2064 2857 2131; x_wconf 89' lang='lat' dir='ltr'><strong>atqueimpurum</strong></span> <span class='ocrx_word' id='word_1_398' title='bbox 2911 2066 3280 2119; x_wconf 88' lang='lat' dir='ltr'><strong>Castaliouem</strong></span> <span class='ocrx_word' id='word_1_399' title='bbox 3344 2064 3497 2121; x_wconf 84' lang='lat' dir='ltr'><strong>coin-</strong></span> 
     </span>
    </p>
   </div>
   <div class='ocr_carea' id='block_1_62' title="bbox 1914 2134 3496 2205">
    <p class='ocr_par' dir='ltr' id='par_1_62' title="bbox 1914 2134 3496 2205">
     <span class='ocr_line' id='line_1_64' title="bbox 1914 2134 3496 2205; baseline 0.001 -16"><span class='ocrx_word' id='word_1_400' title='bbox 1914 2138 2062 2189; x_wconf 90' lang='lat' dir='ltr'><strong>muni</strong></span> <span class='ocrx_word' id='word_1_401' title='bbox 2091 2150 2220 2189; x_wconf 90' lang='lat' dir='ltr'><strong>voce</strong></span> <span class='ocrx_word' id='word_1_402' title='bbox 2248 2134 2328 2205; x_wconf 67' lang='lat' dir='ltr'><strong>ad</strong></span> <span class='ocrx_word' id='word_1_403' title='bbox 2359 2142 2675 2205; x_wconf 85' lang='lat' dir='ltr'><strong>corruptam</strong></span> <span class='ocrx_word' id='word_1_404' title='bbox 2706 2144 2759 2186; x_wconf 84' lang='lat' dir='ltr'><strong>et</strong></span> <span class='ocrx_word' id='word_1_405' title='bbox 2809 2135 3181 2201; x_wconf 83' lang='lat' dir='ltr'><strong>incorruptam</strong></span> <span class='ocrx_word' id='word_1_406' title='bbox 3225 2138 3496 2205; x_wconf 80' lang='lat' dir='ltr'><strong>interpre—</strong></span> 
     </span>
    </p>
   </div>
   <div class='ocr_carea' id='block_1_63' title="bbox 1917 2202 3490 2273">
    <p class='ocr_par' dir='ltr' id='par_1_63' title="bbox 1917 2202 3490 2273">
     <span class='ocr_line' id='line_1_65' title="bbox 1917 2202 3490 2273; baseline 0.001 -15"><span class='ocrx_word' id='word_1_407' title='bbox 1917 2217 2151 2259; x_wconf 88' lang='lat' dir='ltr'><strong>tantem:</strong></span> <span class='ocrx_word' id='word_1_408' title='bbox 2190 2224 2208 2256; x_wconf 75' lang='grc' dir='ltr'><strong>ι</strong></span> <span class='ocrx_word' id='word_1_409' title='bbox 2247 2204 2403 2264; x_wconf 85' lang='lat' dir='ltr'><strong>Ecce,</strong></span> <span class='ocrx_word' id='word_1_410' title='bbox 2438 2202 2611 2270; x_wconf 88' lang='lat' dir='ltr'><strong>puella</strong></span> <span class='ocrx_word' id='word_1_411' title='bbox 2660 2218 2948 2273; x_wconf 64' lang='lat' dir='ltr'><strong>praegnans</strong></span> <span class='ocrx_word' id='word_1_412' title='bbox 2995 2206 3166 2257; x_wconf 91' lang='lat' dir='ltr'><strong>lilium</strong></span> <span class='ocrx_word' id='word_1_413' title='bbox 3222 2202 3432 2273; x_wconf 83' lang='lat' dir='ltr'><strong>pariet;</strong></span> <span class='ocrx_word' id='word_1_414' title='bbox 3472 2227 3490 2259; x_wconf 71' lang='grc' dir='ltr'><strong>ι</strong></span> 
     </span>
    </p>
   </div>
   <div class='ocr_carea' id='block_1_64' title="bbox 1913 2274 3386 2345">
    <p class='ocr_par' dir='ltr' id='par_1_64' title="bbox 1913 2274 3386 2345">
     <span class='ocr_line' id='line_1_66' title="bbox 1913 2274 3386 2345; baseline 0.001 -17"><span class='ocrx_word' id='word_1_415' title='bbox 1913 2290 2049 2345; x_wconf 83' lang='lat' dir='ltr'><strong>quos</strong></span> <span class='ocrx_word' id='word_1_416' title='bbox 2075 2290 2265 2329; x_wconf 86' lang='lat' dir='ltr'><strong>omnes</strong></span> <span class='ocrx_word' id='word_1_417' title='bbox 2289 2274 2639 2345; x_wconf 86' lang='lat' dir='ltr'><strong>sequentibus</strong></span> <span class='ocrx_word' id='word_1_418' title='bbox 2673 2276 2975 2345; x_wconf 85' lang='lat' dir='ltr'><strong>rationibus</strong></span> <span class='ocrx_word' id='word_1_419' title='bbox 2998 2290 3386 2343; x_wconf 72' lang='lat' dir='ltr'><strong>coarguamus.</strong></span> 
     </span>
    </p>
   </div>
   <div class='ocr_carea' id='block_1_65' title="bbox 1988 2342 3491 2401">
    <p class='ocr_par' dir='ltr' id='par_1_65' title="bbox 1988 2342 3491 2401">
     <span class='ocr_line' id='line_1_67' title="bbox 1988 2342 3491 2401; baseline 0 -2"><span class='ocrx_word' id='word_1_420' title='bbox 1988 2347 2039 2399; x_wconf 89' lang='grc'><strong>1.</strong></span> <span class='ocrx_word' id='word_1_421' title='bbox 2064 2347 2260 2399; x_wconf 88' lang='lat' dir='ltr'><strong>&#39;l‘ribus</strong></span> <span class='ocrx_word' id='word_1_422' title='bbox 2282 2342 2514 2397; x_wconf 89' lang='lat' dir='ltr'><strong>diversis</strong></span> <span class='ocrx_word' id='word_1_423' title='bbox 2543 2344 2824 2397; x_wconf 87' lang='lat' dir='ltr'><strong>vocabulis</strong></span> <span class='ocrx_word' id='word_1_424' title='bbox 2855 2344 3063 2396; x_wconf 68' lang='lat' dir='ltr'><strong>liebrmi</strong></span> <span class='ocrx_word' id='word_1_425' title='bbox 3094 2342 3343 2399; x_wconf 77' lang='lat' dir='ltr'><strong>eamdem</strong></span> <span class='ocrx_word' id='word_1_426' title='bbox 3377 2346 3491 2401; x_wconf 79' lang='lat' dir='ltr'><strong>fere</strong></span> 
     </span>
    </p>
   </div>
   <div class='ocr_carea' id='block_1_66' title="bbox 1914 2414 3499 2485">
    <p class='ocr_par' dir='ltr' id='par_1_66' title="bbox 1914 2414 3499 2485">
     <span class='ocr_line' id='line_1_68' title="bbox 1914 2414 3499 2485; baseline -0.013 3"><span class='ocrx_word' id='word_1_427' title='bbox 1914 2432 2027 2470; x_wconf 64' lang='lat' dir='ltr'><strong>rem</strong></span> <span class='ocrx_word' id='word_1_428' title='bbox 2073 2416 2232 2485; x_wconf 74' lang='lat'><strong>136</strong></span> <span class='ocrx_word' id='word_1_429' title='bbox 2294 2414 2601 2485; x_wconf 56' lang='grc' dir='ltr'><strong>δίὲἕιιίῖίβίωῑ</strong></span> <span class='ocrx_word' id='word_1_430' title='bbox 2633 2451 2648 2475; x_wconf 76' lang='grc' dir='ltr'><strong>ν</strong></span> <span class='ocrx_word' id='word_1_431' title='bbox 2697 2422 2836 2475; x_wconf 66' lang='grc' dir='ltr'><strong>ΓΓΙἮ</strong></span> <span class='ocrx_word' id='word_1_432' title='bbox 2864 2452 2878 2476; x_wconf 71' lang='grc' dir='ltr'><strong><em>ν</em></strong></span> <span class='ocrx_word' id='word_1_433' title='bbox 2917 2417 3121 2467; x_wconf 82' lang='lat' dir='ltr'><strong>ttaaralt</strong></span> <span class='ocrx_word' id='word_1_434' title='bbox 3172 2416 3499 2485; x_wconf 64' lang='lat' dir='ltr'><strong>adolescen-</strong></span> 
     </span>
    </p>
   </div>
   <div class='ocr_carea' id='block_1_67' title="bbox 1914 2472 3495 2551">
    <p class='ocr_par' dir='ltr' id='par_1_67' title="bbox 1914 2472 3495 2551">
     <span class='ocr_line' id='line_1_69' title="bbox 1914 2472 3495 2551; baseline 0.001 -12"><span class='ocrx_word' id='word_1_435' title='bbox 1914 2472 2230 2549; x_wconf 44' lang='lat' dir='ltr'><strong>tulamtse&#39;d</strong></span> <span class='ocrx_word' id='word_1_436' title='bbox 2270 2472 2376 2537; x_wconf 79' lang='lat' dir='ltr'><strong>tam</strong></span> <span class='ocrx_word' id='word_1_437' title='bbox 2408 2472 2694 2551; x_wconf 71' lang='lat' dir='ltr'><strong>virginem,</strong></span> <span class='ocrx_word' id='word_1_438' title='bbox 2728 2472 2904 2551; x_wconf 8' lang='lat' dir='ltr'><strong>Equam</strong></span> <span class='ocrx_word' id='word_1_439' title='bbox 2938 2493 3284 2551; x_wconf 86' lang='lat' dir='ltr'><strong>corruptam:</strong></span> <span class='ocrx_word' id='word_1_440' title='bbox 3319 2472 3495 2546; x_wconf 70' lang='lat' dir='ltr'><strong>n‘nn;</strong></span> 
     </span>
    </p>
   </div>
   <div class='ocr_carea' id='block_1_68' title="bbox 1912 2551 3495 2622">
    <p class='ocr_par' dir='ltr' id='par_1_68' title="bbox 1912 2551 3495 2622">
     <span class='ocr_line' id='line_1_70' title="bbox 1912 2551 3495 2622; baseline 0.002 -14"><span class='ocrx_word' id='word_1_441' title='bbox 1912 2557 2158 2610; x_wconf 81' lang='lat' dir='ltr'><strong>bet/iulalt</strong></span> <span class='ocrx_word' id='word_1_442' title='bbox 2198 2595 2212 2619; x_wconf 93' lang='lat'><strong>,</strong></span> <span class='ocrx_word' id='word_1_443' title='bbox 2269 2552 2530 2621; x_wconf 79' lang='lat' dir='ltr'><strong>virginem</strong></span> <span class='ocrx_word' id='word_1_444' title='bbox 2587 2551 2892 2622; x_wconf 17' lang='lat' dir='ltr'><strong>duntaxat,</strong></span> <span class='ocrx_word' id='word_1_445' title='bbox 2955 2554 3244 2622; x_wconf 82' lang='lat' dir='ltr'><strong>designant</strong></span> <span class='ocrx_word' id='word_1_446' title='bbox 3284 2595 3299 2616; x_wconf 91' lang='lat'><strong>.</strong></span> <span class='ocrx_word' id='word_1_447' title='bbox 3378 2560 3495 2612; x_wconf 86' lang='lat' dir='ltr'><strong>sive</strong></span> 
     </span>
    </p>
   </div>
   <div class='ocr_carea' id='block_1_69' title="bbox 1911 2620 3494 2695">
    <p class='ocr_par' dir='ltr' id='par_1_69' title="bbox 1911 2620 3494 2695">
     <span class='ocr_line' id='line_1_71' title="bbox 1911 2620 3494 2695; baseline 0.001 -18"><span class='ocrx_word' id='word_1_448' title='bbox 1911 2641 2046 2679; x_wconf 85' lang='lat' dir='ltr'><strong>anus</strong></span> <span class='ocrx_word' id='word_1_449' title='bbox 2070 2620 2371 2695; x_wconf 78' lang='lat' dir='ltr'><strong>decrepita,</strong></span> <span class='ocrx_word' id='word_1_450' title='bbox 2398 2622 2513 2675; x_wconf 86' lang='lat' dir='ltr'><strong>sive</strong></span> <span class='ocrx_word' id='word_1_451' title='bbox 2534 2620 2933 2695; x_wconf 62' lang='lat' dir='ltr'><strong>adulescentula</strong></span> <span class='ocrx_word' id='word_1_452' title='bbox 2965 2620 3160 2695; x_wconf 74' lang='lat' dir='ltr'><strong>fuerit;</strong></span> <span class='ocrx_word' id='word_1_453' title='bbox 3180 2622 3359 2695; x_wconf 56' lang='lat'><strong>117253;,</strong></span> <span class='ocrx_word' id='word_1_454' title='bbox 3395 2626 3494 2680; x_wconf 81' lang='lat' dir='ltr'><strong>Ita-</strong></span> 
     </span>
    </p>
   </div>
   <div class='ocr_carea' id='block_1_70' title="bbox 1910 2691 3496 2765">
    <p class='ocr_par' dir='ltr' id='par_1_70' title="bbox 1910 2691 3496 2765">
     <span class='ocr_line' id='line_1_72' title="bbox 1910 2691 3496 2765; baseline 0.002 -18"><span class='ocrx_word' id='word_1_455' title='bbox 1910 2692 2109 2761; x_wconf 80' lang='lat' dir='ltr'><strong>alma/t,</strong></span> <span class='ocrx_word' id='word_1_456' title='bbox 2156 2691 2263 2765; x_wconf 82' lang='lat' dir='ltr'><strong>quo</strong></span> <span class='ocrx_word' id='word_1_457' title='bbox 2298 2704 2552 2765; x_wconf 80' lang='lat' dir='ltr'><strong>matrem_</strong></span> <span class='ocrx_word' id='word_1_458' title='bbox 2591 2691 2803 2765; x_wconf 70' lang='lat' dir='ltr'><strong>illessite</strong></span> <span class='ocrx_word' id='word_1_459' title='bbox 2845 2693 2959 2765; x_wconf 88' lang='lat' dir='ltr'><strong>hoc</strong></span> <span class='ocrx_word' id='word_1_460' title='bbox 3006 2694 3125 2765; x_wconf 89' lang='lat' dir='ltr'><strong>loco</strong></span> <span class='ocrx_word' id='word_1_461' title='bbox 3160 2691 3323 2747; x_wconf 85' lang='lat' dir='ltr'><strong>vocat</strong></span> <span class='ocrx_word' id='word_1_462' title='bbox 3367 2712 3496 2765; x_wconf 90' lang='lat' dir='ltr'><strong>pro-</strong></span> 
     </span>
    </p>
   </div>
   <div class='ocr_carea' id='block_1_71' title="bbox 1912 2760 3492 2834">
    <p class='ocr_par' dir='ltr' id='par_1_71' title="bbox 1912 2760 3492 2834">
     <span class='ocr_line' id='line_1_73' title="bbox 1912 2760 3492 2834; baseline -0.001 -15"><span class='ocrx_word' id='word_1_463' title='bbox 1912 2770 2095 2834; x_wconf 84' lang='lat' dir='ltr'><strong>pheta,</strong></span> <span class='ocrx_word' id='word_1_464' title='bbox 2132 2760 2470 2820; x_wconf 78' lang='lat' dir='ltr'><strong>solummodo</strong></span> <span class='ocrx_word' id='word_1_465' title='bbox 2488 2760 2950 2834; x_wconf 82' lang='lat' dir='ltr'><strong>adolescentulam</strong></span> <span class='ocrx_word' id='word_1_466' title='bbox 2974 2764 3282 2834; x_wconf 12' lang='lat' dir='ltr'><strong>ivirginem,</strong></span> <span class='ocrx_word' id='word_1_467' title='bbox 3341 2760 3492 2820; x_wconf 77' lang='lat' dir='ltr'><strong>eam-</strong></span> 
     </span>
    </p>
   </div>
   <div class='ocr_carea' id='block_1_72' title="bbox 1910 2832 3493 2903">
    <p class='ocr_par' dir='ltr' id='par_1_72' title="bbox 1910 2832 3493 2903">
     <span class='ocr_line' id='line_1_74' title="bbox 1910 2832 3493 2903; baseline 0.002 -14"><span class='ocrx_word' id='word_1_468' title='bbox 1910 2832 2016 2903; x_wconf 79' lang='lat' dir='ltr'><strong>que</strong></span> <span class='ocrx_word' id='word_1_469' title='bbox 2048 2851 2169 2889; x_wconf 91' lang='lat' dir='ltr'><strong>cum</strong></span> <span class='ocrx_word' id='word_1_470' title='bbox 2202 2834 2447 2888; x_wconf 76' lang='grc' dir='ltr'><strong>ἐπιτάσει</strong></span> <span class='ocrx_word' id='word_1_471' title='bbox 2500 2832 2787 2895; x_wconf 86' lang='lat' dir='ltr'><strong>intactam,</strong></span> <span class='ocrx_word' id='word_1_472' title='bbox 2841 2833 3151 2887; x_wconf 87' lang='lat' dir='ltr'><strong>hominibus</strong></span> <span class='ocrx_word' id='word_1_473' title='bbox 3202 2836 3493 2893; x_wconf 88' lang='lat' dir='ltr'><strong>abscondi-</strong></span> 
     </span>
    </p>
   </div>
   <div class='ocr_carea' id='block_1_73' title="bbox 1912 2904 3221 2972">
    <p class='ocr_par' dir='ltr' id='par_1_73' title="bbox 1912 2904 3221 2972">
     <span class='ocr_line' id='line_1_75' title="bbox 1912 2904 3221 2972; baseline -0.003 -11"><span class='ocrx_word' id='word_1_474' title='bbox 1912 2918 2021 2961; x_wconf 86' lang='lat' dir='ltr'><strong>tam</strong></span> <span class='ocrx_word' id='word_1_475' title='bbox 2052 2916 2106 2959; x_wconf 90' lang='lat' dir='ltr'><strong>et</strong></span> <span class='ocrx_word' id='word_1_476' title='bbox 2132 2908 2427 2965; x_wconf 88' lang='lat' dir='ltr'><strong>occultam,</strong></span> <span class='ocrx_word' id='word_1_477' title='bbox 2458 2912 2517 2955; x_wconf 90' lang='lat' dir='ltr'><strong>ut</strong></span> <span class='ocrx_word' id='word_1_478' title='bbox 2546 2904 2721 2970; x_wconf 89' lang='lat' dir='ltr'><strong>ipsum</strong></span> <span class='ocrx_word' id='word_1_479' title='bbox 2749 2914 2965 2972; x_wconf 88' lang='lat' dir='ltr'><strong>etymon</strong></span> <span class='ocrx_word' id='word_1_480' title='bbox 2996 2904 3221 2957; x_wconf 89' lang='lat' dir='ltr'><strong>indicat.</strong></span> 
     </span>
    </p>
   </div>
   <div class='ocr_carea' id='block_1_74' title="bbox 1978 2972 3491 3031">
    <p class='ocr_par' dir='ltr' id='par_1_74' title="bbox 1978 2972 3491 3031">
     <span class='ocr_line' id='line_1_76' title="bbox 1978 2972 3491 3031; baseline 0.001 -2"><span class='ocrx_word' id='word_1_481' title='bbox 1978 2978 2032 3030; x_wconf 75' lang='lat'><strong>2.</strong></span> <span class='ocrx_word' id='word_1_482' title='bbox 2077 2977 2277 3031; x_wconf 88' lang='lat' dir='ltr'><strong>Deimle</strong></span> <span class='ocrx_word' id='word_1_483' title='bbox 2306 2976 2481 3031; x_wconf 87' lang='lat' dir='ltr'><strong>trih_ns</strong></span> <span class='ocrx_word' id='word_1_484' title='bbox 2516 2982 2723 3027; x_wconf 90' lang='lat' dir='ltr'><strong>tantum</strong></span> <span class='ocrx_word' id='word_1_485' title='bbox 2754 2972 2887 3026; x_wconf 89' lang='lat' dir='ltr'><strong>locis</strong></span> <span class='ocrx_word' id='word_1_486' title='bbox 2919 2974 2973 3026; x_wconf 93' lang='lat' dir='ltr'><strong>in</strong></span> <span class='ocrx_word' id='word_1_487' title='bbox 3008 2976 3184 3028; x_wconf 88' lang='lat' dir='ltr'><strong>sacris</strong></span> <span class='ocrx_word' id='word_1_488' title='bbox 3232 2973 3491 3029; x_wconf 65' lang='lat' dir='ltr'><strong>Hebraeo-</strong></span> 
     </span>
    </p>
   </div>
   <div class='ocr_carea' id='block_1_75' title="bbox 1910 3046 2410 3111">
    <p class='ocr_par' dir='ltr' id='par_1_75' title="bbox 1910 3046 2410 3111">
     <span class='ocr_line' id='line_1_77' title="bbox 1910 3046 2410 3111; baseline 0.01 -11"><span class='ocrx_word' id='word_1_489' title='bbox 1910 3061 2029 3100; x_wconf 88' lang='lat' dir='ltr'><strong>rmn</strong></span> <span class='ocrx_word' id='word_1_490' title='bbox 2062 3046 2282 3111; x_wconf 90' lang='lat' dir='ltr'><strong>litteris,</strong></span> <span class='ocrx_word' id='word_1_491' title='bbox 2318 3055 2410 3105; x_wconf 66' lang='grc' dir='ltr'><strong>ΠΟ</strong></span> 
     </span>
    </p>
   </div>
   <div class='ocr_carea' id='block_1_76' title="bbox 1913 3114 2623 3179">
    <p class='ocr_par' dir='ltr' id='par_1_76' title="bbox 1913 3114 2623 3179">
     <span class='ocr_line' id='line_1_78' title="bbox 1913 3114 2623 3179; baseline -0.006 -10"><span class='ocrx_word' id='word_1_492' title='bbox 1913 3117 2079 3171; x_wconf 91' lang='lat' dir='ltr'><strong>ticulo</strong></span> <span class='ocrx_word' id='word_1_493' title='bbox 2114 3120 2174 3179; x_wconf 79' lang='grc' dir='ltr'><strong>Π,</strong></span> <span class='ocrx_word' id='word_1_494' title='bbox 2210 3114 2293 3178; x_wconf 81' lang='lat' dir='ltr'><strong>Ite,</strong></span> <span class='ocrx_word' id='word_1_495' title='bbox 2346 3117 2623 3170; x_wconf 90' lang='lat' dir='ltr'><strong>invenitur</strong></span> 
     </span>
    </p>
   </div>
   <div class='ocr_carea' id='block_1_77' title="bbox 2525 3044 3492 3108">
    <p class='ocr_par' dir='ltr' id='par_1_77' title="bbox 2525 3044 3492 3108">
     <span class='ocr_line' id='line_1_79' title="bbox 2525 3044 3492 3108; baseline 0.005 -14"><span class='ocrx_word' id='word_1_496' title='bbox 2525 3084 2540 3108; x_wconf 90' lang='lat'><strong>,</strong></span> <span class='ocrx_word' id='word_1_497' title='bbox 2584 3044 2858 3106; x_wconf 78' lang='lat' dir='ltr'><strong>ltoalntalt,</strong></span> <span class='ocrx_word' id='word_1_498' title='bbox 2914 3058 3041 3096; x_wconf 90' lang='lat' dir='ltr'><strong>cum</strong></span> <span class='ocrx_word' id='word_1_499' title='bbox 3070 3045 3253 3097; x_wconf 85' lang='lat' dir='ltr'><strong>littera</strong></span> <span class='ocrx_word' id='word_1_500' title='bbox 3278 3062 3372 3099; x_wconf 83' lang='lat' dir='ltr'><strong>seu</strong></span> <span class='ocrx_word' id='word_1_501' title='bbox 3408 3062 3492 3099; x_wconf 85' lang='lat' dir='ltr'><strong>ar-</strong></span> 
     </span>
    </p>
   </div>
   <div class='ocr_carea' id='block_1_78' title="bbox 2682 3114 3490 3177">
    <p class='ocr_par' dir='ltr' id='par_1_78' title="bbox 2682 3114 3490 3177">
     <span class='ocr_line' id='line_1_80' title="bbox 2682 3114 3490 3177; baseline 0.004 -11"><span class='ocrx_word' id='word_1_502' title='bbox 2682 3126 2699 3166; x_wconf 91' lang='lat'><strong>:</strong></span> <span class='ocrx_word' id='word_1_503' title='bbox 2756 3114 2953 3167; x_wconf 72' lang='lat' dir='ltr'><strong>Cenes.</strong></span> <span class='ocrx_word' id='word_1_504' title='bbox 2986 3128 3136 3177; x_wconf 78' lang='lat' dir='ltr'><strong>xxiv,</strong></span> <span class='ocrx_word' id='word_1_505' title='bbox 3174 3116 3395 3175; x_wconf 68' lang='lat' dir='ltr'><strong>15,cum</strong></span> <span class='ocrx_word' id='word_1_506' title='bbox 3423 3117 3490 3170; x_wconf 86' lang='lat' dir='ltr'><strong>de</strong></span> 
     </span>
    </p>
   </div>
   <div class='ocr_carea' id='block_1_79' title="bbox 233 3182 3491 3263">
    <p class='ocr_par' dir='ltr' id='par_1_79' title="bbox 233 3182 3491 3263">
     <span class='ocr_line' id='line_1_81' title="bbox 233 3182 3491 3263; baseline 0 -26"><span class='ocrx_word' id='word_1_507' title='bbox 233 3182 414 3251; x_wconf 80' lang='lat' dir='ltr'><strong>genis,</strong></span> <span class='ocrx_word' id='word_1_508' title='bbox 440 3182 587 3263; x_wconf 76' lang='lat' dir='ltr'><strong>quod</strong></span> <span class='ocrx_word' id='word_1_509' title='bbox 640 3182 841 3263; x_wconf 77' lang='lat' dir='ltr'><strong>dixerit</strong></span> <span class='ocrx_word' id='word_1_510' title='bbox 870 3183 1146 3238; x_wconf 77' lang='lat' dir='ltr'><strong>dannoues</strong></span> <span class='ocrx_word' id='word_1_511' title='bbox 1170 3183 1239 3237; x_wconf 89' lang='lat' dir='ltr'><strong>ob</strong></span> <span class='ocrx_word' id='word_1_512' title='bbox 1273 3183 1468 3238; x_wconf 89' lang='lat' dir='ltr'><strong>delicta</strong></span> <span class='ocrx_word' id='word_1_513' title='bbox 1520 3198 1616 3238; x_wconf 87' lang='lat' dir='ltr'><strong>sua</strong></span> <span class='ocrx_word' id='word_1_514' title='bbox 1646 3188 1810 3242; x_wconf 88' lang='lat' dir='ltr'><strong>aeriis</strong></span> <span class='ocrx_word' id='word_1_515' title='bbox 1835 3202 1881 3263; x_wconf 74' lang='grc' dir='ltr'>ο</span> <span class='ocrx_word' id='word_1_516' title='bbox 1912 3186 2417 3263; x_wconf 67' lang='lat' dir='ltr'><strong>Rebeccadtcitur:</strong></span> <span class='ocrx_word' id='word_1_517' title='bbox 2444 3203 2467 3263; x_wconf 59' lang='grc' dir='ltr'><em>μ</em></span> <span class='ocrx_word' id='word_1_518' title='bbox 2504 3186 2669 3262; x_wconf 70' lang='lat' dir='ltr'><strong>Ecce,</strong></span> <span class='ocrx_word' id='word_1_519' title='bbox 2698 3194 2781 3236; x_wconf 86' lang='lat' dir='ltr'><strong>sto</strong></span> <span class='ocrx_word' id='word_1_520' title='bbox 2804 3182 2959 3250; x_wconf 78' lang='lat' dir='ltr'><strong>juxta</strong></span> <span class='ocrx_word' id='word_1_521' title='bbox 2985 3184 3192 3263; x_wconf 73' lang='lat' dir='ltr'><strong>fontem</strong></span> <span class='ocrx_word' id='word_1_522' title='bbox 3224 3202 3403 3263; x_wconf 60' lang='lat' dir='ltr'><strong>auitae,</strong></span> <span class='ocrx_word' id='word_1_523' title='bbox 3436 3196 3491 3263; x_wconf 81' lang='lat' dir='ltr'><strong>et</strong></span> 
     </span>
    </p>
   </div>
   <div class='ocr_carea' id='block_1_80' title="bbox 233 3254 782 3320">
    <p class='ocr_par' dir='ltr' id='par_1_80' title="bbox 233 3254 782 3320">
     <span class='ocr_line' id='line_1_82' title="bbox 233 3254 782 3320; baseline 0.002 -14"><span class='ocrx_word' id='word_1_524' title='bbox 233 3254 556 3320; x_wconf 79' lang='lat' dir='ltr'><strong>corporibus</strong></span> <span class='ocrx_word' id='word_1_525' title='bbox 573 3254 782 3308; x_wconf 77' lang='lat' dir='ltr'><strong>vestiri.</strong></span> 
     </span>
    </p>
   </div>
   <div class='ocr_carea' id='block_1_81' title="bbox 309 3322 1806 3394">
    <p class='ocr_par' dir='ltr' id='par_1_81' title="bbox 309 3322 1806 3394">
     <span class='ocr_line' id='line_1_83' title="bbox 309 3322 1806 3394; baseline 0.001 -17"><span class='ocrx_word' id='word_1_526' title='bbox 309 3323 490 3394; x_wconf 74' lang='lat' dir='ltr'><strong>Neque</strong></span> <span class='ocrx_word' id='word_1_527' title='bbox 512 3327 704 3379; x_wconf 78' lang='lat' dir='ltr'><strong>senior.</strong></span> <span class='ocrx_word' id='word_1_528' title='bbox 733 3324 1006 3378; x_wconf 86' lang='lat' dir='ltr'><strong>Sententia</strong></span> <span class='ocrx_word' id='word_1_529' title='bbox 1032 3334 1116 3378; x_wconf 87' lang='lat' dir='ltr'><strong>est</strong></span> <span class='ocrx_word' id='word_1_530' title='bbox 1139 3322 1242 3378; x_wconf 90' lang='lat' dir='ltr'><strong>lsa.</strong></span> <span class='ocrx_word' id='word_1_531' title='bbox 1268 3338 1401 3379; x_wconf 76' lang='lat' dir='ltr'><strong>Lxm</strong></span> <span class='ocrx_word' id='word_1_532' title='bbox 1453 3325 1605 3394; x_wconf 77' lang='lat' dir='ltr'><strong>juxta</strong></span> <span class='ocrx_word' id='word_1_533' title='bbox 1642 3325 1806 3380; x_wconf 64' lang='lat' dir='ltr'><strong>trala.</strong></span> 
     </span>
    </p>
   </div>
   <div class='ocr_carea' id='block_1_82' title="bbox 232 3394 1809 3468">
    <p class='ocr_par' dir='ltr' id='par_1_82' title="bbox 232 3394 1809 3468">
     <span class='ocr_line' id='line_1_84' title="bbox 232 3394 1809 3468; baseline 0.003 -20"><span class='ocrx_word' id='word_1_534' title='bbox 232 3394 449 3468; x_wconf 61' lang='lat' dir='ltr'><strong>tionem</strong></span> <span class='ocrx_word' id='word_1_535' title='bbox 466 3394 646 3468; x_wconf 68' lang='lat' dir='ltr'><strong>LXX:</strong></span> <span class='ocrx_word' id='word_1_536' title='bbox 666 3411 784 3465; x_wconf 79' lang='lat' dir='ltr'><strong>qua:</strong></span> <span class='ocrx_word' id='word_1_537' title='bbox 815 3395 1005 3468; x_wconf 84' lang='lat' dir='ltr'><strong>iisdem</strong></span> <span class='ocrx_word' id='word_1_538' title='bbox 1027 3395 1141 3468; x_wconf 72' lang='lat' dir='ltr'><strong>fere</strong></span> <span class='ocrx_word' id='word_1_539' title='bbox 1165 3396 1342 3468; x_wconf 83' lang='lat' dir='ltr'><strong>verbis</strong></span> <span class='ocrx_word' id='word_1_540' title='bbox 1370 3396 1571 3468; x_wconf 69' lang='lat' dir='ltr'><strong>citatui&#39;</strong></span> <span class='ocrx_word' id='word_1_541' title='bbox 1593 3412 1809 3468; x_wconf 90' lang='lat' dir='ltr'><strong>quoque</strong></span> 
     </span>
    </p>
   </div>
   <div class='ocr_carea' id='block_1_83' title="bbox 232 3464 1589 3534">
    <p class='ocr_par' dir='ltr' id='par_1_83' title="bbox 232 3464 1589 3534">
     <span class='ocr_line' id='line_1_85' title="bbox 232 3464 1589 3534; baseline 0 -15"><span class='ocrx_word' id='word_1_542' title='bbox 232 3480 265 3519; x_wconf 73' lang='grc' dir='ltr'>ει</span> <span class='ocrx_word' id='word_1_543' title='bbox 291 3464 562 3534; x_wconf 89' lang='lat' dir='ltr'><strong>Cypriano</strong></span> <span class='ocrx_word' id='word_1_544' title='bbox 593 3464 693 3519; x_wconf 79' lang='lat' dir='ltr'><strong>lib.</strong></span> <span class='ocrx_word' id='word_1_545' title='bbox 746 3481 783 3519; x_wconf 89' lang='grc' dir='ltr'><strong>ιι</strong></span> <span class='ocrx_word' id='word_1_546' title='bbox 815 3465 1078 3519; x_wconf 70' lang='lat' dir='ltr'><strong>Adversus</strong></span> <span class='ocrx_word' id='word_1_547' title='bbox 1103 3464 1346 3527; x_wconf 79' lang='lat' dir='ltr'><strong>Judwos,</strong></span> <span class='ocrx_word' id='word_1_548' title='bbox 1382 3482 1505 3534; x_wconf 89' lang='lat' dir='ltr'><strong>cap.</strong></span> <span class='ocrx_word' id='word_1_549' title='bbox 1538 3466 1589 3519; x_wconf 91' lang='lat'><strong>7.</strong></span> 
     </span>
    </p>
   </div>
   <div class='ocr_carea' id='block_1_84' title="bbox 304 3535 1804 3592">
    <p class='ocr_par' dir='ltr' id='par_1_84' title="bbox 304 3535 1804 3592">
     <span class='ocr_line' id='line_1_86' title="bbox 304 3535 1804 3592; baseline 0.001 -2"><span class='ocrx_word' id='word_1_550' title='bbox 304 3535 483 3590; x_wconf 72' lang='lat' dir='ltr'><strong>Isaias</strong></span> <span class='ocrx_word' id='word_1_551' title='bbox 514 3538 626 3590; x_wconf 85' lang='lat' dir='ltr'><strong>ait:</strong></span> <span class='ocrx_word' id='word_1_552' title='bbox 654 3535 717 3588; x_wconf 73' lang='lat' dir='ltr'><strong>Et</strong></span> <span class='ocrx_word' id='word_1_553' title='bbox 760 3548 1195 3589; x_wconf 68' lang='lat' dir='ltr'><strong>commemorata:</strong></span> <span class='ocrx_word' id='word_1_554' title='bbox 1222 3545 1318 3589; x_wconf 79' lang='lat' dir='ltr'><strong>est.</strong></span> <span class='ocrx_word' id='word_1_555' title='bbox 1346 3535 1463 3591; x_wconf 85' lang='lat' dir='ltr'><strong>Non</strong></span> <span class='ocrx_word' id='word_1_556' title='bbox 1495 3536 1680 3592; x_wconf 88' lang='lat' dir='ltr'><strong>dubito</strong></span> <span class='ocrx_word' id='word_1_557' title='bbox 1706 3553 1804 3591; x_wconf 88' lang='lat' dir='ltr'><strong>no-</strong></span> 
     </span>
    </p>
   </div>
   <div class='ocr_carea' id='block_1_85' title="bbox 230 3605 1803 3676">
    <p class='ocr_par' dir='ltr' id='par_1_85' title="bbox 230 3605 1803 3676">
     <span class='ocr_line' id='line_1_87' title="bbox 230 3605 1803 3676; baseline 0.001 -16"><span class='ocrx_word' id='word_1_558' title='bbox 230 3622 357 3661; x_wconf 85' lang='lat' dir='ltr'><strong>men</strong></span> <span class='ocrx_word' id='word_1_559' title='bbox 405 3605 552 3661; x_wconf 82' lang='lat' dir='ltr'><strong>lsaia:</strong></span> <span class='ocrx_word' id='word_1_560' title='bbox 607 3620 704 3676; x_wconf 90' lang='lat' dir='ltr'><strong>pro</strong></span> <span class='ocrx_word' id='word_1_561' title='bbox 764 3608 982 3661; x_wconf 88' lang='lat' dir='ltr'><strong>nomine</strong></span> <span class='ocrx_word' id='word_1_562' title='bbox 1049 3605 1298 3661; x_wconf 73' lang='lat' dir='ltr'><strong>Jeremize</strong></span> <span class='ocrx_word' id='word_1_563' title='bbox 1341 3607 1393 3660; x_wconf 89' lang='lat' dir='ltr'><strong>in</strong></span> <span class='ocrx_word' id='word_1_564' title='bbox 1448 3608 1590 3661; x_wconf 91' lang='lat' dir='ltr'><strong>hunc</strong></span> <span class='ocrx_word' id='word_1_565' title='bbox 1626 3608 1803 3662; x_wconf 88' lang='lat' dir='ltr'><strong>locum</strong></span> 
     </span>
    </p>
   </div>
   <div class='ocr_carea' id='block_1_86' title="bbox 227 3676 1806 3747">
    <p class='ocr_par' dir='ltr' id='par_1_86' title="bbox 227 3676 1806 3747">
     <span class='ocr_line' id='line_1_88' title="bbox 227 3676 1806 3747; baseline 0.002 -17"><span class='ocrx_word' id='word_1_566' title='bbox 227 3676 538 3746; x_wconf 72' lang='lat' dir='ltr'><strong>irrepsisse,</strong></span> <span class='ocrx_word' id='word_1_567' title='bbox 556 3678 811 3746; x_wconf 85' lang='lat' dir='ltr'><strong>quoniam</strong></span> <span class='ocrx_word' id='word_1_568' title='bbox 826 3676 1062 3747; x_wconf 79' lang='lat' dir='ltr'><strong>dixisset</strong></span> <span class='ocrx_word' id='word_1_569' title='bbox 1084 3684 1141 3729; x_wconf 88' lang='lat' dir='ltr'><strong>ut</strong></span> <span class='ocrx_word' id='word_1_570' title='bbox 1155 3677 1312 3747; x_wconf 83' lang='lat' dir='ltr'><strong>paulo</strong></span> <span class='ocrx_word' id='word_1_571' title='bbox 1327 3688 1504 3732; x_wconf 86' lang='lat' dir='ltr'><strong>antea:</strong></span> <span class='ocrx_word' id='word_1_572' title='bbox 1529 3696 1545 3727; x_wconf 75' lang='grc' dir='ltr'><strong>ι</strong></span> <span class='ocrx_word' id='word_1_573' title='bbox 1562 3678 1623 3731; x_wconf 86' lang='lat' dir='ltr'><strong>Et</strong></span> <span class='ocrx_word' id='word_1_574' title='bbox 1637 3680 1806 3733; x_wconf 82' lang='lat' dir='ltr'><strong>Isaias</strong></span> 
     </span>
    </p>
   </div>
   <div class='ocr_carea' id='block_1_87' title="bbox 227 3746 1801 3817">
    <p class='ocr_par' dir='ltr' id='par_1_87' title="bbox 227 3746 1801 3817">
     <span class='ocr_line' id='line_1_89' title="bbox 227 3746 1801 3817; baseline 0.001 -16"><span class='ocrx_word' id='word_1_575' title='bbox 227 3763 457 3811; x_wconf 82' lang='lat' dir='ltr'><strong>rursus;</strong></span> <span class='ocrx_word' id='word_1_576' title='bbox 487 3766 507 3799; x_wconf 71' lang='grc' dir='ltr'><strong>ι</strong></span> <span class='ocrx_word' id='word_1_577' title='bbox 546 3749 787 3817; x_wconf 84' lang='lat' dir='ltr'><strong>insuper,</strong></span> <span class='ocrx_word' id='word_1_578' title='bbox 823 3746 915 3799; x_wconf 84' lang='lat' dir='ltr'><strong>lib.</strong></span> <span class='ocrx_word' id='word_1_579' title='bbox 965 3763 1037 3807; x_wconf 83' lang='grc' dir='ltr'><strong>ν).</strong></span> <span class='ocrx_word' id='word_1_580' title='bbox 1072 3746 1194 3814; x_wconf 82' lang='lat' dir='ltr'><strong>Cap.</strong></span> <span class='ocrx_word' id='word_1_581' title='bbox 1228 3746 1316 3809; x_wconf 81' lang='lat'><strong>39,</strong></span> <span class='ocrx_word' id='word_1_582' title='bbox 1365 3750 1507 3803; x_wconf 90' lang='lat' dir='ltr'><strong>hunc</strong></span> <span class='ocrx_word' id='word_1_583' title='bbox 1552 3750 1801 3802; x_wconf 90' lang='lat' dir='ltr'><strong>emndem</strong></span> 
     </span>
    </p>
   </div>
   <div class='ocr_carea' id='block_1_88' title="bbox 227 3817 1801 3886">
    <p class='ocr_par' dir='ltr' id='par_1_88' title="bbox 227 3817 1801 3886">
     <span class='ocr_line' id='line_1_90' title="bbox 227 3817 1801 3886; baseline 0.002 -16"><span class='ocrx_word' id='word_1_584' title='bbox 227 3817 412 3871; x_wconf 72' lang='lat' dir='ltr'><strong>locum</strong></span> <span class='ocrx_word' id='word_1_585' title='bbox 440 3819 664 3872; x_wconf 84' lang='lat' dir='ltr'><strong>ascribit</strong></span> <span class='ocrx_word' id='word_1_586' title='bbox 688 3817 967 3882; x_wconf 66' lang='lat' dir='ltr'><strong>Jeremim;</strong></span> <span class='ocrx_word' id='word_1_587' title='bbox 1002 3817 1097 3873; x_wconf 87' lang='lat' dir='ltr'><strong>lib.</strong></span> <span class='ocrx_word' id='word_1_588' title='bbox 1141 3819 1269 3870; x_wconf 91' lang='lat' dir='ltr'><strong>item</strong></span> <span class='ocrx_word' id='word_1_589' title='bbox 1297 3832 1347 3881; x_wconf 93' lang='lat' dir='ltr'><strong>v,</strong></span> <span class='ocrx_word' id='word_1_590' title='bbox 1379 3834 1497 3886; x_wconf 92' lang='lat' dir='ltr'><strong>cap.</strong></span> <span class='ocrx_word' id='word_1_591' title='bbox 1530 3818 1619 3882; x_wconf 82' lang='lat'><strong>3|,</strong></span> <span class='ocrx_word' id='word_1_592' title='bbox 1646 3834 1801 3873; x_wconf 89' lang='lat' dir='ltr'><strong>eum-</strong></span> 
     </span>
    </p>
   </div>
   <div class='ocr_carea' id='block_1_89' title="bbox 227 3888 1805 3958">
    <p class='ocr_par' dir='ltr' id='par_1_89' title="bbox 227 3888 1805 3958">
     <span class='ocr_line' id='line_1_91' title="bbox 227 3888 1805 3958; baseline -0.001 -17"><span class='ocrx_word' id='word_1_593' title='bbox 227 3888 349 3942; x_wconf 89' lang='lat' dir='ltr'><strong>dem</strong></span> <span class='ocrx_word' id='word_1_594' title='bbox 373 3891 574 3951; x_wconf 85' lang='lat' dir='ltr'><strong>loeum,</strong></span> <span class='ocrx_word' id='word_1_595' title='bbox 608 3890 769 3958; x_wconf 89' lang='lat' dir='ltr'><strong>paulo</strong></span> <span class='ocrx_word' id='word_1_596' title='bbox 794 3888 918 3942; x_wconf 89' lang='lat' dir='ltr'><strong>licet</strong></span> <span class='ocrx_word' id='word_1_597' title='bbox 946 3889 1105 3943; x_wconf 87' lang='lat' dir='ltr'><strong>aliter</strong></span> <span class='ocrx_word' id='word_1_598' title='bbox 1128 3888 1328 3951; x_wconf 90' lang='lat' dir='ltr'><strong>citans,</strong></span> <span class='ocrx_word' id='word_1_599' title='bbox 1361 3888 1509 3943; x_wconf 73' lang='lat' dir='ltr'><strong>Isaia:</strong></span> <span class='ocrx_word' id='word_1_600' title='bbox 1551 3905 1655 3941; x_wconf 90' lang='lat' dir='ltr'><strong>nou</strong></span> <span class='ocrx_word' id='word_1_601' title='bbox 1691 3905 1805 3941; x_wconf 77' lang='lat' dir='ltr'><strong>nie-</strong></span> 
     </span>
    </p>
   </div>
   <div class='ocr_carea' id='block_1_90' title="bbox 227 3957 1801 4027">
    <p class='ocr_par' dir='ltr' id='par_1_90' title="bbox 227 3957 1801 4027">
     <span class='ocr_line' id='line_1_92' title="bbox 227 3957 1801 4027; baseline 0.001 -16"><span class='ocrx_word' id='word_1_602' title='bbox 227 3959 410 4012; x_wconf 82' lang='lat' dir='ltr'><strong>:ninit.</strong></span> <span class='ocrx_word' id='word_1_603' title='bbox 445 3959 550 4013; x_wconf 90' lang='lat' dir='ltr'><strong>Sed</strong></span> <span class='ocrx_word' id='word_1_604' title='bbox 582 3957 634 4014; x_wconf 91' lang='lat' dir='ltr'><strong>et</strong></span> <span class='ocrx_word' id='word_1_605' title='bbox 675 3958 924 4013; x_wconf 81' lang='lat' dir='ltr'><strong>Justinus</strong></span> <span class='ocrx_word' id='word_1_606' title='bbox 946 3969 1154 4027; x_wconf 80' lang='lat' dir='ltr'><strong>martyr</strong></span> <span class='ocrx_word' id='word_1_607' title='bbox 1189 3958 1240 4010; x_wconf 90' lang='lat' dir='ltr'><strong>in</strong></span> <span class='ocrx_word' id='word_1_608' title='bbox 1285 3957 1530 4027; x_wconf 82' lang='lat' dir='ltr'><strong>Dialogo,</strong></span> <span class='ocrx_word' id='word_1_609' title='bbox 1571 3959 1801 4012; x_wconf 78' lang='lat' dir='ltr'><strong>velutcx</strong></span> 
     </span>
    </p>
   </div>
   <div class='ocr_carea' id='block_1_91' title="bbox 224 4027 1802 4098">
    <p class='ocr_par' dir='ltr' id='par_1_91' title="bbox 224 4027 1802 4098">
     <span class='ocr_line' id='line_1_93' title="bbox 224 4027 1802 4098; baseline 0.001 -17"><span class='ocrx_word' id='word_1_610' title='bbox 224 4027 460 4083; x_wconf 80' lang='lat' dir='ltr'><strong>Jcremia</strong></span> <span class='ocrx_word' id='word_1_611' title='bbox 493 4031 668 4085; x_wconf 86' lang='lat' dir='ltr'><strong>locum</strong></span> <span class='ocrx_word' id='word_1_612' title='bbox 697 4030 914 4098; x_wconf 82' lang='lat' dir='ltr'><strong>allegat.</strong></span> <span class='ocrx_word' id='word_1_613' title='bbox 946 4027 1146 4083; x_wconf 85' lang='lat' dir='ltr'><strong>Scribit</strong></span> <span class='ocrx_word' id='word_1_614' title='bbox 1188 4044 1369 4096; x_wconf 85' lang='lat' dir='ltr'><strong>porro,</strong></span> <span class='ocrx_word' id='word_1_615' title='bbox 1414 4028 1628 4082; x_wconf 68' lang='lat' dir='ltr'><strong>Judaeos</strong></span> <span class='ocrx_word' id='word_1_616' title='bbox 1676 4031 1802 4083; x_wconf 89' lang='lat' dir='ltr'><strong>odio</strong></span> 
     </span>
    </p>
   </div>
   <div class='ocr_carea' id='block_1_92' title="bbox 223 4098 1801 4167">
    <p class='ocr_par' dir='ltr' id='par_1_92' title="bbox 223 4098 1801 4167">
     <span class='ocr_line' id='line_1_94' title="bbox 223 4098 1801 4167; baseline 0.001 -15"><span class='ocrx_word' id='word_1_617' title='bbox 223 4102 663 4154; x_wconf 77' lang='lat' dir='ltr'><strong>Christianorum</strong></span> <span class='ocrx_word' id='word_1_618' title='bbox 697 4102 1022 4154; x_wconf 85' lang='lat' dir='ltr'><strong>sententiam</strong></span> <span class='ocrx_word' id='word_1_619' title='bbox 1053 4100 1233 4164; x_wconf 86' lang='lat' dir='ltr'><strong>istam,</strong></span> <span class='ocrx_word' id='word_1_620' title='bbox 1267 4098 1553 4167; x_wconf 88' lang='lat' dir='ltr'><strong>pluresque</strong></span> <span class='ocrx_word' id='word_1_621' title='bbox 1603 4098 1735 4153; x_wconf 88' lang='lat' dir='ltr'><strong>alias</strong></span> <span class='ocrx_word' id='word_1_622' title='bbox 1771 4116 1801 4154; x_wconf 85' lang='lat' dir='ltr'><strong>e</strong></span> 
     </span>
    </p>
   </div>
   <div class='ocr_carea' id='block_1_93' title="bbox 224 4169 1801 4227">
    <p class='ocr_par' dir='ltr' id='par_1_93' title="bbox 224 4169 1801 4227">
     <span class='ocr_line' id='line_1_95' title="bbox 224 4169 1801 4227; baseline -0.001 -2"><span class='ocrx_word' id='word_1_623' title='bbox 224 4172 401 4226; x_wconf 75' lang='lat' dir='ltr'><strong>Sacris</strong></span> <span class='ocrx_word' id='word_1_624' title='bbox 432 4172 620 4226; x_wconf 83' lang='lat' dir='ltr'><strong>Bibliis</strong></span> <span class='ocrx_word' id='word_1_625' title='bbox 666 4170 970 4227; x_wconf 83' lang='lat' dir='ltr'><strong>snstulisse.</strong></span> <span class='ocrx_word' id='word_1_626' title='bbox 1024 4169 1091 4222; x_wconf 89' lang='lat' dir='ltr'><strong>Et</strong></span> <span class='ocrx_word' id='word_1_627' title='bbox 1143 4184 1329 4222; x_wconf 84' lang='lat' dir='ltr'><strong>revera</strong></span> <span class='ocrx_word' id='word_1_628' title='bbox 1367 4170 1453 4223; x_wconf 91' lang='lat' dir='ltr'><strong>hic</strong></span> <span class='ocrx_word' id='word_1_629' title='bbox 1503 4172 1650 4223; x_wconf 89' lang='lat' dir='ltr'><strong>locus</strong></span> <span class='ocrx_word' id='word_1_630' title='bbox 1699 4186 1801 4224; x_wconf 89' lang='lat' dir='ltr'><strong>nec</strong></span> 
     </span>
    </p>
   </div>
   <div class='ocr_carea' id='block_1_94' title="bbox 226 4239 1797 4311">
    <p class='ocr_par' dir='ltr' id='par_1_94' title="bbox 226 4239 1797 4311">
     <span class='ocr_line' id='line_1_96' title="bbox 226 4239 1797 4311; baseline 0 -18"><span class='ocrx_word' id='word_1_631' title='bbox 226 4242 369 4306; x_wconf 88' lang='lat' dir='ltr'><strong>apud</strong></span> <span class='ocrx_word' id='word_1_632' title='bbox 399 4241 563 4307; x_wconf 79' lang='lat' dir='ltr'><strong>LXX,</strong></span> <span class='ocrx_word' id='word_1_633' title='bbox 596 4258 692 4297; x_wconf 92' lang='lat' dir='ltr'><strong>nec</strong></span> <span class='ocrx_word' id='word_1_634' title='bbox 727 4242 867 4311; x_wconf 91' lang='lat' dir='ltr'><strong>apud</strong></span> <span class='ocrx_word' id='word_1_635' title='bbox 905 4241 1185 4311; x_wconf 79' lang='lat' dir='ltr'><strong>Vulgatatu</strong></span> <span class='ocrx_word' id='word_1_636' title='bbox 1221 4239 1503 4294; x_wconf 84' lang='lat' dir='ltr'><strong>lectionem</strong></span> <span class='ocrx_word' id='word_1_637' title='bbox 1548 4242 1797 4295; x_wconf 82' lang='lat' dir='ltr'><strong>Latinam</strong></span> 
     </span>
    </p>
   </div>
   <div class='ocr_carea' id='block_1_95' title="bbox 226 4316 657 4368">
    <p class='ocr_par' dir='ltr' id='par_1_95' title="bbox 226 4316 657 4368">
     <span class='ocr_line' id='line_1_97' title="bbox 226 4316 657 4368; baseline 0.002 -3"><span class='ocrx_word' id='word_1_638' title='bbox 226 4328 371 4367; x_wconf 90' lang='lat' dir='ltr'><strong>nunc</strong></span> <span class='ocrx_word' id='word_1_639' title='bbox 394 4316 657 4368; x_wconf 88' lang='lat' dir='ltr'><strong>occurrit.</strong></span> 
     </span>
    </p>
   </div>
   <div class='ocr_carea' id='block_1_96' title="bbox 296 4379 1799 4454">
    <p class='ocr_par' dir='ltr' id='par_1_96' title="bbox 296 4379 1799 4454">
     <span class='ocr_line' id='line_1_98' title="bbox 296 4379 1799 4454; baseline 0 -18"><span class='ocrx_word' id='word_1_640' title='bbox 296 4383 439 4437; x_wconf 72' lang='lat' dir='ltr'><strong>Deus</strong></span> <span class='ocrx_word' id='word_1_641' title='bbox 464 4387 529 4437; x_wconf 88' lang='lat' dir='ltr'><strong>ab</strong></span> <span class='ocrx_word' id='word_1_642' title='bbox 559 4384 736 4454; x_wconf 76' lang='lat' dir='ltr'><strong>Africo</strong></span> <span class='ocrx_word' id='word_1_643' title='bbox 761 4385 948 4438; x_wconf 80' lang='lat' dir='ltr'><strong>veniet.</strong></span> <span class='ocrx_word' id='word_1_644' title='bbox 978 4383 1069 4437; x_wconf 89' lang='lat' dir='ltr'><strong>Sic</strong></span> <span class='ocrx_word' id='word_1_645' title='bbox 1099 4398 1219 4436; x_wconf 92' lang='lat' dir='ltr'><strong>cum</strong></span> <span class='ocrx_word' id='word_1_646' title='bbox 1244 4382 1446 4454; x_wconf 74' lang='lat' dir='ltr'><strong>Irenaeo</strong></span> <span class='ocrx_word' id='word_1_647' title='bbox 1472 4381 1599 4451; x_wconf 84' lang='lat' dir='ltr'><strong>legit</strong></span> <span class='ocrx_word' id='word_1_648' title='bbox 1622 4379 1799 4437; x_wconf 80' lang='lat' dir='ltr'><strong>Nova-</strong></span> 
     </span>
    </p>
   </div>
   <div class='ocr_carea' id='block_1_97' title="bbox 222 4453 1796 4524">
    <p class='ocr_par' dir='ltr' id='par_1_97' title="bbox 222 4453 1796 4524">
     <span class='ocr_line' id='line_1_99' title="bbox 222 4453 1796 4524; baseline 0 -15"><span class='ocrx_word' id='word_1_649' title='bbox 222 4456 409 4509; x_wconf 79' lang='lat' dir='ltr'><strong>tianus</strong></span> <span class='ocrx_word' id='word_1_650' title='bbox 443 4454 540 4508; x_wconf 92' lang='lat' dir='ltr'><strong>lib.</strong></span> <span class='ocrx_word' id='word_1_651' title='bbox 590 4453 664 4507; x_wconf 87' lang='lat' dir='ltr'><strong>De</strong></span> <span class='ocrx_word' id='word_1_652' title='bbox 685 4453 835 4507; x_wconf 86' lang='lat' dir='ltr'><strong>Trin.</strong></span> <span class='ocrx_word' id='word_1_653' title='bbox 886 4472 1007 4524; x_wconf 89' lang='lat' dir='ltr'><strong>cap.</strong></span> <span class='ocrx_word' id='word_1_654' title='bbox 1045 4454 1131 4519; x_wconf 68' lang='lat'><strong>12,</strong></span> <span class='ocrx_word' id='word_1_655' title='bbox 1176 4454 1316 4523; x_wconf 91' lang='lat' dir='ltr'><strong>apud</strong></span> <span class='ocrx_word' id='word_1_656' title='bbox 1349 4453 1600 4519; x_wconf 89' lang='lat' dir='ltr'><strong>Tertull.,</strong></span> <span class='ocrx_word' id='word_1_657' title='bbox 1634 4455 1796 4521; x_wconf 86' lang='lat' dir='ltr'><strong>idque</strong></span> 
     </span>
    </p>
   </div>
   <div class='ocr_carea' id='block_1_98' title="bbox 219 4524 1795 4597">
    <p class='ocr_par' dir='ltr' id='par_1_98' title="bbox 219 4524 1795 4597">
     <span class='ocr_line' id='line_1_100' title="bbox 219 4524 1795 4597; baseline -0.003 -17"><span class='ocrx_word' id='word_1_658' title='bbox 219 4541 291 4580; x_wconf 81' lang='lat' dir='ltr'><strong>ex</strong></span> <span class='ocrx_word' id='word_1_659' title='bbox 320 4525 560 4581; x_wconf 86' lang='lat' dir='ltr'><strong>editione</strong></span> <span class='ocrx_word' id='word_1_660' title='bbox 601 4525 1011 4591; x_wconf 82' lang='lat' dir='ltr'><strong>&#39;l‘heodotionis,</strong></span> <span class='ocrx_word' id='word_1_661' title='bbox 1052 4541 1212 4594; x_wconf 84' lang='lat' dir='ltr'><strong>quem</strong></span> <span class='ocrx_word' id='word_1_662' title='bbox 1251 4533 1482 4597; x_wconf 81' lang='lat' dir='ltr'><strong>testatur</strong></span> <span class='ocrx_word' id='word_1_663' title='bbox 1526 4524 1795 4597; x_wconf 79' lang='lat' dir='ltr'><strong>Hierony-</strong></span> 
     </span>
    </p>
   </div>
   <div class='ocr_carea' id='block_1_99' title="bbox 223 4595 1795 4658">
    <p class='ocr_par' dir='ltr' id='par_1_99' title="bbox 223 4595 1795 4658">
     <span class='ocr_line' id='line_1_101' title="bbox 223 4595 1795 4658; baseline 0 -9"><span class='ocrx_word' id='word_1_664' title='bbox 223 4610 345 4649; x_wconf 89' lang='lat' dir='ltr'><strong>mus</strong></span> <span class='ocrx_word' id='word_1_665' title='bbox 396 4597 659 4650; x_wconf 81' lang='lat' dir='ltr'><strong>vertisse:</strong></span> <span class='ocrx_word' id='word_1_666' title='bbox 692 4615 709 4647; x_wconf 87' lang='grc'><strong>‹</strong></span> <span class='ocrx_word' id='word_1_667' title='bbox 752 4598 892 4650; x_wconf 85' lang='lat' dir='ltr'><strong>Deus</strong></span> <span class='ocrx_word' id='word_1_668' title='bbox 919 4599 986 4650; x_wconf 86' lang='lat' dir='ltr'><strong>ah</strong></span> <span class='ocrx_word' id='word_1_669' title='bbox 1014 4598 1212 4649; x_wconf 85' lang='lat' dir='ltr'><strong>Austro</strong></span> <span class='ocrx_word' id='word_1_670' title='bbox 1242 4595 1438 4658; x_wconf 85' lang='lat' dir='ltr'><strong>veniet,</strong></span> <span class='ocrx_word' id='word_1_671' title='bbox 1470 4604 1523 4647; x_wconf 89' lang='lat' dir='ltr'><strong>et</strong></span> <span class='ocrx_word' id='word_1_672' title='bbox 1563 4595 1795 4649; x_wconf 86' lang='lat' dir='ltr'><strong>Sanctus</strong></span> 
     </span>
    </p>
   </div>
   <div class='ocr_carea' id='block_1_100' title="bbox 221 4665 1799 4735">
    <p class='ocr_par' dir='ltr' id='par_1_100' title="bbox 221 4665 1799 4735">
     <span class='ocr_line' id='line_1_102' title="bbox 221 4665 1799 4735; baseline -0.001 -15"><span class='ocrx_word' id='word_1_673' title='bbox 221 4668 289 4720; x_wconf 87' lang='lat' dir='ltr'><strong>de</strong></span> <span class='ocrx_word' id='word_1_674' title='bbox 316 4676 499 4720; x_wconf 89' lang='lat' dir='ltr'><strong>monte</strong></span> <span class='ocrx_word' id='word_1_675' title='bbox 525 4668 734 4721; x_wconf 84' lang='lat' dir='ltr'><strong>Pharan</strong></span> <span class='ocrx_word' id='word_1_676' title='bbox 754 4666 819 4732; x_wconf 81' lang='grc'><strong>⁵⁸,</strong></span> <span class='ocrx_word' id='word_1_677' title='bbox 849 4686 867 4718; x_wconf 86' lang='grc'><strong>)</strong></span> <span class='ocrx_word' id='word_1_678' title='bbox 892 4679 948 4720; x_wconf 91' lang='lat' dir='ltr'><strong>ut</strong></span> <span class='ocrx_word' id='word_1_679' title='bbox 971 4684 1112 4720; x_wconf 88' lang='lat' dir='ltr'><strong>nunc</strong></span> <span class='ocrx_word' id='word_1_680' title='bbox 1138 4667 1444 4735; x_wconf 89' lang='lat' dir='ltr'><strong>legiteditio</strong></span> <span class='ocrx_word' id='word_1_681' title='bbox 1460 4665 1650 4720; x_wconf 87' lang='lat' dir='ltr'><strong>Latina</strong></span> <span class='ocrx_word' id='word_1_682' title='bbox 1678 4666 1799 4719; x_wconf 89' lang='lat' dir='ltr'><strong>Vul-</strong></span> 
     </span>
    </p>
   </div>
   <div class='ocr_carea' id='block_1_101' title="bbox 217 4737 1798 4809">
    <p class='ocr_par' dir='ltr' id='par_1_101' title="bbox 217 4737 1798 4809">
     <span class='ocr_line' id='line_1_103' title="bbox 217 4737 1798 4809; baseline 0.002 -21"><span class='ocrx_word' id='word_1_683' title='bbox 217 4748 365 4809; x_wconf 86' lang='lat' dir='ltr'><strong>gata.</strong></span> <span class='ocrx_word' id='word_1_684' title='bbox 411 4738 577 4793; x_wconf 85' lang='lat' dir='ltr'><strong>Docet</strong></span> <span class='ocrx_word' id='word_1_685' title='bbox 603 4739 767 4809; x_wconf 10' lang='lat' dir='ltr'><strong>idemr</strong></span> <span class='ocrx_word' id='word_1_686' title='bbox 794 4737 1156 4809; x_wconf 80' lang='lat' dir='ltr'><strong>Hieronymus</strong></span> <span class='ocrx_word' id='word_1_687' title='bbox 1195 4738 1412 4809; x_wconf 80' lang='lat' dir='ltr'><strong>Pharan</strong></span> <span class='ocrx_word' id='word_1_688' title='bbox 1466 4738 1639 4790; x_wconf 90' lang='lat' dir='ltr'><strong>locum</strong></span> <span class='ocrx_word' id='word_1_689' title='bbox 1678 4752 1798 4791; x_wconf 86' lang='lat' dir='ltr'><strong>esse</strong></span> 
     </span>
    </p>
   </div>
   <div class='ocr_carea' id='block_1_102' title="bbox 218 4808 1797 4873">
    <p class='ocr_par' dir='ltr' id='par_1_102' title="bbox 218 4808 1797 4873">
     <span class='ocr_line' id='line_1_104' title="bbox 218 4808 1797 4873; baseline 0.001 -13"><span class='ocrx_word' id='word_1_690' title='bbox 218 4808 458 4861; x_wconf 72' lang='lat' dir='ltr'><strong>Vicinum</strong></span> <span class='ocrx_word' id='word_1_691' title='bbox 492 4809 659 4863; x_wconf 89' lang='lat' dir='ltr'><strong>monti</strong></span> <span class='ocrx_word' id='word_1_692' title='bbox 717 4808 866 4873; x_wconf 82' lang='lat' dir='ltr'><strong>Sina,</strong></span> <span class='ocrx_word' id='word_1_693' title='bbox 914 4820 969 4862; x_wconf 90' lang='lat' dir='ltr'><strong>et</strong></span> <span class='ocrx_word' id='word_1_694' title='bbox 1008 4808 1332 4860; x_wconf 78' lang='lat' dir='ltr'><strong>Bethlehem</strong></span> <span class='ocrx_word' id='word_1_695' title='bbox 1375 4808 1531 4861; x_wconf 89' lang='lat' dir='ltr'><strong>sitam</strong></span> <span class='ocrx_word' id='word_1_696' title='bbox 1563 4822 1683 4861; x_wconf 88' lang='lat' dir='ltr'><strong>esse</strong></span> <span class='ocrx_word' id='word_1_697' title='bbox 1729 4810 1797 4861; x_wconf 87' lang='lat' dir='ltr'><strong>ad</strong></span> 
     </span>
    </p>
   </div>
   <div class='ocr_carea' id='block_1_103' title="bbox 217 4878 1791 4949">
    <p class='ocr_par' dir='ltr' id='par_1_103' title="bbox 217 4878 1791 4949">
     <span class='ocr_line' id='line_1_105' title="bbox 217 4878 1791 4949; baseline 0.003 -20"><span class='ocrx_word' id='word_1_698' title='bbox 217 4878 502 4949; x_wconf 50' lang='grc' dir='ltr'><strong>Δῥιιειτυιι),</strong></span> <span class='ocrx_word' id='word_1_699' title='bbox 528 4880 580 4933; x_wconf 91' lang='lat' dir='ltr'><strong>in</strong></span> <span class='ocrx_word' id='word_1_700' title='bbox 613 4896 717 4949; x_wconf 87' lang='lat' dir='ltr'><strong>qua</strong></span> <span class='ocrx_word' id='word_1_701' title='bbox 760 4891 915 4932; x_wconf 86' lang='lat' dir='ltr'><strong>natus</strong></span> <span class='ocrx_word' id='word_1_702' title='bbox 940 4890 1023 4933; x_wconf 92' lang='lat' dir='ltr'><strong>est</strong></span> <span class='ocrx_word' id='word_1_703' title='bbox 1055 4880 1327 4931; x_wconf 77' lang='lat' dir='ltr'><strong>Salvator.</strong></span> <span class='ocrx_word' id='word_1_704' title='bbox 1356 4878 1562 4931; x_wconf 84' lang='lat' dir='ltr'><strong>Montes</strong></span> <span class='ocrx_word' id='word_1_705' title='bbox 1606 4888 1791 4933; x_wconf 83' lang='lat' dir='ltr'><strong>autent</strong></span> 
     </span>
    </p>
   </div>
   <div class='ocr_carea' id='block_1_104' title="bbox 218 4946 1792 5016">
    <p class='ocr_par' dir='ltr' id='par_1_104' title="bbox 218 4946 1792 5016">
     <span class='ocr_line' id='line_1_106' title="bbox 218 4946 1792 5016; baseline 0.002 -16"><span class='ocrx_word' id='word_1_706' title='bbox 218 4946 477 5016; x_wconf 89' lang='lat' dir='ltr'><strong>Ephraim</strong></span> <span class='ocrx_word' id='word_1_707' title='bbox 514 4946 880 5012; x_wconf 48' lang='lat' dir='ltr'><strong>sive&#39;Eli&#39;rcm,</strong></span> <span class='ocrx_word' id='word_1_708' title='bbox 928 4951 1043 5004; x_wconf 84' lang='lat' dir='ltr'><strong>urbi</strong></span> <span class='ocrx_word' id='word_1_709' title='bbox 1089 4950 1386 5005; x_wconf 81' lang='lat' dir='ltr'><strong>Jerusalem</strong></span> <span class='ocrx_word' id='word_1_710' title='bbox 1434 4964 1537 5001; x_wconf 89' lang='lat' dir='ltr'><strong>non</strong></span> <span class='ocrx_word' id='word_1_711' title='bbox 1567 4960 1691 5003; x_wconf 92' lang='lat' dir='ltr'><strong>sunt</strong></span> <span class='ocrx_word' id='word_1_712' title='bbox 1729 4952 1792 5003; x_wconf 86' lang='lat' dir='ltr'><strong>ad</strong></span> 
     </span>
    </p>
   </div>
   <div class='ocr_carea' id='block_1_105' title="bbox 219 5020 1792 5089">
    <p class='ocr_par' dir='ltr' id='par_1_105' title="bbox 219 5020 1792 5089">
     <span class='ocr_line' id='line_1_107' title="bbox 219 5020 1792 5089; baseline 0.002 -19"><span class='ocrx_word' id='word_1_713' title='bbox 219 5027 466 5089; x_wconf 83' lang='lat' dir='ltr'><strong>austrum</strong></span> <span class='ocrx_word' id='word_1_714' title='bbox 495 5062 508 5085; x_wconf 93' lang='lat'><strong>,</strong></span> <span class='ocrx_word' id='word_1_715' title='bbox 564 5024 658 5074; x_wconf 86' lang='lat' dir='ltr'><strong>sed</strong></span> <span class='ocrx_word' id='word_1_716' title='bbox 685 5025 750 5075; x_wconf 87' lang='lat' dir='ltr'><strong>ad</strong></span> <span class='ocrx_word' id='word_1_717' title='bbox 812 5023 1261 5089; x_wconf 81' lang='lat' dir='ltr'><strong>septentrionem.</strong></span> <span class='ocrx_word' id='word_1_718' title='bbox 1300 5021 1423 5073; x_wconf 86' lang='lat' dir='ltr'><strong>ideo</strong></span> <span class='ocrx_word' id='word_1_719' title='bbox 1475 5020 1562 5072; x_wconf 92' lang='lat' dir='ltr'><strong>hic</strong></span> <span class='ocrx_word' id='word_1_720' title='bbox 1596 5021 1792 5073; x_wconf 83' lang='lat' dir='ltr'><strong>melius</strong></span> 
     </span>
    </p>
   </div>
   <div class='ocr_carea' id='block_1_106' title="bbox 217 5088 1791 5159">
    <p class='ocr_par' dir='ltr' id='par_1_106' title="bbox 217 5088 1791 5159">
     <span class='ocr_line' id='line_1_108' title="bbox 217 5088 1791 5159; baseline 0.003 -19"><span class='ocrx_word' id='word_1_721' title='bbox 217 5088 320 5159; x_wconf 78' lang='lat' dir='ltr'><strong>legi</strong></span> <span class='ocrx_word' id='word_1_722' title='bbox 371 5092 667 5157; x_wconf 86' lang='lat' dir='ltr'><strong>videretur,</strong></span> <span class='ocrx_word' id='word_1_723' title='bbox 722 5111 740 5143; x_wconf 75' lang='grc' dir='ltr'><strong>ι</strong></span> <span class='ocrx_word' id='word_1_724' title='bbox 771 5093 836 5146; x_wconf 89' lang='lat' dir='ltr'><strong>de</strong></span> <span class='ocrx_word' id='word_1_725' title='bbox 874 5088 1058 5145; x_wconf 84' lang='lat' dir='ltr'><strong>monte</strong></span> <span class='ocrx_word' id='word_1_726' title='bbox 1099 5092 1335 5155; x_wconf 86' lang='lat' dir='ltr'><strong>Pharau,</strong></span> <span class='ocrx_word' id='word_1_727' title='bbox 1370 5108 1388 5140; x_wconf 90' lang='grc'><strong>)</strong></span> <span class='ocrx_word' id='word_1_728' title='bbox 1416 5106 1597 5159; x_wconf 88' lang='lat' dir='ltr'><strong>quam,</strong></span> <span class='ocrx_word' id='word_1_729' title='bbox 1631 5110 1647 5139; x_wconf 74' lang='grc' dir='ltr'><strong>ι</strong></span> <span class='ocrx_word' id='word_1_730' title='bbox 1700 5092 1791 5144; x_wconf 81' lang='lat' dir='ltr'><strong>Ef-</strong></span> 
     </span>
    </p>
   </div>
   <div class='ocr_carea' id='block_1_107' title="bbox 218 5157 1785 5227">
    <p class='ocr_par' dir='ltr' id='par_1_107' title="bbox 218 5157 1785 5227">
     <span class='ocr_line' id='line_1_109' title="bbox 218 5157 1785 5227; baseline 0.001 -16"><span class='ocrx_word' id='word_1_731' title='bbox 218 5157 380 5214; x_wconf 81' lang='lat' dir='ltr'><strong>frem.</strong></span> <span class='ocrx_word' id='word_1_732' title='bbox 416 5179 433 5210; x_wconf 75' lang='grc' dir='ltr'><strong>ι</strong></span> <span class='ocrx_word' id='word_1_733' title='bbox 470 5161 805 5216; x_wconf 76' lang='lat' dir='ltr'><strong>Novattanus</strong></span> <span class='ocrx_word' id='word_1_734' title='bbox 840 5163 1022 5227; x_wconf 87' lang='lat' dir='ltr'><strong>habet,</strong></span> <span class='ocrx_word' id='word_1_735' title='bbox 1063 5182 1081 5213; x_wconf 72' lang='grc' dir='ltr'><strong>ι</strong></span> <span class='ocrx_word' id='word_1_736' title='bbox 1107 5164 1173 5215; x_wconf 86' lang='lat' dir='ltr'><strong>de</strong></span> <span class='ocrx_word' id='word_1_737' title='bbox 1228 5172 1408 5214; x_wconf 89' lang='lat' dir='ltr'><strong>monte</strong></span> <span class='ocrx_word' id='word_1_738' title='bbox 1434 5157 1737 5215; x_wconf 45' lang='lat' dir='ltr'><strong>&#39;uinbroso.</strong></span> <span class='ocrx_word' id='word_1_739' title='bbox 1766 5183 1785 5212; x_wconf 74' lang='grc' dir='ltr'><strong>ι</strong></span> 
     </span>
    </p>
   </div>
   <div class='ocr_carea' id='block_1_108' title="bbox 287 5229 1789 5299">
    <p class='ocr_par' dir='ltr' id='par_1_108' title="bbox 287 5229 1789 5299">
     <span class='ocr_line' id='line_1_110' title="bbox 287 5229 1789 5299; baseline 0.002 -15"><span class='ocrx_word' id='word_1_740' title='bbox 287 5229 569 5299; x_wconf 85' lang='lat' dir='ltr'><strong>Cooperuit</strong></span> <span class='ocrx_word' id='word_1_741' title='bbox 600 5233 809 5287; x_wconf 70' lang='lat' dir='ltr'><strong>calum.</strong></span> <span class='ocrx_word' id='word_1_742' title='bbox 846 5231 971 5286; x_wconf 57' lang='lat' dir='ltr'><strong>Haec</strong></span> <span class='ocrx_word' id='word_1_743' title='bbox 1010 5249 1145 5287; x_wconf 91' lang='lat' dir='ltr'><strong>nova</strong></span> <span class='ocrx_word' id='word_1_744' title='bbox 1196 5244 1283 5285; x_wconf 89' lang='lat' dir='ltr'><strong>est</strong></span> <span class='ocrx_word' id='word_1_745' title='bbox 1316 5232 1478 5285; x_wconf 87' lang='lat' dir='ltr'><strong>lectio</strong></span> <span class='ocrx_word' id='word_1_746' title='bbox 1524 5246 1589 5283; x_wconf 79' lang='lat' dir='ltr'><strong>ex</strong></span> <span class='ocrx_word' id='word_1_747' title='bbox 1627 5237 1789 5287; x_wconf 79' lang='lat' dir='ltr'><strong>variis</strong></span> 
     </span>
    </p>
   </div>
   <div class='ocr_carea' id='block_1_109' title="bbox 215 5302 1787 5372">
    <p class='ocr_par' dir='ltr' id='par_1_109' title="bbox 215 5302 1787 5372">
     <span class='ocr_line' id='line_1_111' title="bbox 215 5302 1787 5372; baseline 0.003 -18"><span class='ocrx_word' id='word_1_748' title='bbox 215 5303 660 5356; x_wconf 82' lang='lat' dir='ltr'><strong>translationibus</strong></span> <span class='ocrx_word' id='word_1_749' title='bbox 679 5305 1022 5369; x_wconf 87' lang='lat' dir='ltr'><strong>concinnata,</strong></span> <span class='ocrx_word' id='word_1_750' title='bbox 1042 5314 1095 5357; x_wconf 87' lang='lat' dir='ltr'><strong>et</strong></span> <span class='ocrx_word' id='word_1_751' title='bbox 1128 5306 1295 5357; x_wconf 79' lang='lat' dir='ltr'><strong>ferme</strong></span> <span class='ocrx_word' id='word_1_752' title='bbox 1321 5304 1367 5357; x_wconf 92' lang='lat' dir='ltr'><strong>ei</strong></span> <span class='ocrx_word' id='word_1_753' title='bbox 1393 5302 1602 5365; x_wconf 89' lang='lat' dir='ltr'><strong>similis,</strong></span> <span class='ocrx_word' id='word_1_754' title='bbox 1624 5320 1787 5372; x_wconf 77' lang='lat' dir='ltr'><strong>qimm</strong></span> 
     </span>
    </p>
   </div>
   <div class='ocr_carea' id='block_1_110' title="bbox 215 5372 1787 5445">
    <p class='ocr_par' dir='ltr' id='par_1_110' title="bbox 215 5372 1787 5445">
     <span class='ocr_line' id='line_1_112' title="bbox 215 5372 1787 5445; baseline 0.001 -21"><span class='ocrx_word' id='word_1_755' title='bbox 215 5374 267 5445; x_wconf 85' lang='lat' dir='ltr'><strong>in</strong></span> <span class='ocrx_word' id='word_1_756' title='bbox 322 5372 512 5427; x_wconf 84' lang='lat' dir='ltr'><strong>iisdem</strong></span> <span class='ocrx_word' id='word_1_757' title='bbox 545 5376 833 5429; x_wconf 88' lang='lat' dir='ltr'><strong>sententiis</strong></span> <span class='ocrx_word' id='word_1_758' title='bbox 873 5384 1097 5445; x_wconf 87' lang='lat' dir='ltr'><strong>usurpat</strong></span> <span class='ocrx_word' id='word_1_759' title='bbox 1124 5375 1381 5445; x_wconf 81' lang='lat' dir='ltr'><strong>Cyprian.</strong></span> <span class='ocrx_word' id='word_1_760' title='bbox 1413 5373 1506 5427; x_wconf 92' lang='lat' dir='ltr'><strong>lib.</strong></span> <span class='ocrx_word' id='word_1_761' title='bbox 1539 5388 1600 5426; x_wconf 86' lang='grc' dir='ltr'>ιιι</span> <span class='ocrx_word' id='word_1_762' title='bbox 1652 5377 1787 5426; x_wconf 82' lang='lat' dir='ltr'><strong>Adv.</strong></span> 
     </span>
    </p>
   </div>
   <div class='ocr_carea' id='block_1_111' title="bbox 211 5442 1787 5515">
    <p class='ocr_par' dir='ltr' id='par_1_111' title="bbox 211 5442 1787 5515">
     <span class='ocr_line' id='line_1_113' title="bbox 211 5442 1787 5515; baseline 0.002 -22"><span class='ocrx_word' id='word_1_763' title='bbox 211 5442 450 5506; x_wconf 69' lang='lat' dir='ltr'><strong>Judwos,</strong></span> <span class='ocrx_word' id='word_1_764' title='bbox 484 5460 603 5514; x_wconf 87' lang='lat' dir='ltr'><strong>cap.</strong></span> <span class='ocrx_word' id='word_1_765' title='bbox 636 5445 728 5508; x_wconf 75' lang='grc'><strong>21,</strong></span> <span class='ocrx_word' id='word_1_766' title='bbox 754 5447 897 5515; x_wconf 87' lang='lat' dir='ltr'><strong>quod</strong></span> <span class='ocrx_word' id='word_1_767' title='bbox 930 5442 1224 5514; x_wconf 81' lang='lat' dir='ltr'><strong>prudenter</strong></span> <span class='ocrx_word' id='word_1_768' title='bbox 1247 5445 1633 5515; x_wconf 69' lang='lat' dir='ltr'><strong>animadtertit</strong></span> <span class='ocrx_word' id='word_1_769' title='bbox 1661 5449 1787 5497; x_wconf 79' lang='lat' dir='ltr'><strong>dih-</strong></span> 
     </span>
    </p>
   </div>
   <div class='ocr_carea' id='block_1_112' title="bbox 210 5513 1793 5635">
    <p class='ocr_par' dir='ltr' id='par_1_112' title="bbox 210 5513 1793 5635">
     <span class='ocr_line' id='line_1_114' title="bbox 210 5513 1793 5635; baseline 0.004 -71"><span class='ocrx_word' id='word_1_770' title='bbox 210 5517 563 5635; x_wconf 49' lang='lat' dir='ltr'><strong>gentissimus</strong></span> <span class='ocrx_word' id='word_1_771' title='bbox 614 5526 669 5570; x_wconf 87' lang='lat' dir='ltr'><strong>et</strong></span> <span class='ocrx_word' id='word_1_772' title='bbox 715 5513 1065 5571; x_wconf 73' lang='lat' dir='ltr'><strong>doctissimus</strong></span> <span class='ocrx_word' id='word_1_773' title='bbox 1095 5516 1214 5586; x_wconf 83' lang='lat' dir='ltr'><strong>ejus</strong></span> <span class='ocrx_word' id='word_1_774' title='bbox 1248 5514 1576 5570; x_wconf 83' lang='lat' dir='ltr'><strong>scholiastcs</strong></span> <span class='ocrx_word' id='word_1_775' title='bbox 1609 5513 1793 5570; x_wconf 81' lang='lat' dir='ltr'><strong>Panic-</strong></span> 
     </span>
     <span class='ocr_line' id='line_1_115' title="bbox 230 5600 333 5635; baseline 0 0"><span class='ocrx_word' id='word_1_776' title='bbox 230 5600 333 5635; x_wconf 82' lang='lat' dir='ltr'><strong>ius.</strong></span> 
     </span>
    </p>
   </div>
   <div class='ocr_carea' id='block_1_113' title="bbox 230 5600 333 5639">
    <p class='ocr_par' dir='ltr' id='par_1_113' title="bbox 230 5600 333 5639">
     <span class='ocr_line' id='line_1_116' title="bbox 230 5600 333 5639; baseline -0.01 0"><span class='ocrx_word' id='word_1_777' title='bbox 230 5600 333 5639; x_wconf 89' lang='lat' dir='ltr'><strong>tus.</strong></span> 
     </span>
    </p>
   </div>
   <div class='ocr_carea' id='block_1_114' title="bbox 279 5653 1787 5725">
    <p class='ocr_par' dir='ltr' id='par_1_114' title="bbox 279 5653 1787 5725">
     <span class='ocr_line' id='line_1_117' title="bbox 279 5653 1787 5725; baseline 0.001 -18"><span class='ocrx_word' id='word_1_778' title='bbox 279 5656 408 5723; x_wconf 82' lang='lat' dir='ltr'><strong>l’ag.</strong></span> <span class='ocrx_word' id='word_1_779' title='bbox 445 5653 572 5709; x_wconf 75' lang='grc'><strong>215.</strong></span> <span class='ocrx_word' id='word_1_780' title='bbox 603 5654 739 5709; x_wconf 83' lang='lat' dir='ltr'><strong>Deus</strong></span> <span class='ocrx_word' id='word_1_781' title='bbox 761 5656 923 5725; x_wconf 82' lang='lat' dir='ltr'><strong>igitur</strong></span> <span class='ocrx_word' id='word_1_782' title='bbox 944 5657 1097 5709; x_wconf 81' lang='lat' dir='ltr'><strong>homo</strong></span> <span class='ocrx_word' id='word_1_783' title='bbox 1128 5653 1298 5723; x_wconf 78' lang='lat' dir='ltr'><strong>factus</strong></span> <span class='ocrx_word' id='word_1_784' title='bbox 1324 5664 1421 5707; x_wconf 73' lang='lat' dir='ltr'><strong>est.</strong></span> <span class='ocrx_word' id='word_1_785' title='bbox 1456 5655 1655 5711; x_wconf 86' lang='lat' dir='ltr'><strong>Euseb.</strong></span> <span class='ocrx_word' id='word_1_786' title='bbox 1692 5657 1787 5709; x_wconf 90' lang='lat' dir='ltr'><strong>lih.</strong></span> 
     </span>
    </p>
   </div>
   <div class='ocr_carea' id='block_1_115' title="bbox 211 5725 1785 5795">
    <p class='ocr_par' dir='ltr' id='par_1_115' title="bbox 211 5725 1785 5795">
     <span class='ocr_line' id='line_1_118' title="bbox 211 5725 1785 5795; baseline 0.004 -20"><span class='ocrx_word' id='word_1_787' title='bbox 211 5738 240 5775; x_wconf 87' lang='lat' dir='ltr'><strong>v</strong></span> <span class='ocrx_word' id='word_1_788' title='bbox 277 5725 441 5791; x_wconf 53' lang='lat' dir='ltr'><strong>mih,</strong></span> <span class='ocrx_word' id='word_1_789' title='bbox 473 5741 591 5795; x_wconf 81' lang='lat' dir='ltr'><strong>cap.</strong></span> <span class='ocrx_word' id='word_1_790' title='bbox 625 5732 679 5791; x_wconf 79' lang='lat'><strong>8,</strong></span> <span class='ocrx_word' id='word_1_791' title='bbox 736 5728 849 5783; x_wconf 70' lang='lat' dir='ltr'><strong>haec</strong></span> <span class='ocrx_word' id='word_1_792' title='bbox 878 5726 1197 5783; x_wconf 85' lang='lat' dir='ltr'><strong>nominatim</strong></span> <span class='ocrx_word' id='word_1_793' title='bbox 1255 5740 1323 5780; x_wconf 76' lang='lat' dir='ltr'><strong>ex</strong></span> <span class='ocrx_word' id='word_1_794' title='bbox 1357 5727 1563 5782; x_wconf 75' lang='lat' dir='ltr'><strong>[remeo</strong></span> <span class='ocrx_word' id='word_1_795' title='bbox 1606 5739 1785 5782; x_wconf 75' lang='lat' dir='ltr'><strong>trans-</strong></span> 
     </span>
    </p>
   </div>
   <div class='ocr_carea' id='block_1_116' title="bbox 277 5863 737 5933">
    <p class='ocr_par' dir='ltr' id='par_1_116' title="bbox 277 5863 737 5933">
     <span class='ocr_line' id='line_1_119' title="bbox 277 5863 737 5933; baseline 0.02 -16"><span class='ocrx_word' id='word_1_796' title='bbox 277 5864 321 5894; x_wconf 84' lang='lat'><strong><em>&quot;</em></strong></span> <span class='ocrx_word' id='word_1_797' title='bbox 351 5863 548 5923; x_wconf 85' lang='lat' dir='ltr'><strong>llabac.</strong></span> <span class='ocrx_word' id='word_1_798' title='bbox 586 5884 665 5933; x_wconf 86' lang='grc' dir='ltr'>ιιι,</span> <span class='ocrx_word' id='word_1_799' title='bbox 694 5872 737 5926; x_wconf 79' lang='lat'><strong>&#39;5.</strong></span> 
     </span>
    </p>
   </div>
   <div class='ocr_carea' id='block_1_117' title="bbox 1910 3254 3491 3324">
    <p class='ocr_par' dir='ltr' id='par_1_117' title="bbox 1910 3254 3491 3324">
     <span class='ocr_line' id='line_1_120' title="bbox 1910 3254 3491 3324; baseline -0.002 -13"><span class='ocrx_word' id='word_1_800' title='bbox 1910 3260 2016 3311; x_wconf 88' lang='lat' dir='ltr'><strong>erit</strong></span> <span class='ocrx_word' id='word_1_801' title='bbox 2048 3256 2323 3321; x_wconf 83' lang='lat' dir='ltr'><strong>ltaalmali,</strong></span> <span class='ocrx_word' id='word_1_802' title='bbox 2352 3273 2371 3306; x_wconf 71' lang='grc' dir='ltr'><strong>ι</strong></span> <span class='ocrx_word' id='word_1_803' title='bbox 2406 3257 2457 3309; x_wconf 88' lang='lat' dir='ltr'><strong>id</strong></span> <span class='ocrx_word' id='word_1_804' title='bbox 2482 3264 2566 3309; x_wconf 83' lang='lat' dir='ltr'><strong>est</strong></span> <span class='ocrx_word' id='word_1_805' title='bbox 2624 3254 2776 3324; x_wconf 76' lang='lat' dir='ltr'><strong>virgo</strong></span> <span class='ocrx_word' id='word_1_806' title='bbox 2813 3270 2832 3304; x_wconf 71' lang='grc' dir='ltr'><strong>ι</strong></span> <span class='ocrx_word' id='word_1_807' title='bbox 2866 3255 3153 3324; x_wconf 86' lang='lat' dir='ltr'><strong>egrediens</strong></span> <span class='ocrx_word' id='word_1_808' title='bbox 3182 3258 3247 3308; x_wconf 87' lang='lat' dir='ltr'><strong>ad</strong></span> <span class='ocrx_word' id='word_1_809' title='bbox 3306 3257 3491 3309; x_wconf 89' lang='lat' dir='ltr'><strong>hauri-</strong></span> 
     </span>
    </p>
   </div>
   <div class='ocr_carea' id='block_1_118' title="bbox 1906 3323 3485 3393">
    <p class='ocr_par' dir='ltr' id='par_1_118' title="bbox 1906 3323 3485 3393">
     <span class='ocr_line' id='line_1_121' title="bbox 1906 3323 3485 3393; baseline -0.004 -11"><span class='ocrx_word' id='word_1_810' title='bbox 1906 3328 2160 3385; x_wconf 68' lang='lat' dir='ltr'><strong>endum.»</strong></span> <span class='ocrx_word' id='word_1_811' title='bbox 2189 3334 2318 3390; x_wconf 87' lang='lat' dir='ltr'><strong>etc.;</strong></span> <span class='ocrx_word' id='word_1_812' title='bbox 2350 3327 2612 3389; x_wconf 89' lang='lat' dir='ltr'><strong>secundo,</strong></span> <span class='ocrx_word' id='word_1_813' title='bbox 2663 3323 2833 3377; x_wconf 77' lang='lat' dir='ltr'><strong>Exod.</strong></span> <span class='ocrx_word' id='word_1_814' title='bbox 2865 3323 2927 3393; x_wconf 89' lang='grc' dir='ltr'>ιι,</span> <span class='ocrx_word' id='word_1_815' title='bbox 2949 3328 3003 3389; x_wconf 90' lang='lat'><strong>8,</strong></span> <span class='ocrx_word' id='word_1_816' title='bbox 3024 3340 3147 3378; x_wconf 92' lang='lat' dir='ltr'><strong>cum</strong></span> <span class='ocrx_word' id='word_1_817' title='bbox 3207 3326 3272 3379; x_wconf 91' lang='lat' dir='ltr'><strong>de</strong></span> <span class='ocrx_word' id='word_1_818' title='bbox 3317 3325 3485 3379; x_wconf 78' lang='lat' dir='ltr'><strong>Maria</strong></span> 
     </span>
    </p>
   </div>
   <div class='ocr_carea' id='block_1_119' title="bbox 1906 3393 3478 3466">
    <p class='ocr_par' dir='ltr' id='par_1_119' title="bbox 1906 3393 3478 3466">
     <span class='ocr_line' id='line_1_122' title="bbox 1906 3393 3478 3466; baseline -0.004 -14"><span class='ocrx_word' id='word_1_819' title='bbox 1906 3411 2094 3452; x_wconf 85' lang='lat' dir='ltr'><strong>sorore</strong></span> <span class='ocrx_word' id='word_1_820' title='bbox 2122 3395 2318 3466; x_wconf 77' lang='lat' dir='ltr'><strong>Moysis</strong></span> <span class='ocrx_word' id='word_1_821' title='bbox 2349 3397 2645 3450; x_wconf 88' lang='lat' dir='ltr'><strong>scribitur:</strong></span> <span class='ocrx_word' id='word_1_822' title='bbox 2689 3411 2708 3444; x_wconf 82' lang='lat' dir='ltr'><strong>t</strong></span> <span class='ocrx_word' id='word_1_823' title='bbox 2744 3393 2811 3446; x_wconf 84' lang='lat' dir='ltr'><strong>Et</strong></span> <span class='ocrx_word' id='word_1_824' title='bbox 2834 3396 3074 3466; x_wconf 79' lang='lat' dir='ltr'><strong>perrexit</strong></span> <span class='ocrx_word' id='word_1_825' title='bbox 3133 3395 3412 3458; x_wconf 88' lang='lat' dir='ltr'><strong>haalmah,</strong></span> <span class='ocrx_word' id='word_1_826' title='bbox 3458 3414 3478 3446; x_wconf 71' lang='grc' dir='ltr'><strong>ι</strong></span> 
     </span>
    </p>
   </div>
   <div class='ocr_carea' id='block_1_120' title="bbox 1907 3465 3489 3535">
    <p class='ocr_par' dir='ltr' id='par_1_120' title="bbox 1907 3465 3489 3535">
     <span class='ocr_line' id='line_1_123' title="bbox 1907 3465 3489 3535; baseline -0.003 -13"><span class='ocrx_word' id='word_1_827' title='bbox 1907 3468 1961 3523; x_wconf 88' lang='lat' dir='ltr'><strong>id</strong></span> <span class='ocrx_word' id='word_1_828' title='bbox 1983 3478 2065 3521; x_wconf 89' lang='lat' dir='ltr'><strong>est</strong></span> <span class='ocrx_word' id='word_1_829' title='bbox 2122 3465 2293 3535; x_wconf 77' lang='lat' dir='ltr'><strong>virgo,</strong></span> <span class='ocrx_word' id='word_1_830' title='bbox 2327 3484 2345 3518; x_wconf 74' lang='grc' dir='ltr'><strong>ι</strong></span> <span class='ocrx_word' id='word_1_831' title='bbox 2384 3476 2437 3520; x_wconf 90' lang='lat' dir='ltr'><strong>et</strong></span> <span class='ocrx_word' id='word_1_832' title='bbox 2464 3466 2679 3520; x_wconf 87' lang='lat' dir='ltr'><strong>vocavit</strong></span> <span class='ocrx_word' id='word_1_833' title='bbox 2708 3473 2938 3519; x_wconf 87' lang='lat' dir='ltr'><strong>matrem</strong></span> <span class='ocrx_word' id='word_1_834' title='bbox 2975 3465 3199 3535; x_wconf 81' lang='lat' dir='ltr'><strong>infantis</strong></span> <span class='ocrx_word' id='word_1_835' title='bbox 3224 3482 3237 3527; x_wconf 90' lang='lat'><strong>;</strong></span> <span class='ocrx_word' id='word_1_836' title='bbox 3261 3485 3279 3517; x_wconf 77' lang='grc' dir='ltr'><strong>ι</strong></span> <span class='ocrx_word' id='word_1_837' title='bbox 3330 3468 3489 3520; x_wconf 88' lang='lat' dir='ltr'><strong>tertio</strong></span> 
     </span>
    </p>
   </div>
   <div class='ocr_carea' id='block_1_121' title="bbox 1906 3534 3483 3606">
    <p class='ocr_par' dir='ltr' id='par_1_121' title="bbox 1906 3534 3483 3606">
     <span class='ocr_line' id='line_1_124' title="bbox 1906 3534 3483 3606; baseline -0.003 -15"><span class='ocrx_word' id='word_1_838' title='bbox 1906 3539 2121 3591; x_wconf 91' lang='lat' dir='ltr'><strong>demum</strong></span> <span class='ocrx_word' id='word_1_839' title='bbox 2156 3534 2296 3606; x_wconf 83' lang='lat' dir='ltr'><strong>apud</strong></span> <span class='ocrx_word' id='word_1_840' title='bbox 2320 3538 2515 3591; x_wconf 85' lang='lat' dir='ltr'><strong>Isaiam</strong></span> <span class='ocrx_word' id='word_1_841' title='bbox 2537 3537 2640 3589; x_wconf 89' lang='lat' dir='ltr'><strong>hoc</strong></span> <span class='ocrx_word' id='word_1_842' title='bbox 2671 3534 2724 3588; x_wconf 91' lang='lat' dir='ltr'><strong>iu</strong></span> <span class='ocrx_word' id='word_1_843' title='bbox 2753 3535 2903 3589; x_wconf 80' lang='lat' dir='ltr'><strong>loco:</strong></span> <span class='ocrx_word' id='word_1_844' title='bbox 2933 3558 2952 3587; x_wconf 75' lang='grc' dir='ltr'><strong>ι</strong></span> <span class='ocrx_word' id='word_1_845' title='bbox 2981 3534 3121 3589; x_wconf 85' lang='lat' dir='ltr'><strong>Ecce</strong></span> <span class='ocrx_word' id='word_1_846' title='bbox 3150 3537 3427 3591; x_wconf 86' lang='lat' dir='ltr'><strong>haahnah.</strong></span> <span class='ocrx_word' id='word_1_847' title='bbox 3465 3558 3483 3587; x_wconf 85' lang='grc'><strong>)</strong></span> 
     </span>
    </p>
   </div>
   <div class='ocr_carea' id='block_1_122' title="bbox 1908 3606 3486 3677">
    <p class='ocr_par' dir='ltr' id='par_1_122' title="bbox 1908 3606 3486 3677">
     <span class='ocr_line' id='line_1_125' title="bbox 1908 3606 3486 3677; baseline -0.001 -15"><span class='ocrx_word' id='word_1_848' title='bbox 1908 3609 1965 3662; x_wconf 85' lang='lat' dir='ltr'><strong>Si</strong></span> <span class='ocrx_word' id='word_1_849' title='bbox 1997 3610 2160 3675; x_wconf 80' lang='lat' dir='ltr'><strong>igitur</strong></span> <span class='ocrx_word' id='word_1_850' title='bbox 2181 3611 2301 3662; x_wconf 71' lang='lat' dir='ltr'><strong>dua:</strong></span> <span class='ocrx_word' id='word_1_851' title='bbox 2332 3609 2540 3677; x_wconf 85' lang='lat' dir='ltr'><strong>priores</strong></span> <span class='ocrx_word' id='word_1_852' title='bbox 2571 3608 2675 3659; x_wconf 89' lang='lat' dir='ltr'><strong>hoc</strong></span> <span class='ocrx_word' id='word_1_853' title='bbox 2710 3606 2944 3677; x_wconf 80' lang='lat' dir='ltr'><strong>nomine</strong></span> <span class='ocrx_word' id='word_1_854' title='bbox 2996 3618 3280 3671; x_wconf 88' lang='lat' dir='ltr'><strong>vocantur,</strong></span> <span class='ocrx_word' id='word_1_855' title='bbox 3341 3612 3486 3675; x_wconf 84' lang='lat' dir='ltr'><strong>quod</strong></span> 
     </span>
    </p>
   </div>
   <div class='ocr_carea' id='block_1_123' title="bbox 1908 3675 3488 3744">
    <p class='ocr_par' dir='ltr' id='par_1_123' title="bbox 1908 3675 3488 3744">
     <span class='ocr_line' id='line_1_126' title="bbox 1908 3675 3488 3744; baseline -0.001 -14"><span class='ocrx_word' id='word_1_856' title='bbox 1908 3678 2144 3740; x_wconf 73' lang='lat' dir='ltr'><strong>intactae,</strong></span> <span class='ocrx_word' id='word_1_857' title='bbox 2180 3675 2530 3739; x_wconf 63' lang='lat' dir='ltr'><strong>absconditae,</strong></span> <span class='ocrx_word' id='word_1_858' title='bbox 2580 3686 2636 3729; x_wconf 91' lang='lat' dir='ltr'><strong>et</strong></span> <span class='ocrx_word' id='word_1_859' title='bbox 2674 3675 2804 3728; x_wconf 86' lang='lat' dir='ltr'><strong>viris</strong></span> <span class='ocrx_word' id='word_1_860' title='bbox 2837 3692 2944 3730; x_wconf 89' lang='lat' dir='ltr'><strong>non</strong></span> <span class='ocrx_word' id='word_1_861' title='bbox 2990 3679 3226 3744; x_wconf 69' lang='lat' dir='ltr'><strong>cognitae</strong></span> <span class='ocrx_word' id='word_1_862' title='bbox 3279 3692 3488 3742; x_wconf 82' lang='lat' dir='ltr'><strong>essent,</strong></span> 
     </span>
    </p>
   </div>
   <div class='ocr_carea' id='block_1_124' title="bbox 1906 3745 3202 3818">
    <p class='ocr_par' dir='ltr' id='par_1_124' title="bbox 1906 3745 3202 3818">
     <span class='ocr_line' id='line_1_127' title="bbox 1906 3745 3202 3818; baseline -0.002 -18"><span class='ocrx_word' id='word_1_863' title='bbox 1906 3748 2095 3818; x_wconf 82' lang='lat' dir='ltr'><strong>procul</strong></span> <span class='ocrx_word' id='word_1_864' title='bbox 2128 3750 2293 3803; x_wconf 89' lang='lat' dir='ltr'><strong>dubio</strong></span> <span class='ocrx_word' id='word_1_865' title='bbox 2316 3759 2369 3801; x_wconf 90' lang='lat' dir='ltr'><strong>et</strong></span> <span class='ocrx_word' id='word_1_866' title='bbox 2388 3758 2545 3818; x_wconf 77' lang='lat' dir='ltr'><strong>tertia</strong></span> <span class='ocrx_word' id='word_1_867' title='bbox 2594 3751 2729 3809; x_wconf 65' lang='lat' dir='ltr'><strong>hare,</strong></span> <span class='ocrx_word' id='word_1_868' title='bbox 2759 3745 2826 3797; x_wconf 87' lang='lat' dir='ltr'><strong>de</strong></span> <span class='ocrx_word' id='word_1_869' title='bbox 2857 3763 2962 3813; x_wconf 85' lang='lat' dir='ltr'><strong>qua</strong></span> <span class='ocrx_word' id='word_1_870' title='bbox 3002 3749 3202 3818; x_wconf 77' lang='lat' dir='ltr'><strong>agitur.</strong></span> 
     </span>
    </p>
   </div>
   <div class='ocr_carea' id='block_1_125' title="bbox 1977 3815 3489 3888">
    <p class='ocr_par' dir='ltr' id='par_1_125' title="bbox 1977 3815 3489 3888">
     <span class='ocr_line' id='line_1_128' title="bbox 1977 3815 3489 3888; baseline -0.002 -15"><span class='ocrx_word' id='word_1_871' title='bbox 1977 3821 2030 3873; x_wconf 79' lang='grc'><strong>5.</strong></span> <span class='ocrx_word' id='word_1_872' title='bbox 2063 3820 2306 3883; x_wconf 85' lang='lat' dir='ltr'><strong>Accedit,</strong></span> <span class='ocrx_word' id='word_1_873' title='bbox 2332 3818 2488 3888; x_wconf 72' lang='lat' dir='ltr'><strong>quod</strong></span> <span class='ocrx_word' id='word_1_874' title='bbox 2505 3816 2857 3888; x_wconf 76' lang='lat' dir='ltr'><strong>Septuaginta</strong></span> <span class='ocrx_word' id='word_1_875' title='bbox 2886 3815 3263 3888; x_wconf 71' lang='lat' dir='ltr'><strong>senioresjlli,</strong></span> <span class='ocrx_word' id='word_1_876' title='bbox 3285 3830 3489 3888; x_wconf 84' lang='lat' dir='ltr'><strong>genere</strong></span> 
     </span>
    </p>
   </div>
   <div class='ocr_carea' id='block_1_126' title="bbox 1905 3885 3484 3947">
    <p class='ocr_par' dir='ltr' id='par_1_126' title="bbox 1905 3885 3484 3947">
     <span class='ocr_line' id='line_1_129' title="bbox 1905 3885 3484 3947; baseline -0.002 -5"><span class='ocrx_word' id='word_1_877' title='bbox 1905 3899 1959 3942; x_wconf 91' lang='lat' dir='ltr'><strong>et</strong></span> <span class='ocrx_word' id='word_1_878' title='bbox 1993 3885 2409 3942; x_wconf 78' lang='lat' dir='ltr'><strong>conversatione</strong></span> <span class='ocrx_word' id='word_1_879' title='bbox 2450 3886 2682 3947; x_wconf 64' lang='lat' dir='ltr'><strong>Hebraai,</strong></span> <span class='ocrx_word' id='word_1_880' title='bbox 2736 3885 3014 3939; x_wconf 75' lang='lat' dir='ltr'><strong>Hem-alca:</strong></span> <span class='ocrx_word' id='word_1_881' title='bbox 3048 3894 3102 3939; x_wconf 87' lang='lat' dir='ltr'><strong>ct</strong></span> <span class='ocrx_word' id='word_1_882' title='bbox 3134 3885 3338 3939; x_wconf 71' lang='lat' dir='ltr'><strong>Graecae</strong></span> <span class='ocrx_word' id='word_1_883' title='bbox 3374 3887 3484 3939; x_wconf 88' lang='lat' dir='ltr'><strong>lin-</strong></span> 
     </span>
    </p>
   </div>
   <div class='ocr_carea' id='block_1_127' title="bbox 1904 3956 3487 4030">
    <p class='ocr_par' dir='ltr' id='par_1_127' title="bbox 1904 3956 3487 4030">
     <span class='ocr_line' id='line_1_130' title="bbox 1904 3956 3487 4030; baseline -0.002 -17"><span class='ocrx_word' id='word_1_884' title='bbox 1904 3975 2022 4030; x_wconf 69' lang='lat' dir='ltr'><strong>guae</strong></span> <span class='ocrx_word' id='word_1_885' title='bbox 2086 3961 2277 4027; x_wconf 88' lang='lat' dir='ltr'><strong>peritia</strong></span> <span class='ocrx_word' id='word_1_886' title='bbox 2308 3960 2465 4030; x_wconf 83' lang='lat' dir='ltr'><strong>_clari</strong></span> <span class='ocrx_word' id='word_1_887' title='bbox 2532 3958 2584 4010; x_wconf 87' lang='lat' dir='ltr'><strong>in</strong></span> <span class='ocrx_word' id='word_1_888' title='bbox 2654 3956 2888 4030; x_wconf 77' lang='lat' dir='ltr'><strong>primis,_</strong></span> <span class='ocrx_word' id='word_1_889' title='bbox 2930 3972 3027 4025; x_wconf 89' lang='lat' dir='ltr'><strong>pro</strong></span> <span class='ocrx_word' id='word_1_890' title='bbox 3081 3956 3333 4008; x_wconf 81' lang='lat' dir='ltr'><strong>Itaalmult</strong></span> <span class='ocrx_word' id='word_1_891' title='bbox 3389 3960 3487 4019; x_wconf 88' lang='lat' dir='ltr'><strong>(ut</strong></span> 
     </span>
    </p>
   </div>
   <div class='ocr_carea' id='block_1_128' title="bbox 1905 4026 3488 4096">
    <p class='ocr_par' dir='ltr' id='par_1_128' title="bbox 1905 4026 3488 4096">
     <span class='ocr_line' id='line_1_131' title="bbox 1905 4026 3488 4096; baseline -0.002 -13"><span class='ocrx_word' id='word_1_892' title='bbox 1905 4026 2027 4083; x_wconf 76' lang='lat' dir='ltr'><strong>cum</strong></span> <span class='ocrx_word' id='word_1_893' title='bbox 2070 4026 2275 4081; x_wconf 65' lang='lat' dir='ltr'><strong>Ireuaio</strong></span> <span class='ocrx_word' id='word_1_894' title='bbox 2300 4026 2548 4081; x_wconf 86' lang='lat' dir='ltr'><strong>Justinus</strong></span> <span class='ocrx_word' id='word_1_895' title='bbox 2577 4037 2805 4095; x_wconf 87' lang='lat' dir='ltr'><strong>martyr,</strong></span> <span class='ocrx_word' id='word_1_896' title='bbox 2851 4026 3327 4096; x_wconf 80' lang='lat' dir='ltr'><strong>Ilieronymusque</strong></span> <span class='ocrx_word' id='word_1_897' title='bbox 3359 4044 3488 4094; x_wconf 89' lang='lat' dir='ltr'><strong>pru-</strong></span> 
     </span>
    </p>
   </div>
   <div class='ocr_carea' id='block_1_129' title="bbox 1904 4099 3486 4169">
    <p class='ocr_par' dir='ltr' id='par_1_129' title="bbox 1904 4099 3486 4169">
     <span class='ocr_line' id='line_1_132' title="bbox 1904 4099 3486 4169; baseline -0.001 -17"><span class='ocrx_word' id='word_1_898' title='bbox 1904 4101 2095 4152; x_wconf 84' lang='lat' dir='ltr'><strong>denter</strong></span> <span class='ocrx_word' id='word_1_899' title='bbox 2134 4101 2492 4167; x_wconf 85' lang='lat' dir='ltr'><strong>observant),</strong></span> <span class='ocrx_word' id='word_1_900' title='bbox 2524 4100 2626 4152; x_wconf 87' lang='lat' dir='ltr'><strong>hoc</strong></span> <span class='ocrx_word' id='word_1_901' title='bbox 2677 4100 2794 4149; x_wconf 89' lang='lat' dir='ltr'><strong>loco</strong></span> <span class='ocrx_word' id='word_1_902' title='bbox 2828 4099 3224 4151; x_wconf 86' lang='lat' dir='ltr'><strong>transtulerunt</strong></span> <span class='ocrx_word' id='word_1_903' title='bbox 3254 4100 3287 4169; x_wconf 71' lang='grc' dir='ltr'>ἡ</span> <span class='ocrx_word' id='word_1_904' title='bbox 3343 4115 3486 4169; x_wconf 71' lang='grc' dir='ltr'><strong>παρ-</strong></span> 
     </span>
    </p>
   </div>
   <div class='ocr_carea' id='block_1_130' title="bbox 1904 4169 3480 4238">
    <p class='ocr_par' dir='ltr' id='par_1_130' title="bbox 1904 4169 3480 4238">
     <span class='ocr_line' id='line_1_133' title="bbox 1904 4169 3480 4238; baseline -0.001 -16"><span class='ocrx_word' id='word_1_905' title='bbox 1904 4169 2076 4232; x_wconf 75' lang='grc' dir='ltr'><strong>θένος,</strong></span> <span class='ocrx_word' id='word_1_906' title='bbox 2106 4171 2249 4237; x_wconf 84' lang='lat' dir='ltr'><strong>quod</strong></span> <span class='ocrx_word' id='word_1_907' title='bbox 2267 4170 2543 4232; x_wconf 87' lang='lat' dir='ltr'><strong>omnibus,</strong></span> <span class='ocrx_word' id='word_1_908' title='bbox 2566 4170 2710 4222; x_wconf 88' lang='lat' dir='ltr'><strong>circa</strong></span> <span class='ocrx_word' id='word_1_909' title='bbox 2728 4170 3184 4230; x_wconf 81' lang='lat' dir='ltr'><strong>controversiam,</strong></span> <span class='ocrx_word' id='word_1_910' title='bbox 3214 4170 3480 4238; x_wconf 75' lang='lat' dir='ltr'><strong>Virginem</strong></span> 
     </span>
    </p>
   </div>
   <div class='ocr_carea' id='block_1_131' title="bbox 1902 4239 3483 4311">
    <p class='ocr_par' dir='ltr' id='par_1_131' title="bbox 1902 4239 3483 4311">
     <span class='ocr_line' id='line_1_134' title="bbox 1902 4239 3483 4311; baseline -0.002 -18"><span class='ocrx_word' id='word_1_911' title='bbox 1902 4243 2201 4311; x_wconf 74' lang='lat' dir='ltr'><strong>signiﬁcat:</strong></span> <span class='ocrx_word' id='word_1_912' title='bbox 2260 4251 2315 4292; x_wconf 88' lang='lat' dir='ltr'><strong>et</strong></span> <span class='ocrx_word' id='word_1_913' title='bbox 2366 4241 2541 4311; x_wconf 85' lang='grc' dir='ltr'>ιιοιιή</span> <span class='ocrx_word' id='word_1_914' title='bbox 2586 4239 2788 4311; x_wconf 67' lang='grc' dir='ltr'><strong>νεᾶνις,</strong></span> <span class='ocrx_word' id='word_1_915' title='bbox 2811 4239 2955 4307; x_wconf 88' lang='lat' dir='ltr'><strong>quod</strong></span> <span class='ocrx_word' id='word_1_916' title='bbox 2990 4239 3483 4304; x_wconf 82' lang='lat' dir='ltr'><strong>adolescentulam,</strong></span> 
     </span>
    </p>
   </div>
   <div class='ocr_carea' id='block_1_132' title="bbox 1902 4310 3374 4381">
    <p class='ocr_par' dir='ltr' id='par_1_132' title="bbox 1902 4310 3374 4381">
     <span class='ocr_line' id='line_1_135' title="bbox 1902 4310 3374 4381; baseline -0.003 -18"><span class='ocrx_word' id='word_1_917' title='bbox 1902 4328 2004 4365; x_wconf 88' lang='lat' dir='ltr'><strong>nec</strong></span> <span class='ocrx_word' id='word_1_918' title='bbox 2035 4310 2315 4381; x_wconf 71' lang='grc' dir='ltr'><strong>παιδίσκη,</strong></span> <span class='ocrx_word' id='word_1_919' title='bbox 2358 4310 2498 4377; x_wconf 85' lang='lat' dir='ltr'><strong>quod</strong></span> <span class='ocrx_word' id='word_1_920' title='bbox 2519 4310 2749 4379; x_wconf 87' lang='lat' dir='ltr'><strong>puellam</strong></span> <span class='ocrx_word' id='word_1_921' title='bbox 2777 4311 3101 4381; x_wconf 83' lang='lat' dir='ltr'><strong>simpliciter</strong></span> <span class='ocrx_word' id='word_1_922' title='bbox 3130 4310 3374 4381; x_wconf 86' lang='lat' dir='ltr'><strong>denotat.</strong></span> 
     </span>
    </p>
   </div>
   <div class='ocr_carea' id='block_1_133' title="bbox 1974 4380 3479 4449">
    <p class='ocr_par' dir='ltr' id='par_1_133' title="bbox 1974 4380 3479 4449">
     <span class='ocr_line' id='line_1_136' title="bbox 1974 4380 3479 4449; baseline -0.001 -14"><span class='ocrx_word' id='word_1_923' title='bbox 1974 4383 2026 4435; x_wconf 78' lang='grc'><strong>4.</strong></span> <span class='ocrx_word' id='word_1_924' title='bbox 2056 4384 2168 4435; x_wconf 81' lang='lat' dir='ltr'><strong>Nec</strong></span> <span class='ocrx_word' id='word_1_925' title='bbox 2200 4380 2388 4449; x_wconf 88' lang='lat' dir='ltr'><strong>parum</strong></span> <span class='ocrx_word' id='word_1_926' title='bbox 2425 4394 2611 4448; x_wconf 86' lang='lat' dir='ltr'><strong>partes</strong></span> <span class='ocrx_word' id='word_1_927' title='bbox 2648 4389 2863 4432; x_wconf 88' lang='lat' dir='ltr'><strong>nostras</strong></span> <span class='ocrx_word' id='word_1_928' title='bbox 2886 4380 3172 4434; x_wconf 88' lang='lat' dir='ltr'><strong>conlirmat</strong></span> <span class='ocrx_word' id='word_1_929' title='bbox 3200 4380 3479 4434; x_wconf 83' lang='lat' dir='ltr'><strong>.lonathan</strong></span> 
     </span>
    </p>
   </div>
   <div class='ocr_carea' id='block_1_134' title="bbox 1904 4449 3481 4520">
    <p class='ocr_par' dir='ltr' id='par_1_134' title="bbox 1904 4449 3481 4520">
     <span class='ocr_line' id='line_1_137' title="bbox 1904 4449 3481 4520; baseline -0.003 -14"><span class='ocrx_word' id='word_1_930' title='bbox 1904 4450 2104 4507; x_wconf 87' lang='lat' dir='ltr'><strong>Usielis</strong></span> <span class='ocrx_word' id='word_1_931' title='bbox 2133 4452 2297 4516; x_wconf 89' lang='lat' dir='ltr'><strong>lihus,</strong></span> <span class='ocrx_word' id='word_1_932' title='bbox 2324 4453 2712 4520; x_wconf 85' lang='lat' dir='ltr'><strong>paraphrastes</strong></span> <span class='ocrx_word' id='word_1_933' title='bbox 2739 4449 3046 4515; x_wconf 62' lang='lat' dir='ltr'><strong>Chaldaeus,</strong></span> <span class='ocrx_word' id='word_1_934' title='bbox 3078 4465 3161 4501; x_wconf 84' lang='grc' dir='ltr'>νιι·</span> <span class='ocrx_word' id='word_1_935' title='bbox 3203 4451 3347 4503; x_wconf 88' lang='lat' dir='ltr'><strong>inter</strong></span> <span class='ocrx_word' id='word_1_936' title='bbox 3376 4449 3481 4502; x_wconf 86' lang='lat' dir='ltr'><strong>lle-</strong></span> 
     </span>
    </p>
   </div>
   <div class='ocr_carea' id='block_1_135' title="bbox 1906 4522 3478 4583">
    <p class='ocr_par' dir='ltr' id='par_1_135' title="bbox 1906 4522 3478 4583">
     <span class='ocr_line' id='line_1_138' title="bbox 1906 4522 3478 4583; baseline -0.001 -7"><span class='ocrx_word' id='word_1_937' title='bbox 1906 4524 2078 4577; x_wconf 70' lang='lat' dir='ltr'><strong>brzeos</strong></span> <span class='ocrx_word' id='word_1_938' title='bbox 2122 4525 2323 4576; x_wconf 89' lang='lat' dir='ltr'><strong>summi</strong></span> <span class='ocrx_word' id='word_1_939' title='bbox 2369 4523 2603 4575; x_wconf 85' lang='lat' dir='ltr'><strong>nominis</strong></span> <span class='ocrx_word' id='word_1_940' title='bbox 2634 4531 2687 4575; x_wconf 89' lang='lat' dir='ltr'><strong>et</strong></span> <span class='ocrx_word' id='word_1_941' title='bbox 2731 4524 3099 4582; x_wconf 83' lang='lat' dir='ltr'><strong>auctoritatis,</strong></span> <span class='ocrx_word' id='word_1_942' title='bbox 3151 4523 3241 4583; x_wconf 85' lang='lat' dir='ltr'><strong>qui</strong></span> <span class='ocrx_word' id='word_1_943' title='bbox 3297 4522 3478 4575; x_wconf 89' lang='lat' dir='ltr'><strong>locum</strong></span> 
     </span>
    </p>
   </div>
   <div class='ocr_carea' id='block_1_136' title="bbox 1829 4562 3481 4660">
    <p class='ocr_par' dir='ltr' id='par_1_136' title="bbox 1829 4562 3481 4660">
     <span class='ocr_line' id='line_1_139' title="bbox 1829 4562 3481 4660; baseline -0.003 -13"><span class='ocrx_word' id='word_1_944' title='bbox 1829 4562 1872 4617; x_wconf 67' lang='grc' dir='ltr'><strong>θ</strong></span> <span class='ocrx_word' id='word_1_945' title='bbox 1900 4595 2046 4647; x_wconf 88' lang='lat' dir='ltr'><strong>hunc</strong></span> <span class='ocrx_word' id='word_1_946' title='bbox 2073 4595 2327 4658; x_wconf 85' lang='lat' dir='ltr'><strong>reddidit,</strong></span> <span class='ocrx_word' id='word_1_947' title='bbox 2357 4610 2375 4643; x_wconf 75' lang='grc' dir='ltr'><strong>ι</strong></span> <span class='ocrx_word' id='word_1_948' title='bbox 2407 4593 2547 4647; x_wconf 82' lang='lat' dir='ltr'><strong>Ecce</strong></span> <span class='ocrx_word' id='word_1_949' title='bbox 2567 4598 2737 4660; x_wconf 88' lang='lat' dir='ltr'><strong>virgo.</strong></span> <span class='ocrx_word' id='word_1_950' title='bbox 2774 4609 2793 4642; x_wconf 72' lang='grc' dir='ltr'><strong>ι</strong></span> <span class='ocrx_word' id='word_1_951' title='bbox 2819 4562 3285 4645; x_wconf 64' lang='grc' dir='ltr'>υοιιειειιιιίυῗίςιιι)</span> <span class='ocrx_word' id='word_1_952' title='bbox 3307 4594 3481 4643; x_wconf 81' lang='lat' dir='ltr'><strong>Evan—</strong></span> 
     </span>
    </p>
   </div>
   <div class='ocr_carea' id='block_1_137' title="bbox 1899 4660 3477 4734">
    <p class='ocr_par' dir='ltr' id='par_1_137' title="bbox 1899 4660 3477 4734">
     <span class='ocr_line' id='line_1_140' title="bbox 1899 4660 3477 4734; baseline -0.003 -16"><span class='ocrx_word' id='word_1_953' title='bbox 1899 4666 2096 4733; x_wconf 82' lang='lat' dir='ltr'><strong>gelium</strong></span> <span class='ocrx_word' id='word_1_954' title='bbox 2140 4662 2380 4718; x_wconf 67' lang='lat' dir='ltr'><strong>Matthmi</strong></span> <span class='ocrx_word' id='word_1_955' title='bbox 2435 4666 2658 4734; x_wconf 75' lang='lat' dir='ltr'><strong>Syriaca</strong></span> <span class='ocrx_word' id='word_1_956' title='bbox 2711 4664 2916 4730; x_wconf 88' lang='lat' dir='ltr'><strong>lingua,</strong></span> <span class='ocrx_word' id='word_1_957' title='bbox 2965 4665 3016 4715; x_wconf 90' lang='lat' dir='ltr'><strong>id</strong></span> <span class='ocrx_word' id='word_1_958' title='bbox 3055 4672 3141 4714; x_wconf 84' lang='lat' dir='ltr'><strong>est</strong></span> <span class='ocrx_word' id='word_1_959' title='bbox 3185 4660 3477 4728; x_wconf 80' lang='lat' dir='ltr'><strong>llebraica,</strong></span> 
     </span>
    </p>
   </div>
   <div class='ocr_carea' id='block_1_138' title="bbox 1898 4734 3478 4804">
    <p class='ocr_par' dir='ltr' id='par_1_138' title="bbox 1898 4734 3478 4804">
     <span class='ocr_line' id='line_1_141' title="bbox 1898 4734 3478 4804; baseline -0.003 -16"><span class='ocrx_word' id='word_1_960' title='bbox 1898 4737 2132 4789; x_wconf 89' lang='lat' dir='ltr'><strong>dialecto</strong></span> <span class='ocrx_word' id='word_1_961' title='bbox 2183 4736 2389 4803; x_wconf 82' lang='lat' dir='ltr'><strong>vulgari</strong></span> <span class='ocrx_word' id='word_1_962' title='bbox 2426 4750 2600 4804; x_wconf 83' lang='lat' dir='ltr'><strong>primo</strong></span> <span class='ocrx_word' id='word_1_963' title='bbox 2649 4734 2933 4804; x_wconf 73' lang='lat' dir='ltr'><strong>scriptum,</strong></span> <span class='ocrx_word' id='word_1_964' title='bbox 2980 4735 3132 4785; x_wconf 74' lang='lat' dir='ltr'><strong>Isaia:</strong></span> <span class='ocrx_word' id='word_1_965' title='bbox 3181 4734 3357 4784; x_wconf 85' lang='lat' dir='ltr'><strong>locum</strong></span> <span class='ocrx_word' id='word_1_966' title='bbox 3385 4734 3478 4804; x_wconf 78' lang='lat' dir='ltr'><strong>ita</strong></span> 
     </span>
    </p>
   </div>
   <div class='ocr_carea' id='block_1_139' title="bbox 1897 4802 3484 4873">
    <p class='ocr_par' dir='ltr' id='par_1_139' title="bbox 1897 4802 3484 4873">
     <span class='ocr_line' id='line_1_142' title="bbox 1897 4802 3484 4873; baseline -0.003 -15"><span class='ocrx_word' id='word_1_967' title='bbox 1897 4811 2159 4860; x_wconf 83' lang='lat' dir='ltr'><strong>reddens:</strong></span> <span class='ocrx_word' id='word_1_968' title='bbox 2198 4825 2215 4856; x_wconf 78' lang='grc' dir='ltr'><strong>ι</strong></span> <span class='ocrx_word' id='word_1_969' title='bbox 2249 4802 2389 4859; x_wconf 72' lang='lat' dir='ltr'><strong>Ecce</strong></span> <span class='ocrx_word' id='word_1_970' title='bbox 2412 4802 2557 4857; x_wconf 80' lang='lat' dir='ltr'><strong>enim</strong></span> <span class='ocrx_word' id='word_1_971' title='bbox 2607 4806 2782 4873; x_wconf 81' lang='lat' dir='ltr'><strong>virgo.</strong></span> <span class='ocrx_word' id='word_1_972' title='bbox 2822 4822 2840 4855; x_wconf 74' lang='grc' dir='ltr'><strong>ι</strong></span> <span class='ocrx_word' id='word_1_973' title='bbox 2888 4802 3096 4871; x_wconf 78' lang='lat' dir='ltr'><strong>Lingua</strong></span> <span class='ocrx_word' id='word_1_974' title='bbox 3131 4818 3352 4872; x_wconf 81' lang='lat' dir='ltr'><strong>quoque</strong></span> <span class='ocrx_word' id='word_1_975' title='bbox 3379 4803 3484 4856; x_wconf 88' lang='lat' dir='ltr'><strong>Pu-</strong></span> 
     </span>
    </p>
   </div>
   <div class='ocr_carea' id='block_1_140' title="bbox 1896 4875 3477 4944">
    <p class='ocr_par' dir='ltr' id='par_1_140' title="bbox 1896 4875 3477 4944">
     <span class='ocr_line' id='line_1_143' title="bbox 1896 4875 3477 4944; baseline -0.001 -16"><span class='ocrx_word' id='word_1_976' title='bbox 1896 4877 2041 4940; x_wconf 88' lang='lat' dir='ltr'><strong>nica,</strong></span> <span class='ocrx_word' id='word_1_977' title='bbox 2073 4893 2191 4943; x_wconf 73' lang='lat' dir='ltr'><strong>qua:</strong></span> <span class='ocrx_word' id='word_1_978' title='bbox 2224 4877 2466 4944; x_wconf 77' lang='lat' dir='ltr'><strong>proiecto</strong></span> <span class='ocrx_word' id='word_1_979' title='bbox 2513 4876 2743 4928; x_wconf 79' lang='lat' dir='ltr'><strong>Arabica</strong></span> <span class='ocrx_word' id='word_1_980' title='bbox 2801 4884 2903 4939; x_wconf 88' lang='lat' dir='ltr'><strong>est,</strong></span> <span class='ocrx_word' id='word_1_981' title='bbox 2948 4875 3200 4926; x_wconf 80' lang='lat' dir='ltr'><strong>Itaatntnlt</strong></span> <span class='ocrx_word' id='word_1_982' title='bbox 3252 4889 3477 4942; x_wconf 80' lang='lat' dir='ltr'><strong>proprie</strong></span> 
     </span>
    </p>
   </div>
   <div class='ocr_carea' id='block_1_141' title="bbox 1896 4944 3478 5069">
    <p class='ocr_par' dir='ltr' id='par_1_141' title="bbox 1896 4944 3478 5069">
     <span class='ocr_line' id='line_1_144' title="bbox 1896 4944 3478 5069; baseline 0 -72"><span class='ocrx_word' id='word_1_983' title='bbox 1896 4951 2048 5016; x_wconf 85' lang='lat' dir='ltr'><strong>virgo</strong></span> <span class='ocrx_word' id='word_1_984' title='bbox 2100 4949 2443 5069; x_wconf 72' lang='lat' dir='ltr'><strong>ulppcllalttr:</strong></span> <span class='ocrx_word' id='word_1_985' title='bbox 2490 4959 2547 4998; x_wconf 91' lang='lat' dir='ltr'><strong>ut</strong></span> <span class='ocrx_word' id='word_1_986' title='bbox 2606 4962 2710 4997; x_wconf 90' lang='lat' dir='ltr'><strong>non</strong></span> <span class='ocrx_word' id='word_1_987' title='bbox 2775 4946 2894 4998; x_wconf 85' lang='lat' dir='ltr'><strong>sine</strong></span> <span class='ocrx_word' id='word_1_988' title='bbox 2957 4957 3239 5014; x_wconf 80' lang='lat' dir='ltr'><strong>mysterio,</strong></span> <span class='ocrx_word' id='word_1_989' title='bbox 3308 4944 3478 4998; x_wconf 83' lang='lat' dir='ltr'><strong>totius</strong></span> 
     </span>
     <span class='ocr_line' id='line_1_145' title="bbox 1900 5015 3475 5069; baseline -0.001 0"><span class='ocrx_word' id='word_1_990' title='bbox 1900 5020 2083 5069; x_wconf 84' lang='lat' dir='ltr'><strong>lllttttdi</strong></span> <span class='ocrx_word' id='word_1_991' title='bbox 2150 5019 2508 5069; x_wconf 72' lang='lat' dir='ltr'><strong>{edemntoris</strong></span> <span class='ocrx_word' id='word_1_992' title='bbox 2568 5017 2847 5069; x_wconf 64' lang='lat' dir='ltr'><strong>genitricis</strong></span> <span class='ocrx_word' id='word_1_993' title='bbox 2902 5017 3184 5069; x_wconf 60' lang='lat' dir='ltr'><strong>integritas</strong></span> <span class='ocrx_word' id='word_1_994' title='bbox 3231 5015 3475 5068; x_wconf 86' lang='lat' dir='ltr'><strong>omnium</strong></span> 
     </span>
    </p>
   </div>
   <div class='ocr_carea' id='block_1_142' title="bbox 1900 5015 3475 5085">
    <p class='ocr_par' dir='ltr' id='par_1_142' title="bbox 1900 5015 3475 5085">
     <span class='ocr_line' id='line_1_146' title="bbox 1900 5015 3475 5085; baseline -0.001 -16"><span class='ocrx_word' id='word_1_995' title='bbox 1900 5015 2083 5071; x_wconf 87' lang='lat' dir='ltr'><strong>mundi</strong></span> <span class='ocrx_word' id='word_1_996' title='bbox 2130 5015 2508 5085; x_wconf 70' lang='lat' dir='ltr'><strong>Redemptoris</strong></span> <span class='ocrx_word' id='word_1_997' title='bbox 2568 5017 2847 5085; x_wconf 82' lang='lat' dir='ltr'><strong>genitricis</strong></span> <span class='ocrx_word' id='word_1_998' title='bbox 2902 5017 3184 5083; x_wconf 77' lang='lat' dir='ltr'><strong>integritas</strong></span> <span class='ocrx_word' id='word_1_999' title='bbox 3231 5015 3475 5068; x_wconf 87' lang='lat' dir='ltr'><strong>omnium</strong></span> 
     </span>
    </p>
   </div>
   <div class='ocr_carea' id='block_1_143' title="bbox 1897 5087 2458 5157">
    <p class='ocr_par' dir='ltr' id='par_1_143' title="bbox 1897 5087 2458 5157">
     <span class='ocr_line' id='line_1_147' title="bbox 1897 5087 2458 5157; baseline 0 -18"><span class='ocrx_word' id='word_1_1000' title='bbox 1897 5087 2095 5157; x_wconf 83' lang='lat' dir='ltr'><strong>linguis</strong></span> <span class='ocrx_word' id='word_1_1001' title='bbox 2132 5089 2458 5142; x_wconf 83' lang='lat' dir='ltr'><strong>celebretur.</strong></span> 
     </span>
    </p>
   </div>
   <div class='ocr_carea' id='block_1_144' title="bbox 1967 5154 3475 5227">
    <p class='ocr_par' dir='ltr' id='par_1_144' title="bbox 1967 5154 3475 5227">
     <span class='ocr_line' id='line_1_148' title="bbox 1967 5154 3475 5227; baseline -0.004 -14"><span class='ocrx_word' id='word_1_1002' title='bbox 1967 5154 2022 5213; x_wconf 75' lang='grc'><strong>5.</strong></span> <span class='ocrx_word' id='word_1_1003' title='bbox 2058 5162 2303 5221; x_wconf 86' lang='lat' dir='ltr'><strong>Demmn,</strong></span> <span class='ocrx_word' id='word_1_1004' title='bbox 2335 5168 2393 5210; x_wconf 91' lang='lat' dir='ltr'><strong>ut</strong></span> <span class='ocrx_word' id='word_1_1005' title='bbox 2426 5157 2568 5227; x_wconf 86' lang='lat' dir='ltr'><strong>quod</strong></span> <span class='ocrx_word' id='word_1_1006' title='bbox 2614 5166 2874 5225; x_wconf 90' lang='lat' dir='ltr'><strong>tanquam</strong></span> <span class='ocrx_word' id='word_1_1007' title='bbox 2904 5154 3322 5225; x_wconf 80' lang='lat' dir='ltr'><strong>inexpugnabile</strong></span> <span class='ocrx_word' id='word_1_1008' title='bbox 3355 5170 3475 5227; x_wconf 89' lang='lat' dir='ltr'><strong>mu-</strong></span> 
     </span>
    </p>
   </div>
   <div class='ocr_carea' id='block_1_145' title="bbox 1897 5225 3471 5290">
    <p class='ocr_par' dir='ltr' id='par_1_145' title="bbox 1897 5225 3471 5290">
     <span class='ocr_line' id='line_1_149' title="bbox 1897 5225 3471 5290; baseline -0.004 -6"><span class='ocrx_word' id='word_1_1009' title='bbox 1897 5230 2201 5284; x_wconf 88' lang='lat' dir='ltr'><strong>nimentum</strong></span> <span class='ocrx_word' id='word_1_1010' title='bbox 2232 5229 2283 5282; x_wconf 91' lang='lat' dir='ltr'><strong>in</strong></span> <span class='ocrx_word' id='word_1_1011' title='bbox 2333 5225 2524 5282; x_wconf 40' lang='lat' dir='ltr'><strong>hac—rc</strong></span> <span class='ocrx_word' id='word_1_1012' title='bbox 2548 5230 2890 5281; x_wconf 70' lang='lat' dir='ltr'><strong>mstimarunt</strong></span> <span class='ocrx_word' id='word_1_1013' title='bbox 2924 5243 3046 5280; x_wconf 90' lang='lat' dir='ltr'><strong>cum</strong></span> <span class='ocrx_word' id='word_1_1014' title='bbox 3096 5230 3317 5290; x_wconf 76' lang='lat' dir='ltr'><strong>lreineo,</strong></span> <span class='ocrx_word' id='word_1_1015' title='bbox 3376 5225 3471 5278; x_wconf 80' lang='lat' dir='ltr'><strong>Jo-</strong></span> 
     </span>
    </p>
   </div>
   <div class='ocr_carea' id='block_1_146' title="bbox 1897 5298 3473 5367">
    <p class='ocr_par' dir='ltr' id='par_1_146' title="bbox 1897 5298 3473 5367">
     <span class='ocr_line' id='line_1_150' title="bbox 1897 5298 3473 5367; baseline -0.002 -15"><span class='ocrx_word' id='word_1_1016' title='bbox 1897 5304 2096 5363; x_wconf 88' lang='lat' dir='ltr'><strong>stinus,</strong></span> <span class='ocrx_word' id='word_1_1017' title='bbox 2136 5298 2521 5361; x_wconf 82' lang='lat' dir='ltr'><strong>Tertullianus,</strong></span> <span class='ocrx_word' id='word_1_1018' title='bbox 2544 5298 2794 5361; x_wconf 84' lang='lat' dir='ltr'><strong>Basilius,</strong></span> <span class='ocrx_word' id='word_1_1019' title='bbox 2847 5298 3111 5367; x_wconf 84' lang='lat' dir='ltr'><strong>Cyrillus,</strong></span> <span class='ocrx_word' id='word_1_1020' title='bbox 3148 5298 3473 5367; x_wconf 84' lang='lat' dir='ltr'><strong>Chrysosto-</strong></span> 
     </span>
    </p>
   </div>
   <div class='ocr_carea' id='block_1_147' title="bbox 1898 5366 3474 5440">
    <p class='ocr_par' dir='ltr' id='par_1_147' title="bbox 1898 5366 3474 5440">
     <span class='ocr_line' id='line_1_151' title="bbox 1898 5366 3474 5440; baseline -0.003 -17"><span class='ocrx_word' id='word_1_1021' title='bbox 1898 5388 2036 5434; x_wconf 88' lang='lat' dir='ltr'><strong>nms,</strong></span> <span class='ocrx_word' id='word_1_1022' title='bbox 2068 5371 2448 5440; x_wconf 84' lang='lat' dir='ltr'><strong>Hieronymus,</strong></span> <span class='ocrx_word' id='word_1_1023' title='bbox 2465 5384 2569 5423; x_wconf 88' lang='lat' dir='ltr'><strong>non</strong></span> <span class='ocrx_word' id='word_1_1024' title='bbox 2591 5372 2834 5422; x_wconf 84' lang='lat' dir='ltr'><strong>omittam</strong></span> <span class='ocrx_word' id='word_1_1025' title='bbox 2857 5385 2882 5440; x_wconf 13' lang='lat' dir='ltr'><strong>;V</strong></span> <span class='ocrx_word' id='word_1_1026' title='bbox 2902 5366 3119 5436; x_wconf 86' lang='lat' dir='ltr'><strong>insigne</strong></span> <span class='ocrx_word' id='word_1_1027' title='bbox 3150 5366 3474 5440; x_wconf 66' lang='lat' dir='ltr'><strong>prodigium,</strong></span> 
     </span>
    </p>
   </div>
   <div class='ocr_carea' id='block_1_148' title="bbox 1902 5436 3477 5504">
    <p class='ocr_par' dir='ltr' id='par_1_148' title="bbox 1902 5436 3477 5504">
     <span class='ocr_line' id='line_1_152' title="bbox 1902 5436 3477 5504; baseline -0.005 -10"><span class='ocrx_word' id='word_1_1028' title='bbox 1902 5442 2219 5496; x_wconf 71' lang='lat' dir='ltr'><strong>miraculum</strong></span> <span class='ocrx_word' id='word_1_1029' title='bbox 2271 5436 2417 5494; x_wconf 72' lang='lat' dir='ltr'><strong>retro</strong></span> <span class='ocrx_word' id='word_1_1030' title='bbox 2447 5442 2589 5494; x_wconf 86' lang='lat' dir='ltr'><strong>actis</strong></span> <span class='ocrx_word' id='word_1_1031' title='bbox 2625 5440 2841 5493; x_wconf 73' lang='lat' dir='ltr'><strong>Saccuhs</strong></span> <span class='ocrx_word' id='word_1_1032' title='bbox 2872 5439 3193 5497; x_wconf 81' lang='lat' dir='ltr'><strong>inauditum,</strong></span> <span class='ocrx_word' id='word_1_1033' title='bbox 3228 5436 3477 5504; x_wconf 81' lang='lat' dir='ltr'><strong>signum-</strong></span> 
     </span>
    </p>
   </div>
   <div class='ocr_carea' id='block_1_149' title="bbox 1899 5507 3475 5580">
    <p class='ocr_par' dir='ltr' id='par_1_149' title="bbox 1899 5507 3475 5580">
     <span class='ocr_line' id='line_1_153' title="bbox 1899 5507 3475 5580; baseline -0.003 -16"><span class='ocrx_word' id='word_1_1034' title='bbox 1899 5528 2004 5579; x_wconf 90' lang='lat' dir='ltr'><strong>que</strong></span> <span class='ocrx_word' id='word_1_1035' title='bbox 2036 5528 2141 5565; x_wconf 90' lang='lat' dir='ltr'><strong>non</strong></span> <span class='ocrx_word' id='word_1_1036' title='bbox 2161 5511 2397 5580; x_wconf 84' lang='lat' dir='ltr'><strong>vulgare,</strong></span> <span class='ocrx_word' id='word_1_1037' title='bbox 2429 5516 2522 5565; x_wconf 83' lang='lat' dir='ltr'><strong>sed</strong></span> <span class='ocrx_word' id='word_1_1038' title='bbox 2553 5512 2663 5565; x_wconf 89' lang='lat' dir='ltr'><strong>Deo</strong></span> <span class='ocrx_word' id='word_1_1039' title='bbox 2686 5511 2930 5579; x_wconf 84' lang='lat' dir='ltr'><strong>dignum,</strong></span> <span class='ocrx_word' id='word_1_1040' title='bbox 2962 5524 3047 5573; x_wconf 89' lang='lat' dir='ltr'><strong>ac,</strong></span> <span class='ocrx_word' id='word_1_1041' title='bbox 3073 5518 3132 5561; x_wconf 89' lang='lat' dir='ltr'><strong>ut</strong></span> <span class='ocrx_word' id='word_1_1042' title='bbox 3156 5507 3475 5561; x_wconf 73' lang='lat' dir='ltr'><strong>Tertulliani.</strong></span> 
     </span>
    </p>
   </div>
   <div class='ocr_carea' id='block_1_150' title="bbox 1900 5580 3477 5647">
    <p class='ocr_par' dir='ltr' id='par_1_150' title="bbox 1900 5580 3477 5647">
     <span class='ocr_line' id='line_1_154' title="bbox 1900 5580 3477 5647; baseline -0.004 -13"><span class='ocrx_word' id='word_1_1043' title='bbox 1900 5584 2079 5636; x_wconf 88' lang='lat' dir='ltr'><strong>verbis</strong></span> <span class='ocrx_word' id='word_1_1044' title='bbox 2102 5592 2242 5646; x_wconf 88' lang='lat' dir='ltr'><strong>utar,</strong></span> <span class='ocrx_word' id='word_1_1045' title='bbox 2270 5601 2288 5633; x_wconf 72' lang='grc' dir='ltr'><strong>ι</strong></span> <span class='ocrx_word' id='word_1_1046' title='bbox 2328 5593 2723 5635; x_wconf 84' lang='lat' dir='ltr'><strong>inustruosam</strong></span> <span class='ocrx_word' id='word_1_1047' title='bbox 2755 5581 2992 5647; x_wconf 82' lang='lat' dir='ltr'><strong>aliquam</strong></span> <span class='ocrx_word' id='word_1_1048' title='bbox 3034 5581 3350 5642; x_wconf 75' lang='lat' dir='ltr'><strong>novitatem,</strong></span> <span class='ocrx_word' id='word_1_1049' title='bbox 3385 5580 3477 5629; x_wconf 77' lang='lat' dir='ltr'><strong>di-</strong></span> 
     </span>
    </p>
   </div>
   <div class='ocr_carea' id='block_1_151' title="bbox 1898 5651 3470 5725">
    <p class='ocr_par' dir='ltr' id='par_1_151' title="bbox 1898 5651 3470 5725">
     <span class='ocr_line' id='line_1_155' title="bbox 1898 5651 3470 5725; baseline -0.005 -19"><span class='ocrx_word' id='word_1_1050' title='bbox 1898 5669 2053 5707; x_wconf 85' lang='lat' dir='ltr'><strong>vmus</strong></span> <span class='ocrx_word' id='word_1_1051' title='bbox 2082 5664 2228 5707; x_wconf 84' lang='lat' dir='ltr'><strong>vates</strong></span> <span class='ocrx_word' id='word_1_1052' title='bbox 2248 5652 2453 5725; x_wconf 67' lang='lat' dir='ltr'><strong>.Iudaeis</strong></span> <span class='ocrx_word' id='word_1_1053' title='bbox 2476 5654 2859 5722; x_wconf 84' lang='lat' dir='ltr'><strong>pollicebatur;</strong></span> <span class='ocrx_word' id='word_1_1054' title='bbox 2884 5651 3039 5719; x_wconf 80' lang='lat' dir='ltr'><strong>cujus</strong></span> <span class='ocrx_word' id='word_1_1055' title='bbox 3071 5652 3272 5703; x_wconf 88' lang='lat' dir='ltr'><strong>nullam</strong></span> <span class='ocrx_word' id='word_1_1056' title='bbox 3311 5663 3470 5725; x_wconf 71' lang='lat' dir='ltr'><strong>pror-</strong></span> 
     </span>
    </p>
   </div>
   <div class='ocr_carea' id='block_1_152' title="bbox 1897 5720 3474 5794">
    <p class='ocr_par' dir='ltr' id='par_1_152' title="bbox 1897 5720 3474 5794">
     <span class='ocr_line' id='line_1_156' title="bbox 1897 5720 3474 5794; baseline -0.005 -16"><span class='ocrx_word' id='word_1_1057' title='bbox 1897 5740 1989 5779; x_wconf 86' lang='lat' dir='ltr'><strong>sus</strong></span> <span class='ocrx_word' id='word_1_1058' title='bbox 2020 5736 2279 5781; x_wconf 84' lang='lat' dir='ltr'><strong>rattonem</strong></span> <span class='ocrx_word' id='word_1_1059' title='bbox 2311 5720 2799 5794; x_wconf 29' lang='lat' dir='ltr'><strong>habet’pivcuculac</strong></span> <span class='ocrx_word' id='word_1_1060' title='bbox 2832 5725 3179 5792; x_wconf 66' lang='lat' dir='ltr'><strong>desponsam</strong></span> <span class='ocrx_word' id='word_1_1061' title='bbox 3195 5720 3474 5790; x_wconf 84' lang='lat' dir='ltr'><strong>quotidia-</strong></span> 
     </span>
    </p>
   </div>
  </div>
