3970 6378
309 392 450 450 1889

1588 393 1657 447 IN
1692 392 1815 449 LIB.
1855 393 1919 446 ιγ
1956 392 2013 448 S.
2050 392 2327 450 lRENASl.

3421 401 3548 454 τωο

351 509 573 577 hrasis),
610 509 1164 582 siquidem_lirereti_ci
1218 528 1237 561 σ
1275 511 1631 568 conﬁrmatos
1660 529 1699 582 ut
1754 526 1818 582 ac
1853 527 1881 564 a
1913 517 1958 571 Α
2063 512 2165 565 Sed
2195 515 2367 574 potius
2400 513 2645 564 distinxi!
2681 529 2788 567 eos.
2845 512 2937 567 Sic
2977 521 3129 567 vetns
3164 514 3332 567 codex
3368 516 3553 582 legen-

334 583 435 635 abe
482 588 812 634 restauratos
845 579 1047 634 (Eoncs
1093 580 1307 639 Iesum.
1354 592 1537 633 mutua
1590 579 1877 634 collatione

314 648 482 711 facta,
516 649 836 719 produxisse
879 652 1193 704 statuebant
1223 651 1403 704 citatis
1433 665 1555 719 pag.
1591 650 1659 703 12
1696 658 1750 702 et
1786 651 1873 719 13.

385 720 461 771 Ab
504 718 657 769 initio
707 719 1057 783 speculatores
1105 731 1151 772 et
1204 721 1435 771 ministri
1478 721 1691 785 {uerunt
1737 718 1878 771 verbi

316 788 568 842 veritatis.
609 787 964 850 Ἐπισκόπους
994 789 1084 842 καὶ
1110 788 1388 851 διακόνους
1411 788 1593 842 Grmce
1620 788 1877 842 Irenaeum

314 857 597 921 scripsisse
629 856 954 921 conjeclavit
987 859 1039 910 in
1089 859 1332 925 margine
1366 859 1449 910 sui
1494 858 1679 911 lrenzei
1718 872 1878 909 reve-

317 927 519 980 rendus
578 925 865 977 admodum
925 925 1256 979 Pearsoms.
1324 927 1431 980 Sed
1490 928 1618 980 mihi
1676 927 1877 979 nullum

316 996 676 1067 «inbiumest,
708 996 837 1067 quin
873 996 939 1067 ab
974 995 1174 1049 Irenaeo
1206 996 1334 1067 dicti
1370 997 1514 1058 sint,
1550 998 1611 1067 poi
1655 998 1747 1049 ἀπ’
1784 998 1881 1067 ἀρ-

315 1064 415 1187 ἰῆς
445 1064 709 1117 αὐτόπται
740 1064 834 1117 καὶ
879 1066 1146 1137 ὑπηρέται
1174 1066 1450 1133 γενόμενοι
1481 1066 1573 1118 τοῦ
1603 1066 1783 1133 λόγου,
1815 1064 1879 1119 ex

362 1150 444 1185 ne.
466 1133 569 1187 με.
598 1148 754 1187 ouem
781 1134 956 1185 locum
1006 1136 1208 1187 idcirco
1231 1136 1523 1187 subnotare
1560 1137 1729 1187 visum
1758 1135 1877 1187 fuit.

362 1150 444 1185 uc.
466 1133 569 1193 t,2.
598 1148 754 1198 quem
781 1134 956 1185 locum
977 1133 1208 1188 "idcirco
1231 1136 1523 1188 subnotare
1560 1137 1729 1189 visum
1758 1135 1877 1188 fuit.

390 1203 513 1271 Pag.
538 1201 663 1256 228.
688 1202 937 1255 Eamdem
957 1205 1002 1255 ei
1036 1205 1258 1268 formam
1285 1214 1332 1257 et
1352 1205 1755 1271 appellationem
1784 1205 1880 1256 tri-

318 1274 424 1326 buit
475 1269 633 1324 Deus.
685 1271 738 1324 In
784 1272 842 1327 S.
880 1271 1173 1341 Scripturis
1204 1275 1346 1326 enim
1381 1269 1617 1341 Spiritus
1661 1283 1880 1326 sanctus

317 1340 593 1411 diabolum
651 1360 681 1411 r
736 1340 1041 1410 serpentem
1102 1362 1122 1394 ι
1172 1340 1437 1409 appellat,
1492 1344 1558 1396 de
1603 1358 1711 1411 quo
1759 1343 1881 1396 vide

314 1410 514 1463 .lustin.
546 1408 616 1463 M.
652 1408 959 1477 Apologtam
986 1412 1051 1464 ad
1088 1408 1419 1465 Antoninum
1450 1408 1633 1473 l’itnn,
1658 1427 1781 1480 pag.
1811 1412 1880 1465 56

315 1488 518 1533 nostrze
562 1479 836 1551 editionis,
870 1496 932 1551 ac
968 1481 1163 1551 ibidem
1196 1496 1342 1534 num.
1374 1480 1408 1533 5
1445 1489 1497 1534 et
1526 1480 1558 1534 6
1604 1482 1877 1534 adnotata.

315 1551 433 1614 Quo
474 1562 633 1601 sensu
674 1550 854 1601 autem
875 1550 1031 1618 _Deus
1070 1569 1087 1600 ι
1130 1550 1358 1602 formam
1399 1568 1417 1601 ι
1452 1550 1721 1618 serpentis
1760 1551 1878 1603 dia-

313 1618 439 1672 bolo
481 1618 736 1687 tribuisse
770 1621 835 1670 ab
874 1616 1079 1673 Irenaeo
1127 1620 1360 1681 dicatur,
1395 1621 1485 1672 vix
1524 1616 1879 1687 conjectando

313 1686 728 1757 assequiﬂpotis
760 1702 934 1757 sum;
980 1689 1080 1741 nisi
1135 1687 1272 1740 forte
1317 1686 1635 1756 permissam
1689 1705 1719 1742 a
1770 1688 1881 1743 Deo

315 1754 672 1827 idoloiatriam
701 1755 1039 1809 ethnicorum
1074 1754 1389 1824 respexerit,
1431 1766 1612 1827 utpote
1634 1760 1723 1827 qni
1752 1761 1880 1813 deos

313 1840 461 1903 suos,
512 1825 589 1903 id,
620 1834 702 1903 est
744 1828 1045 1903 daemonia.
1078 1841 1219 1903 saepe
1263 1829 1362 1881 sub
1393 1825 1562 1903 _signo
1604 1825 1876 1903 serp_enti_s
1907 1850 1949 1903 Β

312 1895 618 1969 coluerunt.
651 1894 886 1969 UndeMS.
909 1894 1321 1969 Justinusgloco
1358 1894 1525 1969 citato
1568 1894 1873 1969 nite-llapa

311 1963 621 2038 navrbrt'uv
661 1965 1029 2038 νομιζομένων
1056 1965 1196 2038 Δτὲαρ⁹
1225 1965 1350 2038 ὑμῖν
1382 1966 1499 2038 Θεῷ
1541 1966 1719 2038 (θεῶν)
1753 1963 1874 2036 δνρις

314 2032 577 2101 σύμϐολον
607 2032 749 2102 μέγο.
778 2032 871 2087 καὶ
900 2032 1194 2106 μυστήριον
1222 2032 1612 2105 ἀὺαγράφὲτὰι.
1657 2054 1675 2086 ι
1701 2032 1873 2106 Ἀρίιιί

309 2116 579 2169 quemque
626 2118 835 2164 eorum,
888 2105 977 2168 qui
1023 2120 1050 2155 a
1100 2107 1251 2157 vobis
1281 2115 1590 2167 censentur,
1626 2105 1869 2170 deorum,

310 2186 534 2251 serpens
590 2171 769 2240 magni
827 2174 997 2227 instar
1056 2173 1285 2243 symboli
1348 2190 1412 2229 ac
1480 2177 1876 2245 mysteriipin-

310 2249 474 2307 gitur.
516 2260 534 2292 ι

382 2308 699 2382 Extenditur
726 2309 921 2382 malum
953 2310 1288 2382 inritamina.
1349 2311 1403 2364 lil
1437 2323 1520 2366 est
1568 2323 1872 2382 peccatum,

310 2378 365 2431 in
392 2379 536 2451 quod
587 2380 1130 2451 diabolushomines
1176 2382 1433 2443 detrudit,
1470 2378 1716 2451 augetur.
1765 2383 1873 2435 Eva

309 2449 508 2515 quippe
558 2448 623 2500 ad
671 2449 1089 2502 inobcdientam
1150 2450 1370 2504 seducta
1417 2448 1565 2516 fuit,
1604 2452 1690 2505 isti
1748 2468 1875 2506 vero

309 2517 549 2571 haeretici
580 2518 633 2571 in
661 2517 1026 2585 blasphemias
1053 2519 1313 2587 prolapsi.

473 2630 852 2685 Adnotationes
884 2629 981 2684 Fr.
1030 2630 1378 2686 Feuardentit’
1413 2634 1468 2686 in
1501 2650 1617 2698 cap.
1658 2634 1706 2687 Ι.

378 2720 510 2782 Pag.
542 2721 668 2776 9.28.
704 2720 835 2774 Cum
880 2722 1031 2776 verba
1077 2740 1193 2776 suo.
1227 2721 1338 2778 Hac
1369 2726 1636 2778 sententia
1665 2736 1720 2779 et
1754 2728 1879 2782 aliis

308 2792 689 2863 Compluribus
735 2792 1199 2863 evidentissimum
1235 2802 1345 2863 est,
1387 2792 1648 2863 lrenmum
1694 2796 1780 2863 pie
1825 2808 1877 2851 et

308 2860 613 2913 orthodoxe
660 2861 725 2913 de
774 2859 893 2913 Filii
938 2861 1267 2920 aeternitate.
1320 2862 1542 2925 deitate,
1590 2875 1664 2927 et,
1695 2859 1757 2917 iit
1805 2866 1876 2919 ita

309 2932 517 2993 dicam,
564 2929 1133 2983 consubstantialitate
1177 2932 1414 2985 sensisse
1465 2943 1519 2984 et
1568 2932 1875 2988 docuisse:

308 2998 640 3068 proindeque
675 3000 995 3068 Servetum,
1028 3008 1081 3051 et
1108 3002 1368 3068 quosdam
1419 2999 1687 3055 fanaticos
1717 3003 1874 3068 alios,

307 3067 391 3118 vel
426 3082 635 3119 summa
670 3067 1036 3135 improbitate,
1062 3067 1157 3135 vel
1186 3070 1430 3135 pudenda
1482 3069 1692 3123 inscitia
1728 3067 1875 3124 labo-

309 3149 451 3199 rare,
489 3136 580 3207 qui
617 3134 800 3205 prose
849 3136 1011 3207 illum_
1051 3134 1230 3190 facere
1277 3146 1587 3207 negantur;
1621 3154 1744 3191 cum
1782 3140 1871 3195 Dei

308 3219 505 3275 nomen
534 3206 617 3275 ita
654 3207 870 3273 proprie
897 3208 963 3258 ad
989 3205 1205 3260 Patrem
1238 3222 1325 3261 res
1352 3205 1592 3275 ringunt.
1635 3216 1692 3260 ut
1734 3208 1872 3263 Filio

306 3273 391 3326 vel
424 3274 636 3340 penitus
669 3276 982 3336 detrahant,
1027 3274 1110 3328 vel
1166 3292 1274 3328 non
1332 3273 1766 3343 nisi'diminute,
1818 3290 1873 3333 et

307 3344 463 3408 quasi
513 3346 760 3421 precario
806 3344 1416 3421 permit_tant.__Etenim
1472 3350 1859 3421 quamn-qvod

309 3412 733 3483 eoa-ternitatem
770 3412 889 3483 ejus
919 3414 1130 3474 attinet,
1173 3414 1268 3467 lib.
1305 3428 1364 3479 tt,
1394 3412 1511 3483 cap.
1547 3415 1637 3476 45,
1672 3414 1865 3470 Filium

310 3478 747 3552 inl‘eetumgesse,
783 3480 1037 3552 Patrique
1084 3498 1298 3547 semper
1342 3478 1684 3537 cocistitisse
1728 3483 1871 3537 allir-

313 3560 460 3620 mat;
495 3560 547 3603 et
580 3550 672 3604 lib.
702 3566 777 3614 tv,
808 3566 926 3620 cap.
956 3550 1056 3612 '57,
1096 3571 1114 3602 ε
1158 3553 1413 3615 Verbum,
1466 3556 1517 3605 id
1548 3562 1630 3606 est
1684 3554 1870 3620 Filius,

308 3617 407 3691 ait,
443 3634 665 3691 semper
692 3635 812 3674 cum
847 3619 1005 3674 Patre
1037 3632 1174 3675 erat.
1214 3641 1233 3674 ι
1274 3622 1339 3674 Et
1371 3623 1460 3674 lib.
1497 3624 1709 3685 eodem,
1748 3617 1867 3691 cap.

306 3686 399 3760 48,
432 3686 832 3760 generationem
891 3690 1058 3757 ipsius
1097 3692 1257 3744 etiam
1304 3692 1562 3760 angelicis
1600 3686 1871 3747 mentibus

310 3758 723 3829 inenarrabilem
756 3770 811 3812 et
838 3760 1075 3828 ignotam
1104 3762 1327 3813 omnino
1364 3758 1576 3827 probat.
1607 3761 1671 3813 Et
1698 3764 1868 3829 ipsum

307 3826 451 3878 Patri
500 3841 619 3881 esse
665 3826 979 3898 ὁμοούσὶον,
1034 3840 1085 3883 et
1136 3845 1286 3894 vere,
1346 3826 1652 3896 naturaque
1704 3826 1868 3885 Deum

304 3906 492 3964 aperte
519 3898 673 3950 docet
714 3900 805 3953 lib.
840 3914 925 3961 lil,
962 3914 990 3952 c
1031 3914 1083 3967 p.
1117 3901 1171 3961 6.
1214 3900 1300 3961 η,
1333 3899 1419 3962 16,
1451 3900 1540 3961 18,
1569 3902 1660 3965 2|,
1694 3901 1784 3964 23,
1816 3908 1871 3952 et

305 3977 365 4017 nt
394 3966 707 4020 innumeros
746 3968 880 4022 alios
910 3966 1053 4019 locos
1084 3979 1422 4035 przetereaui,
1452 3972 1519 4020 ad
1561 3981 1867 4020 extrentnm

304 4038 641 4103 prazlationis
676 4037 728 4089 in
760 4037 900 4091 hunc
948 4038 1168 4097 librum,
1214 4038 1427 4090 Patrem
1462 4048 1513 4089 et
1547 4036 1740 4089 Filium
1775 4035 1869 4089 Dei

306 4106 627 4175 nomineﬁin
678 4107 979 4173 Seripturis
1030 4108 1319 4175 appellari,
1374 4121 1434 4159 se
1486 4106 1871 4159 manifestasse

306 4176 490 4226 tradit.
525 4174 807 4243 Multiplici
852 4187 1027 4229 autem
1081 4174 1391 4229 testimonio
1425 4175 1721 4241 concludit,
1755 4177 1872 4227 lllll-

301 4259 425 4296 cum
449 4252 505 4315 et
535 4247 704 4295 solum
736 4259 924 4315 verum
974 4244 1165 4307 Deum,
1208 4256 1374 4315 atque
1412 4260 1591 4297 rerum
1619 4244 1866 4315 omnium

300 4314 636 4365 COItditoretn
695 4329 758 4365 ac
809 4314 1095 4368 Dominum
1153 4312 1296 4368 esse:
1360 4313 1576 4375 Primo,
1635 4312 1869 4381 Spiritus

300 4382 471 4435 sancti
503 4391 701 4435 aeterna
733 4384 1153 4449 pranliratione;
1191 4384 1446 4445 secundo,
1477 4383 1716 4434 omnium
1744 4397 1868 4436 vere

300 4451 610 4519 docentium
640 4462 693 4503 et
722 4453 1058 4506 credentium
1090 4458 1354 4506 sententia
1380 4469 1395 4514 ;
1431 4461 1611 4515 tertio,
1641 4463 1863 4519 aposto—

302 4517 476 4600 lorum
523 4525 815 4600 constanti
843 4524 1089 4600 doctrina
1126 4534 1179 4575 et
1203 4501 1561 4600 consensione
1584 4501 1611 4585 ;’
1645 4501 1862 4600 (parto,
1898 4501 1940 4555 Ῐ)

302 4590 587 4655 ipsinsntct
616 4590 816 4643 Christi
854 4593 942 4644 Dei
976 4605 1041 4643 ac
1072 4592 1282 4644 Domini
1332 4591 1502 4644 nostri
1541 4590 1862 4658 praecipien-

300 4666 369 4709 tis
404 4674 524 4711 eum
573 4662 827 4713 invocare
877 4663 1041 4714 Deum
1093 4670 1147 4713 et
1195 4660 1429 4725 Patrem,
1457 4664 1548 4728 qui
1602 4661 1653 4712 in
1714 4660 1866 4712 cmlis

299 4737 418 4799 est,
479 4730 796 4795 gravissima
862 4732 1204 4784 auctoritate.
1276 4729 1353 4782 Ex
1420 4731 1615 4799 quibus
1666 4729 1863 4793 infert,

300 4796 589 4868 Questions
621 4800 943 4866 itnpostores
964 4814 1083 4853 esse
1105 4796 1566 4868 perversissiinos,
1587 4802 1675 4868 qui
1702 4799 1863 4852 alium

300 4865 466 4937 Deum
498 4883 659 4934 supra
696 4865 1006 4922 Creatorem
1046 4865 1437 4937 contingerent.

370 4932 437 4985 Et
488 4932 577 5007 eos
616 4939 1049 5007 quiadOptionis
1102 4932 1346 5006 spiriium
1401 4940 1686 5006 accipiunt.
1748 4940 1865 5007 Quo

299 5020 456 5077 paeto
503 5006 593 5058 Dei
650 5006 805 5077 147
857 5010 1146 5076 appellatio
1190 5012 1255 5059 ad
1292 5026 1385 5062 eos
1434 5018 1697 5072 transeat,
1732 5006 1865 5077 quos

298 5074 585 5146 Pater_per
616 5074 808 5128 an'n'n
845 5074 1144 5146 attt'tptavit,
1187 5078 1425 5144 explicat
1460 5082 1598 5133 idem
1634 5074 1866 5133 lrenieus

296 5159 418 5212 cap.
473 5144 539 5196 79
592 5146 714 5198 libri
768 5144 963 5213 hujus,
1001 5162 1194 5215 nempe
1244 5151 1385 5215 quod
1422 5164 1449 5200 a
1502 5150 1609 5200 Deo
1660 5151 1863 5202 conditi

295 5227 426 5275 snt,
457 5216 747 5286 “simulque
787 5220 1047 5269 doctrina:
1097 5232 1211 5286 epis
1264 5220 1421 5271 tidem
1457 5220 1778 5281 adhibeant,
1811 5226 1865 5271 et

296 5287 361 5333 ad
420 5283 556 5335 t.lius
608 5283 795 5338 nutum
850 5301 1057 5353 seipsos
1104 5283 1452 5354 componant:
1502 5288 1614 5341 Hoc
1667 5291 1861 5341 iterunt

294 5356 515 5423 eaponit
552 5354 688 5407 libro
724 5359 907 5419 tertio,
944 5358 1118 5423 capite
1154 5370 1327 5408 sexto.

366 5421 549 5492 Quaut
578 5433 625 5475 et
670 5435 865 5475 (errant
896 5436 940 5477 et
973 5421 1267 5479 Jerusalem
1300 5428 1585 5492 appellant.
1618 5426 1741 5479 inde
1772 5440 1863 5478 ar-

294 5488 468 5564 bitror
494 5491 800 5564 ‘Ebionmos
845 5498 1134 5549 damnasse
1171 5496 1265 5547 lib.
1324 5488 1375 5561 ι’,
1412 5513 1531 5564 cap.
1580 5497 1677 5563 26,
1719 5498 1864 5564 quod

292 5556 595 5615 JCt'Usnlt-tn
625 5574 940 5616 adorarent.

362 5762 593 5833 'Qntcst
635 5768 652 5821 ι
703 5769 755 5823 in
794 5768 944 5826 Deut.
1023 5772 1040 5803 ⁸
1073 5771 1225 5826 Deut.
1268 5788 1339 5839 γι,
1370 5773 1415 5826 6.

1986 582 2110 635 dum
2145 582 2364 654 docuit;
2402 583 2613 654 excusi,
2654 584 2791 654 ised
2844 584 3025 649 potius
3069 583 3427 648 distinxissct,
3457 585 3549 654 qui

1981 660 2107 705 Sltlll
2137 652 2464 704 verbotenus
2494 651 2588 715 dii,
2625 652 2693 704 ab
2722 666 2787 703 eo
2820 653 2908 720 qui
2940 654 3006 705 sit
3042 667 3224 706 verus.
3251 670 3269 704 ι

2286 741 2539 811 Ejusdem
2572 743 2932 795 aduotationes
2964 742 3017 795 in
3047 760 3163 811 cap.
3192 742 3246 796 2.

2052 834 2186 903 Pag.
2221 833 2347 887 2‘29.
2384 832 2914 898 Recupitulationem.
2964 832 3345 903 Hieronymus,
3385 835 3544 901 epist.

1982 907 2049 959 ad
2084 902 2392 963 Paulinum,
2428 912 2589 954 vocat
2638 902 3112 955 Deuteronontinm
3147 902 3435 957 secundam
3474 905 3552 959 le-

1983 989 2126 1045 gem,
2162 984 2218 1025 et
2268 972 2401 1045 legis
2445 970 2772 1045 evangelica:
2818 972 3325 1045 prmﬁgurationem.
3373 972 3548 1045 Theo-

1984 1040 2255 1097 doretus:
2295 1060 2313 1093 ι
2340 1041 2814 1095 Denteronomimn
2857 1041 3098 1092 continet
3147 1040 3549 1107 recapitulatio-

1984 1129 2107 1177 nem
2140 1127 2352 1171 eorum,
2379 1124 2499 1177 quae
2536 1109 2651 1177 lege
2683 1116 2838 1161 canta
2872 1120 3018 1172 sunt,
3051 1119 3103 1163 et
3130 1120 3279 1176 gesta
3314 1110 3364 1161 in
3397 1110 3549 1165 libris

1983 1172 2175 1240 Eitodi.
2211 1172 2458 1243 Levitici,
2485 1189 2537 1233 et
2588 1172 2946 1231 Numerorum
2974 1180 3047 1241 ",t
3087 1172 3195 1233 etc.
3236 1178 3401 1231 Docet
3450 1193 3547 1233 au-

1985 1262 2093 1305 tem
2126 1249 2617 1321 Moysis.rDavidis,
2654 1247 2823 1321 Isaiae,
2852 1248 3280 1301 clarissimorum
3310 1248 3545 1321 prophe-

1984 1330 2161 1375 tarum
2197 1318 2402 1387 apertis
2437 1318 2781 1379 testimoniis,
2813 1333 2935 1371 eum
2970 1326 3024 1370 et
3054 1333 3245 1387 unum,
3279 1328 3332 1369 et
3370 1318 3544 1369 solum

1984 1392 2151 1442 Deum
2191 1386 2311 1441 esse
2361 1388 2545 1441 mundi
2601 1387 2963 1449 conditorem,
3006 1401 3165 1454 quem
3211 1386 3457 1440 Christus
3490 1387 3544 1439 in

1982 1458 2285 1525 Evangelio
2319 1458 2531 1512 Patrem
2566 1472 2720 1509 suum
2758 1455 3034 1525 multoties
3066 1455 3323 1524 appellat.

2055 1523 2301 1586 Attinde.
2320 1526 2526 1581 caelum.
2546 1526 2619 1579 Ita
2640 1524 2899 1591 singulari
2926 1540 3154 1578 numero
3176 1525 3357 1593 legunt
3380 1523 3541 1585 LXX;

1981 1599 2199 1666 vulgata
2249 1597 2419 1651 editio
2470 1606 2525 1651 et
2582 1595 2811 1649 Sanctes
2850 1610 2864 1647 :
2909 1595 3191 1649 «Auribus
3247 1595 3544 1663 percipite,

1982 1669 2128 1729 εαξη,
2160 1686 2178 1720 ι
2215 1674 2323 1719 etc.

2056 1736 2345 1789 Pandam.
2396 1734 2562 1789 Libro
2613 1749 2675 1795 tt,
2721 1746 2842 1800 cap.
2897 1731 2986 1795 54,
3034 1741 3189 1786 vocat
3234 1731 3544 1796 Gnosticos,

1989 1826 2007 1858 ‹
2030 1808 2295 1861 satellites
2327 1804 2470 1859 circa
2510 1802 2809 1856 Pandoram
2840 1803 3150 1869 dispositos.
3174 1821 3193 1854 ι
3224 1806 3293 1857 At
3321 1803 3386 1855 de
3408 1800 3547 1854 Pau-

1980 1878 2109 1931 dora
2147 1874 2530 1928 adnotavimus
2562 1874 2612 1925 in
2645 1888 2767 1939 cap.
2805 1871 2871 1925 l9
2898 1870 2989 1924 lib.
3025 1887 3083 1926 ll.

2052 1945 2277 1997 Matrem
2327 1959 2528 1996 eorum.
2582 1942 2718 1995 Cum
2770 1941 2840 1992 ita
2886 1942 3125 1995 habeant
3173 1941 3409 1994 universi
3452 1956 3547 1994 co-

1976 2016 2151 2075 dices,
2185 2012 2511 2066 temeritatis
2549 2012 2647 2063 l'uit
2675 2010 2937 2073 Gallasio,
2980 2020 3171 2065 contra
3201 2012 3446 2064 omnium
3480 2010 3546 2063 li-

1975 2085 2121 2141 detn,
2151 2080 2673 2134 aliud'substitnere.

2045 2152 2454 2205 Adinveuerunt.
2482 2149 2783 2205 Delevimus
2811 2166 2831 2199 ι
2854 2149 3247 2218 adjunxerunti
3271 2158 3415 2205 auct.
3436 2155 3545 2203 vet.

1975 2223 2097 2278 cod.

2051 2291 2215 2355 Quem
2249 2298 2297 2343 et
2331 2288 2594 2342 Christus.
2651 2288 2803 2354 Quod
2848 2288 3102 2343 Christus
3141 2289 3227 2355 hic
3275 2287 3547 2342 adirmare

1977 2351 2197 2419 dicitur,
2253 2360 2321 2412 ad
2379 2359 2591 2411 Patrem
2648 2351 2945 2411 convenire
3000 2351 3282 2420 oraculum
3345 2358 3540 2410 istud:

1981 2448 2000 2480 ι
2032 2428 2193 2489 Audi,
2222 2427 2406 2491 Israel,
2441 2427 2695 2481 Dominus
2728 2427 2865 2481 Deus
2897 2435 3041 2493 tuus,
3062 2443 3200 2481 unus
3226 2436 3309 2480 est
3334 2446 3351 2478 ι
3373 2426 3414 2489 ⁸;
3435 2439 3542 2477 non

1978 2498 2030 2551 id
2082 2495 2232 2558 facit,
2280 2508 2337 2549 ut
2384 2497 2654 2565 signiticet
2700 2497 2800 2549 hoc
2856 2498 3030 2565 ipsum
3070 2497 3172 2549 sibi
3206 2511 3447 2565 quoque,
3481 2508 3545 2547 ac

1979 2566 2207 2634 Spiritui
2269 2574 2460 2618 sancto
2498 2580 2621 2634 _non
2683 2564 3023 2631 competere,
3088 2564 3541 2634 quemadmodum

1980 2630 2141 2703 impie
2172 2646 2444 2703 angantur
2490 2632 2702 2686 Serveti
2745 2630 3058 2688 et'Gentilis
3087 2630 3385 2687 sectatores
3417 2630 3539 2703 novi

1977 2700 2201 2768 Ariani;
2251 2700 2697 2772 quandoquidem
2745 2712 2806 2756 ut
2863 2704 2928 2755 de
2984 2718 3306 2772 unaquaque
3358 2700 3539 2772 di_vina

1979 2788 2210 2842 persona
2245 2770 2518 2842 sigillatim
2548 2772 2771 2832 dicitur.
2804 2774 2878 2826 ait
2908 2772 3186 2842 August.’,
3224 2770 3382 2823 Pater
3404 2770 3545 2823 Deus

1978 2841 2116 2921 unus
2162 2850 2265 2905 est,
2312 2841 2499 2921 Filius.
2531 2842 2852 2921 l)eus_unus_
2891 2841 3013 2905 est,
3045 2842 3283 2921 Spiritus
3319 2847 3543 2921 sapctus

1980 2913 2121 2965 Deus
2160 2926 2298 2963 unus
2326 2920 2443 2972 est;
2487 2911 2558 2963 ita
2592 2911 2732 2962 etde
2768 2912 2942 2965 tribus
2982 2908 3341 2977 conjunctim,
3386 2908 3546 2960 Pater

1979 2990 2035 3034 ct
2083 2979 2251 3034 Filius
2284 2990 2337 3033 et
2378 2980 2611 3047 Spiritus
2661 2991 2907 3042 sanctus;
2945 2982 3085 3033 Deus
3139 2994 3277 3031 unus
3326 2988 3430 3031 est.
3479 2978 3545 3028 lat

1983 3065 2197 3102 rursum
2232 3067 2245 3103 :
2280 3048 2427 3103 Unus
2462 3058 2545 3101 est
2574 3048 2711 3101 Deus
2742 3049 2904 3102 Pater
2936 3060 2991 3102 et
3024 3048 3192 3102 Filius
3221 3056 3277 3101 ct
3305 3047 3542 3115 Spiritus

1982 3129 2226 3181 Sanctus,
2267 3120 2364 3170 hoc
2394 3128 2477 3171 est
2542 3119 2653 3185 ipsa
2698 3118 2938 3171 Trinitas
2974 3134 3113 3171 unus
3158 3126 3243 3170 est
3283 3118 3445 3180 Deus,
3476 3117 3541 3169 de

1900 3181 1941 3237 (ἶ
1977 3204 2082 3255 quo
2140 3188 2342 3241 dictum
2398 3197 2481 3240 est
2524 3181 2651 3255 quia
2698 3187 2875 3240 nullus
2910 3197 2990 3241 est
3051 3188 3210 3250 Deus,
3246 3188 3347 3239 nisi
3380 3199 3542 3246 unus,

1973 3257 2066 3327 qui
2104 3257 2239 3309 dixit
2272 3275 2283 3310 :
2314 3274 2332 3307 ι
2353 3256 2515 3320 Audi,
2538 3255 2731 3320 tsrael,
2770 3256 3033 3312 Dominus
3062 3257 3203 3311 Deus
3231 3266 3359 3310 tuus
3403 3256 3545 3309 Deus

1975 3343 2110 3380 unus
2144 3336 2243 3381 est.
2278 3346 2296 3378 ι
2852 3366 2855 3369 -

2254 3417 2506 3486 Ejusdem
2549 3418 2917 3471 adnotatione:
2956 3416 3008 3469 in
3045 3432 3162 3497 cup.
3202 3416 3257 3469 5.

2042 3508 2172 3576 Pag.
2227 3509 2353 3563 2'29.
2414 3510 2602 3562 Deme
2651 3510 2786 3560 enim
2838 3511 2929 3561 ille
2982 3508 3208 3574 scripsit.
3263 3505 3540 3576 Christum

1974 3574 2192 3649 Mitys-is,
2228 3590 2281 3632 et
2316 3580 2541 3632 aliorum
2574 3579 2981 3645 prophetarum,
3012 3578 3375 3649 ac-universa:
3408 3574 3543 3649 legis

1978 3646 2138 3701 linem
2176 3648 2395 3703 unicum
2430 3663 2570 3707 esse,
2607 3657 2768 3714 atque
2817 3661 2984 3715 prope
3018 3646 3275 3707 animum,
3308 3648 3541 3712 probant

1974 3727 2052 3769 tot
2107 3719 2175 3769 ab
2237 3718 2611 3785 evangelistis,
2658 3716 2943 3782 aposmlis,
2999 3716 3452 3785 potissimumch
3508 3728 3539 3763 a

1972 3786 2138 3838 Paulo
2181 3781 2704 3840 contra'ludaicam
2737 3781 3039 3837 emcitatem
3095 3793 3149 3836 et
3184 3781 3540 3851 pertinaciam

1972 3857 2204 3908 adducta
2235 3869 2301 3907 ex
2352 3854 2467 3923 lege
2521 3854 2865 3916 testimonia;
2912 3858 2963 3923 in
2997 3852 3098 3904 hoc
3138 3865 3367 3923 quoque
3428 3858 3542 3900 tota

1974 3933 2222 3975 versatur
2250 3920 2510 3990 Stephani
2545 3922 2964 3990 protomartyris
2995 3920 3188 3972 concio
3219 3921 3339 3971 Aet.
3371 3934 3466 3971 vtt.

2042 3990 2298 4045 Credetis.
2338 3985 2411 4045 l'ta
2452 3985 2610 4044 vetus
2644 3985 3071 4051 cmlefortece
3116 3990 3281 4043 etiam
3324 3985 3543 4040 πιστεύ-

1972 4078 2125 4127 σετε;
2163 4062 2429 4115 erasitnus
2468 4079 2485 4110 ε
2512 4061 2753 4113 creditis.
2776 4078 2795 4111 ι

2274 4150 2527 4219 Ejusdem
2559 4150 2926 4203 adnotatione:
2956 4150 3009 4202 in
3038 4163 3153 4215 cap.
3182 4147 3238 4202 4.

2041 4242 2170 4312 Pag.
2197 4241 2323 4312 2:22).
2359 4240 2637 4312 Expositio
2668 4240 2969 4312 parabolw.
3003 4237 3195 4312 Isthmo
3222 4246 3539 4312 argumenta

1971 4327 2078 4366 n0n
2113 4307 2235 4365 csse
2277 4309 2464 4364 lreuaai
2494 4318 2848 4369 censuerunt,
2885 4310 3097 4377 opinor,
3133 4309 3232 4377 viri
3269 4307 3410 4377 docti
3461 4309 3545 4358 in-

1972 4392 2054 4436 ter
2084 4382 2410 4439 Germanos,
2437 4378 2653 4446 quando
2681 4378 2734 4431 in
2769 4376 3060 4431 novissima
3098 4376 3395 4429 Basileensi
3420 4377 3538 4427 edi-

1970 4453 2137 4513 tione,
2189 4452 2274 4505 his
2328 4449 2560 4503 sublatis
2605 4448 2848 4513 (rectene
2921 4462 3065 4500 nunc
3118 4461 3225 4499 non
3275 4446 3541 4512 disputo),

1975 4522 2077 4574 alia
2109 4521 2529 4574 substitucrunt.
2566 4516 2754 4570 Nullus
2781 4531 2935 4586 ergo,
2977 4531 3164 4570 eorum
3207 4516 3437 4577 calculo,
3468 4530 3537 4567 ex

1975 4591 2225 4644 adductis
2251 4588 2428 4642 verbis
2459 4598 2712 4655 tanquam
2744 4585 2928 4640 Irenaei
2972 4585 3319 4655 auctoritate,
3355 4598 3543 4636 narra-

1976 4664 2175 4713 tionem
2214 4661 2353 4711 hanc
2400 4659 2465 4710 dc
2495 4654 2661 4710 divite
2703 4665 2757 4708 et
2808 4656 3035 4717 Lazaro,
3073 4654 3383 4723 parabolam
3423 4665 3543 4705 tau-

1975 4741 2108 4793 tum,
2163 4729 2244 4781 vel
2298 4728 2581 4795 ﬁguratam
2627 4740 2748 4795 esse
2797 4727 3125 4778 lo.uttonem
3160 4725 3539 4777 contirmaret.

1976 4800 2200 4861 Verum,
2235 4794 2362 4851 licet
2400 4798 2487 4849 illa
2523 4810 2645 4848 esse
2681 4794 2867 4848 lrentei
2919 4796 3376 4863 concesserimus,
3404 4808 3538 4863 Anon

1974 4878 2151 4921 tamen
2179 4869 2359 4921 statim
2394 4875 2653 4934 sequetur
2679 4874 2842 4916 totam
2872 4874 3241 4917 narrationem
3270 4861 3542 4929 paraboli-

1972 4953 2088 4992 αλιι]
2120 4947 2175 4991 et
2205 4939 2496 4991 conlictam
2526 4948 2680 4999 esse;
2711 4940 2804 4988 sed
2831 4944 3038 4986 tantum
3066 4935 3243 5000 aliqua
3271 4946 3333 4983 ex
3361 4943 3541 4999 parte,

1971 5010 2060 5059 ubi
2094 5010 2391 5076 prmsertim
2424 5008 2489 5058 de
2526 5005 2734 5071 digitis,
2767 5006 2833 5056 de
2861 5004 3054 5066 oculis,
3088 5005 3155 5054 de
3184 5002 3301 5065 siti,
3328 5011 3383 5052 et
3411 5002 3543 5076 arti-

1972 5070 2167 5130 culaiis
2218 5076 2440 5129 vocibus
2488 5070 2819 5135 animorum,
2873 5087 3052 5125 sermo
3102 5083 3220 5135 est;
3276 5086 3398 5122 cum
3450 5070 3542 5121 hic

1969 5147 2260 5213 Subjungat
2310 5148 2541 5198 lrenteus
2572 5160 2584 5193 :
2616 5142 2774 5195 «Non
2826 5155 3006 5195 autem
3060 5140 3299 5213 fabulam
3359 5140 3544 5213 retuli:

1968 5209 2146 5281 nobis,
2173 5209 2197 5266 ἶ
2232 5224 2366 5278 etc.,
2397 5224 2451 5265 et
2498 5213 2591 5265 lib.
2622 5226 2683 5275 ιι,
2717 5227 2833 5279 cap.
2865 5213 2931 5263 62
2968 5223 3023 5264 et
3053 5212 3139 5273 03,
3189 5212 3315 5281 inde
3345 5209 3544 5276 proba-

1967 5286 2103 5337 verit
2134 5280 2364 5337 aninzas
2422 5297 2521 5336 nec
2570 5283 2727 5343 mori,
2763 5298 2862 5335 nec
2901 5299 2929 5333 a
2977 5295 3209 5348 corpore
3249 5280 3301 5331 in
3338 5292 3542 5345 corpus

1968 5356 2239 5422 transire;
2278 5354 2327 5408 id
2356 5366 2628 5422 nunquam
2658 5353 2859 5418 alioqui
2888 5352 3133 5405 facturus
3157 5366 3221 5422 ex
3256 5351 3547 5416 parabula,

1972 5427 2189 5492 quando
2221 5420 2283 5479 ea
2311 5426 2379 5476 de
2414 5437 2473 5475 re
2504 5420 2793 5492 Gnosticos
2827 5423 3147 5488 frequenter
3178 5420 3538 5492 damnaverit.

1973 5488 2271 5549 l—listoriant
2307 5495 2492 5561 igitur,
2531 5499 2586 5544 et
2631 5490 2710 5544 rei
2750 5491 2879 5543 olim
2919 5499 3080 5559 gesta‘
3118 5488 3446 5555 exemplum,
3478 5501 3542 5537 ac

1973 5567 2368 5630 narrationem,
2398 5562 2549 5615 nobis
2581 5561 2725 5613 ultro
2760 5562 2808 5612 id
2839 5561 3256 5613 concedentibus
3283 5561 3547 5619 t.u'.hero,

1494 5774 1513 5804 '
1569 5772 1687 5827 Lib.
1725 5788 1796 5828 vn
1828 5774 1893 5829 de
1919 5772 2099 5837 Tiiu.,
2132 5788 2249 5843 cap.
2288 5773 2355 5840 .l;
2388 5772 2479 5826 lib.
2515 5787 2571 5827 ut
2602 5781 2789 5828 contra
2828 5770 3134 5836 "nimim,
3165 5768 3331 5823 c.10.
