3970 6378
360 402 380 455 1
392 401 498 457 693

1626 396 1693 453 IN
1732 398 1857 455 LIB.
1896 398 1963 454 ιν
2002 398 2058 455 S.
2096 398 2375 458 ΙΒΕΝᾹΞΙ.

3472 402 3607 459 1696

360 531 554 577 serunt
592 519 1049 586 incarruptibilia,
1082 527 1141 575 ut
1169 518 1374 575 nullum
1414 536 1675 589 unquam,
1712 530 1806 576 aut
1840 538 1927 578 sc-
1955 526 2000 583 Α
2027 515 2391 591 Jerosolyma;
2424 530 2478 575 et
2505 535 2600 573 sua
2632 529 2790 575 aetate
2809 522 2875 576 ab
2902 521 3047 576 Ailio
3079 521 3341 585 Adriano,
3370 519 3602 587 Eliam;

361 605 555 661 nectaa,
604 601 697 644 attt
751 590 1071 658 corruptela:
1109 591 1438 661 praebuerint
1495 602 1923 661 argumentum:

362 660 495 714 nihil
543 663 610 715 de
655 661 846 714 horum
900 660 1259 728 amplitudine
1289 660 1664 725 imminutum,
1699 663 1833 715 nihil
1864 662 1929 716 de

359 740 554 783 ornatu
615 747 677 786 ac
723 732 902 798 specie
933 729 1238 782 detractum
1288 729 1389 793 sit;
1443 731 1586 799 quod
1634 746 1730 785 eos
1764 732 1842 786 sic
1875 732 1927 784 in

362 812 681 868 perpetuum
731 814 1020 853 mansuros
1071 799 1213 869 satis
1247 800 1507 869 ostendit.
1546 800 1930 869 Hmcdeniqtte

362 872 633 923 sententia
670 878 865 937 praeter
898 881 1111 930 omnes.
1146 868 1219 921 uti
1249 868 1500 930 diximus,
1547 868 1927 936 scholasticos,

363 949 690 1008 assertorem
719 939 878 991 habet
903 952 1154 1008 magnum
1178 938 1476 991 antistitem
1497 939 1926 1008 Augustinum”,

363 1006 721 1062 aliirmanlem
759 1008 1002 1061 sidereos
1029 1006 1215 1069 ctelos,
1249 1021 1348 1061 nec
1380 1006 1654 1076 postremo
1678 1006 1930 1065 incendio

365 1079 696 1143 purgandos,
753 1093 853 1131 nec
910 1077 1123 1145 quidem
1175 1079 1244 1129 ab
1297 1076 1420 1145 igne
1465 1076 1926 1145 conﬂagrationis,

363 1142 454 1212 qui
497 1147 690 1200 faciem
727 1142 982 1212 postremi
1024 1142 1230 1199 Judicis
1261 1142 1551 1216 priecedet,
1579 1142 1929 1216 attingendos

365 1229 520 1279 esse;
559 1216 654 1270 sed
687 1231 881 1270 aereos
914 1222 1142 1274 tantum,
1196 1216 1363 1269 idest
1393 1214 1682 1280 elementa,
1722 1214 1839 1284 quae
1875 1218 1928 1270 in

365 1289 539 1340 sacris
590 1286 811 1339 Litteris
842 1300 948 1339 non
1002 1284 1166 1338 semel
1218 1284 1487 1339 caelorum
1515 1287 1740 1340 nomine
1783 1286 1929 1340 desi-

367 1366 623 1423 gnantur.

437 1424 635 1478 Acrius
656 1438 783 1477 vero
802 1423 1024 1478 instanti
1045 1424 1098 1477 iu
1122 1422 1346 1476 alteram
1370 1423 1725 1487 sententiam,
1740 1424 1930 1478 educta

368 1502 687 1560 argumenta
720 1495 787 1548 de
811 1493 963 1548 caelis
992 1494 1220 1546 sidereis
1251 1491 1598 1557 intelligenda
1634 1506 1776 1557 esse,
1808 1509 1929 1546 cum

366 1561 430 1615 B.
484 1562 811 1633 Hieronymo
869 1562 1399 1633 respondetuhnn“,_
1436 1560 1564 1613 illud
1623 1576 1928 1633 senescere,

369 1634 556 1695 atteri,
594 1629 916 1698 liquescere,
959 1629 1199 1693 dissolvi,
1235 1629 1485 1691 transire,
1516 1638 1679 1698 atque
1730 1632 1930 1697 perire,

368 1702 512 1766 quod
551 1703 617 1752 de
645 1702 746 1754 illis
781 1701 999 1762 dicitur,
1034 1715 1138 1753 non
1170 1701 1539 1754 omnimodam‘
1560 1700 1924 1766 perditionem

370 1769 456 1822 vel
484 1771 833 1823 abolitionem
878 1768 1223 1837 signiﬁcare;
1259 1770 1350 1822 sed
1393 1767 1694 1837 mirabilem
1728 1767 1783 1820 in
1816 1782 1931 1821 me-

2031 594 2195 660 epist.
2229 582 2294 645 ad
2331 582 2653 653 Marcellam,
2691 594 2757 645 ad
2786 592 3143 654 Eustocb.,ad
3181 582 3519 657 Dardanum,
3553 582 3607 646 et

2032 662 2128 717 lib.
2164 663 2239 716 De
2266 662 2395 715 locis
2433 660 2726 714 Hebraicis.

2102 732 2544 802 Legisdationem.
2577 729 2888 788 Delevimns
2923 748 2941 779 ι
2967 729 3360 798 legisdationis,
3386 748 3405 783 ι
3453 740 3602 785 auct.

2030 812 2143 857 vet.
2176 803 2303 857 cod.
3092 808 3097 815 '

2105 870 2299 926 Omnia
2327 877 2465 930 enim
2495 888 2759 931 mensura.
2790 870 3158 925 Datnascenns
3181 868 3277 924 lib.
3311 885 3325 923 I
3356 868 3603 925 Paralle-

2032 941 2253 1015 lorum.,
2306 961 2425 1015 cap.
2480 947 2536 1009 2,
2585 946 2698 998 haec
2734 939 3055 1015 n_omina_tim
3092 951 3157 990 ex
3195 938 3602 1015 lrenazocitat:

2030 1024 2152 1078 quae
2182 1007 2454 1080 (quoniam
2488 1007 2595 1069 non
2636 1011 2910 1081 potuimus
2941 1007 3131 1081 Graeca
3170 1008 3457 1081 consequi)
3498 1008 3603 1062 La-

2035 1077 2149 1151 tina
2192 1077 2268 1134 ex
2328 1077 2746 1151 interprete-sic
2798 1077 3120 1151 appoujtuus
3156 1093 3169 1127 :
3207 1095 3225 1127 ι
3252 1078 3390 1130 Deus
3454 1088 3605 1151 certo

2033 1150 2197 1202 modo
2221 1148 2391 1220 atque
2438 1145 2630 1207 ordine
2678 1145 2879 1204 cuncta
2908 1145 3100 1209 eﬂ‘tcit;
3148 1161 3420 1220 nunquam
3464 1150 3602 1215 apud

2031 1232 2158 1291 euut
2186 1216 2478 1291 quidquam
2524 1234 2778 1275 mensura
2802 1225 2987 1279 caret;
3021 1216 3452 1282 quandoquidem
3502 1233 3605 1270 nec

2034 1287 2575 1358 quidquamnumeri
2607 1297 2928 1358 expersAest.
2959 1303 2978 1358 ρ

2106 1352 2333 1412 Ιὲιίνειιιε
2358 1352 2756 1413 custodiarium.
2799 1354 2989 1426 Graeci;
3011 1353 3213 1426 habent
3249 1352 3605 1426 ὀπωροφυλὰο

2033 1441 2172 1496 χιον,
2218 1428 2270 1481 id
2316 1439 2399 1481 est
2452 1424 3052 1496 pomorutnAcustodja.
3107 1423 3412 1496 Cyprianus
3454 1424 3601 1496 lib.t

2036 1495 2294 1550 Adversus
2334 1490 2551 1551 Judieos
2588 1511 2707 1564 cap.
2739 1493 2792 1557 6,
2822 1508 2943 1564 eum
2971 1490 3174 1564 lrenalo
3204 1492 3334 1559 legit
3360 1510 3374 1545 :
3406 1511 3425 1543 ‹
3448 1493 3606 1564 Sicut

2033 1577 2157 1615 casa
2180 1565 2231 1616 iu
2253 1567 2432 1627 vinea,
2455 1578 2508 1618 et
2530 1562 2669 1620 sicut
2689 1562 3078 1616 custodiarium
3104 1563 3156 1615 in
3171 1563 3563 1615 cucumerario.
3579 1582 3598 1614 ι

2108 1630 2549 1702 Quandoquidem
2583 1642 2633 1686 et
2658 1633 2883 1702 ﬁguram
2916 1632 3119 1683 mundi.
3153 1631 3352 1702 Eodem
3389 1646 3453 1683 ac
3491 1630 3604 1685 fere

2035 1701 2149 1767 pari
2198 1699 2446 1771 exemplo
2498 1699 2669 1758 utitur
2703 1699 2780 1753 Β.
2816 1700 3011 1771 Petrus
3058 1700 3213 1771 apud
3243 1699 3603 1771 Clementem,

2036 1769 2371 1841 contendens
2408 1774 2608 1841 pariter
2672 1771 2851 1824 mundi
2905 1769 3134 1841 ﬁguram
3167 1769 3460 1837 aliquando
3488 1769 3607 1822 dis-

370 1838 563 1891 liorem
591 1849 648 1893 et
680 1836 1099 1906 splendidiorem
1144 1848 1347 1906 statum
1379 1836 1936 1906 designarencommu-
1967 1845 2011 1902 Β
2039 1838 2372 1894 solvendam.
2409 1836 2449 1891 ἰ
2473 1842 2702 1895 Necesse
2758 1848 2870 1905 est,
2923 1836 3036 1900 ait,
3090 1836 3283 1891 testam
3333 1853 3604 1901 ovorum,

370 1907 659 1973 tationem,
693 1896 757 1961 de
788 1924 890 1976 qua
921 1907 1084 1976 Isaias
1110 1907 1189 1959 ait
1220 1925 1233 1959 :
1267 1925 1285 1957 ι
1311 1904 1461 1976 Luna
1483 1896 1715 1976 fulgebit
1742 1915 1799 1958 ttt
1832 1908 1933 1969 sol,

371 1986 430 2030 et
478 1976 557 2030 sol
608 1973 911 2045 septupluut
962 1975 1144 2045 lumen
1193 1974 1424 2045 accipiet
1447 1974 1555 2029 ".1
1598 1973 1937 2045 Paulumque

373 2056 523 2099 recte
559 2042 785 2109 dixisse,
843 2064 862 2097 ι
890 2044 1170 2112 ρταιιθτίιιθ
1218 2042 1442 2113 ﬁguram
1491 2042 1755 2113 mpndi',‘;
1786 2062 1815 2094 ι.
1842 2046 1937 2098 sed

375 2128 483 2167 non
514 2109 903 2168 substantiam;
933 2114 1170 2180 Denique
1200 2109 1418 2167 Petrum
1452 2120 1507 2165 et
1535 2109 1794 2165 Joannem
1829 2128 1934 2166 non

376 2186 756 2251 repromittere
805 2185 941 2236 alios
984 2184 1173 2241 caelos.
1229 2193 1319 2234 aut
1368 2181 1533 2235 aliam
1576 2190 1808 2246 terram,
1842 2183 1937 2237 sed

372 2261 584 2321 veteres
609 2254 719 2321 jam
755 2262 1037 2306 renovatus
1068 2261 1129 2321 et
1152 2260 1536 2321 comututalos.

444 2320 513 2374 In
548 2318 824 2374 centesimo
860 2321 1053 2389 primo.
1099 2319 1234 2385 Quia
1284 2318 1492 2373 Hebraei
1542 2319 1812 2389 psalmum
1842 2336 1933 2375 no-

371 2403 500 2442 num
534 2391 586 2443 in
622 2391 755 2445 duos
788 2387 1122 2456 partiuntur,
1155 2392 1199 2441 is
1226 2390 1316 2457 qui
1348 2404 1490 2442 nunc
1519 2388 1585 2441 ab
1617 2387 1818 2443 Irenato
1845 2392 1939 2443 ad-

373 2457 614 2522 ducitur,
647 2459 788 2526 apud
817 2474 913 2513 eos
944 2458 1281 2513 centesimus
1306 2460 1578 2512 secundus
1607 2468 1708 2521 est,
1733 2458 1937 2514 Graecis

373 2540 503 2579 vero
532 2530 860 2582 centesimus
894 2527 1120 2596 primus.

445 2597 577 2660 Qum
601 2594 934 2662 prwtereunt.
961 2594 1038 2648 lta
1068 2596 1189 2651 cod.
1218 2605 1326 2651 vet.
1362 2596 1576 2664 Excusi,
1611 2611 1774 2664 equa:
1797 2612 1937 2666 prat-

372 2670 658 2721 terierunt.
686 2686 711 2717 ι

681 2735 934 2804 Ejusdem
966 2735 1332 2790 adnotatione:
1360 2735 1412 2788 in
1440 2750 1553 2802 cap.
1583 2737 1636 2789 7.

446 2805 578 2873 Pag.
608 2803 734 2859 251.
768 2803 944 2868 Quare
984 2805 1252 2858 derelicta.
1294 2805 1636 2858 Auctoritate
1673 2814 1783 2859 vet.
1815 2805 1936 2860 cod.

371 2877 760 2941 expunxituus,
798 2893 817 2925 ι
850 2874 1114 2937 relictam
1152 2881 1209 2926 et
1233 2873 1374 2941 quod
1418 2889 1521 2926 non
1571 2875 1706 2928 satis
1752 2874 1936 2927 lrenati

372 2943 991 3022 mentem-etiprimeret,
1029 2942 1361 3022 quippeq‘ui
1399 2942 1500 2996 hoc
1529 2945 1710 3022 capite
1741 2942 1942 3022 contir-

371 3021 515 3076 met,
556 3012 687 3065 nihil
721 3013 918 3065 divina:
970 3012 1313 3081 amplitudini
1349 3026 1411 3081 ac
1443 3012 1712 3081 majestati
1744 3014 1939 3081 deces-

371 3081 536 3147 sisse,
568 3095 630 3133 ex
669 3096 734 3135 eo
760 3081 900 3149 quod
956 3079 1254 3135 Jerusalem
1290 3079 1654 3134 subvertenda
1686 3095 1713 3132 a
1739 3079 1939 3134 Roma-

2039 1910 2289 1977 quamvis
2334 1912 2560 1977 pulchre
2592 1916 2647 1961 et
2700 1908 2993 1977 diligenter
3041 1906 3275 1960 formata
3317 1908 3602 1977 ivideatttr,

2039 1975 2234 2045 frangi,
2266 1975 2472 2032 ntinde
2516 1978 2691 2047 pullus
2722 1975 3013 2044 procedat;
3042 1978 3111 2030 ita
3153 1985 3207 2030 et
3238 1976 3394 2047 hujus
3422 1978 3605 2047 mundi

2040 2060 2262 2099 necesse
2293 2058 2377 2101 est
2423 2045 2657 2100 transire
2701 2057 2956 2106 statuam,
2994 2056 3050 2097 ut
3092 2054 3265 2099 status
3306 2045 3396 2099 ille
3436 2046 3609 2099 subli-

2042 2115 2185 2168 mior
2217 2118 2363 2186 regni
2390 2117 2632 2169 cmlestis
2661 2114 3001 2186 ell‘ulgeat".

2323 2185 2578 2254 Ejusdem
2617 2185 2984 2254 adnotationes
3024 2184 3077 2236 in
3100 2199 3229 2254 _cap.
3270 2184 3325 2238 9.

2112 2252 2238 2320 Pag.
2273 2252 2399 2308 ΞΜ.
2440 2254 2676 2307 Joannes
2723 2253 3041 2319 baptizator.
3093 2252 3185 2305 Sic
3218 2252 3464 2305 eumdem
3496 2254 3606 2307 fre-

2041 2319 2269 2384 quenter
2294 2323 2540 2376 nominat
2566 2321 2933 2375 Tertullianus
2967 2320 3063 2375 lib.
3097 2319 3174 2375 De
3200 2324 3406 2385 anima,
3430 2332 3485 2375 et
3509 2323 3605 2377 lib.

2040 2388 2237 2442 Contra
2272 2392 2404 2448 Jud.

2112 2458 2178 2510 Et
2203 2460 2459 2514 animalia
2485 2460 2902 2514 irrationabilia.
2927 2459 3047 2514 Vet.
3075 2459 3220 2522 εδει..
3256 2478 3275 2510 ι
3296 2459 3607 2514 inanimalia

2040 2536 2092 2580 et
2124 2529 2539 2592 irrationabilia,
2561 2548 2579 2579 ι
2613 2530 2763 2592 quod
2787 2540 2994 2582 tantum
3030 2529 3276 2582 indicare
3302 2530 3474 2581 visunt
3502 2542 3609 2585 est.

2124 2545 2539 2592 trrattouautna,
2561 2548 2579 2579 ι
2653 2545 2763 2582 noue
2787 2545 2994 2582 tantum
3030 2545 3276 2582 inatcare
3302 2545 3474 2581 VISIIIII
3502 2545 3605 2585 est.

2114 2595 2264 2651 Liber
2289 2600 2342 2651 in
2372 2600 2588 2651 arbitrio
2611 2545 2804 2665 Pactus.
2833 2596 3057 2651 Referre
3083 2599 3197 2653 haec
3230 2601 3296 2651 ad
3330 2599 3605 2653 hominem

2041 2666 2302 2720 duntaxat
2333 2677 2460 2721 ante
2485 2667 2720 2737 lapsum,
2751 2666 3231 2737 impudentiteest,
3263 2681 3426 2737 quam
3462 2667 3610 2737 large

2042 2747 2343 2805 coarguunt
2379 2752 2498 2805 quae
2542 2735 2768 2789 inferius
2808 2735 3075 2789 habentur
3108 2735 3233 2789 libri
3277 2736 3437 2804 hujus
3484 2735 3605 2803 cap.

2039 2803 2127 2865 Q9,
2157 2804 2246 2867 70,
2283 2806 2342 2860 7i
2382 2803 2435 2860 et
2467 2804 2558 2859 7‘2.
2587 2806 2666 2858 Ad
2715 2806 2957 2863 actiones
2993 2814 3247 2859 externas
3274 2817 3330 2859 et
3354 2803 3613 2873 politicas

2042 2874 2201 2927 modo
2229 2875 2489 2942 dirigere,
2525 2875 3079 2938 impudentisstmum;
3103 2888 3226 2928 cum
3260 2876 3326 2928 de
3356 2875 3439 2929 his
3470 2890 3611 2942 pra:-

2042 2945 2202 3009 cipne
2236 2943 2509 3012 loquatur,
2541 2958 2659 3011 quae
2690 2959 2872 2997 coram
2905 2942 3015 2996 Deo
3041 2954 3133 2996 aut
3154 2942 3489 2996 frumentum
3517 2953 3612 2999 aut

2042 3012 2278 3084 paleam.
2307 3013 2363 3067 id.
2390 3024 2474 3084 est
2507 3026 2672 3080 regno
2719 3013 2811 3067 Dei
2844 3012 2927 3084 vel
2971 3012 3218 3084 geheuua
3270 3027 3368 3066 nos
3413 3013 3607 3084 dignos

2042 3083 2400 3135 constituunt.
2446 3081 2499 3136 lu
2547 3084 2634 3135 his
2668 3091 2849 3135 autem
2898 3081 3172 3137 hominem
3208 3083 3436 3136 liberum
3464 3081 3606 3149 esse,

372 3150 478 3225 his,
508 3151 737 3225 aliisque
784 3150 1038 3225 gentibus
1065 3149 1461 3225 derelictansit,
1491 3149 1643 3217 prius
1681 3149 1939 3225 absolutis
1966 3167 2008 3225 ρ
2044 3150 2184 3225 ειώεοΔ
2207 3166 2435 3225 concors
2479 3162 2535 3205 et
2580 3152 2855 3225 unanimis
2884 3160 2967 3225 est
3017 3150 3241 3225 Patrum
3280 3166 3409 3225 cunt
3452 3152 3606 3206 Scriq

371 3217 426 3271 lu
448 3233 508 3271 ea
538 3217 1204 3289 hunianat'redemptionis
1227 3218 1608 3289 perChristum
1636 3219 1931 3289 mysteriis.

441 3289 627 3341 Adhuc
666 3300 711 3340 et
759 3288 823 3341 de
867 3285 1184 3341 Jerusalem.
1221 3285 1613 3355 Jerosolymam
1647 3285 1799 3355 quasi
1836 3290 1937 3341 do-

367 3368 516 3407 mum
536 3357 937 3426 DeiEbiouitas
968 3358 1232 3411 adorasse
1261 3355 1445 3409 retulit
1484 3355 1575 3409 lib.
1613 3372 1654 3419 ι,
1683 3372 1803 3426 cap.
1839 3355 1931 3411 26.

372 3426 478 3480 Sed
515 3427 567 3478 in
598 3425 939 3479 Marcionitas
972 3441 1097 3479 eum
1129 3426 1231 3479 hoc
1257 3426 1435 3492 capite
1472 3425 1933 3494 diSputare'puto,

372 3495 465 3562 qui
502 3496 583 3547 vel
619 3496 785 3563 ipsam
818 3496 868 3547 iu
903 3505 1218 3563 perpetuum
1248 3505 1513 3547 Staturam
1546 3510 1685 3559 esse,
1716 3498 1794 3548 vel
1823 3497 1935 3548 veri

372 3564 467 3618 Dei
527 3565 748 3617 domum
807 3562 1082 3631 nunquam
1132 3562 1307 3632 fuisse
1368 3562 1652 3628 volebant;
1706 3578 1935 3632 quorum

369 3642 658 3701 utrumque
690 3630 981 3686 absurdum
1009 3643 1110 3686 est.
1129 3630 1260 3684 Nam
1293 3632 1534 3686 horribili
1566 3630 1934 3687 clade—eversa

371 3711 453 3755 est
482 3703 585 3755 sub
632 3702 776 3767 Tito,
828 3716 1125 3769 rursusque
1152 3701 1249 3754 sub
1280 3702 1538 3768 Adriano,
1571 3712 1937 3757 transrnutato

367 3772 534 3824 etiam
578 3770 747 3825 veteri
795 3772 1044 3835 nomine,
1081 3779 1138 3823 ut
1168 3782 1412 3823 exstaret
1441 3771 1752 3839 exetnplum
1790 3786 1936 3826 com-

368 3840 637 3906 pletarum
702 3840 1081 3893 universarum
1138 3840 1583 3908 prephetiarum,
1630 3851 1685 3893 et
1735 3841 1934 3895 Christi

368 3910 624 3973 exhibiti,
644 3909 923 3978 punitique
942 3909 1179 3969 deicidii,
1202 3918 1255 3960 et
1288 3922 1509 3978 regnum
1532 3910 1621 3962 Dei
1654 3909 1719 3961 ad
1745 3922 1935 3975 gentes

369 3977 688 4031 translatum
768 3992 935 4041 esse,
1000 3986 1360 4045 compareret.
1422 3977 1546 4031 Htec
1605 3978 1937 4046 amplissime

368 4054 575 4113 tractat
601 4046 967 4102 Tertullianus
1013 4047 1224 4099 duobus
1255 4046 1504 4113 capitulis
1550 4046 1644 4100 lib.
1674 4047 1936 4098 Adversus

364 4112 607 4169 htdwos.
646 4115 765 4169 Veri
799 4126 979 4169 autem
1015 4115 1105 4169 Dei
1139 4112 1412 4167 civitatem
1464 4126 1733 4178 sanctam,
1765 4116 1938 4168 hane-

364 4184 612 4255 ditatem,
648 4193 701 4237 et
734 4187 889 4255 quasi
940 4186 1210 4255 peculium
1258 4184 1701 4255 fuisse,_pi-0pter
1734 4186 1929 4250 legem,

363 4254 728 4324 Sacerdotium
751 4252 830 4308 “et
882 4252 1272 4324 protttissiones
1316 4253 1381 4307 de
1420 4252 1636 4319 Messio,
1679 4268 1747 4307 ex
1787 4256 1935 4307 Scri-

362 4324 538 4388 pturis
567 4323 901 4391 exploratum
938 4338 1002 4376 ac
1031 4332 1237 4377 certutn
1267 4331 1373 4391 est.

438 4390 894 4454 Quemadmodum
930 4392 1106 4447 Isaias
1138 4392 1233 4444 ait.
1276 4390 1400 4446 Haec
1428 4392 1493 4444 ad
1525 4391 1746 4446 verbum
1783 4400 1936 4444 tran-

363 4462 584 4528 scripsit
614 4461 989 4543 'l'heodoretus
1026 4462 1239 4543 dialogo
1256 4462 1312 4524 2,
1339 4475 1509 4543 usque
1533 4463 1596 4543 ad
1623 4462 1673 4515 id
1701 4480 1730 4543 :_
1750 4477 1937 4531 t-qute-
1965 4484 2013 4543 ο

363 4543 579 4599 euuque
608 4533 754 4583 enim
786 4531 1084 4598 temporale
1125 4532 1337 4584 iuitiuttt
1368 4533 1594 4591 habent,
1618 4549 1637 4583 ι
1684 4541 1792 4586 etc.

671 4599 925 4668 Ejusdem
950 4601 1317 4654 adnotatione:
1344 4602 1396 4652 in
1424 4616 1542 4667 cap.
1575 4601 1629 4656 8.

434 4667 565 4737 Pag.
599 4667 727 4723 25!.
761 4669 825 4721 ln
862 4668 1070 4722 Joanne
1109 4670 1315 4739 desipit.
1359 4671 1785 4723 Accoutntodato
1818 4669 1935 4739 cpi»

363 4738 516 4791 theta
550 4739 927 4793 Tertullianus.
950 4750 1109 4793 vocat
1166 4737 1501 4801 cloattttent,’
1546 4739 1770 4793 limitem
1801 4737 1935 4793 cun-

360 4810 613 4876 stitutum
650 4809 792 4861 inter
826 4818 1007 4862 vetera
1045 4820 1100 4861 et
1152 4824 1316 4871 nova,
1347 4810 1412 4860 ad
1452 4823 1613 4876 quem
1662 4808 1937 4863 desineret

357 4875 697 4947 Judaismus,
752 4887 807 4930 et
836 4893 865 4930 a
897 4892 1001 4945 quo
1041 4878 1312 4947 inciperet
1352 4878 1877 4947 Christianismus".
1912 4897 1931 4930 ι

432 4946 699 5001 lnchoam
738 4964 769 4999 a
802 4947 992 4998 David.
1036 4946 1249 5001 Primus
1298 4947 1467 5000 David
1510 4946 1773 5001 Jehusaiis
1828 4963 1929 5001 ex-

361 5016 531 5086 pulsis
557 5019 697 5071 banc
723 5018 912 5069 urbem
938 5015 1325 5086 Jerosolymam
1352 5018 1681 5086 nuncupavit
1711 5033 1725 5069 :
1756 5033 1774 5066 t
1797 5017 1926 5070 Nam

360 5086 461 5138 sub
500 5086 816 5143 Ahrahamo
866 5097 1090 5153 parente
1137 5099 1346 5151 nostro,
1372 5088 1520 5139 Lait
1568 5086 1830 5153 Josephus
1855 5102 1926 5139 vn

358 5154 643 5222 Antiquit.,
664 5154 853 5222 cap.3,
876 5174 894 5206 ι
923 5156 1138 5225 Solyma
1153 5157 1460 5208 vocabatur.
1488 5172 1610 5206 t—t
1638 5156 1781 5207 lllant
1804 5171 1930 5209 vero

360 5228 631 5290 quondam
657 5226 1084 5277 (jltananaeurunt
1106 5226 1323 5291 quidam
1346 5236 1538 5291 potens
1551 5225 1921 5288 condiderat,»

360 5294 555 5346 scribit
581 5291 993 5360 llegesippus”,
1027 5310 1045 5343 t
1089 5296 1178 5361 qui
1212 5297 1665 5360 patrioserntone
1704 5292 1926 5348 Melchi-

359 5363 577 5425 sedech,
616 5364 694 5435 “id
746 5375 829 5416 est
873 5380 967 5415 rea:
1005 5365 1201 5430 justus.
1241 5366 1555 5416 vocabatur.
1598 5382 1616 5413 υ
1669 5363 1931 5435 Hierony-

360 5446 482 5502 uttts
511 5434 672 5484 tradit
703 5446 823 5484 eaut
858 5437 1044 5486 urbem
1074 5445 1307 5502 quatuor
1338 5435 1651 5487 nominibus
1676 5434 1925 5486 vocatam

356 5500 528 5554 fuisse
556 5518 569 5554 :
597 5502 776 5571 primo
808 5502 1023 5569 quidem
1051 5500 1249 5568 Jebus;
1278 5503 1472 5556 deinde
1495 5503 1706 5568 Solem;
1742 5513 1925 5571 postea

430 5708 476 5747 ⁸³
527 5708 643 5761 Lib.
696 5725 767 5763 xx
812 5709 996 5773 Civit.,
1038 5726 1157 5777 cap.
1204 5709 1294 5764 ει.
1363 5711 1407 5743 ’⁵
1462 5710 1577 5765 Lib.
1628 5727 1757 5765 xvttt
1812 5710 1961 5769 Com.
2024 5712 2074 5765 in
2124 5711 2337 5768 lsaiam.

368 5776 412 5811 ⁸⁷
438 5776 556 5837 Lib.
595 5796 647 5837 tv
673 5793 863 5836 contra
892 5776 1239 5839 hiatu-tonent.
1314 5784 1358 5813 ¹¹¹
1388 5780 1503 5835 Lib.
1539 5796 1588 5851 v,
1620 5796 1738 5854 cap.
1773 5782 1825 5838 9.

1903 5783 1946 5815 '9
1978 5782 2093 5839 Lib.
2136 5798 2194 5838 tn
2237 5784 2436 5854 [tet-eg.

2045 3220 2217 3290 ptttris
2271 3222 2557 3290 utriusque
2604 3218 3290 3290 [instrumentisententia,
3348 3220 3608 3276 adversus

2040 3287 2278 3342 Simonis
2307 3287 2482 3356 Magi,
2506 3288 2818 3351 Marcionis,
2858 3297 2912 3342 et
2944 3288 3223 3343 Manicbmi
3265 3288 3501 3353 furores,
3550 3300 3610 3346 ut

2042 3371 2294 3427 magnum
2335 3364 2601 3427 appareat
2636 3359 2978 3411 mendacium
3018 3357 3261 3421 Lutlteri,
3288 3359 3521 3414 dicentis
3553 3362 3607 3415 in

2052 3423 2257 3495 Colloq.
2292 3423 2418 3496 pag.
2464 3428 2552 3487 42,
2603 3441 2836 3496 «nomen
2882 3427 3033 3480 liberi
3069 3427 3279 3481 arbitrii
3327 3429 3611 3485 odiosissi»

2040 3508 2183 3567 ntutn
2214 3495 2382 3567 t‘uiSSe
2409 3498 2659 3551 omnibus
2686 3495 2964 3567 Patrihus.
2988 3513 3008 3567 ξ
3041 3496 3240 3567 Contra
3269 3499 3412 3567 quod
3443 3501 3609 3555 disci-

2038 3563 2149 3631 puli
2199 3565 2314 3631 ejus
2342 3567 2756 3638 Centuriatores
2805 3565 3052 3638 Magdeb.
3104 3563 3607 3638 faleri'cogttntur,

2040 3648 2143 3685 nou
2174 3643 2405 3706 tantum
2454 3635 2612 3703 primi
2657 3634 2869 3706 saiculi,
2919 3648 3106 3706 verum
3155 3647 3209 3706 et
3268 3634 3608 3706 sequentium

2037 3704 2280 3757 euntium
2315 3707 2570 3758 doctores
2603 3704 2940 3757 orthodoxos
2978 3704 3117 3758 hanc
3149 3704 3454 3761 doctrinam
3487 3722 3610 3760 am-

2038 3771 2278 3836 plexatus
2309 3789 2430 3826 esse
2459 3791 2471 3825 :
2501 3788 2529 3825 a
2563 3787 2792 3838 quorum
2824 3774 3320 3842 tantenureligione,
3350 3792 3458 3829 non
3491 3778 3609 3829 sine

2039 3842 2287 3893 horribili
2313 3843 2555 3895 caecitate
2581 3850 2634 3894 et
2658 3840 3346 3910 gravissimoDeijitdicio,
3377 3847 3608 3898 deﬁcere

2038 3923 2142 3977 nou
2185 3920 2466 3974 verentur,
2494 3920 2552 3961 ut
2581 3911 2632 3962 in
2664 3918 2842 3961 castra
2875 3909 3161 3977 impiorum
3193 3920 3492 3966 transeant.

2110 3976 2214 4052 Sed
2244 3979 2431 4032 Irena-i
2458 3979 2783 4052 catholicam
2800 3976 3307 4052 _|_taucsententiam
3334 3984 3610 4052 explicent

2037 4047 2470 4114 conlirmentque
2506 4048 2710 4101 similes
2762 4046 2969 4113 aliquot
3023 4048 3246 4103 Patrum
3298 4046 3606 4109 sententiae.

2038 4113 2356 4187 Tertulliani
2386 4113 2628 4185 primum
2658 4118 2823 4169 verba
2871 4117 2985 4169 hmo
3025 4129 3146 4171 sunt
3168 4119 3213 4151 ’°
3244 4140 3256 4175 :
3289 4141 3305 4171 ι
3332 4122 3605 4187 Liberum,

2036 4183 2178 4253 etsui
2214 4183 2448 4249 arbitrii,
2477 4196 2530 4238 et
2559 4202 2669 4239 sua:
2700 4188 3004 4253 potestatis,
3034 4188 3251 4243 invenio
3275 4192 3548 4244 hominem
3576 4183 3604 4243 εἰ

2036 4252 2148 4325 Deo
2184 4255 2507 4325 institutum,
2549 4252 2750 4307 nullam
2783 4257 2954 4324 magis
2988 4258 3276 4325 imaginem
3321 4270 3375 4313 et
3416 4261 3608 4313 similiv-

2039 4323 2278 4398 tudinetu
2318 4324 2407 4378 Dei
2444 4324 2497 4376 itt
2530 4325 2628 4398 illo
2649 4323 3121 4398 animadvertetis,
3149 4343 3311 4398 quam
3339 4329 3603 4398 ejusmodi

2038 4399 2225 4466 status.
2253 4393 2549 4466 fot'tttatn.i
2593 4395 2655 4447 Et
2688 4393 2847 4466 paulo
2888 4406 3050 4462 post:
3091 4413 3109 4446 t
3140 4393 3435 4466 Oportebat
3471 4398 3608 4452 inta-

2042 4462 2220 4529 ginem
2266 4475 2321 4515 et
2368 4463 2779 4516 similitudinem
2834 4464 2946 4528 Dei,
2981 4465 3135 4519 liberi
3172 4462 3381 4521 arbitrii
3408 4477 3461 4521 et
3495 4482 3606 4522 sua:

2046 4533 2332 4652 potestatis
2361 4531 2597 4595 institui,
2626 4538 2678 4585 in
2704 4548 2805 4600 qua
2837 4533 2939 4585 hoc
2966 4535 3139 4603 ipsum
3169 4538 3344 4605 imago
3368 4547 3422 4589 et
3453 4537 3607 4606 sitni-

2066 4601 2212 4652 itudo
2248 4602 2337 4652 Dei
2382 4603 2753 4652 denutaretur.
2799 4604 3010 4652 arbitrii
3058 4606 3271 4652 scilicet
3304 4608 3526 4652 libertas.
3553 4615 3607 4652 el.

2066 4601 2212 4653 itudo
2248 4602 2337 4655 Dei
2382 4603 2753 4669 deputaretur,
2799 4601 3010 4657 arbitrii
3058 4601 3526 4660 scilicetvlibertas
3553 4615 3608 4660 et

2046 4680 2307 4748 petestas.
2332 4688 2349 4721 ι
2386 4671 2451 4723 Ει
2483 4673 2673 4748 iterum
2710 4690 2723 4725 :
2755 4690 2777 4748 t_
2796 4671 2902 4725 Nec
2938 4674 3062 4748 boni
3106 4690 3205 4729 nec
3236 4675 3358 4729 mali
3383 4690 3606 4748 merces

2040 4742 2188 4806 juste
2227 4752 2523 4808 pensantur
2578 4742 2649 4805 ei,
2687 4743 2777 4809 qui
2814 4752 2907 4793 aut
2959 4746 3131 4797 bonus
3162 4755 3254 4797 aut
3292 4745 3465 4798 tnalus
3507 4762 3605 4799 ne-

2044 4810 2311 4863 cessitate
2345 4810 2534 4863 fuisset
2567 4815 2839 4875 inventus,
2875 4826 2981 4866 non
3014 4814 3308 4867 voluntate.
3338 4832 3356 4863 ι

2115 4878 2168 4931 lu
2218 4881 2393 4951 prima
2449 4881 2706 4951 editione,
2769 4882 2856 4933 hic
2909 4884 3319 4951 signaveramus
3357 4884 3604 4935 eumdem

2041 4950 2432 5005 Tertulliauum
2496 4949 2707 5003 arbitrii
2784 4949 2967 5004 nostri
3021 4953 3326 5005 libertatem
3388 4967 3602 5005 rursum

2033 5018 2360 5091 cattlirtttat'e
2400 5019 2452 5071 itt
2492 5020 2843 5091 Apologetico,
2874 5020 3168 5091 lwlib.
3193 5023 3269 5073 Ad
3299 5020 3605 5087 Scapulam,

2034 5090 2128 5145 lib.
2146 5089 2218 5157 D_e
2234 5088 2595 5140 exhortatione
2607 5095 2672 5140 ad
2706 5088 3022 5152 castitatem,
3045 5090 3219 5143 lib.De
3249 5094 3603 5157 monogamia,

2033 5160 2129 5213 lib.
2167 5155 2243 5209 De
2266 5158 2539 5222 patientia,
2584 5168 2637 5211 et
2686 5157 2776 5210 lib.
2829 5160 2903 5211 De
2940 5175 3096 5212 conte
3130 5160 3348 5222 Christi,
3377 5155 3506 5223 εἶα,
3551 5169 3607 5211 at

2034 5242 2161 5282 vero
2191 5226 2288 5280 hos
2321 5227 2466 5280 locos
2499 5242 2557 5280 se
2599 5243 2703 5280 nou
2742 5229 2976 5296 potuisse
3008 5230 3249 5281 invenire
3294 5229 3473 5281 scribit
3508 5229 3608 5285 Pa:

2033 5299 2243 5361 melius,
2286 5306 2409 5349 nota
2468 5297 2537 5349 52
2582 5298 2633 5350 in
2679 5299 2978 5351 secundum
3020 5298 3144 5351 libr.
3196 5297 3420 5351 Tertull.
3472 5299 3603 5351 Adv.

2035 5367 2185 5419 Marc
2216 5405 2231 5429 ,
2266 5368 2403 5419 hanc
2450 5376 2715 5435 nostranr
2739 5368 3070 5432 citationem,
3101 5378 3359 5435 quantum
3400 5367 3601 5434 judico,

2032 5438 2351 5489 subnotans.
2386 5434 2491 5488 Sed
2524 5452 2644 5489 cum
2678 5434 2902 5489 Tertull.
2941 5434 3155 5505 Apolog.
3182 5453 3299 5505 cap.
3325 5437 3394 5491 23
3425 5446 3607 5505 aperte

2031 5507 2238 5570 SLI'lDll,
2262 5507 2422 5558 etiam
2452 5524 2469 5557 ι
2502 5507 2554 5559 iit
2584 5507 3050 5560 cacoihentonibus
3068 5516 3386 5575 potestatem
3415 5508 3479 5558 de
3509 5521 3606 5561 suo

2413 5716 2457 5746 ’⁵
2504 5713 2603 5767 lsa.
2654 5729 2779 5775 xxx,
2829 5712 2921 5768 26.
3022 5712 3068 5743 ⁸⁸
3118 5710 3137 5765 l
3190 5710 3315 5769 Cor.
3373 5726 3468 5777 vn,
3514 5709 3606 5773 31..

2514 5786 2556 5816 ³ο
2587 5785 2705 5840 Lib.
2758 5800 2792 5839 ιι
2835 5793 3020 5840 contra
3056 5782 3219 5840 Mare.
