3970 6378
343 345 481 399 liii}?

1568 354 1635 408 IN
1668 355 1793 409 Llll.
1836 355 1903 409 ιν
1946 355 2002 410 S.
2045 356 2320 415 lltENAﬂl.

3455 377 3592 432 £698

338 478 629 531 stamcnto,
678 477 734 522 et
783 470 1059 548 Christum
1108 471 1292 548 misit,
1356 482 1413 527 et
1454 474 1906 527 resurrectionem
1938 472 1984 528 A
2014 476 2115 548 mis
2154 476 2272 531 aliis
2302 477 2453 540 locis,
2487 487 2545 531 ut
2580 481 2777 547 passim
2810 481 3185 548 observamus,
3218 485 3379 539 etiam
3412 490 3595 545 chari-

338 549 675 599 mortuornm
704 542 943 594 omnium
971 550 1049 592 est
1079 542 1367 603 pollicitus.

412 614 589 678 Quare
612 629 713 665 non
750 610 942 663 adoras
972 610 1105 666 Bel?
1139 611 1259 665 llznc
1285 612 1550 665 habentur
1578 628 1623 664 c.
1657 613 1743 674 Η,
1772 630 1822 666 v.
1852 616 1906 675 5,

340 682 594 741 Danielis.
622 680 764 749 quod
807 695 994 745 magna
1037 684 1391 735 consensione
1428 682 1598 735 Graeci
1645 694 1697 735 et
1735 683 1908 738 Latini

337 766 709 822 smpenumero
725 761 1084 822 usurparunt.
1102 752 1305 806 Tertul.
1336 752 1425 805 lib.
1455 753 1583 804 Adv.
1605 750 1909 822 iPsycliicos,

336 834 389 877 et
419 817 517 876 lib.
560 821 634 875 De
677 817 1016 881 idololatria;
1049 821 1350 890 Cyprianus
1397 822 1557 887 epist.
1591 817 1769 878 ϐὗξοι
1814 817 1906 879 lib.

340 893 412 945 De
452 891 609 944 laude
656 891 929 956 martyrii;
982 890 1212 945 llilarius
1262 893 1353 945 lib.
1404 907 1433 943 ι
1485 890 1560 942 De
1616 890 1909 957 Trinitate;

337 961 661 1033 Prudentius
689 959 780 1033 lib.
822 958 1257 1033 Cathemerinwn,
1298 963 1655 1033 Itymno__pos_t
1691 963 1903 1033 cibum;

333 1032 655 1085 Ambrosius
704 1029 863 1100 lib._tt
892 1028 1063 1098 0/ﬁc.,
1090 1048 1213 1100 cap.
1270 1028 1427 1094 ὄξει
1484 1030 1577 1082 lib.
1619 1030 1696 1085 De
1738 1032 1907 1088 Jarob

333 1110 496 1167 patr.,
535 1114 653 1167 cap.
695 1100 760 1162 9;
798 1098 1027 1155 Basilius
1062 1098 1204 1155 hom.
1240 1103 1291 1154 in
1327 1101 1518 1154 divites
1555 1113 1766 1155 avaros.
1805 1103 1909 1157 Su.

335 1184 517 1223 sanna!
547 1178 596 1240 et
629 1168 768 1240 Belis
805 1169 1058 1225 historias
1090 1172 1311 1240 rejicerc
1350 1186 1453 1227 non
1498 1169 1655 1240 att.ch
1693 1187 1723 1226 e
1752 1187 1907 1228 sacro

335 1254 546 1312 canone
584 1239 876 1312 Bibliorum
910 1240 1199 1312 Africanus
1226 1240 1453 1310 epistola
1487 1241 1553 1312 ad
1593 1239 1904 1312 Origenem,

333 1307 572 1363 Eusebio
604 1309 870 1363 referente
897 1312 990 1365 lib.
1018 1326 1069 1364 vr
1104 1307 1272 1365 Hist..
1299 1326 1420 1375 cap.
1443 1309 1537 1363 24.

352 1416 357 1421 .
405 1378 623 1451 Donavi:
652 1382 1032 1451 {utraquehis
1058 1383 1166 1451 qui.
1211 1379 1475 1451 Undecioi
1509 1380 1605 1433 has
1642 1394 1799 1436 voces
1838 1399 1902 1437 ex

330 1449 452 1504 cod.
480 1450 850 1502 restituimus:
885 1444 1180 1506 d'cleviiuus
1208 1468 1225 1500 ι
1252 1458 1305 1505 et
1328 1450 1587 1503 Dominus
1606 1453 1899 1506 ostendit.»

403 1517 525 1584 Ipse
563 1518 723 1589 igitur
754 1515 1012 1575 Christus.
1051 1522 1250 1589 Aperte
1289 1528 1707 1589 constanterque
1748 1520 1905 1575 Chri-

330 1596 471 1641 stum
500 1588 784 1654 profitetur
816 1604 980 1645 unum
1022 1587 1141 1643 esse
1173 1605 1297 1642 cum
1346 1587 1506 1641 Patre
1557 1588 1722 1641 Deum
1754 1591 1904 1643 vivo-

330 1671 474 1721 rum,
499 1656 587 1723 qui
617 1672 737 1709 cum
766 1657 1016 1714 Patribus
1038 1669 1091 1713 et
1118 1658 1297 1729 Moyse
1317 1658 1525 1729 locutus
1555 1658 1628 1712 sit
1652 1659 1900 1729 “aquod

328 1734 437 1778 tam
478 1734 720 1778 veterum
760 1742 921 1794 quam
964 1726 1219 1783 novorum
1264 1726 1671 1789 Ehionitarum,
1714 1728 1900 1782 Cerin-

330 1794 663 1856 thianorum,
702 1794 1271 1852 Samosatenianornm
1324 1804 1377 1848 et
1420 1796 1746 1850 Arianorum
1788 1799 1899 1851 haz-
1934 1808 1975 1862 Β

332 1878 481 1934 reses
514 1864 669 1930 plane
707 1866 921 1920 refellit.
957 1869 1005 1920 Is
1031 1869 1172 1921 enim
1208 1866 1303 1934 qui
1349 1866 1558 1919 locutus
1590 1877 1675 1919 est
1707 1866 1896 1934 Moysi,

329 1932 567 2003 seipsum
595 1934 825 1998 appellat
864 1937 1085 2002 Jehova,
1122 1932 1241 2003 quo
1273 1935 1489 1988 nomine
1527 1936 1693 1990 Judmi
1743 1932 1901 1991 simul

327 2012 382 2055 et
422 2002 658 2054 haeretici
703 2006 1034 2060 confitentur
1064 2017 1322 2058 aeternam
1374 2004 1468 2057 Dei
1517 2008 1806 2059 essentiam
1849 2016 1903 2059 et

330 2071 668 2138 majestatem
702 2074 1020 2138 significari.
1065 2074 1316 2129 Christus
1360 2082 1539 2127 autem
1584 2090 1708 2129 cum
1743 2075 1902 2129 Patre

328 2139 420 2213 ille
452 2141 592 2193 Deus
620 2150 721 2213 est.
766 2142 931 2213 Igitur
970 2156 1162 2198 natura
1202 2141 1619 2213 etglnriaicum
1658 2158 1723 2197 co
1764 2160 1903 2199 unus

328 2208 472 2265 Deus
505 2208 765 2280 est._lieet
791 2208 1065 2280 personali
1098 2211 1424 2280 proprietate
1452 2212 1756 2267 distinctus.

605 2275 852 2344 Ejusdem
884 2275 1249 2335 adnotat-iones
1282 2281 1335 2330 in
1374 2296 1490 2343 cap.
1532 2281 1618 2333 1‘2.

398 2349 455 2403 P.
473 2350 597 2405 232.
624 2346 854 2418 Primum
875 2353 1101 2418 quidem.
1124 2348 1389 2412 Josephns
1413 2350 1779 2417 tAntiq.,cap.
1802 2352 1899 2405 15:

314 2433 352 2467 's
388 2418 601 2473 Primus
638 2416 912 2473 Abraham
960 2419 1300 2486 prresumpsit
1345 2420 1693 2486 pronuntiare
1736 2422 1900 2474 Deum

326 2498 839 2557 Creatorcmhunutn
896 2489 1052 2557 150
1108 2478 1228 2542 esse
1289 2478 1643 2549 cunctonlﬂn
1696 2490 1900 2557 reliqua

326 2572 458 2626 vero
489 2558 553 2610 ad
588 2555 1241 2619 felimutem—tendentia,
1276 2568 1373 2621 per
1413 2567 1739 2623 prmceptum
1769 2555 1904 2626 pra:-

327 2625 501 2679 bentis
529 2626 737 2694 singula
776 2642 999 2694 qumque
1036 2627 1170 2688 dari,
1210 2636 1263 2677 ct
1308 2638 1412 2694 non
1461 2628 1675 2692 propria
1702 2629 1903 2680 virtute

325 2691 640 2749 consistere
666 2691 946 2765 confessus
977 2696 1179 2749 est.iEt
1218 2691 1375 2761 paulo
1401 2703 1531 2765 post
1554 2691 1572 2746 :’
1599 2713 1617 2745 ι
1649 2696 1905 2765 Propter-

325 2778 499 2832 eaque
540 2764 803 2817 Chaldaeis
835 2772 881 2817 et
915 2766 1035 2818 aliis
1068 2762 1489 2831 Mesopotamilis
1520 2762 1571 2815 in
1607 2780 1729 2817 eum
1758 2762 1902 2819 'con-

325 2834 689 2903 surgentibus,
723 2834 1097 2903 migrationem
1120 2834 1320 2903 eligens
1356 2832 1505 2899 sequi
1536 2847 1630 2900 per
1654 2834 1901 2903 volunta-

328 2899 513 3022 teqfct
543 2899 865 2971 adjutorium
893 2902 1006 2969 Dei,
1032 2899 1232 2959 terram
1258 2899 1620 2955 Chananzrant
1649 2902 1757 2958 late
1788 2920 1904 2973 pos-

328 2984 403 3022 set
428 2980 490 3022 tt.
528 2990 549 3022 ι

325 2971 490 3025 sedit.
528 2990 549 3024 ῑ

396 3040 634 3094 Tradunt
673 3056 887 3109 quoque
937 3041 1026 3094 alii
1069 3040 1277 3095 Hebraei
1320 3050 1502 3095 natum
1532 3056 1653 3096 eum
1697 3056 1816 3098 esse
1848 3046 1899 3097 in

2016 546 2133 609 tati,
2164 548 2486 601 ohedientiae
2520 546 2767 620 acihonis
2800 550 2921 603 aliis
2958 546 3215 620 operibus
3247 555 3590 617 lllSllﬁCnllO-

2013 628 2136 689 pem
2188 626 2426 689 nostram
2467 618 2761 674 ascribere.
2810 618 3049 688 Denique
3088 624 3385 689 apostolum
3426 625 3591 683 Jaco-

2014 683 2137 736 bnm
2175 686 2837 757 diserteconstanterque
2881 683 3179 757 praedicare
3215 693 3278 754 3’,
3320 694 3591 752 Abraham

2010 766 2076 805 ex
2103 756 2734 823 operibusjustificatum
2754 756 2901 820 esse,
2929 757 3206 813 offerendo
3238 761 3390 815 Isaac
3422 764 3590 819 lilium

2010 836 2189 898 suum,
2220 834 2343 898 etc..
2376 835 2430 879 et
2469 842 2574 898 non
2618 842 2681 880 ex
2725 828 2829 882 fide
2867 838 3097 885 tantum.
3125 830 3241 894 Quo
3276 842 3434 898 pacto
3461 848 3593 889 vero

2012 891 2112 945 hac
2144 893 2191 945 in
2230 908 2285 947 re
2313 895 2449 948 bene
2491 895 2631 948 inter
2668 913 2725 951 se
2756 900 3079 952 conveniant
3113 891 3313 953 P'auln's
3352 911 3407 955 et
3434 900 3593 955 Jaco-

2012 959 2131 1038 bns,
2152 962 2308 1015 docte
2324 973 2381 1038 et
2402 965 2693 1038 printenter
2714 967 2869 1021 docet
2897 969 3237 1038 Augustinus
3266 969 3359 1025 lib.
3382 986 3590 1027 Lxxxnt

2011 1027 2233 1095 Qitwst.,
2268 1049 2319 1099 q.
2352 1034 2382 1086 7
2405 1027 2460 1087 et
2490 1034 2576 1088 76.

2292 1102 2543 1174 Ejusdem
2578 1103 2942 1162 adnotationes
2980 1108 3035 1159 in
3065 1124 3182 1174 cap.
3213 1109 3300 1162 H.

2080 1167 2278 1245 ξ.Ξῦὗῖ
2302 1167 2555 1226 Dominus
2573 1176 2731 1245 enim.
2753 1174 3042 1230 Contendit
3077 1167 3144 1231 ei
3182 1176 3500 1245 Scripturis,
3533 1186 3591 1233 et

2006 1237 2200 1292 Filium
2232 1240 2299 1292 ah
2337 1252 2540 1294 aeterno
2578 1241 2794 1296 Patrem
2847 1247 3080 1309 novisse,
3118 1258 3170 1300 et
3202 1237 3322 1302 aliis
3367 1237 3593 1301 manife-

2006 1316 2205 1379 stasse,
2234 1311 2582 1379 vicissimque
2615 1310 2830 1367 Patrem
2865 1314 3059 1369 Filium
3091 1332 3245 1369 suum
3282 1317 3591 1371 hominibus

2006 1378 2297 1453 revelasse.
2331 1379 2557 1453 Deinde,
2584 1380 2621 1433 F
2630 1381 2778 1435 ilium
2812 1399 2912 1437 nec
2951 1394 3077 1439 tunc
3115 1386 3404 1453 intmpisse
3444 1400 3586 1448 esse,

2004 1460 2125 1498 cum
2179 1448 2340 1502 homo
2395 1448 2569 1503 factus
2611 1459 2728 1514 est;
2767 1468 2866 1505 nec
2916 1453 3078 1506 alium
3103 1470 3132 1507 a
3165 1448 3273 1512 Deo
3301 1455 3464 1510 Patre
3489 1468 3589 1510 suo

2004 1516 2293 1593 mundique
2321 1519 2805 1593 conditore_Deum
2830 1525 3211 1593 annuntiasse.

2072 1583 2167 1705 lSic
2218 1586 2540 1707 describunt.
2596 1588 2971 1659 Expunximus
3005 1608 3023 1643 ι
3057 1592 3328 1662 dicebant,
3374 1612 3395 1647 ι
3443 1601 3590 1650 auct.

2095 1693 2109 1707 .
2143 1669 2225 1707 ρο(
2253 1692 2268 1707 .

2002 1662 2109 1707 vet.
2143 1662 2268 1709 C0tl.

2073 1720 2132 1776 Si
2160 1735 2333 1778 autem
2364 1724 2627 1781 Christus.
2658 1728 2896 1784 llteresis
2929 1729 3299 1786 Ebionitarum
3329 1732 3427 1787 ista
3461 1731 3585 1794 fuit,

2005 1792 2071 1881 ge
2108 1795 2306 1881 quibus
2342 1811 2517 1881 supra
2562 1798 2775 1881 libro-1,.
2808 1799 2983 1881 capite
3010 1801 3097 1881 26,
3125 1802 3264 1881 libro
3294 1818 3375 1881 ιιι,
3411 1792 3591 1881 capite

2132 1873 2180 1915 et
2224 1862 2361 1937 infra
2406 1862 2527 1934 cap.
2559 1867 2627 1921 59
2661 1869 2776 1921 libri
2800 1862 3002 1937 litt-jus;
3033 1880 3089 1922 et
3126 1871 3265 1937 apud
3296 1862 3588 1925 Eusebium

2006 1931 2244 2006 lihro_ttt
2288 1931 2517 2006 llistorj,
2567 1939 2745 2003 capite
2788 1931 2894 1989 27(
2931 1931 3189 1991 Eamdem
3249 1940 3587 2006 impietatem

2005 2002 2185 2121 apicatii
2228 2013 2371 2119 Ιειιιιι
2439 2002 2766 2071 Cerinthus,
2823 2006 3222 2075 Carpocrates,
3286 2002 3588 2075 Artemon,

2070 2085 2165 2121 tem
2190 2086 2222 2121 0
2250 2087 2328 2121 IIS.

2070 2080 2328 2124 ιθοιιοιιιε.

2077 2138 2143 2191 Et
2174 2140 2298 2192 bene
2326 2138 2569 2194 Justinus
2603 2145 2653 2196 in
2685 2160 2743 2197 eo
2774 2145 2927 2198 libro.
2956 2145 3218 2201 Eusebius
3259 2146 3350 2199 lib.
3386 2162 3436 2199 tv
3477 2146 3585 2199 Hi-

2006 2216 2159 2281 stor.,
2176 2210 2326 2281 cap._l
2340 2212 2389 2269 7.
2413 2211 2575 2281 vitam
2593 2228 2864 2281 operaque
2878 2214 3072 2268 Justini
3086 2215 3418 2278 describens,
3433 2214 3593 2281 hujus

2004 2276 2107 2330 loci
2132 2276 2407 2351 meminit.
2449 2276 2717 2335 Carterum
2763 2276 2990 2351 insignis
3024 2284 3342 2338 constantiae
3376 2276 3427 2338 in
3461 2276 3592 2338 retiv

2004 2347 2179 2419 nenda
2236 2348 2402 2401 setncl
2449 2359 2670 2415 accepta
2714 2367 2840 2404 vera
2873 2347 3153 2419 'religione
3196 2354 3358 2406 verba
3412 2364 3581 2407 sunt:

2004 2414 2199 2481 quibus
2232 2430 2335 2468 non
2356 2414 2636 2473 dissimilia
2667 2414 3034 2483 pronuntiavit
3063 2421 3316 2475 Clemens
3358 2422 3517 2477 ltom.
3540 2422 3589 2454 δ’

2004 2499 2124 2536 cum
2152 2485 2341 2538 beatus
2377 2486 2565 2541 Petrus
2611 2490 2770 2542 nollet
2804 2504 2926 2543 eum
2968 2492 3161 2545 adesse
3193 2492 3587 2545 concertationi

2002 2551 2260 2627 adversus
2285 2554 2558 2611 Simonem
2590 2557 2801 2623 Magum
2830 2569 3114 2626 susceptaz.
3149 2559 3381 2627 Reposui
3412 2576 3430 2610 ι
3465 2574 3590 2614 cre-

2004 2620 2257 2695 didissem
2290 2640 2308 2674 ι
2327 2639 2434 2695 pro
2463 2644 2482 2677 ι
2513 2620 2853 2685 credidisset.
2882 2645 2898 2677 ι
2936 2620 3077 2695 quod
3106 2620 3413 2682 subiitdicat
3435 2642 3590 2681 error

2005 2688 2057 2765 in
2100 2698 2204 2765 vel.
2239 2688 2447 2765 codice,
2480 2696 2570 2760 qui
2605 2714 2623 2745 ι
2659 2688 3018 2765 credidissent
3049 2714 3067 2747 ι
3102 2699 3299 2765 habet;
3328 2697 3586 2765 quoniam

2005 2757 2076 2835 ita
2114 2760 2411 2835 legendum
2433 2757 2724 2835 ostendunt
2762 2763 2955 2819 Justini
3007 2767 3169 2819 verba
3215 2757 3403 2821 Graeca
3444 2767 3587 2835 apud

2002 2824 2222 2903 Eu_seli.,
2240 2830 2355 2903 996’
2386 2831 2452 2903 div
2484 2833 2761 2903 ἐπείσθην.

2072 2897 2203 2972 Pag.
2232 2900 2358 2953 254.
2395 2901 2609 2969 Noster,
2645 2897 2894 2958 adversus
2940 2920 3098 2972 quam
3139 2912 3188 2956 et
3236 2904 3584 2972 contrariam.

2003 2966 2138 3020 lloic
2166 2968 2283 3022 loco
2331 2978 2385 3024 et
2432 2966 2648 3026 sensum
2690 2981 2747 3025 et
2802 2966 2972 3027 lucem
3037 2971 3404 3035 restituimus,
3456 2986 3581 3027 oc'o

2004 3036 2448 3109 vocibus_partint
2482 3040 2802 3106 immutatis,
2836 3042 3030 3109 partim
3064 3042 3290 3109 adjectis
3314 3056 3380 3095 ex
3412 3051 3583 3095 veter.

329 3111 421 3183 ιξιι,
454 3110 588 3164 urbe
626 3105 1004 3183 clialuipprum
1032 3128 1045 3164 ε
1073 3125 1179 3183 qua
1210 3120 1397 3183 postea
1428 3111 1674 3183 discessit
1702 3110 1900 3183 Carras
1927 3127 1969 3183 ο
2004 3105 2175 3183 codic.
2217 3105 2519 3183 Delevimns
2559 3128 2588 3183 i_
2615 3126 2718 3183 non
2760 3105 3035 3183 adversus
3060 3105 3221 3180 quem
3270 3118 3326 3165 et
3363 3121 3586 3165 contra-

324 3179 737 3249 Mesopotamia,
758 3180 969 3249 fugiens
1003 3180 1204 3249 cultum
1247 3180 1406 3248 Ignis.
1446 3194 1604 3247 quem
1651 3181 1740 3234 Dei
1784 3182 1901 3236 loco

325 3258 586 3318 tyrannus
618 3248 845 3318 Nemrod
878 3249 1121 3318 urgebat.
1154 3248 1311 3312 llinc,
1342 3250 1563 3317 iubente
1592 3251 1720 3312 Deo,
1749 3252 1900 3304 vcnit

324 3317 376 3370 in
422 3327 615 3370 terram
658 3317 966 3379 Chanaan,’
998 3318 1086 3371 ubi
1131 3318 1361 3385 pritntttu
1410 3320 1517 3373 Deo
1559 3335 1687 3372 vero
1730 3318 1899 3374 altare

322 3388 621 3440 construxit
652 3387 791 3439 inter
825 3388 921 3440 llai
962 3397 1014 3439 et
1052 3386 1257 3449 Bcthel,
1293 3391 1587 3441 secundum
1618 3404 1785 3454 prope
1813 3390 1900 3441 Si-

322 3457 499 3517 chcm.
534 3457 748 3508 tertium
782 3471 945 3525 prope
975 3456 1214 3521 llebron,
1241 3467 1491 3524 quartum
1527 3458 1576 3510 in
1609 3459 1895 3520 Bersabee,

322 3528 569 3593 quintum
616 3527 666 3578 in
715 3536 897 3579 monte
936 3526 1139 3587 Moria;
1199 3536 1253 3579 et
1300 3528 1673 3580 cmmeterium
1718 3529 1893 3585 uxori.

321 3596 424 3650 sibi
470 3605 523 3648 et
556 3595 801 3665 posteris
843 3595 1191 3665 comparavit
1228 3595 1278 3647 in
1331 3596 1587 3665 spelunca
1646 3596 1842 3665 duplici
1879 3612 1893 3649 :

324 3666 488 3718 lilium
537 3664 768 3730 denique
814 3663 1116 3718 incredibili
1166 3663 1269 3717 fide
1322 3680 1384 3718 ac
1427 3663 1734 3719 obedientia
1788 3665 1897 3718 Deo

324 3734 601 3787 immolare
651 3733 838 3787 voluit.
894 3732 1100 3786 Idcirco
1156 3733 1318 3786 etiam
1372 3750 1399 3787 a
1452 3732 1655 3801 Spiritu
1705 3747 1895 3788 sancto

322 3804 634 3855 nominatur
678 3816 866 3857 servus
896 3802 1023 3863 Dei,
1068 3803 1277 3857 amicus
1327 3803 1449 3867 Dei,
1500 3802 1729 3856 dilectus
1777 3803 1894 3867 Dci,

321 3882 469 3942 pater
502 3870 856 3942 fideiiltostrze
887 3884 1047 3940 atque
1086 3871 1327 3942 omnium
1354 3872 1712 3942 credentium.
1746 3892 1766 3925 ι

600 3941 849 4009 Ejusdem
877 3942 1239 3993 adnotationes
1277 3941 1333 3993 in
1373 3957 1491 4008 cap.
1524 3941 1613 3993 15.

391 4012 517 4080 Pag.
548 4011 671 4065 233.
716 4009 871 4063 Juste
915 4022 1109 4063 autent.
1142 4010 1318 4080 Docet
1359 4010 1607 4080 exemplo
1640 4009 1892 4077 Abrahae,

322 4077 490 4135 Donni
511 4082 811 4150 sequentis,
840 4081 1115 4146 apostolos
1140 4077 1334 4150 Filium
1365 4078 1704 4150 Deipsecutos
1732 4093 1889 4143 esse;

319 4165 525 4219 nosque
560 4145 656 4218 pro
697 4145 918 4204 Christo
955 4162 1173 4203 crucem
1213 4145 1357 4219 ferre
1396 4148 1613 4219 debere,
1647 4158 1706 4202 ut
1746 4149 1894 4205 Isaac

322 4215 459 4287 ligna
491 4215 629 4279 tullt.
652 4220 850 4287 quibus
884 4227 1003 4272 erat
1045 4215 1435 4281 immolandas;
1469 4218 1559 4286 qui
1592 4227 1644 4270 et
1675 4228 1895 4286 sponta-

322 4305 419 4341 ttca
458 4286 735 4341 oblatione
780 4304 874 4341 sua
923 4288 1125 4342 Christi
1167 4286 1495 4357 oblationem
1547 4287 1888 4357 signiticavil.

392 4359 690 4411 Secundum
743 4358 898 4424 ﬁdem
942 4372 1114 4410 suum.
1167 4354 1384 4424 Septem
1428 4357 1523 4410 has
1557 4354 1738 4420 voces,
1771 4372 1893 4425 qua:

320 4428 594 4496 aptissime
619 4428 968 4496 conveniunt,
990 4441 1056 4478 ex
1084 4432 1187 4478 vet.
1220 4425 1341 4478 cod.
1378 4425 1699 4492 adjecimus.

391 4495 548 4549 Fides
574 4498 733 4552 enim.
784 4494 945 4549 Vetus
987 4496 1107 4549 cod.
1154 4496 1561 4562 quatuordccitn
1619 4497 1891 4554 dictiones

318 4582 381 4619 ex
409 4567 508 4619 hac
537 4565 800 4618 sententia
841 4566 1130 4627 desiderat,
1159 4574 1322 4632 atque
1356 4564 1427 4616 ita
1461 4565 1621 4617 habet
1645 4583 1656 4618 :
1683 4583 1701 4615 ι
1731 4566 1891 4624 Fides

319 4636 461 4688 enim
509 4635 574 4686 ad
616 4636 783 4687 Deum
828 4635 1184 4696 altissimum,
1231 4634 1322 4700 qui
1371 4634 1651 4687 constituit
1692 4638 1888 4690 cmlum

318 4714 372 4758 et
404 4715 621 4757 terram.
661 4722 679 4753 ι
714 4702 856 4757 Nihil
912 4705 1112 4764 delere,
1156 4705 1249 4756 sed
1292 4712 1495 4755 tantum
1527 4720 1593 4758 ex
1624 4715 1733 4759 vet.
1763 4708 1887 4759 cod.

318 4778 451 4827 duas
495 4788 677 4835 voces,
721 4792 738 4823 ι
783 4774 949 4837 enim,
994 4791 1013 4824 ι
1056 4782 1111 4825 et
1156 4789 1175 4822 ‹
1224 4772 1545 4825 altissimum
1591 4793 1609 4824 ι
1652 4775 1893 4830 inserere

319 4844 490 4896 visum
521 4851 625 4898 est.
656 4844 922 4897 Cmterum
962 4856 1123 4894 unam
1170 4842 1449 4895 nobiscum
1496 4843 1652 4895 tidem
1704 4843 1892 4900 Patres

318 4926 507 4965 omnes
536 4922 747 4965 veteres
788 4913 1039 4966 habuisse
1088 4911 1281 4963 docent
1321 4925 1441 4973 cum
1487 4912 1690 4966 lrenmo
1719 4914 1890 4966 Euse-

318 4982 439 5036 bius
486 4982 574 5035 lib.
630 4997 643 5035 t
698 4980 858 5045 Uist.,
895 4996 1013 5050 cap.
1060 4981 1129 5043 l;
1176 4979 1508 5048 Epiphanius
1560 4984 1732 5050 initio
1764 4982 1888 5037 libri

317 5062 505 5121 contra
538 5052 780 5113 haeres;
830 5049 1161 5121 Augustinus
1207 5058 1422 5121 tractat.
1469 5050 1569 5121 45η
1598 5052 1650 5103 in
1705 5049 1888 5117 Joan.,

319 5119 457 5175 libro
506 5137 544 5174 ιι
588 5121 787 5175 Contra
830 5117 1032 5174 tittérns
1080 5117 1265 5181 Pent,
1307 5119 1486 5186 capite
1525 5120 1613 5185 57,
1648 5123 1887 5178 librostx

319 5191 515 5242 Contra
535 5188 815 5260 Faustum,
839 5190 1070 5260 capuli),
1101 5187 1189 5250 16,
1219 5187 1307 5260 17,
1327 5198 1381 5242 et
1405 5191 1458 5242 in
1479 5190 1668 5258 psalm.
1694 5205 1889 5256 Lunt,

317 5273 501 5329 Lsxvtt
528 5276 542 5323 ;
573 5261 699 5313 item
730 5257 925 5312 Contra
952 5259 1134 5327 Pelag.
1167 5269 1220 5312 et
1242 5257 1487 5323 (talest,
1510 5276 1571 5324 tt,
1598 5263 1772 5329 capite
1794 5262 1887 5316 25.

391 5328 465 5382 Ne
504 5343 633 5383 vero
675 5331 843 5383 solius
898 5330 1018 5383 fidei
1069 5339 1369 5383 assertores
1418 5328 1731 5383 existiment
1778 5331 1891 5385 ιω-

320 5412 489 5451 narum
522 5413 633 5453 suae
670 5399 931 5468 itnpietati
965 5400 1066 5452 hoc
1104 5398 1221 5451 loco
1252 5398 1451 5462 favere,
1489 5400 1727 5467 cogitent
1766 5415 1887 5455 eum

319 5468 464 5534 loqui
494 5471 558 5522 de
598 5470 701 5523 ﬁde
738 5486 857 5537 qua:
897 5484 991 5537 per
1034 5468 1354 5521 charitalem
1392 5481 1665 5536 operatur,
1704 5480 1763 5523 ut
1800 5486 1887 5524 se-

320 5539 501 5605 quenti
543 5553 663 5592 mos
702 5540 985 5608 apparebit
1023 5538 1217 5607 capite.
1256 5537 1408 5603 ltem,
1440 5540 1689 5593 eumdem
1722 5539 1887 5609 pluri-

393 5675 434 5706 ³⁸
466 5676 634 5732 Exol.
672 5693 751 5731 nt.
826 5677 1004 5732 "Jac.
1053 5691 1119 5743 tt,
1144 5675 1234 5729 2t.

322 5758 451 5800 κνιιι
480 5749 683 5815 Antiq.,
707 5760 824 5817 cap.
858 5746 913 5799 6.

1342 5675 1386 5707 ’⁵ο
1423 5676 1543 5734 Lib.
1576 5694 1590 5731 t
1619 5678 1819 5749 Rccog.
1891 5678 1930 5710 “
1965 5676 2144 5732 Galat.
2174 5693 2225 5741 ν,
2256 5675 2308 5731 6.

2006 3174 2143 3248 rium
2178 3190 2434 3231 exercent
2458 3179 2730 3248 discipuli.
2760 3179 2916 3240 Nam.
2950 3200 2968 3232 ι
3001 3174 3109 3235 ete.

2078 3241 2300 3318 Credere
2330 3259 2506 3300 autem
2532 3241 2763 3304 εἰ.Ἠίηο
2801 3252 3091 3317 perpende.
3111 3266 3217 3318 quo
3246 3264 3407 3303 sensu
3432 3250 3585 3305 dise-

2004 3313 2074 3365 rit
2094 3316 2361 3383 superiori
2387 3318 2585 3384 capite,
2620 3319 2776 3373 fidem
2804 3313 3107 3387 iustificam
3130 3313 3437 3379 hominem.
3463 3335 3584 3375 eam

2002 3398 2215 3456 nempe,
2240 3402 2357 3451 qua'
2395 3403 2489 3454 per
2518 3391 2839 3442 charitatem
2878 3397 3129 3456 operatur
3157 3390 3223 3441 δι.

2073 3451 2283 3527 Etenim
2315 3451 2406 3527 per
2434 3458 2598 3527 ipsam
2642 3451 3009 3511 conditionem.
3055 3458 3288 3527 Insignis
3322 3468 3469 3514 certe
3507 3459 3586 3514 lo-

2001 3536 2100 3595 cus
2123 3523 2526 3595 decognitione
2557 3526 2648 3579 Dei
2680 3529 2746 3580 ab
2777 3529 3030 3595 operibus
3073 3523 3194 3594 ejus
3233 3530 3585 3584 desumenda.

2005 3612 2024 3645 ε
2061 3591 2327 3666 Conditio,
2382 3596 2572 3663 inquit,
2622 3597 2670 3650 id
2710 3591 3436 3666 est'creaturze'Opillcium,
3499 3613 3587 3652 re-

2000 3661 2145 3714 velat
2230 3662 2397 3719 Deum
2454 3661 2833 3731 creatorem;
2910 3668 3141 3720 mumlus
3178 3661 3583 3721 'labricatorem

1999 3745 2155 3805 suum
2189 3732 2557 3805 demonstrat;
2584 3750 2717 3802 Opus
2749 3733 3055 3805 manifestat
3080 3736 3359 3805 opificem;
3388 3735 3583 3799 Filius,

2000 3798 2213 3873 Patrem
2272 3817 2445 3873 suum.
2501 3804 2555 3855 In
2600 3798 2851 3873 eumdem
2920 3798 3138 3857 sensum
3191 3806 3267 3857 ait
3310 3798 3582 3873 Sapiens:

2005 3868 2101 3942 _«_A
2129 3870 2497 3942 magnitudine
2522 3872 2665 3924 enim
2694 3872 2891 3942 speciei
2922 3881 2976 3924 et
3005 3882 3267 3942 creatura:
3298 3868 3585 3942 cognosci-

1998 3937 2394 4009 biliterpoterit
2415 3938 2636 3993 Creator
2663 3937 2829 3994 videri
2847 3941 2916 3995 δ’.
2943 3958 2961 3990 ι
2999 3941 3061 3995 Ει
3090 3937 3420 4009 Apostolus:
3453 3960 3472 3993 ι
3498 3942 3584 3996 ln-

1999 4006 2228 4081 _visib_ilia
2263 4008 2407 4081 enim
2438 4008 2529 4062 Dei
2558 4009 2623 4075 ",
2660 4029 2678 4062 ι
2712 4021 2817 4065 etc.
2868 4009 2933 4063 Et
2969 4012 3033 4063 de
3084 4006 3169 4065 bis
3203 4012 3257 4065 in
3289 4012 3583 4081 superiori—
3660 4046 3667 4054 ~

2000 4074 2101 4128 bus
2122 4073 2235 4140 jam
2260 4077 2461 4131 dictum
2492 4088 2595 4132 est.

2068 4142 2347 4209 Oportebat
2391 4149 2528 4200 enim
2580 4149 2869 4201 ceritatem.
2932 4149 3200 4214 Quantum
3249 4150 3463 4203 valeant
3513 4151 3582 4206 ad

1995 4215 2463 4270 coulirmationem
2495 4220 2734 4272 veritatis
2763 4230 3072 4272 exterarum
3120 4219 3450 4283 testimonia,
3481 4221 3579 4275 dn-

1996 4294 2081 4354 cet
2111 4286 2396 4353 Augustin.
2450 4287 2545 4340 lib.
2593 4303 2722 4340 xvttt
2760 4287 2835 4341 De
2862 4289 3026 4350 cirit.,
3050 4304 3168 4354 cap.
3194 4288 3281 4344 47.
3313 4288 3581 4342 Czeterutn

1995 4352 2326 4409 Novatiauus
2376 4356 2469 4408 lib.
2518 4356 2595 4410 De
2644 4358 2814 4420 ’1'rin.,
2868 4359 2951 4409 his
2995 4352 3196 4412 lrcnieo
3240 4356 3579 4414 subscribit:

1924 4445 1967 4499 ο
2001 4442 2019 4474 ι
2056 4422 2294 4503 Firmum
2330 4436 2418 4505 est.
2446 4442 2615 4507 genus
2651 4426 3007 4507 probationis,
3034 4441 3156 4507 quae
3184 4428 3346 4507 etiam
3380 4427 3582 4507 abad-

1999 4494 2257 4565 versariis
2285 4498 2535 4561 sumitur,
2562 4504 2618 4549 ut
2646 4494 2842 4551 veritas
2872 4498 2939 4550 ab
2970 4494 3100 4565 ipsis
3127 4498 3368 4550 veritatis
3395 4496 3580 4551 inimi-

1998 4564 2076 4617 cis
2110 4563 2389 4632 probetur.
2430 4585 2448 4618 ι

2070 4633 2136 4686 Et
2182 4635 2247 4685 ab
2295 4636 2573 4706 extraneis.
2613 4634 2938 4690 Extraneum
2974 4653 3003 4690 a
3052 4635 3383 4706 professione
3421 4634 3579 4689 Chri-

1996 4703 2302 4758 stianorum
2339 4702 2631 4770 Josephum
2680 4706 2843 4759 fuisse
2890 4702 3116 4761 testatur
3147 4704 3482 4771 llegesippus
3513 4705 3580 4755 li-

1998 4774 2094 4826 bro
2122 4789 2184 4835 ιι,
2217 4774 2391 4840 capite
2420 4773 2505 4837 12,
2547 4777 2637 4842 qui
2681 4786 2855 4827 tamen
2891 4778 2956 4828 de
2988 4776 3204 4829 Christo
3240 4776 3464 4828 Domino
3504 4774 3578 4827 ita

1996 4843 2183 4895 scribit
2210 4845 2254 4873 ⁵⁸
2290 4859 2303 4894 :
2339 4860 2358 4892 ι
2396 4843 2519 4896 Fuit
2546 4844 2702 4899 Jesus
2732 4845 2951 4911 sapiens
2981 4846 3079 4909 vir,
3114 4848 3157 4899 si
3194 4856 3369 4897 tamen
3402 4842 3578 4894 virum

1998 4912 2276 4966 nominare
2303 4926 2424 4965 eum
2465 4912 2547 4967 fas
2594 4922 2694 4976 est,
2728 4914 3051 4966 mirabiliutn
3086 4928 3306 4981 operutn
3334 4912 3579 4974 eli'eclor,

1998 4991 2052 5032 et
2095 4982 2285 5034 doctor
2323 4997 2508 5035 eorum
2560 4984 2834 5036 hominum
2882 4984 2974 5049 qui
3023 4983 3254 5037 libenter
3286 4996 3408 5049 quae
3450 4994 3576 5033 vera

1999 5057 2125 5101 sunt
2157 5052 2387 5104 audiunt
2414 5069 2429 5104 ;
2463 5053 2710 5106 Christus
2744 5052 2831 5104 hic
2864 5061 3002 5106 erat.
3045 5070 3064 5103 ι
3104 5052 3333 5105 Pilatum
3362 5049 3578 5104 Tiberio

1997 5117 2192 5189 Caesari
2252 5120 2547 5187 miracula,
2607 5131 2945 5189 mortemque
3000 5130 3055 5176 et
3118 5118 3570 5189 resurrectionem

1997 5188 2193 5243 Christi
2234 5191 2513 5245 nuntiasse
2543 5192 2707 5246 tradit
2739 5188 3105 5243 Tertulliauus
3129 5205 3251 5258 cap.
3284 5188 3347 5241 21
3382 5188 3578 5255 Apolo-

1995 5262 2177 5326 getici;
2207 5258 2362 5311 Pilati
2406 5275 2584 5313 autem
2630 5260 2913 5327 epistolam
2952 5257 3261 5315 transcribit
3289 5259 3344 5311 in
3376 5257 3580 5309 Arrace-

1995 5328 2243 5394 pliulwosi
2271 5330 2526 5383 libroruin
2566 5346 2810 5393 suorum,
2852 5328 2929 5381 De
2970 5330 3171 5383 excidio
3216 5328 3576 5395 Jerosolymo-

1999 5399 2535 5473 rum,__llcgesippus.
2578 5398 2916 5473 Astipulatur
2975 5399 3091 5452 istis
3138 5396 3573 5473 Nicodamusiu

2000 5471 2105 5520 line
2138 5464 2393 5540 Historiae
2416 5464 2493 5540 ide
2537 5464 2787 5540 passione
2834 5480 2882 5520 et
2926 5467 3302 5540 resurrectione
3342 5464 3577 5540 Domini,

1996 5553 2312 5593 asseverans
2351 5533 2576 5592 Pilatum
2622 5540 2673 5591 in
2711 5538 2792 5591 sui
2833 5539 3067 5606 praetorii
3094 5538 3308 5591 codices
3336 5533 3579 5603 publicos

2382 5676 2425 5707 ”
2454 5675 2581 5745 Sap.
2616 5690 2734 5743 xm,
2768 5676 2821 5730 5.
2902 5674 2947 5707 ”
2978 5672 3186 5739 Roma,
3213 5671 3308 5729 9.0.
3384 5670 3429 5701 “
3449 5667 3574 5725 Lib.
