3970 6378
414 379 552 438 1599

1717 376 2072 435 VARIORUM
2112 377 2319 433 N013!)

3525 379 3670 438 ιη’οθ

412 497 663 552 retulisse
688 497 865 552 omnia
904 511 1025 566 quae
1077 495 1216 550 inter
1244 496 1517 551 Christum
1551 503 1607 551 et
1650 493 1866 551 Juda-os
1895 509 1987 562 ge-
2016 498 2059 552 A
2090 503 2390 566 superstes.
2410 492 2525 566 Sed
2556 493 2621 547 de
2654 491 2756 547 hoc
2787 492 2910 548 vide
2941 493 3190 564 Spicileg.
3220 489 3445 547 Patrum
3478 496 3668 549 seculi

413 575 496 620 sta
531 576 695 631 sunt;
728 570 933 621 Annam
976 576 1031 621 et
1073 566 1330 633 Caipham
1375 566 1656 634 pontilices
1686 566 1986 634 adjurasse,

411 637 735 704 eosdemque
764 640 829 691 de
865 636 989 690 Jesu
1017 635 1215 688 deitate
1256 635 1453 704 optime
1491 636 1849 704 respondisse.
1880 636 1988 688 Ab-

412 704 530 771 gari
563 703 959 759 Edessenorum
990 704 1247 773 principis
1274 703 1562 771 epistolam
1588 704 1653 757 ad
1681 703 1983 769 Christum,

411 782 470 855 et
495 774 696 828 Christi
728 788 1045 855 responsum
1092 774 1255 855 habet
1296 773 1629 855 Eusghnlib.
1663 789 1700 831 ι.
1736 788 1866 855 cap.

412 840 570 913 Plura
621 859 686 896 ex
746 840 1081 913 Porphyrio,
1128 842 1345 913 nefario
1396 843 1717 913 Christianae
1766 840 1985 912 pietatis

412 912 691 966 desertore
719 922 773 966 et
813 912 983 976 hoste,
1023 912 1333 966 testimonia
1375 912 1507 965 citat
1544 912 1686 965 idem
1720 913 1985 967 Eusebius

408 977 520 1063 lib;
538 995 568 1028 ν
600 981 926 1063 υξ-ητωβᾳν.
945 998 1166 1063 βορῆς..
1190 997 1316 1063 cap,
1345 981 1483 1063 156.,

481 1049 609 1119 Pag.
643 1049 771 1103 235.
800 1050 865 1102 Et
904 1051 967 1103 ab
995 1049 1297 1119 apostatieis
1335 1052 1624 1117 spiritibus.
1665 1050 1980 1106 Consultum

411 1118 604 1188 duplici
653 1121 969 1173 heeatombe
1017 1118 1339 1173 daemonium
1395 1120 1447 1173 iu
1509 1122 1663 1174 theca
1718 1122 1981 1188 Apollinis

410 1186 602 1249 latens,
637 1189 948 1258 imperatori
975 1188 1339 1243 Romanorum
1368 1190 1482 1244 haec
1512 1186 1855 1258 respondisse
1885 1207 1984 1244 au-

409 1263 527 1309 ctor
558 1268 640 1311 est
670 1256 894 1323 Niceph.
929 1258 973 1289 ⁸⁵
1010 1272 1025 1311 :

481 1324 566 1378 Me
590 1343 718 1390 puer
749 1326 1021 1391 Ilebrtvtts,
1054 1327 1197 1380 divos
1233 1326 1368 1380 Deus
1398 1328 1504 1391 ipse
1536 1330 1854 1396 gubernans,

478 1396 669 1449 Cedere
694 1397 812 1449 sede
835 1396 999 1463 jubet.
1033 1398 1331 1465 tristemque
1356 1399 1524 1450 redire
1549 1398 1643 1449 sub
1675 1397 1869 1452 Orcum
1893 1412 1912 1451 .'

477 1465 597 1517 Aris
623 1481 744 1533 ergo
777 1466 959 1518 dehinc
985 1467 1174 1518 tacitus
1201 1467 1460 1519 nbscedito
1491 1468 1700 1523 nostris.

481 1534 742 1588 Eusebius
781 1549 883 1587 non
925 1536 1148 1603 ambigit
1181 1536 1249 1589 de
1286 1534 1502 1588 Christo
1534 1536 1759 1589 Domino
1786 1537 1985 1591 intelli-

409 1604 577 1676 genda
610 1617 818 1676 esseea
849 1618 967 1671 quae
1009 1613 1191 1676 narrat
1233 1603 1549 1676 Plutarch";
1566 1605 1843 1676 nimirum,
1878 1610 1986 1676 spi-

410 1671 545 1723 ritus
585 1672 840 1743 quosdam
888 1674 1220 1740 temporibus
1263 1672 1465 1743 Tiberii
1512 1673 1738 1727 Caesaris
1760 1671 1985 1743 jussisse

410 1750 600 1792 nautas
653 1742 923 1803 nuntiare,
982 1756 1237 1808 magnum
1293 1741 1436 1795 Pana
1489 1743 1653 1795 Deum
1709 1741 1979 1799 mortuum

407 1821 549 1869 esse,
598 1809 767 1891 lib."v
807 1810 882 1863 De
928 1825 1175 1891 prazparq
1234 1824 1355 1891 cap.
1497 1812 1721 1891 August.
1772 1813 1864 1867 lib.
1905 1815 1981 1869 De
2014 1833 2056 1891 Β

407 1892 658 1949 eonsensu
679 1879 902 1949 anng.,
925 1878 1041 1947 cap.
1061 1879 1145 1939 15,
1173 1894 1238 1932 ex
1266 1878 1563 1949 Porphyrio
1586 1878 1787 1934 recitat
1819 1898 1984 1949 quos-

408 1945 535 2019 dam
586 1945 931 2015 philosophos
980 1945 1109 2019 dens
1160 1963 1289 2001 suos
1343 1945 1711 2012 coiistiluisse,
1750 1945 1877 2019 quid
1916 1956 1981 2007 ile

406 2012 629 2069 Christo
680 2012 996 2089 censerent;
1047 2016 1272 2089 illosque
1328 2019 1696 2089 testimonium
1747 2012 1813 2073 de
1866 2021 1981 2089 ipso

408 2091 612 2155 tectum
656 2086 1011 2155 peritibnisse.
1065 2086 1141 2140 De
1186 2088 1271 2141 his
1318 2100 1507 2141 rursus
1560 2088 1725 2140 multa
1760 2089 1852 2143 lib.
1886 2086 1978 2145 λιι

406 2148 675 2222 Βελεἱυὶιᾷ
714 2168 833 2222 cap.
863 2154 953 2207 25.

476 2214 544 2273 Et
577 2214 710 2276 unus
751 2214 1000 2291 Spiritus,
1029 2234 1075 2277 et
1112 2240 1219 2277 una
1259 2224 1403 2277 salus
1437 2225 1676 2280 omnibus
1714 2228 1977 2280 credenti-

407 2289 498 2341 bus
526 2292 577 2342 in
602 2308 740 2345 eum.
771 2289 856 2362 ita
891 2303 995 2345 vet.
1032 2296 1152 2347 cod.
1202 2295 1495 2354 Caeterum,
1544 2309 1666 2347 cum
1714 2296 1976 2362 Spiritum

405 2367 651 2429 salictum
692 2360 833 2413 nulla
875 2362 926 2413 in
980 2378 1035 2415 re
1076 2371 1290 2429 separet
1328 2377 1357 2413 a
1399 2363 1503 2415 Deo
1540 2363 1698 2417 Patre
1726 2360 1780 2419 et
1819 2365 1976 2429 Filio,

404 2427 521 2498 ejus
565 2428 898 2483 divinitatem
944 2430 1038 2498 hic
1075 2427 1260 2498 aperte
1302 2432 1545 2497 agnoscit
1575 2447 1591 2484 :
1619 2434 1713 2487 sed
1760 2427 1977 2489 uberius

405 2495 581 2567 adhuc
613 2506 666 2567 et
694 2499 932 2566 apertius
963 2495 1251 2567 infra'cap.
1286 2495 1360 2551 22
1382 2508 1436 2552 et
1464 2500 1531 2552 57
1565 2501 1687 2555 libri
1721 2503 1896 2567 lmjus,
1916 2514 1979 2566 ιι

404 2566 603 2685 gas-sim
635 2566 730 2621 lib.
778 2582 831 2629 v,
865 2582 930 2620 ex
973 2569 1167 2636 quibus
1206 2566 1499 2621 Sententiis
1547 2585 1651 2622 non
1702 2566 1973 2626 dubitavit

449 2634 633 2685 asilius
678 2635 899 2685 Magnus
941 2637 1181 2685 eiusdem
1228 2637 1463 2685 Sniritus
1503 2640 1673 2685 sancti
1717 2641 1972 2685 deitatem

449 2634 633 2705 asilius
678 2635 899 2702 Magnus
941 2634 1181 2705 ejusdem
1228 2637 1463 2703 Spiritus
1503 2640 1673 2692 sancti
1717 2641 1972 2694 deitatem

403 2703 879 2777 confirmaretlib.
902 2703 996 2777 De
1035 2706 1240 2774 Spiritu
1274 2715 1475 2771 sancto,
1510 2721 1630 2775 cap.
1664 2709 1758 2763 29.
1799 2710 1977 2777 Appa-

405 2782 510 2844 ret_
534 2772 715 2841 itaque
760 2772 1249 2844 ﬂagiIeburgettses
1277 2788 1488 2844 magna
1524 2772 1977 2843 maledicendi—li-

402 2838 586 2914 bidine
621 2838 873 2914 scribere
877 2883 892 2905 ,
934 2838 1080 2897 hunc
1117 2843 1367 2898 salictiss.
1391 2838 1694 2913 inartyrcm
1739 2840 1974 2914 Spiritus

402 2911 950 3033 sattctlimdivinitatem
1004 2927 1272 2983 nusquam
1323 2911 1588 2979 asserere,
1630 2911 1887 2969 centuriae
1940 2916 1975 2968 2

404 2992 523 3033 nua.
630 3020 644 3033 .

402 2992 523 3046 pag.
555 2992 644 3034 4υ.

504 3047 588 3102 Ea:
618 3049 682 3120 Ι.
701 3047 837 3120 Ern.
868 3048 1050 3120 Grabii
1079 3050 1501 3120 adnotationibus
1528 3052 1583 3106 in
1610 3068 1726 3120 cap.
1756 3052 1843 3106 M.

472 3115 601 3186 Pag.
626 3118 752 3172 255.
782 3119 849 3190 Et
881 3119 1112 3190 Marcus.
1147 3119 1414 3190 Memoria:
1438 3124 1642 3190 lapsum
1671 3115 1797 3190 puta
1827 3140 1841 3176 :
1880 3138 1970 3178 ne-

401 3200 505 3253 quc
532 3191 674 3241 enim
710 3190 760 3260 iu
794 3189 853 3242 S.
884 3188 1045 3244 Marci
1077 3188 1366 3260 Evangelio
1403 3190 1506 3244 hoc
1547 3188 1856 3246 Servatoris
1886 3195 1969 3247 di-

402 3266 548 3307 ctum
576 3258 863 3324 reperitur.

474 3324 578 3389 Qui
608 3327 872 3392 peritiores
902 3324 1149 3392 apostolis
1175 3326 1351 3381 volunt
1390 3343 1519 3382 esse.
1566 3324 1764 3382 Eodem
1804 3330 1976 3387 dicte-

402 3394 865 3467 rio_b_lar_giottitas
902 3396 1227 3467 perstrinxit
1266 3411 1426 3461 supra
1466 3398 1559 3451 lib.
1608 3412 1703 3467 tu,
1724 3413 1842 3467 cap.
1884 3398 1970 3463 l2,

403 3478 457 3533 n.
495 3462 580 3533 l3.
624 3461 773 3533 Unde
810 3473 866 3516 et
901 3461 987 3516 hic
1018 3465 1231 3518 eosdem
1274 3467 1574 3531 respexisse
1605 3461 1817 3533 colligo,
1852 3461 1977 3523 licet

400 3530 467 3584 de
512 3532 780 3653 haereticis
825 3533 1079 3587 universe
1137 3535 1212 3588 ita
1265 3530 1379 3588 fere
1423 3534 1703 3603 scripserit
1736 3530 1847 3591 'lib.
1888 3553 1970 3605 tu,

400 3614 521 3653 can.
593 3638 609 3653 .

400 3614 521 3666 cap.
552 3614 609 3653 2.

475 3668 643 3723 Nemo
675 3671 933 3740 cognovit.
967 3670 1142 3736 Dices,
1173 3670 1455 3727 Marcionis
1482 3687 1696 3741 quoque
1733 3668 1969 3730 codicem

400 3737 615 3821 _Lu_c..x
663 3737 809 3821 (nam
858 3742 915 3795 S.
976 3742 1214 3821 matutini.
1266 3737 1971 3821 Evangelium_rej_iciebat)

400 3808 746 3880 habuissein
788 3811 1039 3880 przesenti
1072 3827 1085 3863 :
1118 3829 1136 3861 ι
1171 3808 1336 3863 Nemo
1362 3808 1464 3864 scit
1493 3813 1583 3880 qui
1617 3814 1687 3866 sit
1728 3808 1911 3879 Pater,
1948 3808 1965 3865 ἱ

398 3888 458 3932 ut
487 3879 912 3952 ex__Tertulliani
941 3880 1033 3952 lib.
1063 3890 1326 3952 ivit-ontra
1374 3879 1716 3952 ipsuni,.cap.
1752 3882 1843 3945 25,
1875 3900 1971 3952 pa-

398 3958 496 4019 tet.
550 3950 699 4004 Unde
740 3965 837 4004 nec
878 3950 1207 4019 Epiphanius
1253 3950 1442 4003 lateres.
1471 3949 1563 4013 42,
1590 3949 1678 4006 ubi
1720 3949 1901 4005 omnia
1938 3968 1965 4006 a

398 4016 672 4073 Marcione
723 4016 991 4087 corrupta
1028 4019 1143 4072 loca
1180 4028 1365 4088 notat,
1417 4020 1575 4088 hujus
1623 4022 1785 4073 ullam
1838 4022 1969 4076 facit

397 4090 749 4142 mentionem.
804 4089 1124 4157 lii-spondeo
1176 4087 1522 4144 Marcionitas
1562 4090 1751 4154 videri,
1810 4092 1969 4157 paulo

396 4166 518 4224 post
547 4158 731 4211 lreuaai
760 4166 992 4219 aetatem,
1030 4159 1170 4210 hunc
1193 4161 1752 4228 t_extumgcorrexisse.
1786 4158 1969 4228 Neque

396 4228 537 4280 enim
564 4228 805 4297 religioni
835 4228 967 4295 ipsis
997 4228 1163 4297 [ιιὶεξθ
1192 4224 1539 4297 Evangelium
1579 4229 1808 4282 subinde
1846 4224 1967 4281 nin-

397 4304 534 4357 tare,
582 4294 806 4350 Tertull.
843 4294 960 4363 cap.
1008 4296 1041 4350 5
1087 4296 1236 4349 citati
1280 4294 1402 4349 libri
1450 4297 1831 4352 animadvertit
1882 4300 1967 4352 his

396 4366 615 4420 verbis:
658 4383 676 4416 ι
710 4366 843 4419 Nam
890 4374 944 4417 ct
983 4365 1224 4432 quotidie
1269 4364 1566 4435 relorinant
1611 4365 1765 4431 illud,
1808 4376 1967 4435 prout

394 4448 423 4504 ῃ
467 4436 621 4489 nobis
649 4435 1295 4504 quotidieirevincuntnn.
1333 4434 1568 4504 rMirum
1607 4446 1785 4489 autem
1810 4434 1964 4504 quod

393 4501 635 4558 Justinus
667 4501 745 4559 Μ.
782 4503 936 4570 Apol.
966 4519 1003 4568 I,
1036 4518 1158 4570 pag.
1189 4502 1309 4567 I22,
1343 4503 1438 4557 lin.
1481 4504 1553 4557 20
1590 4519 1766 4572 seqq.,
1796 4501 1963 4560 verba

392 4572 595 4627 Christi
628 4574 896 4641 citaverit,
931 4574 1242 4641 periudeiut
1273 4573 1509 4641 haeretici
1538 4573 1796 4639 legerunt.

466 4643 526 4695 Si
551 4653 723 4696 autem
749 4640 987 4695 Christus
1011 4651 1131 4693 tunc
1155 4640 1412 4693 inchoavit
1445 4657 1574 4697 esse.
1611 4642 1837 4697 Sensum
1863 4642 1965 4698 hoc

392 4710 511 4765 loco
542 4712 700 4765 talem
735 4726 854 4765 esse
878 4710 1108 4779 conjicio
1133 4728 1146 4763 :
1181 4711 1302 4763 licet
1332 4708 1568 4764 Marcion
1595 4727 1716 4765 cum
1746 4712 1964 4766 Ebioni-

393 4782 462 4833 tis
500 4782 732 4835 absurde
766 4794 1067 4849 supponere
1092 4779 1367 4849 voluisset,
1392 4779 1668 4834 Christum
1703 4790 1829 4835 tunc
1856 4783 1962 4835 itii-

393 4852 525 4903 tium
551 4852 783 4917 cepisse,
809 4865 930 4902 cum
977 4850 1043 4903 de
1086 4848 1249 4902 Maria
1282 4848 1498 4917 Virgine
1537 4859 1695 4903 natus
1726 4862 1833 4915 est,
1863 4867 1961 4906 nec

391 4930 548 4973 antea
586 4916 820 4973 Verbum
867 4918 1222 4988 substantiale
1278 4916 1453 4988 Patris
1498 4920 1805 4984 exstitisse,
1858 4936 1954 4988 per

390 4990 530 5055 quod
568 5004 645 5060 se,
670 4988 952 5057 prophetis
992 4986 1217 5060 aliisque
1261 4987 1730 5060 manifestaverit;
1792 4986 1945 5060 151

390 5064 566 5127 "neque
603 5056 684 5113 sic
729 5067 909 5128 tamen
955 5056 1224 5110 diversum
1246 5058 1339 5128 Aab
1370 5070 1455 5128 eo,
1491 5073 1649 5126 quem
1680 5056 1952 5128 propitia}:

390 5125 785 5197 cognoverunt,
832 5127 1002 5180 Deum
1049 5126 1351 5197 tingendum
1384 5125 1583 5197 fuisse,
1630 5125 1725 5182 sed
1776 5125 1955 5197 potius

390 5194 764 5264 inquirendum
796 5210 958 5264 quam
1009 5196 1079 5249 ob
1121 5209 1338 5249 causam
1379 5194 1521 5250 Deus
1570 5194 1957 5252 veteris'testa-

390 5268 576 5331 menti,
607 5266 854 5320 humanae
890 5264 1083 5320 salutis
1120 5265 1451 5331 incuriosus,
1478 5276 1584 5321 tam
1626 5268 1715 5323 diu
1742 5283 1803 5323 se
1830 5272 1957 5323 abs-

387 5337 652 5388 conderit.

458 5403 583 5475 Pag.
629 5404 758 5459 254.
802 5402 1176 5475 Πινασκθᾲυεο
1219 5404 1364 5458 nobis
1392 5405 1670 5472 prtrbente.
1714 5406 1795 5475 Ad
1835 5407 1951 5461 haec

388 5473 558 5543 usque
582 5475 767 5535 verba,
801 5475 917 5529 sive
953 5473 1240 5537 inclusive,
1275 5478 1390 5528 sive
1417 5475 1717 5541 exclusive,
1747 5474 1947 5529 Justini

387 5540 562 5595 let-itm
595 5545 840 5613 pr0tendi
879 5554 1027 5613 puto.
1064 5543 1233 5610 Cujus
1262 5544 1337 5613 rei
1370 5545 1634 5598 certiores
1672 5540 1793 5599 esse
1823 5560 1947 5613 pos-

385 5626 587 5679 setuus,
614 5610 659 5665 si
681 5610 906 5666 citatum
935 5624 1122 5667 contra
1150 5612 1471 5670 Marcioneiu
1496 5613 1781 5687 σύνταγμα
1802 5610 1949 5671 esset

455 5751 501 5783 ⁵⁸
523 5751 640 5809 Lib.
676 5766 715 5817 ι,
743 5765 793 5806 c.
834 5752 921 5806 17.
995 5752 1039 5784 ⁸⁸
1070 5752 1222 5807 Orat.
1251 5752 1319 5805 ad
1354 5750 1599 5809 Graeca.

2090 563 2299 633 tt,’pag.
2330 563 2431 616 l66
2457 578 2569 630 seq.

2266 629 2644 684 Adnotationes
2673 630 2769 684 Fr.
2809 629 3153 685 Feuardentii
3182 632 3233 684 in
3261 647 3380 696 cap.
3409 631 3502 685 l5.

2159 700 2287 771 Pag.
2336 702 2463 761 255.
2508 699 2575 752 Et
2625 702 2809 771 doetus
2852 702 3326 769 representation.
3378 700 3453 754 De
3470 702 3667 771 _trium

2089 769 2305 824 illoru'm
2335 772 2674 839 apparitione
2704 770 2962 837 loquitur,
2996 785 3227 837 quorum
3262 785 3428 822 unum
3469 769 3665 823 Filium

2088 839 2180 893 Dei
2214 840 2400 905 fuisse,
2430 855 2586 907 quem
2624 841 2884 899 adorarit.
2907 851 2959 891 et
2994 840 3276 892 Dominum
3304 839 3474 891 Deum
3506 854 3664 907 suum

2088 911 2312 972 vocarit,
2352 906 2545 976 magna
2587 910 2902 969 concordia,
2931 910 3125 976 docent
3168 907 3416 961 Justinus
3443 909 3496 959 in
3532 906 3667 960 Dia-

2082 977 2223 1046 lggo,
2279 975 2508 1032 Tertull.
2559 979 2655 1031 lib.
2727 977 2802 1030 De
2848 994 3006 1030 carne
3080 975 3301 1046 Christi.
3348 985 3406 1029 et
3454 976 3557 1034 lib.
3608 993 3666 1031 ιιι

2082 1044 2281 1101 contra
2327 1047 2673 1109 Marcionem,
2723 1046 2983 1100 Eusebius
3024 1047 3119 1101 lib.
3167 1062 3183 1099 ι
3228 1045 3401 1111 Hist.,
3433 1060 3558 1109 cap.
3612 1048 3664 1111 l,

2082 1117 2413 1171 Athanasius
2498 1131 2664 1170 scrin.
2731 1115 2766 1169 5
2815 1128 3004 1169 contra
3078 1116 3332 1177 Arianos,
3421 1115 3665 1169 llilarins

2080 1185 2174 1240 lib.
2212 1202 2261 1240 tv
2302 1187 2377 1240 De
2425 1184 2699 1255 Trinitate,
2759 1184 2944 1255 Cyrill.
3004 1184 3236 1255 Jerosol.
3273 1186 3552 1255 catechfsi
3601 1186 3661 1238 ιι

2078 1267 2134 1308 et
2168 1256 2263 1319 i2;
2300 1255 2617 1311 Ambrosius
2655 1254 2747 1311 lib.
2786 1252 2821 1306 ti
2868 1254 2943 1309 De
2964 1253 3251 1314 Abraham,
3300 1268 3421 1321 cap.
3464 1252 3524 1319 5,
3556 1256 3668 1307 Au-

2081 1336 2225 1392 gust.
2258 1326 2350 1380 lib.
2384 1340 2419 1378 ιι
2456 1322 2527 1376 De
2558 1323 2731 1392 Trin,
2759 1338 2873 1390 cap.
2910 1325 2973 1377 10
3002 1335 3056 1376 et
3087 1325 3174 1377 ll.

2155 1396 2237 1447 lix
2266 1396 2461 1448 semine
2499 1395 2634 1461 ejus.
2680 1391 2751 1446 Ita
2795 1393 3079 1463 restituere
3119 1407 3183 1445 ex
3218 1402 3322 1446 vet.
3369 1393 3524 1451 cod.,
3568 1409 3666 1463 pro

2087 1482 2105 1514 ε
2129 1479 2196 1518 ex
2226 1476 2496 1526 sermone,
2522 1480 2540 1513 ι
2578 1464 2752 1517 visum
2796 1471 2897 1514 est.
2932 1461 3103 1516 Porro
3134 1476 3239 1516 nou
3279 1461 3580 1529 vulgarent
3610 1474 3664 1516 et

2085 1533 2280 1587 intimre
2308 1531 2635 1585 conditionis
2662 1531 2894 1584 Abrahae
2933 1531 3122 1594 lilium,
3170 1530 3481 1585 Simeonem
3516 1532 3662 1585 hunc

2083 1601 2247 1656 fuisse
2285 1600 2501 1654 tradunt
2541 1600 2775 1655 llebrzci.
2822 1598 3099 1667 Siquidem
3142 1600 3499 1654 Talmudista:
3539 1616 3663 1654 ma-

2082 1671 2171 1739 gni
2229 1669 2440 1725 Hillelis
2497 1672 2843 1739 auditorem.
2900 1668 3216 1723 Gamalielis
3275 1678 3459 1739 autem
3516 1686 3661 1738 pra:-

2082 1738 2353 1805 cepmt'etn
2387 1754 2508 1792 eum
2541 1738 2774 1801 iaciunt;
2809 1746 2969 1805 atque
3008 1754 3172 1791 unum
3206 1753 3268 1791 ex
3322 1738 3428 1800 his,
3461 1740 3556 1805 qui
3594 1740 3662 1792 ad

2084 1756 2143 1793 ce
2187 1756 2353 1794 torem
2387 1756 2508 1792 eum
2541 1756 2774 1801 tactum;
2809 1756 2969 1805 atque
3008 1756 3172 1791 unum
3206 1756 3268 1791 ex
3322 1756 3428 1800 ms,
3461 1756 3556 1805 qui
3594 1756 3662 1792 au

2084 1756 2364 1877 collegium
2400 1807 2726 1877 Sanhedrin.
2762 1807 2902 1874 quod
2934 1818 3211 1874 sceptrum
3250 1805 3390 1877 Juda
3425 1818 3662 1875 putave-

2085 1875 2244 1941 runt,—
2280 1878 2624 1945 pertinuerit.
2677 1875 2991 1945 Rursusque
3035 1876 3294 1928 miracula
3346 1877 3401 1927 in
3458 1878 3662 1944 templo

2083 1963 2186 2000 non
2213 1948 2445 2001 defuisse
2469 1946 2827 2015 quadraginta
2859 1945 3038 2015 anuis,
3059 1945 3255 2013 quibus
3277 1946 3391 2012 ipse
3423 1946 3661 1998 Domino

2082 2018 2432 2072 ministravit.
2466 2012 2743 2069 Nicodem.
2785 2013 2837 2066 in
2876 2012 3015 2066 Hist.
3048 2012 3191 2080 pass.
3219 2024 3266 2066 et
3297 2029 3467 2068 resur.
3503 2029 3660 2066 sum.

2080 2101 2226 2138 mum
2274 2084 2609 2140 sacerdotem
2651 2084 2815 2137 semel
2858 2092 2912 2135 et
2956 2082 3153 2136 iterum
3196 2082 3343 2135 illum
3390 2087 3658 2150 appellat.

2080 2153 2301 2221 Niceph.
2338 2155 2436 2207 lib.
2471 2171 2511 2219 ι,
2540 2168 2659 2221 cap.
2694 2152 2782 2211 l2,
2815 2150 2962 2221 illum
2990 2152 3273 2221 dignitate,
3308 2152 3536 2220 virtute,
3575 2154 3659 2205 vi-

2083 2220 2256 2292 taeque
2298 2224 2590 2277 sanctitate
2616 2220 2773 2292 inter
2819 2220 3037 2292 .ludaeos
3082 2220 3407 2292 escellnisse
3445 2225 3657 2278 docet:

2079 2288 2199 2359 quae
2244 2293 2503 2346 adnotare
2548 2291 2746 2359 placuit
2786 2290 3047 2359 adversus
3081 2288 3657 2358 Magdeburgensiutn,

2081 2357 2284 2415 Brcntii
2319 2370 2375 2415 et
2412 2357 2620 2414 Calvini
2656 2368 2983 2428 praepostera
3014 2357 3240 2428 judicia,
3273 2357 3477 2425 quibus
3513 2363 3662 2414 hunc

2119 2432 2349 2482 rivatum
2395 2426 2835 2489 homuncionem,
2880 2440 3062 2480 senem
3107 2426 3359 2491 delirum,
3401 2432 3662 2484 obscura

2103 2501 2255 2563 amae,
2288 2498 2543 2568 nulloque
2573 2497 2855 2567 dignitatis
2884 2506 2980 2548 aut
3006 2495 3163 2549 ollicii
3192 2496 3418 2551 nomine
3445 2500 3658 2553 clarum

2079 2568 2309 2622 faciunt.

2152 2635 2309 2688 Nunc
2342 2635 2585 2688 remittis.
2619 2632 2806 2689 Graece
2831 2641 2913 2688 est
2943 2632 3231 2698 ἀπολύεις,
3266 2634 3319 2687 id
3362 2645 3450 2689 est
3492 2636 3659 2692 dece-

2078 2702 2239 2757 dendi
2266 2720 2333 2757 ex
2360 2705 2460 2759 hac
2481 2706 2589 2758 vita
2614 2712 2936 2772 petestatem
2967 2703 3119 2770 facis,
3150 2716 3206 2756 ut
3230 2704 3486 2772 patribus
3517 2708 3659 2762 meis

2077 2773 2358 2827 adiungat.

2142 2789 2904 2914 ﬁnali-relationeoculorum.
2945 2839 3155 2914 Crteee,
3191 2842 3271 2914 ei;
3303 2842 3660 2914 ᾲποκάλνψιν

2075 2910 2245 2964 ἐθνῶν
2277 2929 2291 2964 :
2322 2923 2475 2981 vetus
2507 2912 2696 2973 codex,
2733 2922 2787 2964 et
2816 2911 3039 2981 vulgata
3072 2912 3241 2981 editio
3272 2912 3340 2965 ad
3384 2910 3654 2981 verbum;

2081 3000 2099 3031 ι
2125 2982 2190 3034 ad
2227 2980 2607 3035 revelationem
2640 2981 2899 3046 gentium.
2926 2999 2960 3048 »ν
2982 2980 3085 3034 Alii
3113 2981 3330 3048 quidam
3356 3020 3372 3045 ,
3412 3000 3431 3031 ε
3464 2980 3655 3037 lumen

2078 3051 2419 3105 revelandum
2468 3051 2784 3117 gentibus,»
2828 3058 2885 3103 ut
2922 3047 2991 3103 sit
3036 3047 3226 3104 allusio
3271 3052 3339 3101 ad
3383 3053 3655 3106 vaticinia

2078 3118 2245 3184 Isaiae,
2273 3134 2391 3187 cap.
2422 3132 2653 3184 tx,.xt.tt.
2686 3131 2737 3174 et
2768 3134 2914 3174 xux.

2001 3163 2043 3219 (δ
2079 3163 2940 3255 misit'regiedéiii‘ef'lie'l‘evhiius
2971 3206 2990 3241 t
3016 3189 3350 3259 egredienle,
3377 3204 3397 3240 ι
3442 3192 3655 3246 veteris

2077 3258 2198 3311 cod.
2224 3269 2369 3311 auct.

2369 3325 2619 3395 Ejusdem
2647 3326 3010 3381 adnotationes
3035 3328 3086 3396 in
3114 3343 3229 3396 cap.
3262 3326 3350 3381 16.

2148 3394 2277 3465 Pag.
2304 3394 2430 3449 255.
2468 3397 2590 3448 Νοη
2622 3399 2758 3449 enim
2794 3406 3017 3449 tantum.
3064 3394 3457 3450 Proiuissiunes
3492 3396 3655 3454 facta

2074 3464 2330 3527 Abrahae,
2375 3465 2721 3532 ejusdemque
2769 3466 3056 3519 exsultatio
3108 3467 3175 3519 de
3216 3465 3384 3519 futuri
3434 3466 3655 3521 Messias

2078 3537 2434 3603 praenotione,
2465 3536 2626 3588 etiam
2657 3536 2721 3587 ad
2748 3545 2995 3602 posmros
3024 3536 3139 3603 ejus
3162 3545 3218 3586 et
3248 3544 3438 3601 gentes
3465 3539 3653 3590 credi-

2079 3615 2229 3656 turas
2259 3606 2552 3672 pertinent.
2585 3603 2702 3672 ipse
2736 3618 2865 3656 vero
2894 3603 3117 3657 Messias
3157 3618 3280 3656 cum
3318 3604 3485 3669 venit,
3532 3615 3650 3658 tum

2074 3687 2173 3741 per
2201 3688 2279 3737 se,
2339 3682 2451 3725 tum
2488 3687 2583 3740 per
2636 3674 2840 3742 legatos
2894 3689 3044 3738 suos,
3104 3688 3270 3726 unum
3314 3672 3485 3726 Deum
3519 3676 3651 3729 huic

2075 3744 2275 3795 mundo
2306 3743 2590 3795 nuntiavit.

2144 3810 2260 3863 Hoc
2285 3822 2457 3879 autem
2486 3810 2606 3878 fecit
2637 3809 2811 3865 Iesus.
2841 3810 3041 3866 Locum
3072 3813 3217 3863 hunc
3236 3810 3425 3864 eodem
3454 3825 3647 3879 sensu,

2073 3888 2127 3933 et
2158 3881 2348 3934 iisdem
2388 3878 2504 3935 fere
2544 3884 2719 3934 verbis
2754 3882 3141 3949 interpretatur
3184 3879 3437 3949 Clemens
3481 3878 3645 3940 Alex.

2075 3950 2242 4002 Deum
2286 3965 2352 4002 ex
2388 3949 2651 4017 lapidibus
2693 3950 2830 4005 tllios
2872 3948 3103 4003 Abrahae
3151 3948 3463 4015 suscitasse,
3515 3966 3643 4005 cum

2071 4017 2336 4083 justitiam
2373 4027 2425 4072 et
2464 4020 2645 4073 cordis
2691 4020 2943 4074 duritiem
2977 4024 3194 4081 eorum,
3244 4017 3333 4085 qui
3368 4020 3647 4088 lapidibus

2068 4088 2320 4146 duriores
2366 4098 2653 4143 evaserant
2704 4092 2963 4142 adversus
3015 4088 3331 4150 veritatem,
3381 4090 3647 4143 excitavit

2072 4170 2257 4227 semen
2287 4158 2508 4224 pietatis
2540 4159 2591 4210 iu
2623 4157 2818 4221 Deum,
2850 4158 3105 4210 virtutem
3130 4158 3374 4227 sentiens
3403 4174 3469 4211 ex
3505 4160 3644 4227 lapi-

2069 4226 2229 4279 dibus
2260 4227 2384 4288 illis.
2419 4241 2609 4295 nempe
2649 4229 2920 4295 gentibus,
2954 4241 3081 4295 qua:
3118 4226 3465 4295 crediderunt
3499 4226 3644 4295 lapi-

2069 4295 2310 4365 dibus‘i.
2363 4293 2563 4351 Eodem
2622 4293 2780 4365 pacto
2832 4304 2888 4349 et
2940 4293 3278 4349 Gaudentius
3326 4293 3639 4360 lirixiauus.

2071 4373 2231 4418 tract.
2256 4364 2291 4418 2
2315 4365 2367 4419 in
2396 4366 2606 4433 Evaug.

2143 4432 2207 4486 Et
2239 4452 2271 4486 a
2297 4438 2488 4488 nostris
2523 4430 2689 4487 duris.
2728 4450 2747 4485 ι
2777 4432 2987 4487 Nostris
3018 4450 3037 4483 ι
3073 4430 3378 4485 addidimus
3419 4448 3486 4487 ex
3524 4447 3634 4489 vet.

1998 4489 2041 4543 Ῑ)
2069 4506 2217 4569 cod.,
2249 4514 2305 4557 et
2336 4522 2354 4555 ι
2380 4505 2548 4567 duris,
2574 4524 2593 4556 ι
2631 4519 2697 4556 ex
2740 4505 2991 4556 omnibus
3031 4504 3245 4555 excusis
3284 4507 3634 4569 rctinuimus,

2069 4587 2377 4641 quanquam
2410 4576 2460 4627 id
2490 4573 2695 4628 nesciat
2722 4583 2829 4628 vet.
2867 4574 2988 4641 cod.
3026 4594 3037 4605 ι

2140 4642 2215 4711 Si
2234 4639 2606 4710 cognovissetis
2635 4657 2735 4706 me,
2766 4652 2813 4694 et
2856 4639 3069 4695 Patrem
3101 4658 3271 4696 meum
3302 4643 3641 4711 cognovisse-

2068 4713 2155 4766 tis.
2203 4710 2280 4764 Ita
2329 4722 2434 4766 vet.
2481 4714 2600 4766 cod.
2652 4712 2869 4775 Excusi,
2919 4728 2937 4760 ι
2969 4714 3014 4765 si
3062 4710 3387 4780 coguowstis
3434 4727 3545 4775 me,
3587 4726 3644 4767 et

2066 4781 2280 4835 Patrem
2337 4795 2515 4835 meum
2565 4782 2916 4849 coguovistis.
2950 4798 2969 4830 ι
3018 4780 3134 4835 Vet.
3184 4782 3306 4834 cod.
3360 4793 3643 4836 consent.t

2066 4854 2234 4907 editio
2271 4851 2504 4920 vulgata,
2532 4865 2655 4904 cum
2681 4852 2860 4903 littera
2887 4850 3074 4904 Graeca
3101 4849 3306 4919 Evaug.

2340 4962 2595 5035 Ejusdem
2624 4963 2991 5018 adnotationes
3022 4963 3076 5017 in
3104 4979 3222 5033 cap.
3257 4964 3346 5025 ΓΙ.

2128 5058 2259 5128 Pag.
2294 5055 2418 5111 256.
2454 5055 2676 5124 Propter
2700 5057 2795 5128 hoc
2823 5053 3040 5128 (adiri:
3070 5053 3244 5128 Judaei
3267 5068 3299 5108 a
3331 5054 3641 5128 Deo_Patre

2060 5124 2232 5183 simul
2268 5128 2604 5191 defecerunt,
2639 5135 2698 5179 et
2742 5126 2972 5181 Verbum
3011 5126 3151 5191 Dei,
3196 5126 3247 5179 id
3301 5135 3389 5179 est
3432 5124 3637 5181 Filium

2066 5202 2205 5265 ejus,
2239 5197 2518 5265 prophetis
2553 5197 2753 5248 sensim
2785 5209 2907 5249 sese
2932 5195 3390 5257 manifestautem,
3418 5206 3478 5248 ct
3509 5212 3635 5249 cum

2060 5267 2245 5330 Patre,
2286 5282 2350 5320 ac
2391 5265 2595 5333 Spiritu
2625 5276 2813 5318 sancto
2841 5275 3040 5319 cuncta
3083 5266 3405 5319 condentem
3448 5280 3516 5319 ac
3550 5281 3636 5319 re-

2063 5346 2299 5405 gentem,
2331 5336 2536 5403 perlide
2562 5335 2894 5401 repulerunt.

2133 5408 2214 5458 Ad
2262 5402 2531 5471 Abraham
2572 5412 2620 5456 et
2669 5405 2867 5457 Aaron.
2916 5403 3142 5459 Tertull.
3194 5403 3290 5459 lib.
3341 5402 3417 5457 De
3470 5419 3634 5457 carne

2055 5474 2293 5529 Christi:
2328 5492 2345 5523 ο
2370 5476 2616 5529 Christus
2656 5487 2778 5527 cum
2825 5475 3030 5543 angelis
3070 5475 3209 5544 apud
3254 5473 3535 5525 Abraham
3578 5488 3630 5523 ιιι

2052 5547 2287 5598 veritate
2331 5544 2511 5597 carnis
2555 5544 2819 5611 apparuit,
2860 5546 2954 5597 sed
3003 5547 3238 5597 nondum
3286 5552 3451 5603 natae,
3501 5544 3630 5608 quia

2053 5617 2608 5670 uoudummoriturze.
2639 5633 2657 5666 υ
2695 5613 2806 5667 lloc
2838 5614 2977 5667 idem
3010 5616 3227 5683 copiose
3261 5613 3483 5666 discutit
3511 5616 3630 5664 Au-
