3970 6378
351 348 482 428 17οί

1622 374 1687 428 IN
1728 371 1851 427 LIB.
1897 373 1957 427 IV
2002 371 2058 429 S.
2098 372 2366 431 ΙΕΕΝΕΙ.

3455 382 3594 441 1702

348 500 501 571 εηειιἶ
522 491 717 571 liba"!
757 490 949 571 Contra
983 494 1290 561 Maximin.,
1319 512 1438 568 cap.
1465 496 1556 552 26.
1591 495 1754 551 Vetus
1788 497 1910 551 cod.
1946 500 1991 555 Α
2019 495 2507 571 ερῐεηάοτςᾲρριῂε
2538 498 2763 571 figuram
2792 518 2819 571 t
2846 513 2997 562 vero.
3048 508 3254 555 natura:
3288 501 3587 571 aequalitas.

351 575 458 616 non
487 562 650 616 habet
682 580 700 613 ε
726 572 779 616 et
810 566 1013 617 Aaron.
1047 586 1064 618 ι

424 630 529 703 Hic
559 633 715 703 enim.
760 631 925 703 Vetus
954 636 1073 691 eod.
1113 654 1131 686 α
1164 635 1284 689 llaec
1316 635 1457 689 enim
1489 635 1683 698 Filius,
1713 637 1802 703 qui
1833 645 1917 691 est

354 697 592 773 Verbum
612 699 735 773 Dei,
765 702 833 755 ab
863 704 1015 773 initio
1044 707 1418 773 praestruebat.
1451 724 1469 756 ι
1496 735 1562 745 -
1590 724 1608 755 ι
1633 697 1917 759 Ρτεῖεινιιρο

351 768 442 822 bat
472 788 491 821 ι
524 771 752 833 retineo,
783 774 925 838 quod
958 768 1220 828 laniiliare
1246 777 1316 829 sit
1341 774 1695 838 Tertulliano,
1725 784 1777 829 et
1807 791 1913 828 non

340 848 411 903 mi
422 856 537 893 rum
570 842 710 907 apud
742 840 1021 895 Irenaeum.

423 909 555 991 Qua:
582 909 723 977 facta
753 920 894 964 sunt.
928 910 1034 965 Sex
1060 912 1159 966 has
1191 926 1353 967 voces
1384 911 1761 968 desiderabant
1791 913 1911 969 cod.

349 991 558 1032 CXCIISI.

420 1047 687 1121 Ministrat
712 1050 851 1121 enim
879 1050 946 1104 ei.
971 1049 1257 1121 Contendit
1288 1052 1578 1121 prmeipue,
1611 1052 1775 1104 Deum
1803 1050 1909 1105 Pa-

351 1125 491 1191 trem
520 1118 822 1191 ministerio
851 1118 1302 1191 angelorumgnon
1329 1118 1542 1191 eguisse
1570 1123 1637 1173 ad
1670 1123 1910 1191 conden-

350 1185 561 1259 das‘res
586 1188 886 1259 universas,
915 1185 971 1242 ut
1004 1198 1125 1257 post
1158 1185 1433 1244 Simonein
1464 1189 1698 1259 Magum,
1726 1200 1773 1259 et
1808 1188 1907 1241 Ba-

348 1254 585 1321 silidem,
631 1258 971 1311 somniarunt
1004 1254 1237 1324 'quidam
1293 1254 1595 1313 Judrcorum
1661 1258 1906 1324 rabbini;

346 1337 467 1396 cum
501 1338 597 1396 per
627 1323 888 1390 Verbum,
930 1326 1005 1380 uti
1041 1323 1143 1394 per
1178 1330 1496 1396 sapientiam
1539 1337 1590 1381 et
1631 1329 1908 1393 virtutem,

344 1401 397 1446 et
420 1392 678 1460 Spiritum
698 1406 967 1457 sanctum,
985 1392 1061 1450 uti
1081 1412 1174 1463 per
1198 1392 1491 1451 bonitatem
1516 1412 1691 1460 suam,
1716 1406 1798 1450 sat
1820 1392 1909 1450 su-

345 1476 552 1535 perque
601 1463 872 1535 stilliciens
917 1466 987 1519 sit
1038 1468 1216 1533 seipso
1267 1480 1599 1535 quaecunque
1649 1464 1906 1529 voluerit,

342 1529 573 1603 ellicere.
616 1532 812 1587 Eodem
857 1549 1017 1603 sensu
1054 1529 1396 1603 intelligenda
1444 1529 1695 1603 existimo
1742 1536 1903 1587 multa

343 1597 568 1653 Patrum
622 1603 741 1667 ejus
805 1602 984 1657 saeculi
1050 1597 1389 1667 testimonia;
1449 1613 1507 1658 ut
1557 1602 1903 1666 Tertulliani,

341 1667 470 1722 dum
498 1668 589 1723 lib.
615 1669 813 1725 Contra
837 1672 1099 1727 Marcion.
1124 1683 1280 1728 vocat
1302 1672 1519 1734 Filium,
1549 1690 1568 1723 ι
1593 1673 1902 1726 ministrum

340 1734 549 1803 Patris;
582 1759 601 1791 ι
636 1750 689 1793 et
720 1740 815 1796 lib.
860 1740 1055 1795 Contra
1086 1742 1350 1802 Praxean,
1385 1761 1405 1794 ς
1431 1740 1688 1796 vicarium
1729 1741 1904 1795 Patris

2302 567 2554 637 Ejusdem
2582 567 2948 622 adnotatione:
2979 572 3033 623 in
3065 588 3179 637 cap.
3221 571 3305 626 l8.

2089 634 2217 703 Pag.
2266 635 2391 689 236.
2437 635 2615 690 Vanus
2657 651 2830 691 autem
2878 648 2927 691 et
2972 634 3229 695 Marcion.
3278 638 3392 694 Non
3428 643 3589 697 modo

2019 703 2372 777 Marcionitas
2403 716 2455 777 et
2489 706 2744 768 Cainitas.
2770 708 3063 772 Abraham,
3093 709 3336 777 aliosque
3369 718 3585 765 veteres

2017 774 2353 845 patriarchas
2394 775 2745 836 damnantes.
2795 786 2849 829 et
2889 777 3047 841 Cain,
3090 774 3358 845 gigantes,
3408 779 3587 833 Sodo-

2018 844 2177 912 mitas
2207 853 2263 895 et
2302 844 2507 897 similes
2538 846 2798 910 reprobos
2829 847 2966 901 caelo
2997 844 3283 909 donantes,
3309 847 3453 912 juste
3484 849 3586 904 hoc

2016 910 2134 963 loco
2163 913 2437 985 coarguit;
2470 927 2679 975 verum,
2704 930 2768 968 ex
2803 916 3080 985 praeclaris
3111 915 3175 969 de
3206 930 3271 969 eo
3303 910 3399 985 per
3429 917 3587 971 Chri-

2014 989 2178 1053 stum,
2230 980 2505 1053 Spiritum
2539 980 2817 1046 sanctum,
2856 983 3116 1053 Moysem,
3168 980 3383 1049 Isaia'm,
3430 985 3588 1041 lere—-

2017 1048 2203 1110 miam,
2238 1058 2291 1102 et
2324 1048 2595 1103 Danielem
2627 1053 2850 1106 redditis
2885 1048 3230 1116 testimoniis,
3260 1048 3416 1107 beato
3442 1070 3586 1109 sem-

2014 1118 2414 1191 piternoquein
2450 1120 2601 1172 ccelis
2641 1136 2759 1174 aevo
2800 1123 3048 1191 eumdem
3094 1124 3295 1191 perfrui
3330 1134 3585 1177 constan-

2016 1195 2099 1260 ter
2150 1202 2212 1240 ac
2245 1188 2525 1260 evidenter
2573 1191 2785 1260 probat.
2830 1189 2979 1245 Hanc
3028 1188 3277 1245 hairesim
3323 1193 3586 1260 ampliore

2009 1255 2376 1375 [disputatione
2412 1256 2769 1313 refutavimus
2815 1260 2905 1313 lib.
2956 1276 2972 1313 ι
3016 1261 3335 1329 Appendicis
3365 1255 3583 1316 Adrers.

2047 1340 2251 1375 ωνιιει.

2047 1340 2251 1379 ωηερε.

2292 1394 2547 1465 Ejusdem
2578 1396 2945 1451 adnotatione:
2979 1398 3031 1452 in
3061 1414 3179 1465 cap.
3218 1398 3299 1453 l9.

2082 1460 2354 1529 Pag.256.
2376 1461 2680 1518 Vindicabat
2710 1469 2869 1529 enim,
2901 1478 3005 1521 etc.
3036 1460 3285 1521 Christus
3304 1469 3499 1523 vindex
3528 1478 3583 1523 et

2012 1531 2253 1606 salvator
2284 1534 2547 1606 omnium,
2578 1536 2812 1587 maxime
2842 1545 3021 1590 autem
3058 1537 3295 1606 lidelium
3322 1540 3413 1606 qui
3448 1556 3584 1605 qua-

2009 1601 2127 1653 dam
2155 1602 2473 1655 excellentia
2499 1602 2754 1656 dicuntur
2779 1619 2959 1659 semen
2984 1604 3239 1667 Abrahai,
3271 1601 3388 1661 illos
3413 1601 3579 1662 etiam

2008 1669 2203 1745 diebus
2228 1668 2585 1745 sabbatorum
2631 1688 2861 1745 curans,
2900 1689 3003 1745 non
3041 1676 3208 1745 solvit
3238 1674 3428 1745 legum,
3482 1677 3579 1730 sed

2006 1739 2349 1812 adimplevit;
2397 1755 2517 1793 cum
2570 1742 2732 1795 etiam
2789 1742 2895 1797 illis
2950 1743 3160 1806 diebus,
3221 1739 3582 1812 et'paivulns

340 1805 540 1882 divini;
567 1807 808 1882 i_Jus_tini
833 1825 1045 1882 quoque
1067 1813 1320 1882 martyris
1342 1811 1392 1864 in
1421 1810 1659 1882 Dialogo,
1686 1812 1900 1882 quando
1935 1819 1977 1877 Β
2003 1805 2414 1882 circumcidere,
2441 1821 2495 1862 et
2526 1824 2781 1878 pecorum
2814 1827 2999 1866 curaui
3034 1812 3232 1867 habere
3261 1805 3434 1868 Ju'dati
3469 1829 3578 1868 non

340 1873 533 1928 Filiqu
566 1876 713 1932 Patri
752 1897 770 1929 ε
805 1873 1226 1945 ministrantem;
1262 1890 1316 1934 et
1351 1873 1741 1935 sententiarum
1787 1881 1903 1947 ejus

338 1955 714 2016 exsecutorem
742 1966 759 1999 ι
789 1948 1042 2016 appellat.
1074 1948 1232 2004 Duris
1262 1950 1406 2001 enim
1448 1948 1646 2014 alioqui
1676 1948 1760 2002 his
1796 1949 1906 2003 for-

340 2013 501 2067 mulis
528 2014 800 2086 loquendi,
829 2013 1249 2086 haudquaquam
1286 2017 1478 2071 Filium
1524 2016 1615 2070 Dei
1653 2033 1681 2071 a
1728 2018 1903 2071 Patris

338 2091 527 2155 natura
564 2086 825 2155 alienum,
861 2094 953 2138 aut
998 2096 1265 2155 potestate
1307 2086 1619 2140 inferiorem
1654 2101 1775 2140 esse
1807 2102 1902 2140 vo-

336 2148 481 2215 lunt;
516 2154 611 2207 sed
643 2154 725 2207 vel
756 2148 1395 2218 ordinem-emissionum,
1430 2155 1514 2207 vel
1552 2156 1745 2207 seriem
1788 2156 1901 2209 dis-

339 2218 617 2293 tinctionis
661 2224 1022 2293 hypostaseon
1048 2224 1300 2278 innuunt.
1328 2224 1435 2277 Aut
1461 2225 1693 2292 denique
1733 2226 1904 2278 deita-

341 2295 450 2341 tem
498 2291 710 2362 ipsam,
737 2291 1005 2361 Simulque
1045 2294 1512 2362 omnipotentiam,
1558 2291 1900 2361 sapientiam,

333 2370 549 2430 omnem
582 2361 992 2428 perfectionem,
1037 2374 1093 2417 et
1136 2361 1413 2425 virtutem,
1458 2376 1620 2430 quam
1664 2362 1830 2416 Pater
1872 2378 1899 2415 a

335 2425 513 2494 seipso
545 2425 725 2496 habet,
758 2430 951 2484 Filium
980 2425 1168 2498 ipsum
1207 2447 1311 2484 non
1345 2446 1373 2484 a
1418 2425 1499 2492 se,
1532 2432 1625 2484 sed
1670 2447 1698 2485 a
1741 2431 1900 2485 Patre

333 2498 602 2565 accipere,
634 2500 701 2552 ad
743 2514 972 2568 eumque
1012 2500 1126 2554 haec
1171 2502 1418 2554 universa
1465 2501 1687 2564 referre,
1726 2510 1783 2554 ut
1832 2501 1899 2555 ad

335 2577 636 2639 auctorem,
672 2568 866 2639 docent
899 2586 911 2639 ;
946 2579 1105 2639 prout
1131 2570 1347 2639 cepiose
1379 2569 1617 2637 explicat
1645 2569 1900 2625 Novatia-

332 2647 434 2685 nus
467 2638 567 2690 sub
596 2638 754 2690 linem
788 2638 911 2692 libri
945 2638 1018 2692 IJe
1052 2638 1198 2696 Trin.

403 2702 690 2758 Enimvero
734 2706 926 2761 Filium
997 2723 1159 2760 unam
1206 2716 1260 2762 et
1317 2706 1565 2762 eamdem
1616 2720 1735 2761 esse
1778 2723 1900 2762 cum

336 2771 498 2827 Patre
527 2786 581 2828 et
614 2775 817 2843 Spiritu
844 2785 1034 2831 sancto
1064 2792 1283 2830 causam
1312 2778 1540 2845 primam
1572 2776 1900 2832 eﬂectricem

329 2853 383 2896 et
406 2847 761 2898 servatricem
800 2846 964 2899 totius
993 2847 1198 2911 mundi,
1229 2863 1332 2899 non
1357 2856 1536 2899 autem
1564 2848 1711 2899 velut
1742 2847 1901 2899 inane

330 2928 394 2984 ex
426 2927 485 2984 se
516 2914 933 2967 instrumentum
968 2912 1152 2984 Patris
1182 2918 1261 2982 (ut
1298 2926 1419 2984 post
1461 2914 1695 2967 Arianos
1732 2918 1901 2984 garrit

330 2980 626 3046 Lutherus,
652 2992 707 3036 et
734 2984 1099 3037 vociferantur
1127 2980 1474 3048 calviiiiani),
1510 2998 1612 3035 non
1644 2980 1819 3036 solum
1848 2984 1898 3037 in

330 3052 773 3121 prazeedentibns
814 3067 879 3107 ae
936 3054 1289 3121 sequentibus
1346 3054 1656 3120 frequenter
1718 3068 1899 3121 gravt-

332 3129 519 3188 terque
557 3122 714 3175 docet
759 3120 1029 3188 lrenzeus;
1061 3136 1245 3175 verum
1291 3122 1454 3175 etiam
1498 3120 1775 3173 sacrorum
1810 3120 1897 3175 Di-

2009 1877 2449 1943 prohiberentur.

2077 1943 2354 1999 Continere
2390 1947 2632 2019 entlmgsic
2655 1988 2670 2012 ,
2700 1958 2803 2003 etc.
2839 1947 3034 2014 Otiari,
3069 1965 3173 2003 non
3208 1959 3326 2003 erat
3367 1950 3579 2019 simpli-

2005 2013 2142 2086 citer
2200 2014 2709 2086 s¢opusgSabbati,
2769 2022 2987 2086 quando
3036 2020 3199 2072 etiam
3266 2013 3581 2074 sacerdotes

2005 2082 2195 2157 eodem
2228 2085 2317 2137 die
2355 2084 2677 2139 ministeriis
2709 2082 2825 2140 suis
2866 2088 2919 2140 iii
2957 2088 3155 2155 templo
3186 2095 3241 2140 et
3290 2090 3577 2157 synagogis

2005 2153 2304 2216 vacabant;
2340 2157 2433 2205 sed
2468 2168 2497 2205 a
2531 2157 2790 2221 peccatis,
2823 2170 2941 2223 quae
2986 2153 3111 2209 vere
3155 2153 3371 2209 servilia
3413 2153 3578 2223 opera

2004 2232 2316 2295 censentur,
2363 2224 2914 2295 penitusabstinere,
2964 2234 3019 2278 et
3061 2226 3217 2279 bonis
3247 2240 3377 2295 erga
3410 2226 3575 2280 Deum

2004 2299 2058 2343 et
2078 2291 2397 2410 biroximuin
2431 2291 2686 2359 operibus
2727 2308 2941 2373 vacare.

2128 2369 2166 2410 ti
2213 2359 2487 2410 exsilium:
2519 2362 2692 2410 homo.
2728 2362 2931 2410 Alludit

2128 2360 2167 2411 ti
2213 2359 2487 2413 exsilium:
2519 2362 2692 2414 homo.
2727 2362 2931 2415 Alludit
2978 2362 3043 2415 ad
3102 2362 3455 2416 Hebraeorum
3504 2363 3582 2417 le-

2005 2441 2148 2495 gem,
2198 2442 2319 2497 quae
2373 2440 2584 2482 mortuo
2630 2445 2843 2483 summo
2886 2431 3162 2497 pontslice,
3221 2433 3432 2485 exsules
3484 2434 3581 2486 do-

2005 2512 2149 2569 mum
2185 2497 2362 2569 redire
2394 2500 2740 2569 permittebat
2773 2516 2785 2551 :
2835 2497 2991 2568 152
3022 2513 3078 2554 et
3108 2501 3198 2569 qui
3234 2501 3322 2554 hic
3351 2502 3574 2555 exsilia-

2005 2574 2091 2637 tus
2120 2566 2280 2619 homo
2311 2566 2535 2637 dicitur,
2563 2568 2716 2637 exsul
2743 2566 3346 2637 tantum‘signiftcatur,
3378 2570 3572 2626 Graece

2001 2633 2185 2689 forsan
2220 2636 2497 2706 nonniale
2528 2635 2867 2706 φυγαδεμτής
2901 2633 3292 2693 nominaretur.

2279 2702 2928 2773 Ejusdem'udnotationes
2962 2708 3015 2758 in
3047 2724 3163 2773 cap.
3198 2706 3289 2760 20.

2071 2769 2367 2844 Pag._‘l36.
2414 2776 2519 2844 sed
2566 2784 2616 2825 et
2647 2778 2958 2844 esurientes.
3006 2769 3278 2844 Expurgat
3322 2775 3573 2833 Christus

1997 2839 2292 2912 discipulos
2326 2858 2353 2894 a
2385 2842 2675 2895 calumniis
2716 2839 3140 2905 Pharisaeorum,
3186 2839 3439 2912 Quoniam
3485 2847 3573 2901 lex

1997 2910 2221 2981 Sabbati
2272 2926 2376 2964 non
2421 2914 2641 2964 vetabat
2681 2916 2754 2965 uti
2804 2914 2941 2968 cibis
2988 2910 3265 2981 appositis,
3320 2916 3459 2980 quod
3507 2932 3575 2969 ex

1996 2979 2171 3051 sacris
2202 2981 2365 3051 etiam
2411 2982 2641 3049 panibus
2672 2991 2897 3051 urgente
2930 2979 3254 3036 necessitate
3295 2979 3425 3037 fecit
3471 2984 3574 3036 Da-

1996 3049 2106 3102 vid.
2128 3048 2290 3122 _Adde
2320 3048 2461 3122 quod
2497 3061 2708 3104 veteres
2738 3048 3072 3122 sacerdotes,
3118 3067 3182 3105 ac
3217 3051 3437 3115 Levitie,
3480 3054 3571 3122 qui

1999 3117 2172 3171 sacris
2203 3120 2593 3190 operabantur,
2635 3120 2928 3187 apostolos,
2972 3129 3024 3174 et
3076 3122 3193 3190 pios
3244 3135 3436 3175 omnes
3485 3117 3567 3176 sa-

328 3168 1775 3261 biidr'ufm'initiandis}"(estiﬁléﬁi’is‘ﬁdiu‘éaiéiiﬁFQ
1805 3168 1897 3245 Kit
1923 3168 1966 3223 θ
1999 3168 2703 3243 croruttirChristianoruiii
2754 3168 3034 3244 minislros
3076 3168 3269 3258 laperte
3319 3191 3573 3261 designa-o

326 3258 472 3312 enim
507 3260 594 3315 ille
628 3277 643 3314 :
683 3278 701 3310 ι
727 3259 887 3314 Pater
925 3274 1077 3329 meus
1106 3262 1275 3329 usque
1318 3258 1477 3313 modo
1514 3268 1793 3327 Operatur,
1839 3270 1893 3313 et

327 3331 426 3399 ego
468 3344 666 3399 Operor
683 3330 750 3383 ⁵⁷.
781 3348 800 3381 ι
846 3330 913 3383 Et
958 3331 1009 3383 in
1049 3328 1362 3399 Proverbiis
1403 3329 1582 3398 genita
1618 3330 1893 3397 Sapientia

324 3398 456 3453 dicit
497 3398 517 3454 ἑ
555 3400 826 3464 «Quando
874 3398 1209 3466 praeparabat
1261 3398 1426 3454 cados
1477 3401 1718 3464 aderam,
1770 3412 1892 3451 cum

327 3467 444 3534 ipso
468 3481 662 3523 cuncta
685 3483 1015 3537 compOnens
1029 3466 1129 3520 ⁸⁸.»
1152 3468 1316 3538 Igitur
1340 3468 1567 3538 velcum
1589 3483 1617 3519 a
1648 3468 1895 3535 Scriptu-

327 3540 401 3591 ris
447 3541 731 3601 asseritur,
787 3554 805 3587 ι
834 3539 1015 3591 omnia
1063 3552 1158 3606 per
1189 3537 1371 3607 ipsum
1419 3537 1560 3590 farta
1605 3551 1755 3607 esse;
1801 3550 1896 3602 per

325 3620 446 3661 eum
475 3609 617 3662 facta
648 3622 769 3661 esse
792 3607 1021 3676 saecula;
1053 3606 1233 3661 omnia
1269 3608 1320 3659 in
1348 3608 1564 3676 ipso,ret
1595 3620 1690 3675 per
1716 3606 1890 3676 ipsum

322 3678 545 3731 condita
565 3676 646 3742 ";
677 3694 696 3729 ι
731 3676 818 3730 vel
854 3692 883 3730 a
918 3675 1171 3730 Patribus
1202 3675 1400 3729 dicitur
1430 3675 1595 3729 Filius
1628 3676 1679 3729 in
1708 3675 1889 3727 mundi

320 3748 620 3808 creatione,
666 3746 1147 3814 moderationeque
1191 3744 1337 3799 Patri
1390 3744 1732 3808 ministrare;
1790 3744 1890 3797 hoc

322 3828 425 3869 non
470 3827 555 3870 est
600 3817 1044 3884 intelligendum,
1095 3823 1349 3883 tanquam
1398 3825 1542 3884 esset
1590 3828 1886 3879 organum,

320 3883 810 3941 instruntentuntve
828 3884 895 3937 ab
920 3893 1112 3953 agente
1145 3896 1334 3938 natura
1365 3883 1449 3935 vel
1477 3892 1746 3950 potestate
1778 3884 1890 3953 dis-

322 3956 575 4030 tinctum;
629 3956 722 4030 sed
769 3952 1033 4008 duntaxat
1085 3954 1229 4030 velut
1271 3954 1609 4030 suppositum
1656 3952 1724 4030 ab
1753 3952 1889 4030 ipso

319 4025 478 4079 Patre
526 4026 873 4095 productum,
922 4033 976 4078 et
1020 4028 1490 4095 pr0prietate_sua
1545 4023 1886 4083 distinctum,

318 4096 403 4169 cui
433 4097 500 4150 ab
526 4092 740 4150 atterite
780 4092 1036 4169 unaemn
1064 4094 1243 4147 divina
1277 4092 1576 4169 majestate,
1608 4100 1890 4169 ac‘essenj

321 4164 391 4216 tia
418 4180 541 4229 sua,
567 4179 785 4219 onmem
808 4163 1022 4232 quidvis
1052 4178 1235 4217 secum
1265 4161 1459 4232 agendi
1491 4175 1551 4213 ac
1576 4158 1886 4232 perficiendi

317 4227 639 4308 potestatem
679 4227 1374 4308 a_c_virtutemAcontulerit.
1406 4229 1551 4308 Hine
1580 4229 1721 4308 idem
1770 4227 1881 4308 lie-

320 4300 464 4373 iiazns
502 4302 669 4373 hujus
704 4304 826 4357 libri
875 4318 997 4371 cap.
1032 4302 1068 4357 8
1109 4301 1328 4373 scripsit
1361 4317 1375 4354 :
1413 4300 1551 4373 εις(
1570 4300 1664 4366 qni
1705 4300 1884 4373 omnia

316 4372 443 4428 fecit
474 4366 597 4429 cum
634 4372 809 4427 Verbo
842 4366 969 4443 suo,
998 4373 1147 4443 juste
1187 4366 1385 4425 dicitur
1425 4370 1566 4443 Deus
1611 4376 1665 4443 et
1705 4366 1886 4419 Domi-

318 4458 438 4497 tius.
470 4463 487 4495 ι
524 4444 588 4497 Et
614 4453 740 4518 ante
774 4443 918 4518 hunc
947 4436 1191 4518 Justinus
1218 4439 1487 4518 martyr“
1521 4454 1542 4518 ε,
1567 4436 1763 4518 (Unus
1784 4451 1879 4518 re-

318 4526 443 4567 vera
496 4525 579 4569 est
627 4514 996 4568 universitatis
1043 4513 1201 4581 hujus
1248 4506 1409 4575 Deus,
1451 4509 1545 4581 qui
1595 4508 1647 4560 in
1700 4506 1878 4581 Patre,

315 4581 355 4635 F
363 4582 488 4659 i_l_io,_
503 4595 557 4639 et
587 4583 793 4652 Spiritu
818 4592 1004 4659 sancto
1027 4575 1393 4647 cognoscitur.
1419 4597 1439 4631 ι
1469 4575 1538 4632 Et
1566 4575 1837 4659 rursum"
1865 4590 1881 4629 :

321 4668 341 4701 ι
370 4652 600 4707 Verbum
630 4650 770 4707 'cuiu
817 4650 978 4705 Patre
1027 4661 1155 4705 ante
1204 4661 1490 4703 creaturas
1518 4650 1793 4701 exsistens
1832 4659 1887 4700 et

314 4735 570 4789 nascens,
610 4739 705 4794 per
747 4737 869 4777 eum
910 4721 1163 4791 primitus
1195 4730 1391 4776 cuncta
1425 4717 1668 4774 condidit
1712 4726 1767 4770 et
1797 4731 1887 4770 οι·-

313 4794 482 4845 tiavit.
514 4812 534 4845 ι

384 4860 495 4933 Sua
542 4863 807 4933 progenies
852 4870 902 4915 et
942 4860 1214 4933 ﬁguratio.
1250 4858 1456 4933 Allusio
1501 4866 1583 4933 est
1631 4856 1698 4911 ad
1730 4854 1881 4933 Pauli

314 4932 500 4996 verba,
535 4929 551 4985 ἆ
580 4929 669 5001 ιιιῇ
698 4948 820 4984 cuttt
855 4929 1205 5001 sit‘splendor
1232 4929 1417 5001 gloria:
1446 4938 1501 4982 et
1535 4929 1708 5001 figura
1742 4930 1873 5001 sub-

311 5004 522 5056 stantia:
569 4997 818 5071 ejus“,i
873 4997 1001 5063 etcf,
1056 5002 1182 5053 item
1236 4997 1304 5051 ad
1359 5001 1474 5071 haec
1530 4997 1868 5071 Sapientis:

317 5087 336 5119 ι
361 5072 572 5126 Candor
597 5067 680 5127 est
707 5073 840 5126 lueis
864 5082 1103 5133 aeternae,
1135 5080 1189 5124 et
1217 5069 1495 5136 speculum
1519 5068 1637 5121 sine
1662 5067 1872 5118 macula

312 5138 406 5195 Dei
440 5142 866 5215 tnajestatisf’._t
907 5141 1015 5215 Nec
1043 5150 1127 5215 est
1160 5140 1307 5215 quod
1335 5138 1439 5192 hoc
1470 5138 1590 5191 loco
1638 5147 1872 5215 veteres,

311 5219 406 5263 aut
438 5208 559 5267 novi
586 5212 772 5266 Ariani
800 5212 1017 5281 aliquod
1043 5209 1479 5281 itnpietatis_sua3
1510 5208 1871 5281 patrocinium

310 5290 527 5347 petant;
561 5274 1024 5352 quandoquidem,
1056 5274 1135 5332 ut'
1156 5290 1276 5349 p08t
1325 5274 1871 5352 Gregori_um_Nysse-

309 5364 459 5415 num,
488 5345 937 5423 r'l‘h'eophylactus
980 5345 1254 5415 observat,
1303 5345 1456 5423 per
1482 5345 1823 5415 splendorem
1850 5363 1869 5396 ι

309 5422 614 5494 Ostenditur
655 5416 906 5494 essentia:
954 5423 1159 5494 unitas,
1204 5416 1315 5487 qua,
1364 5416 1529 5471 Filius
1571 5424 1876 5494 comteriins

309 5499 363 5543 et
409 5491 887 5546 consubstantialis
932 5498 1015 5545 est
1065 5483 1240 5554 Patri,
1293 5502 1396 5542 non
1447 5500 1609 5541 secus
1654 5498 1717 5538 ac
1770 5483 1875 5537 luci

378 5694 420 5725 ⁸⁷
465 5696 619 5751 Joan.
651 5710 706 5758 v,
750 5693 836 5748 l7.
910 5692 955 5723 ⁵⁸
986 5690 1143 5746 Prov.
1173 5706 1290 5755 vui,
1331 5688 1422 5742 27.

306 5762 352 5798 ⁸³
384 5765 545 5820 llcbr.
581 5783 618 5835 t,
662 5756 716 5819 ὅ.
791 5764 836 5793 ⁸⁸
887 5763 1019 5831 Sap.
1050 5777 1142 5829 vn,
1174 5763 1261 5814 i6.
1336 5758 1425 5811 "i
1459 5756 1601 5811 Petr.
1649 5772 1708 5821 tt,
1758 5760 1809 5810 9.

1502 5683 1724 5739 “Joan.
1755 5701 1792 5752 ι,
1848 5692 1907 5749 '5;
1958 5683 2123 5739 ilcbr.
2162 5698 2200 5751 ι,
2242 5682 2294 5737 2.

2000 3271 2058 3309 I'U
2068 3272 2096 3308 ll
2107 3264 2146 3309 ι.

2065 3323 2195 3398 Pag.
2238 3324 2365 3379 237.
2420 3324 2680 3398 §acerdos
2728 3337 2904 3381 autem
2950 3329 3115 3383 scitus
3158 3330 3330 3398 fuerat
3375 3328 3569 3385 David.

1996 3393 2390 3467 Eodeni‘setisu
2424 3395 2593 3449 David
2636 3400 2893 3467 sacerdos
2935 3400 3023 3452 hic
3062 3393 3279 3464 dicitur,
3321 3414 3429 3467 quo
3476 3399 3571 3454 lilii

1993 3462 2217 3534 ejus,"
2260 3464 2464 3534 Regum
2510 3480 2623 3529 vni,
2689 3466 2784 3530 18,
2854 3467 3202 3534 sacerdotes;
3253 3462 3304 3522 id
3338 3462 3437 3521 'est
3471 3469 3571 3523 viri

1995 3533 2272 3616 principes
2297 3533 2683 3616 etprimates;
2713 3538 2792 3616 sic
2823 3542 2967 3616 enim
3009 3536 3147 3616 ima,
3180 3533 3277 3616 pro
3304 3551 3409 3616 quo
3426 3537 3573 3591 LXX.

1994 3602 2159 3676 ιςερεζς
2188 3603 2407 3676 habent,
2430 3607 2605 3676 _verti_t
2633 3608 2880 3676 Sanctes.
2914 3602 3027 3659 Aut'
3054 3602 3201 3662 certe
3227 3608 3279 3661 iii
3316 3602 3414 3660 hoc
3443 3621 3571 3676 par-

1996 3670 2209 3724 ticulari
2237 3670 2404 3735 facto,
2428 3671 2595 3726 David
2617 3675 2989 3728 sacerdotibus
3016 3686 3260 3744 mquatus
3286 3686 3390 3736 est,
3419 3670 3567 3744 q'nod

1995 3754 2164 3807 panes
2195 3755 2403 3804 sacros,
2443 3752 2666 3808 urgente
2718 3745 3057 3807 necessitate,
3093 3745 3411 3799 comederit.
3465 3744 3570 3797 De-

1992 3823 2181 3881 mum,
2208 3818 2386 3881 potest
2407 3809 2583 3881 David
2618 3812 2781 3863 etiam
2813 3814 3069 3865 sacerdos
3099 3812 3379 3880 appellari,
3421 3813 3566 3881 quod

1993 3877 2371 3932 sacerdotibus
2406 3878 2659 3932 Leviticis
2700 3893 2892 3934 sacros
2925 3877 3566 3949 hyninosconcinendos

1990 3953 2045 3997 et
2076 3950 2432 4017 proposuerit,
2466 3957 2520 4000 et
2550 3962 2656 4001 una
2688 3962 2808 4001 cum
2842 3949 2972 4017 ipsis
3002 3952 3075 4004 sit
3103 3951 3411 4004 modulatus
3440 3967 3455 4015 ;
3491 3951 3566 4003 si-

1991 4014 2209 4080 mulque
2240 4016 2437 4079 laudis,
2469 4017 2755 4080 orationis,
2790 4027 2843 4070 et
2861 4014 3054 4072 cordis
3098 4022 3315 4074 contriti
3362 4014 3567 4075 hoStias

1988 4083 2266 4155 spiritales
2300 4099 2496 4153 magna
2531 4086 2789 4155 religione
2822 4087 3100 4143 obtulerit.

2061 4151 2254 4224 Omnes
2302 4151 2440 4206 enini
2479 4151 2658 4224 justi:
2694 4155 3033 4210 Sententiam
3078 4160 3217 4212 hanc
3263 4172 3330 4212 ex
3361 4158 3565 4214 lrenao

1987 4223 2333 4295 nominatim,
2376 4225 2469 4277 sed
2520 4223 2677 4295 paulo
2724 4227 2883 4295 aliter
2929 4228 3280 4295 transcripsit
3324 4228 3559 4292 Melissa,

1985 4292 2243 4370 gerum-1:
2292 4301 2429 4370 part.
2464 4290 2557 4347 it':
2591 4294 2706 4370 ῌᾶς
2738 4290 2988 4370 βασιλεὺς
3029 4290 3233 4358 eius;
3281 4290 3563 4370 ἱερατικὴύ

1985 4360 2097 4430 ἔχει
2124 4360 2305 4426 eam;
2348 4362 2400 4416 id
2432 4373 2516 4417 est
2551 4365 2781 4433 somnis
2813 4379 2905 4419 rex
2934 4367 3114 4433 justus
3170 4360 3560 4421 sacerdotalem

1987 4433 2152 4504 habet
2191 4434 2459 4504 ordinem.
2490 4450 2509 4484 ι
2551 4431 2675 4487 Vult
2706 4444 2883 4487 autem
2919 4431 3175 4499 l'rettzeus,
3221 4436 3340 4504 pios
3370 4451 3561 4489 omnes

1914 4491 1961 4549 D
1987 4502 2151 4570 regali
2186 4501 2345 4570 juxta
2380 4513 2567 4573 atque
2611 4504 2934 4557 sacerdotali
2969 4491 3191 4558 munere
3221 4491 3396 4572 l‘ungi,
3432 4508 3559 4559 dum

1984 4575 2166 4625 carnis
2204 4572 2538 4627 lascivientis
2580 4572 2811 4640 impetus
2860 4576 2978 4643 lege
3019 4574 3240 4642 spiritus
3283 4584 3557 4637 coercent,

1984 4651 2150 4709 atque
2184 4643 2419 4696 hostiam
2467 4645 2757 4708 viventem,
2810 4656 3056 4697 sanctam
3106 4653 3162 4697 et
3206 4646 3562 4710 heneplacen-

1986 4721 2093 4765 teni
2154 4711 2284 4774 Deo,
2346 4715 2648 4765 secundum
2716 4714 3069 4780 apostolicam
3138 4713 3557 4775 institutionem,

1985 4782 2194 4848 seipsos
2223 4782 2509 4846 exhibent;
2552 4783 3155 4852 eleemosynasetiatn,
3199 4793 3254 4836 et
3287 4782 3556 4837 labioiunt

1984 4852 2181 4905 vitulos
2215 4852 2323 4904 Deo
2353 4854 2557 4919 Optimo
2589 4853 2827 4905 maximo
2871 4851 3125 4905 oderunt.
3157 4856 3387 4921 August.
3441 4852 3558 4908 ha‘c

1982 4930 2139 4974 acute
2169 4921 2406 4987 explicat
2448 4922 2541 4975 lib.
2597 4937 2668 4975 xx
2716 4922 2790 4974 De
2833 4922 3001 4985 civit.,
3045 4936 3165 4989 cap.
3218 4921 3304 4975 ω.
3358 4939 3376 4973 ι
3406 4922 3558 4977 Sicut

1978 5004 2167 5071 omnes
2196 4989 2562 5071 Christianos,
2592 4993 2825 5071 _inquit,
2884 4991 3123 5071 dicimus
3170 4998 3392 5060 propter
3436 5006 3588 5071 my-i

1980 5063 2175 5114 sticum
2233 5061 2500 5127 chrisma;
2560 5063 2640 5116 sic
2692 5075 2882 5116 omnes
2936 5062 3267 5127 sacerdotes,
3298 5061 3587 5130 quOniatnT

1980 5139 2108 5185 sunt
2131 5133 2374 5200 membra
2404 5132 2563 5185 unius
2587 5131 2907 5185 sacerdotis.
2942 5131 3015 5183 De
3046 5135 3243 5200 quibus
3275 5132 3554 5199 apostolus

1980 5201 2176 5254 Petrus
2206 5198 2254 5230 “
2308 5217 2323 5254 :
2377 5200 2535 5254 Plebs
2586 5210 2813 5263 saneta,
2876 5198 3077 5268 regale‘
3113 5198 3497 5254 sacerdotium.
3528 5220 3546 5251 ι

1981 5270 2152 5325 Porro
2201 5269 2410 5322 nullum
2455 5285 2577 5324 esse
2622 5270 2989 5325 sacerdotium
3049 5281 3356 5339 externum,
3409 5273 3552 5339 quod

1983 5355 2090 5394 nou
2122 5354 2190 5393 ex
2235 5354 2391 5408 aequo
2422 5340 2752 5409 quibuslibet
2801 5341 3089 5394 conveniat
3121 5341 3274 5404 viris,
3313 5338 3523 5395 u'inlieri

1984 5411 2105 5475 bus,
2137 5410 2488 5472 cerdonibus,
2526 5409 2802 5479 agricolis,
2844 5410 3171 5474 lanionibus,
3207 5410 3553 5478 agasonibus,

1983 5490 2038 5534 et
2067 5480 2453 5548 abjectissnuis
2475 5488 2799 5548 quibusque,
2832 5481 3166 5534 exsecranda
3200 5482 3301 5533 luit
3330 5482 3553 5534 haeresi:

2376 5682 2422 5715 '°
2460 5680 2577 5737 Lib.
2630 5681 2695 5737 de
2722 5679 2871 5736 conf.
2900 5679 3093 5735 Trinit.
3171 5680 3213 5711 "
3246 5677 3472 5749 Apolog.
3508 5688 3551 5733 Ι.
