3970 6378
440 402 569 455 ΠΗ

1731 404 2091 465 VARIURUM
2124 409 2330 465 Νοτλις

3535 411 3685 464 "li

436 526 689 597 scribens,
744 533 884 597 etc._
911 524 1005 580 llis
1032 538 1104 597 iet
1157 526 1510 597 sequentibus
1562 527 1774 597 gemina
1798 596 1803 597 γ
1830 527 1993 597 habet
2020 528 2066 585 Λ
2095 527 2341 581 Justinus
2366 526 2419 580 in
2457 527 2703 596 Dialogo.
2742 527 3066 584 Tertulliani
3092 530 3256 583 verba
3290 538 3459 584 sunt:
3498 529 3556 583 In
3589 534 3650 584 in

434 596 807 653 'I'bcodoretus
834 595 928 651 lib.
964 611 993 648 v
1022 594 1446 665 Haret.fal_t_ul.,
1465 594 1587 665 cap:
1616 598 1702 654 l7,
1722 596 1881 664 cujus
1912 596 1993 647 in-

433 664 660 729 scriptio
691 673 773 717 est
805 682 862 718 :t
897 665 1047 731 Quod
1080 666 1218 719 idem
1245 658 1485 721 etvetus
1525 658 1805 723 élNovuui
1833 665 1996 717 dede.

435 738 505 789 rit
530 733 956 796 Testamentum,
998 754 1015 783 ι
1052 734 1138 786 tibi
1170 750 1291 800 pag.
1324 735 1452 797 291,
1487 746 1614 789 ιοιιι.
1639 734 1727 796 IV,
1762 737 1832 787 ita
1860 733 1999 786 scri-

432 807 509 876 bit
543 822 556 858 :
600 805 664 876 ’9Δ
688 802 949 876 δεσπόῖης
978 804 1208 876 Χριξτὸς
1235 804 1451 876 ἑκάστῃΔ
1492 807 1653 876 γενεᾷ
1684 805 1809 876 τοῆς
1835 805 1999 876 cippo;

431 875 577 944 δέους
616 872 788 944 ,ἔδωκεΔ
823 872 1039 944 νόμουλςζ
1071 874 1209 944 Τοὺς
1263 876 1359 942 μὲν
1398 872 1997 944 Ῠὰράνάγκαίουςκαὶ

433 943 681 1014 aptium-ou;
707 941 801 1014 ttat
827 944 890 1012 τῇ
925 941 1084 1014 φύσει
1109 942 1215 996 τῶν
1244 941 1544 1014 ἀνθρώπων
1573 942 1991 1014 ἀνέγραψεν.....

429 1011 555 1086 seu;
594 1012 648 1086 δὲ
700 1011 889 1086 ἄλλους
916 1012 1185 1086 διαφόρως
1215 1011 1519 1086 avenam
1568 1011 1764 1086 esset;
1796 1011 1992 1083 γενεᾷ.

436 1101 454 1134 ι
489 1083 739 1136 Christus
779 1081 1037 1135 Dominus
1072 1081 1459 1151 convenientes
1490 1081 1787 1151 unicuique
1821 1081 1992 1151 gett'e-

432 1151 628 1205 rationi
674 1150 821 1218 leges
855 1151 1022 1204 dedit.
1054 1150 1400 1206 Necessarias
1431 1153 1575 1206 enim
1608 1159 1662 1205 et
1702 1150 1911 1218 primas
1941 1150 1993 1205 in

429 1220 712 1274 hominum
762 1229 953 1273 natura
1003 1220 1302 1287 inscripsit.
1356 1240 1375 1273 ι
1412 1221 1541 1287 Quae
1582 1235 1824 1275 consona
1870 1230 1995 1273 sunt

428 1289 782 1357 sequentibus
811 1288 998 1360 Iretttei
1032 1308 1045 1344 :
1088 1309 1107 1342 ι
1145 1291 1330 1344 Primo
1356 1293 1573 1360 quidem
1604 1305 1700 1359 per
1724 1291 1992 1360 naturalia

428 1368 695 1427 praecepta
718 1399 734 1421 ,
761 1374 881 1426 quas
900 1359 968 1412 ab
996 1360 1155 1413 initio
1185 1360 1348 1414 infixa
1378 1359 1535 1414 dedit
1563 1359 1993 1413 hominibus.....

426 1429 574 1482 Alias
606 1437 787 1482 autem
811 1428 1040 1483 diversis
1072 1431 1244 1483 modis
1270 1431 1417 1485 dedit
1463 1430 1514 1483 in
1540 1430 1732 1498 quavis
1762 1444 1993 1498 genera-

430 1499 596 1553 tione.
632 1517 651 1550 ι

502 1567 617 1632 Ipse
640 1567 845 1629 quidem
879 1567 1074 1622 nullius
1103 1568 1290 1621 horum
1322 1579 1398 1621 est
1445 1568 1754 1635 indigens...
1780 1567 1993 1635 facilem

426 1647 601 1691 autem
627 1638 694 1689 ad
720 1638 862 1690 idola
894 1638 1080 1689 reverti
1109 1637 1357 1705 populum
1386 1636 1680 1689 erudiebat.
1715 1635 1789 1688 Ita
1816 1648 1871 1689 et
1898 1636 1997 1689 Ju-

426 1709 605 1761 stinus
634 1706 702 1759 Μ.
736 1707 787 1758 ἱιι
823 1706 1044 1772 Diulogo
1078 1704 1195 1759 cum
1232 1704 1423 1774 Tryph.
1447 1744 1463 1767 ,
1506 1719 1628 1773 pag.
1677 1706 1787 1759 238
1826 1723 1851 1774 :7
1898 1706 1997 1759 Διὰ

424 1774 813 1845 τὰςνάμαρτίας
838 1774 931 1828 τοῦ
969 1775 1098 1827 λασῦ
1135 1774 1307 1845 ὑμῶν,
1338 1774 1431 1827 καὶ
1467 1775 1553 1828 διὰ
1586 1774 1686 1837 τὰς
1717 1773 1996 1828 εἰδωλολα-

2098 597 2383 669 stitutione
2414 597 2812 669 sacriﬁciorum
2848 608 2996 669 patet
3014 614 3087 669 ea
3120 599 3210 652 Dei
3240 601 3539 663 industria,
3564 615 3683 669 qua

2098 667 2352 737 pupulum
2387 681 2613 737 pronum
2650 667 2704 737 in
2752 667 3116 721 idololatriam
3166 677 3221 723 et
3269 667 3681 737 tnmsgressio-

2100 752 2220 789 nem
2244 779 2256 799 ,
2296 734 2564 799 ejusmodi
2605 736 2798 789 olliciis
2832 738 3079 804 religioni
3114 753 3228 792 sua:
3262 734 3451 790 voluif
3466 741 3676 791 astrin-

2099 820 2248 874 gere,
2274 806 2473 873 quibus
2501 807 2822 873 Superstitio
2857 807 3041 860 surculi
3076 808 3339 874 agebatur
3362 846 3381 871 ,
3414 818 3475 860 ιιι
3510 809 3581 860 ab
3608 822 3681 861 ea

2097 886 2353 945 avocaret
2380 875 2522 945 illos,
2544 875 2661 945 sibi
2692 875 2889 941 jubens
2924 876 3038 927 ﬁeri
3067 916 3081 936 ,
3114 879 3271 944 quasi
3308 877 3681 945 desideranti,

2100 958 2166 996 ne
2197 944 2506 996 simulacris
2536 944 2799 998 faciendis
2832 945 3257 1013 delinqueret".

2170 1013 2237 1065 Et
2262 1014 2312 1064 id
2331 1015 2467 1081 quod
2493 1023 2601 1064 erat
2630 1029 2832 1079 semper
2848 1014 3090 1069 liberant.
3118 1016 3326 1069 Rursus
3355 1015 3677 1075 libertatem

2097 1082 2391 1135 voluntatis
2424 1082 2675 1153 humanae
2709 1098 2813 1136 non
2840 1083 3059 1137 omnino
3097 1100 3195 1153 per
3221 1098 3510 1151 peccatum
3543 1094 3680 1143 sub-

2096 1156 2259 1205 latam
2295 1152 2459 1204 fuisse
2491 1150 2791 1205 clarissime
2822 1153 3062 1206 ostendit
3090 1150 3389 1214 ,adversus
3424 1156 3676 1221 priorum

2096 1229 2151 1293 et
2204 1221 2563 1293 posteriorum
2616 1221 3005 1293 Gnosticornm
3058 1222 3415 1289 impietates,
3478 1228 3576 1293 qui
3614 1240 3680 1281 ut

2100 1290 2264 1343 Deum
2302 1290 2563 1342 malorum
2596 1299 2878 1345 auctorem
2905 1289 3127 1355 faciant,
3164 1293 3407 1345 scribere
3439 1289 3553 1347 non
3589 1311 3680 1349 ve-

2101 1372 2306 1433 rentur,
2348 1378 2366 1409 ι
2405 1360 2585 1411 omnia
2622 1361 3045 1433 de_n_ecessitate
3076 1361 3323 1415 absoluta
3346 1361 3515 1433 156
3546 1381 3677 1420 eve-

2099 1431 2240 1493 nire,
2283 1446 2301 1478 ›
2333 1438 2390 1480 ιιι
2422 1439 2578 1497 poeta
2614 1429 2787 1481 voluit
2824 1446 2836 1481 :

2527 1496 2682 1550 Certa
2713 1507 2853 1550 stant
2882 1499 3058 1550 omnia
3095 1498 3223 1567 lege.

2097 1566 2272 1641 Yerba
2306 1564 2687 1641 sunijutltet-i
2722 1567 2953 1619 articulo
3012 1564 3321 1641 36,'inter
3372 1584 3472 1625 eos
3532 1586 3680 1641 quos

2097 1636 2376 1689 damnavit
2429 1634 2539 1689 Leo
2590 1635 2673 1698 X;
2710 1650 2955 1704 quosque
3004 1637 3383 1704 copiosissime
3433 1653 3488 1693 et
3524 1634 3681 1695 ἐερμ-

2101 1705 2238 1778 rime
2270 1705 2574 1778 confutavit
2601 1705 2846 1778 doc_tri_na
2872 1705 3124 1778 ,_pietate
3145 1744 3161 1767 ,
3190 1716 3244 1760 et
3283 1710 3560 1778 martyrio
3593 1712 3678 1765 in-

2098 1775 2269 1840 signis
2302 1774 2383 1825 vir
2406 1771 2643 1825 Joannes
2678 1771 2949 1827 llollensis
2979 1776 3287 1841 episcopus.

423 1842 630 1915 τρεὶαζ,
658 1842 770 1898 ἀλλ’
793 1847 852 1898 οὐ
874 1845 960 1897 διὰ
987 1846 1045 1897 τὸ
1061 1842 1241 1915 ἐνδεὴς
1261 1842 1399 1915 εἶναι
1418 1845 1521 1896 τῶν
1554 1844 1803 1896 τοιούτων
1827 1861 1995 1915 προσ-

2170 1842 2440 1915 Gallasius
2464 1844 2673 1915 _iter_uu_t
2720 1843 2833 1915 hoc
2857 1844 2973 1896 loco
3016 1847 3066 1915 in
3104 1844 3372 1915 Irenmum
3406 1855 3466 1899 et
3496 1855 3671 1900 totam

425 1913 642 1984 φορῶν,
676 1916 978 1967 ἐνετείλατο
1020 1913 1489 1982 ταῦταγενὲςθαι.
1535 1931 1553 1965 t
1595 1915 1820 1980 Propter
1860 1913 1989 1983 pec-

425 1995 546 2038 cata
589 1984 769 2051 populi
801 1985 997 2044 vestri,
1024 1995 1077 2037 et
1108 1988 1176 2035 ob
1207 1984 1627 2037 simulacrorum
1655 1984 1858 2045 cultus,
1897 1999 1991 2037 ne-

425 2068 692 2120 quaquam
709 2054 1044 2120 autemquod
1071 2054 1375 2106 istiusmodi
1400 2052 1767 2105 oblationibus
1789 2053 1837 2104 ei
1855 2065 1990 2117 opus

426 2122 521 2185 sit,
562 2123 703 2191 haec?
723 2124 837 2177 fieri
874 2122 1079 2176 sanxit.
1120 2140 1138 2173 ι
1189 2122 1636 2191 (ἐοιιΐει-ίὶὺίιὶειιι
1689 2136 1811 2191 pag.
1860 2122 1986 2189 265,

427 2205 635 2245 necnon
666 2190 893 2246 Tertull.
936 2191 1029 2244 lib.
1065 2206 1102 2244 tt
1135 2191 1334 2245 Contra
1368 2190 1535 2243 Marc.

576 2261 957 2314 Adnotationes
995 2258 1091 2313 Fr.
1133 2259 1478 2313 Feuardentii
1509 2261 1562 2312 in
1597 2274 1712 2327 cap.
1740 2259 1831 2313 29.

496 2330 628 2398 Pag.
664 2329 789 2382 2M.
832 2330 897 2382 At
943 2331 1028 2382 ubi
1065 2331 1299 2383 conversi
1326 2338 1472 2381 sunt.
1522 2328 1760 2391 Ilcbraei,
1787 2344 1882 2384 sua
1920 2329 1989 2384 Ii-

426 2406 644 2459 bertate
683 2399 1009 2461 abutentes,
1054 2398 1186 2466 legis
1224 2398 1483 2451 servitute
1513 2407 1855 2459 coercentur,
1895 2414 1990 2454 ac-

426 2472 601 2539 ceptis
648 2470 1027 2539 caeremoniis,
1064 2482 1292 2539 quarum
1331 2466 1533 2520 virtute
1575 2482 1680 2539 non
1714 2466 1991 2539 justiIica-

431 2535 658 2602 bantur;
692 2537 785 2607 sed
809 2539 877 2607 ab
910 2537 1176 2607 idolorum
1201 2535 1364 2607 cultu
1383 2537 1799 2600 revocabantur,
1825 2538 1989 2607 quin-

425 2611 589 2665 etiam
620 2608 686 2659 ad
719 2605 974 2659 duritiam
1000 2606 1185 2660 cordis
1212 2605 1460 2670 quaedam
1486 2605 1867 2671 susceperunt.

497 2679 558 2732 P.
573 2676 700 2731 245.
722 2674 891 2728 Pra'c.
913 2690 1014 2728 non
1034 2675 1190 2728 bona.
1211 2674 1262 2726 Id
1282 2682 1386 2734 est,
1406 2683 1672 2742 praecepta
1691 2673 1757 2725 de
1776 2675 1988 2737 ritibus,

428 2747 755 2818 neomeuiis,
787 2743 1101 2818 sacriticiis,
1125 2753 1180 2796 et
1210 2742 1623 2807 festivitatibus,
1646 2757 1768 2810 qua:
1801 2754 1891 2818 Δ(ιιι
1917 2745 1986 2818 Δἰιι

426 2813 636 2872 scholis
669 2813 963 2881 loquimur)
1002 2828 1064 2865 ex
1123 2826 1286 2880 opere
1327 2820 1553 2881 operate
1578 2850 1594 2876 ,
1630 2813 1845 2880 propria
1881 2814 1987 2865 vir-

429 2896 545 2941 tute
599 2899 700 2937 nec
738 2879 1135 2949 justiticabant,
1159 2879 1283 2935 ’uec
1312 2879 1378 2934 ac
1418 2879 1715 2947 perfectum
1763 2882 1994 2936 adduce-

428 2956 561 3008 bant
612 2948 967 3007 observantes
1027 2968 1041 3005 :
1094 2952 1188 3007 sed
1230 2951 1434 3005 umbrae
1480 2960 1642 3004 erant
1682 2948 1991 3007 futurorum

426 3028 713 3080 bonorum.

512 3093 577 3145 Et
601 3089 919 3144 obtulerunt.
941 3088 1017 3144 Ita
1047 3098 1153 3144 vet.
1180 3088 1297 3144 cod.
1322 3089 1542 3149 Excusi,
1568 3106 1587 3139 ι
1607 3097 1661 3144 et
1693 3087 1985 3143 tulerunt.»

501 3160 732 3216 Moloch.
795 3159 1160 3229 Hieronymus

427 3230 666 3297 Paralip.
734 3238 787 3281 ct
849 3229 899 3281 in
964 3227 1117 3281 xtxtt
1149 3243 1269 3298 cap.
1320 3227 1550 3293 Jerem.,
1608 3228 1818 3281 Moloch
1865 3230 1997 3283 dicit

430 3301 599 3354 fuisse
631 3298 833 3352 idolum
855 3299 1309 3360 Ammonitarum,
1336 3300 1620 3366 ipsumque
1644 3298 1995 3352 Hebraeorum

420 3369 612 3438 lingua
667 3380 848 3438 regem
892 3366 1235 3438 signiﬁcare,
1268 3368 1409 3438 quod
1430 3366 1629 3438 adjicit
1664 3367 1714 3419 in
1747 3381 1996 3438 xvtcap.

429 3434 583 3507 Isaiae
612 3443 669 3507 et
718 3434 751 3487 ι
794 3434 1251 3507 Atttosugquilam
1300 3444 1354 3487 ct
1388 3434 1756 3507 LXX_Graece
1789 3436 2002 3507 μρλχομ

431 3504 756 3558 reddidisse.
813 3502 948 3571 IIttic
1002 3503 1347 3557 Salomonem
1398 3503 1654 3571 templum
1706 3505 1758 3556 in
1791 3502 1996 3559 dudum

429 3574 773 3628 exstruxisse
806 3570 972 3641 relert
1022 3572 1248 3641 historia
1281 3570 1525 3641 Regum.
1559 3574 1694 3625 Eum
1741 3575 2000 3641 opinarer

430 3641 771 3713 generationi
796 3640 1061 3713 filiorum
1097 3640 1415 3713 praefuisse,
1462 3655 1537 3713 eo
1587 3641 1733 3713 quod
1765 3640 1815 3695 in
1851 3642 1998 3698 illius

434 3710 694 3766 honorent
732 3710 964 3762 infantes
995 3711 1119 3779 igne
1143 3711 1401 3772 lustrare,
1427 3710 1640 3778 aliquos
1664 3712 1827 3764 etiam
1852 3728 1998 3766 com-

432 3783 656 3840 burere,
692 3779 1004 3848 parricidali
1036 3779 1425 3848 superstitione
1454 3780 1717 3833 solerent.

504 3846 721 3903 Stellam
757 3848 849 3899 Dei
885 3846 1187 3917 Rempham.
1219 3847 1421 3901 Vocem
1460 3849 1634 3917 inDei,
1674 3868 1693 3899 ι
1730 3849 2001 3905 desiderat

434 3931 549 3972 vet.
570 3921 718 3986 coll-3
759 3919 959 3970 habent
993 3915 1172 3971 tamen
1210 3917 1355 3970 illam
1386 3915 1529 3970 LXX
1560 3929 1612 3971 et
1640 3918 1854 3986 vulgata
1885 3922 2001 3974 edi-

437 3989 518 4041 tio
584 4006 597 4039 :
659 3984 869 4039 VctIltts
932 3986 1198 4040 Ilebraica
1237 4004 1255 4036 ι
1314 3988 1538 4039 deorum
1601 3984 1930 4041 vestrorum.
1975 4006 1995 4040 ι

435 4055 577 4110 LXX
613 4055 853 4126 ραιφφάν
878 4071 892 4107 :
913 4054 1209 4111 'l‘lteodotio
1232 4054 1574 4127 ἀμαύρωσιν,
1595 4056 1632 4111 i.
1666 4071 1716 4111 e.
1751 4075 1769 4108 ι
1807 4057 1998 4112 obscu-

436 4127 657 4179 ritatem
697 4144 716 4176 ι
751 4134 988 4178 vertunt.
1706 4152 1720 4164 ι

510 4195 770 4276 Diaissent
802 4196 870 4250 ei.
903 4196 981 4249 Ita
1013 4196 1387 4262 vctuscodex;
1423 4195 1743 4261 delevinnts,
1769 4213 1788 4248 ι
1829 4197 1999 4251 dixis-

436 4275 519 4320 set
550 4275 649 4318 eis.
690 4283 708 4315 ι

510 4335 575 4408 lt‘t
602 4342 814 4401 propter
842 4331 937 4385 hoc
971 4345 1263 4408 peccatum.
1295 4332 1410 4408 Non
1450 4336 1564 4389 vult
1596 4335 1839 4408 Moysem
1871 4334 2004 4408 sim-

438 4403 655 4475 pliciter
687 4412 1011 4475 prmreptum
1048 4402 1264 4475 dedisse
1308 4405 1373 4475 de
1407 4419 1577 4475 uxore
1610 4402 1945 4475 repudianda
1982 4420 1997 4457 :

1213 3159 1417 3225 Quwst.
1467 3157 1757 3221 Hebraicis
1796 3159 1848 3211 in
1899 3159 1993 3217 lib.
2023 3168 2064 3225 α

2090 1914 2412 1972 catholicam
2462 1911 2762 1983 Ecclesium
2823 1912 3095 1983 insurgit,
3157 1913 3676 1983 Pelagianismique

2091 1991 2346 2047 accusat,
2381 1981 2525 2050 quod
2575 1980 2861 2032 arbitrium
2904 1980 3133 2034 liberum
3185 1984 3396 2036 Salvum
3442 1980 3675 2039 manere

2090 2063 2210 2123 post
2244 2060 2525 2123 peceatum
2555 2052 2768 2112 doceat,
2801 2058 2964 2116 atque
2995 2051 3181 2123 gratiae
3221 2052 3312 2105 Dei
3349 2057 3672 2121 cooperari,

2093 2119 2167 2179 ita
2202 2131 2258 2173 ut
2297 2119 2478 2186 aliqua
2514 2133 2592 2189 ex;
2615 2127 2913 2189 partesuie
2945 2119 3138 2173 salutis
3162 2135 3329 2173 causa
3363 2119 3471 2181 siti
3510 2128 3673 2189 rgno-

2091 2206 2239 2251 rans.
2270 2199 2363 2243 aut
2385 2196 2530 2241 certe
2546 2186 2893 2239 dissimulans
2923 2189 3108 2247 miser,
3134 2192 3292 2242 verba
3324 2191 3484 2244 Pauli
3516 2186 3671 2246 esse:

2097 2281 2114 2313 ι
2155 2260 2245 2314 Dei
2280 2256 2557 2322 adjutores
2584 2255 2876 2320 sumus";
2911 2265 2961 2308 et
2986 2257 3183 2311 Petri:
3217 2276 3234 2307 ι
3279 2260 3418 2313 Cum
3471 2262 3674 2316 timore

2091 2342 2146 2386 et
2186 2335 2421 2381 tremore
2446 2325 2676 2378 salutem
2710 2334 2947 2377 vestram
2980 2338 3269 2391 operantes
3284 2329 3353 2382 ".
3386 2347 3408 2380 ι

2164 2397 2269 2453 Sed
2294 2397 2428 2449 bene
2463 2394 2645 2455 habet,
2682 2396 2826 2460 quod
2856 2395 3018 2446 etiam
3048 2412 3187 2449 nunc
3216 2399 3269 2450 in
3301 2410 3557 2451 extrema
3596 2414 3677 2450 se-

2093 2479 2248 2524 necta
2270 2465 2497 2532 incipiat
2521 2465 2723 2534 rectius
2755 2477 2968 2534 sapere,
3000 2474 3053 2515 et
3085 2468 3393 2534 symmistis
3426 2469 3547 2522 sitis
3572 2470 3676 2521 hac

2093 2540 2144 2592 itt
2179 2552 2234 2600 re
2257 2531 2631 2587 contradicere
2663 2531 2825 2583 Beza.
2863 2532 2994 2583 Nam
3028 2533 3080 2586 in
3116 2531 3208 2587 I'rb.
3245 2550 3259 2587 l
3294 2538 3675 2600 Quaestionum

2091 2590 2141 2660 et
2170 2590 2427 2671 Respons.
2483 2615 2643 2673 quem
2673 2600 2959 2673 Joachimo
2988 2590 3337 2657 Camerario~
3362 2620 3675 2673 nuncupat,

2092 2676 2288 2729 asserit
2308 2691 2327 2722 ι
2354 2672 2842 2743 ιιοιιιίιιθιιι-ςισςιι-ὴε
2864 2672 3061 2743 prima:
3097 2676 3411 2743 auvepyeiv;
3440 2694 3459 2724 ι
3490 2672 3679 2727 eliad-

2092 2746 2191 2806 dil,
2233 2763 2251 2793 ι
2277 2749 2560 2808 negantem
2601 2740 2671 2799 id,
2708 2740 2896 2808 prima:
2928 2742 3117 2807 gratiae
3147 2740 3537 2797 elli'cacitatem
3574 2760 3677 2797 ne—

2093 2828 2245 2882 gare.
2318 2807 2519 2863 {Idem
2571 2807 3253 2882 quoqueWittembergici
3301 2813 3547 2865 ministri
3608 2828 3673 2865 ex

2098 2876 2338 2935 veterum
2375 2877 2666 2932 sententiis
2693 2876 2972 2944 aptissime
2995 2876 3285 2933 defendunt
3311 2898 3327 2944 ;
3361 2895 3429 2935 ac
3461 2884 3675 2936 ibidem

2096 2950 2464 3010 concludunt,
2508 2964 2525 2996 ι
2574 2948 2625 2998 in
2653 2944 3041 3009 jttstilicatioue
3076 2950 3311 3004 hominis
3353 2952 3457 3003 tria
3504 2950 3672 3004 simul

2097 3033 2448 3082 concurrere,
2484 3015 2767 3086 nimirum,
2796 3015 3021 3068 verbum
3051 3016 3141 3071 Dei
3168 3058 3185 3082 ,
3214 3018 3490 3086 Spiritum
3532 3021 3596 3076 S.
3618 3029 3678 3073 et

2098 3090 2435 3142 voluntatem
2516 3085 2753 3138 hominis
2810 3087 3195 3140 assentientem
3260 3085 3443 3143 eidem
3502 3093 3679 3144 verbo

2102 3158 2275 3212 Dei",
2324 3177 2343 3207 ι
2380 3156 2577 3221 Sicque
2614 3154 2779 3225 etiam
2821 3170 2850 3206 a
2884 3157 3277 3225 comministris
3326 3160 3679 3225 impudentia

2099 3228 2318 3283 Gallasii
2354 3226 2690 3297 refellitnret
2720 3223 3030 3297 damnatur.
3068 3224 3285 3289 Verum,
3317 3223 3467 3282 sicut
3510 3244 3677 3297 supra

2100 3313 2184 3361 ea,
2211 3312 2328 3363 qua:
2357 3296 2424 3348 ad
2444 3292 2765 3348 catholica'm
2790 3291 3093 3364 doctrinam
3122 3308 3285 3364 atque
3322 3297 3487 3349 [idem
3516 3291 3682 3350 θέω

2100 3382 2158 3420 re
2187 3367 2549 3434 pertinebant,
2577 3377 2641 3434 e_x_
2672 3363 2843 3434 primi
2860 3364 3040 3416 saeculi
3066 3363 3382 3434 apostolicis
3414 3365 3679 3434 Pambos

2098 3430 2377 3503 attigimus
2398 3448 2516 3500 rap.
2543 3430 2731 3503 illibri
2757 3430 2953 3497 hujus;
2987 3430 3072 3503 ita
3098 3430 3147 3488 et
3184 3450 3327 3489 nunc
3355 3435 3468 3487 alia
3498 3432 3681 3488 exse-

2099 3500 2291 3559 condat
2322 3512 2501 3557 tctatts
2538 3500 2865 3554 Christianis
2895 3502 3255 3568 scriptoribus
3285 3504 3674 3570 subjungenda

2100 3575 2378 3626 videntur.
2406 3572 2711 3642 Cyprianus
2749 3571 2911 3642 epist.
2947 3571 3014 3625 18
3044 3573 3202 3626 docet
3240 3574 3526 3627 Christum
3554 3588 3676 3627 sero

2102 3658 2259 3695 vaSse
2286 3640 2480 3708 legem,
2510 3656 2616 3707 qua
2650 3640 2812 3692 homo
2845 3640 3079 3695 libertati
3113 3658 3224 3696 suae
3256 3645 3510 3703 relictus.
3542 3644 3675 3697 etin

2101 3713 2331 3765 arbitrio
2378 3710 2598 3780 prpprio
2650 3708 3001 3773 constitutus,
3051 3713 3267 3780 sibiipsi
3313 3713 3398 3765 vel
3436 3723 3675 3765 mortem

2102 3783 2323 3848 appetit,
2359 3777 2439 3833 vel
2472 3777 2697 3849 salutem
2725 3816 2740 3840 ,
2776 3780 2992 3844 quando
3020 3777 3341 3849 quibusdam
3390 3782 3677 3849 discipulis

2104 3858 2248 3903 retro
2302 3848 2628 3903 abeuntibus
2682 3862 2793 3919 non
2843 3848 3192 3912 succensuit;
3249 3853 3343 3903 sed
3389 3848 3576 3919 potius
3602 3854 3672 3903 ad

2104 3919 2374 3987 apostolos
2412 3918 2589 3971 dixit:
2620 3932 2639 3966 ι
2685 3916 2938 3987 N_unquid
2996 3930 3048 3972 et
3084 3936 3181 3975 vos
3223 3916 3405 3973 vultis
3428 3920 3613 3973 ire"?
3650 3940 3668 3971 ι

2102 3984 2168 4040 Et
2202 3988 2342 4041 libro
2376 3987 2447 4039 De
2478 3987 2677 4039 unitate
2705 3984 2901 4039 Eccfes.
2938 3988 3170 4044 bzereses
3218 3991 3344 4042 inde
3393 3988 3674 4056 proﬁcisci

2104 4059 2202 4121 ait,
2228 4072 2349 4109 cum
2385 4056 2645 4109 Dominus
2677 4057 2946 4124 permittit
2971 4069 3023 4110 et
3056 4063 3285 4126 patitur,
3322 4068 3585 4111 manente
3620 4060 3673 4109 in

2108 4126 2417 4195 hominibus
2454 4126 2703 4195 propriae
2782 4126 3056 4181 libertatis
3130 4126 3383 4195 arbitrio.
3459 4127 3677 4181 Itut'stis

2105 4194 2198 4250 lib.
2231 4210 2288 4247 ιιι
2326 4196 2403 4247 Ad
2434 4194 2739 4259 Quirinum,
2763 4210 2884 4262 cap.
2911 4194 2999 4259 5‘2,
3026 4194 3289 4250 credendi
3308 4197 3393 4247 vel
3417 4211 3526 4249 non
3552 4210 3676 4250 cre-

2106 4264 2264 4317 dendi
2293 4265 2602 4317 libertatem
2634 4265 2691 4316 in
2738 4264 2968 4318 arbitrio
3015 4268 3243 4333 positam
3282 4279 3404 4319 esse
3431 4267 3632 4333 probat
3660 4306 3674 4324 ,

2106 4335 2233 4399 quia
2273 4334 2323 4385 in
2354 4335 2571 4386 Deuler.
2612 4332 2905 4387 scribitur:
2940 4352 2958 4383 ι
3003 4332 3140 4387 Ecce
3166 4334 3289 4386 dedi
3319 4332 3448 4388 ante
3475 4332 3674 4387 faelem

2110 4412 2256 4455 tuam
2284 4402 2522 4456 .vitantet
2544 4412 2795 4465 mortem,
2822 4403 3020 4456 bonum
3046 4412 3101 4456 et
3133 4403 3335 4455 malum
3354 4419 3369 4462 ;
3388 4406 3552 4470 elige
3579 4404 3673 4455 tibi

438 4470 559 4525 itam
605 4471 746 4523 istud
787 4471 975 4535 prima:
1023 4472 1358 4526 matrimonii
1406 4470 1737 4528 institutioni
1781 4474 2000 4541 penitus
2030 4483 2076 4540 ο
2105 4475 2267 4525 vitam
2304 4481 2358 4524 ut
2410 4470 2636 4541 vivas".
2670 4489 2688 4519 ι
2718 4471 2847 4524 Item
2880 4475 3019 4540 apud
3052 4474 3240 4525 Isaiam
3277 4489 3292 4525 :
3331 4489 3350 4521 ι
3394 4473 3454 4526 Si
3489 4472 3679 4523 γυιιιυ-

440 4548 764 4610 repugnat,
800 4554 899 4594 nec
960 4554 1196 4607 unquam
1240 4551 1334 4594 aut
1366 4556 1397 4594 a
1440 4543 1582 4607 Deo,
1627 4553 1721 4596 aut
1753 4558 1782 4594 a
1817 4541 2000 4610 Moyse

436 4606 641 4680 iussum
694 4606 795 4661 fuit
820 4646 851 4680 ,ν
881 4619 939 4662 ιιι
971 4606 1300 4678 Augustinus
1331 4611 1550 4678 copiose
1582 4613 1856 4680 disputat,
1888 4606 1926 4664 l'.
1981 4627 1995 4664 ι

439 4676 515 4731 De
546 4692 781 4729 sermone
807 4676 1019 4731 Domini
1050 4676 1105 4730 in
1138 4688 1334 4745 monte,
1368 4676 1499 4733 lib.t
1528 4676 1792 4745 lletract.,
1824 4696 1873 4733 c.
1911 4680 1997 4744 l9,

436 4758 493 4800 et
526 4748 619 4802 lib.
657 4761 746 4798 nx
780 4747 975 4800 Contra
1006 4745 1269 4801 Faustum
1291 4788 1306 4811 ,
1341 4765 1391 4803 c.
1425 4749 1517 4807 26.
1552 4751 1705 4815 Non,
1743 4753 1996 4817 inquam,

439 4824 763 4886 princeptum
827 4818 953 4883 fuit,
1009 4832 1193 4869 verunt
1238 4819 1503 4873 duntaxat
1561 4822 1624 4872 ad
1689 4819 1996 4873 evitandum

440 4885 617 4954 majus
652 4885 873 4949 malum,
908 4895 1091 4954 utpote
1123 4887 1479 4941 uxot'icidium
1504 4927 1520 4952 ,
1548 4890 1900 4952 permissum.
1936 4889 2000 4941 Iit

439 4955 897 5027 volrntiuoumino
926 4957 1203 5027 dimittere
1237 4971 1494 5027 uxorein,
1526 4967 1857 5027 praeceptum
1894 4957 2000 5011 fuit

440 5036 499 5076 ut
532 5024 766 5078 libellum
788 5039 895 5079 seu
929 5024 1231 5077 chartulam
1264 5026 1500 5094 repudii,
1524 5024 1554 5080 ᾗ
1585 5024 1784 5082 scribis
1815 5028 2001 5083 multis

443 5095 641 5147 ritibus
673 5095 1040 5162 conscriptam
1074 5094 1228 5147 daret
1259 5095 1436 5149 uxori.

512 5162 759 5231 Decalogi
783 5165 1133 5235 observantes.
1173 5163 1337 5235 Vetus
1367 5165 1489 5219 cod.
1516 5204 1533 5232 ,
1572 5182 1591 5216 ι
1631 5164 1869 5235 decalogi
1902 5165 2001 5219 ob-

442 5244 720 5286 servantes
751 5234 881 5296 sint,
914 5243 968 5285 et
994 5234 1198 5287 detenti
1231 5235 1298 5286 ab
1330 5247 1427 5297 eo,
1469 5252 1487 5285 ι
1522 5249 1589 5288 ex
1624 5234 1876 5289 omnibus
1909 5250 2000 5291 co-

443 5301 654 5354 dicibus
687 5303 1049 5363 restituintus,
1085 5313 1142 5354 ιιι
1170 5303 1328 5355 modo
1364 5305 1524 5358 habet
1555 5304 1755 5357 littera.

515 5365 641 5422 Non
669 5380 1048 5423 reverterentur
1077 5372 1144 5424 ad
1178 5371 1556 5426 idololatriam.
1585 5373 1732 5427 Ilauc
1752 5387 1859 5427 non
1882 5387 2006 5427 esse

443 5445 771 5510 postremam
807 5440 1072 5493 rationem
1107 5441 1249 5493 data:
1297 5441 1465 5510 legis,
1503 5452 1557 5496 et
1598 5445 2004 5497 institutionum

446 5508 830 5578 Mosaicarum,
882 5510 1035 5563 multi
1093 5520 1148 5563 et
1181 5508 1427 5578 praeclari
1476 5513 1577 5565 viri
1627 5528 1748 5565 cum
1803 5514 2006 5566 Irenaeo

444 5576 768 5641 docuerunt,
805 5578 1051 5633 Clemens
1080 5576 1240 5633 Rom.
1272 5580 1364 5634 lib.
1393 5596 1443 5636 Vt
1477 5579 1731 5647 Constit.,
1757 5597 1879 5651 cap.
1905 5582 1997 5647 2t),

1463 5713 1510 5745 ⁷³
1542 5713 1560 5765 I
1592 5714 1717 5768 Cor.
1756 5731 1838 5783 ιιι,
1867 5717 1921 5769 9.

1325 5784 1367 5815 ⁷⁸
1403 5784 1505 5837 lsa.
1542 5801 1579 5850 t,
1616 5787 1698 5841 t9.

516 5709 562 5739 "
591 5708 714 5764 Lib.
744 5726 780 5763 lt
816 5722 1002 5766 contra
1043 5713 1388 5767 Marcianum.

444 5779 535 5835 68.
608 5780 651 5811 "
687 5782 842 5837 Deut.
880 5797 1007 5850 xxx,
1053 5784 1134 5850 t5,
1171 5785 1250 5838 ιϐ.

1996 5714 2041 5746 ⁷⁸
2091 5712 2288 5784 Philip.
2328 5730 2387 5783 tt,
2426 5714 2505 5770 l2.

2107 4542 2228 4594 ritis
2266 4551 2320 4594 et
2370 4540 2654 4594 audieritis
2689 4555 2806 4605 me,
2840 4543 2977 4594 bona
3016 4553 3180 4594 terrae
3221 4542 3616 4595 coinedetis".
3652 4561 3672 4593 ι

2101 4609 2264 4663 Missa
2302 4611 2442 4663 facio
2470 4623 2590 4676 quae
2619 4611 2717 4663 hac
2740 4611 2806 4663 de
2839 4625 2898 4664 re
2928 4612 3065 4678 apud
3091 4624 3214 4662 eum
3247 4611 3446 4664 scribit
3478 4626 3679 4664 auctor

2101 4695 2212 4733 ser.
2240 4682 2314 4739 de
2347 4678 2644 4732 Nativitate
2671 4680 2912 4745 Christi;
2947 4690 3007 4735 et
3042 4680 3139 4734 lib.
3178 4678 3252 4733 De
3290 4680 3674 4747 singularitatc

2102 4751 2176 4800 cle
2185 4752 2431 4800 ricvrum.
2956 4808 2963 4815 κ

2172 4819 2502 4887 Cyprianum
2539 4825 2801 4885 sequatur
2837 4816 3119 4885 Origenes.
3153 4816 3203 4872 Is
3240 4818 3393 4873 hom.
3417 4817 3453 4872 9
3487 4818 3548 4871 in
3568 4817 3679 4873 Nu-

2104 4902 2284 4942 meros
2309 4889 2385 4939 ait
2419 4904 2431 4939 :
2472 4904 2491 4937 ι
2528 4887 2734 4941 Sensus
2760 4900 2943 4941 noster
2973 4898 3154 4956 potest
3177 4891 3315 4942 bona
3347 4890 3585 4956 eligere,
3623 4900 3680 4941 ut

2107 4959 2200 5010 liat
2222 4972 2316 5010 vas
2345 4959 2395 5009 in
2427 4958 2716 5019 honorem;
2742 4970 2834 5011 aut
2863 4958 3000 5009 mala
3024 4970 3077 5011 et
3102 4968 3341 5024 terrena,
3370 4968 3433 5011 ut
3456 4960 3557 5012 liat
3586 4974 3682 5011 vas

2106 5027 2158 5079 in
2185 5026 2589 5081 contumeliam.
2627 5045 2645 5078 ι
2685 5027 2751 5081 Et
2785 5029 2928 5082 hom.
2956 5026 3023 5079 l2
3046 5030 3096 5081 in
3133 5030 3388 5081 eosdem:
3427 5046 3450 5078 ι
3488 5030 3679 5088 tsrael,

2102 5097 2231 5165 quid
2270 5096 2530 5148 Dominus
2567 5095 2708 5149 Deus
2744 5098 2919 5164 poscit
2958 5112 2988 5149 a
3032 5109 3083 5149 te
3107 5136 3122 5160 ,
3153 5112 3319 5164 quant
3372 5105 3433 5150 ut
3485 5108 3682 5150 timeas

2103 5164 2259 5219 euut?
2288 5164 2625 5217 Erubescaut
2660 5166 2737 5219 illi
2772 5167 2887 5219 haec
2926 5166 3110 5228 verba,
3137 5168 3231 5233 qui
3264 5176 3471 5233 negant
3498 5168 3557 5217 in
3586 5170 3678 5218 bo-

2103 5236 2248 5287 tuine
2293 5234 2522 5285 liberum
2560 5236 2866 5288 arbitrium.
2893 5234 3172 5299 Quomodo
3208 5246 3463 5303 posceret
3512 5237 3679 5296 Deus,

2108 5305 2209 5357 nisi
2244 5306 2472 5356 haberet
2503 5304 2663 5356 homo
2692 5305 2743 5357 ιιι
2772 5321 2868 5357 sua
2906 5313 3207 5371 potestate,
3246 5306 3390 5372 quod
3427 5306 3543 5358 Deo
3589 5320 3680 5369 po-

2106 5375 2279 5426 scenti
2338 5373 2564 5425 deberet
2613 5372 2850 5428 oﬂ'et're?
2892 5393 2909 5424 ι
2946 5373 3091 5427 ldem
3140 5379 3287 5426 hom.
3327 5376 3397 5425 2.0
3449 5392 3463 5426 :
3525 5390 3545 5422 ι
3586 5374 3679 5424 Sui

2107 5447 2341 5510 namque
2366 5442 2580 5495 arbitrii
2611 5458 2733 5497 esse
2756 5448 2998 5497 animum
3019 5482 3034 5507 ,
3062 5452 3114 5496 et
3149 5444 3201 5494 in
3222 5458 3396 5510 {quam
3445 5443 3681 5494 voluerit

2108 5524 2314 5591 partem
2341 5521 2423 5565 est
2452 5513 2499 5591 ei
2528 5512 2757 5589 liberum
2782 5514 3077 5590 declinare,
3106 5522 3160 5565 et
3186 5515 3304 5591 ideo
3327 5514 3540 5590 justum
3585 5513 3683 5563 Det

2102 5583 2369 5650 judicium
2394 5590 2498 5644 est,
2541 5584 2665 5649 quia
2694 5595 2887 5650 sponte
2918 5598 3013 5637 sua
3038 5583 3150 5635 sive
3189 5586 3383 5647 bouis,
3411 5583 3529 5634 sive
3558 5592 3685 5647 per

2584 5715 2629 5748 ⁷⁸
2657 5715 2714 5770 In
2750 5731 2969 5787 prepos.
3006 5714 3099 5771 fol.
3138 5715 3225 5772 97.
3317 5715 3365 5749 τ’
3396 5712 3565 5772 Juau.
3606 5733 3679 5783 vt.
