3970 6378
428 378 564 437 ΠΙᾶ

1734 372 2088 430 VARIORUM
2117 371 2326 430 Νοτιε

3530 374 3680 429 Πιό

498 494 595 547 tlis
637 494 820 557 itaque
859 494 937 548 sic
978 493 1294 547 constitutis
1328 498 1379 545 et
1413 489 1677 561 probatis,
1712 500 1992 561 superest,
2025 495 2066 548 Α
2099 501 2345 559 posteros
2387 490 2564 545 sancti
2602 489 2701 545 viri
2756 489 2917 554 Seth,
2959 488 3045 545 vel
3088 498 3241 547 certe
3274 490 3528 561 gigantes
3575 508 3676 546 seu

421 573 480 619 ut
540 563 783 617 adversae
833 566 1119 617 sementim
1173 560 1510 631 argumentis
1564 559 1991 631 satisfaciamus.

424 634 657 687 tremens
688 634 738 686 in
766 634 954 700 primis
982 632 1215 701 scipsum
1242 630 1497 699 explicat,
1526 632 1734 701 dicens,
1762 630 1997 701 circum-

424 703 688 758 cisiouem
724 699 829 755 non
884 701 1050 756 fuisse
1067 699 1096 753 ⁷(
1143 701 1658 755 consummatricem
1685 699 1935 766 justitiaz,
1972 717 1991 750 t

426 788 550 825 cum
595 774 850 827 videlicet
894 783 1039 826 recta
1087 773 1140 826 in
1187 773 1356 826 caelos
1387 784 1490 822 non
1534 770 1871 838 perduceret,
1908 784 1995 823 re-

426 843 758 910 demptionis
807 842 1059 895 humana:
1106 843 1282 910 pretio
1331 840 1567 893 nondum
1624 854 1751 910 per‘
1786 838 1994 910 Christi

427 907 655 965 mortem
687 912 956 965 exsoluta.
992 907 1189 965 Subdit
1234 925 1399 979 porro
1445 924 1563 962 eam
1595 925 1698 961 non
1731 907 1997 979 fuissesi-

425 997 590 1047 gnum
623 982 894 1042 otiosum,
942 992 1202 1049 tanquam
1238 978 1367 1048 quae
1415 993 1442 1029 a
1485 980 1740 1049 sapiente
1785 978 1995 1032 artiﬁce

425 1052 550 1105 data
591 1062 756 1119 esset.
813 1051 981 1119 Igitur
1026 1047 1128 1103 fuit
1175 1047 1388 1119 signum
1435 1047 1619 1101 ellicax
1651 1057 1706 1099 et
1735 1057 1994 1119 operam-.-

424 1121 584 1177 riunt.
623 1118 809 1174 Patres
839 1117 929 1187 qui
978 1117 1248 1175 Abraham
1294 1127 1709 1186 praecesserunt,
1742 1132 1845 1170 non
1883 1117 1997 1169 fue-

423 1200 549 1260 runt
583 1206 678 1260 per
711 1206 830 1243 eam
854 1192 1155 1258 jnstilicati,
1181 1188 1437 1257 quoniam
1479 1187 1717 1260 nondum
1748 1187 1993 1260 instituta

423 1255 617 1314 fuerat.
652 1259 760 1313 lnto
794 1255 890 1314 nec
924 1263 1039 1328 ipse
1065 1255 1340 1313 Abraham
1380 1273 1475 1325 per
1517 1271 1634 1310 eam
1666 1256 1846 1328 justus
1868 1255 1995 1310 ell'e—

421 1338 543 1399 rtus
588 1341 692 1391 est,
735 1333 879 1398 quod
922 1326 1078 1399 longe
1116 1331 1268 1396 prius
1316 1328 1417 1399 {ide
1450 1335 1503 1379 et
1552 1326 1860 1399 obedientia
1893 1340 1991 1380 sua

420 1398 533 1467 Deo
563 1396 763 1467 gratus
785 1412 836 1453 et
869 1396 1124 1467 acceptus
1155 1409 1318 1453 esset.
1356 1396 1465 1449 Nec
1491 1396 1804 1467 admodum
1837 1403 1995 1461 urget

420 1466 483 1524 Β.
512 1464 711 1523 Justini
746 1473 905 1532 ratio,
936 1464 1375 1537 quandoquidem
1426 1464 1619 1519 salutis
1666 1464 1989 1537 letninarnnt

421 1537 583 1591 aliam
627 1541 885 1593 rationem
923 1534 1062 1593 Deus
1109 1534 1317 1598 habuit,
1358 1550 1478 1589 cum
1533 1548 1787 1600 expresse
1818 1534 1990 1587 solum

417 1609 778 1665 masculinum
803 1626 990 1664 sexum
1024 1610 1149 1663 huic
1180 1608 1281 1674 legi
1309 1603 1630 1659 devinxerit.
1663 1602 1992 1674 Chrysosto-

419 1691 511 1733 mo
545 1693 639 1745 per
667 1678 729 1734 D.
761 1680 1096 1734 Bernardum
1130 1680 1328 1729 factum
1359 1674 1617 1745 estsatis.

492 1741 595 1801 Sed
623 1753 911 1802 secundum
936 1762 1168 1802 carnem.
1199 1746 1426 1799 Easdem
1470 1741 1906 1797 circumcisionis
1937 1752 1991 1799 et

420 1814 784 1871 Sabbatorum
827 1821 1069 1873 rationes
1116 1817 1300 1870 videre
1342 1814 1467 1867 licet
1523 1811 1667 1880 apud
1716 1809 1986 1867 Justinnm

418 1895 711 1957 martyrem
766 1888 818 1941 in
878 1888 1123 1956 Dinlogo,
1173 1896 1228 1939 et
1281 1882 1690 1957 '[ertnlliattum
1726 1882 1818 1934 lib.
1851 1883 1985 1957 Ade.

416 1952 654 2013 Iudicas.
688 1956 843 2012 Philo
876 1952 1094 2011 ludicns
1145 1957 1242 2010 lib.
1292 1954 1365 2005 De
1394 1952 1792 2005 circumcisione
1825 1954 1989 2007 tradit

418 2040 536 2078 eam
570 2027 872 2079 institutam
902 2041 1023 2081 esse
1056 2044 1084 2079 a
1120 2026 1228 2079 Deo
1263 2023 1333 2077 ob
1384 2036 1475 2074 sex
1511 2034 1725 2079 causas.
1752 2035 1984 2086 quarunt

419 2105 653 2165 quatuor
677 2094 836 2150 aliert
866 2095 1140 2165 physicas,
1194 2104 1247 2147 et
1281 2095 1414 2149 duas
1447 2089 1985 2165 ntysticasabactanf

418 2158 525 2225 tius
567 2164 659 2225 lib.
712 2182 786 2227 tv,
818 2158 878 2220 οξ
905 2158 994 2229 l7,
1028 2167 1167 2218 hanc
1194 2178 1315 2217 cum
1346 2158 1557 2219 caeteris
1609 2158 1811 2221 reddit,
1842 2162 1986 2228 quod

418 2232 658 2299 signaret
700 2238 1011 2289 nudandmn
1067 2248 1190 2288 esse
1220 2241 1432 2301 pectus,
1468 2229 1520 2281 id
1552 2238 1655 2294 est,
1697 2239 1885 2301 aperto
1931 2239 1987 2284 et

419 2300 652 2372 simplici
687 2306 851 2358 corde
905 2314 1155 2372 oportere
1187 2298 1283 2354 nos
1316 2301 1497 2352 vivere
1533 2298 1826 2372 :quoniam
1861 2315 1987 2372 pars

420 2371 512 2442 illa
543 2377 786 2442 corporis
822 2369 952 2442 quae
1000 2372 1412 2426 circumciditur
1466 2369 1754 2437 quamdam
1800 2370 1985 2427 cordis

420 2441 850 2497 similitudinem
868 2444 1084 2497 habeat.

488 2511 707 2564 Addens
738 2528 898 2578 porro
947 2515 1199 2571 Irenzeus.
1236 2510 1377 2565 banc
1419 2508 1712 2563 secundum
1760 2523 1982 2563 carnem

420 2580 891 2649 circumcisionem
943 2582 1277 2649 spiritualem
1340 2578 1811 2649 circumcisionem
1849 2593 1985 2646 prte-

422 2648 706 2715 ligurasse,
740 2647 1236 2720 Calahaptistarunt
1288 2647 1647 2720 quorumdam
1681 2647 1873 2705 refellit
1900 2663 1985 2700 er-

419 2734 620 2782 rorem,
653 2737 759 2788 quo
806 2719 997 2777 volunt
1044 2719 1446 2775 circmncisioni
1482 2726 1726 2788 veterum
1780 2733 1985 2785 nequa—

418 2803 582 2855 quam
619 2786 949 2847 successisse
978 2792 1323 2859 baptismum,
1377 2797 1434 2840 ut
1481 2795 1535 2839 et
1569 2786 1720 2859 hunc
1759 2789 1982 2859 tandem

419 2859 711 2926 aliquando
737 2863 923 2916 tollant
957 2862 1021 2914 de
1047 2856 1251 2913 inedio.
1284 2860 1349 2909 At
1381 2872 1527 2916 vero,
1556 2856 1789 2922 Apostoli
1821 2856 1983 2910 verba

418 2944 537 2993 qua:
567 2931 932 2999 adducuntur,
980 2930 1109 2983 illud
1146 2929 1367 2999 omnino
1404 2926 1715 2999 exprimunt
1757 2941 1767 2973 :
1802 2943 1819 2975 ι
1863 2926 1983 2979 Cir-

420 2998 642 3069 cumcisi
689 3002 839 3064 estis,
894 2996 1168 3069 inquiunt,
1195 2996 1630 3069 circumcisione
1648 3010 1754 3069 non
1788 3010 1981 3069 manu-

419 3067 561 3123 l‘acta
596 3070 646 3123 in
679 3064 1078 3138 exspoliatione
1108 3066 1356 3135 corporis
1385 3065 1586 3138 carnis,
1620 3064 1984 3138 incircumci-

418 3139 568 3191 sione
593 3134 821 3205 Christi,
866 3138 1164 3208 consepulti
1197 3139 1245 3189 ei
1288 3138 1338 3208 in
1388 3134 1652 3208 baptismo
1678 3134 1745 3208 '7.
1786 3154 1803 3187 ι
1840 3134 1983 3208 Ergo

418 3208 720 3275 baptismns
747 3204 972 3265 vacatur
997 3204 1342 3265 circumcisio
1366 3204 1591 3265 Christi,
1619 3212 1671 3255 et
1702 3206 1989 3259 circumci-

419 3278 502 3331 sio
527 3280 809 3347 spiritalis,
836 3284 977 3348 quod
1012 3279 1182 3335 veteri
1225 3288 1277 3329 et
1333 3275 1985 3348 carnalicircumcisioni

420 3342 675 3414 tanquam
711 3342 909 3405 veritas
939 3349 1141 3403 umbra:
1170 3345 1514 3401 successerit,
1552 3342 1641 3396 Sic
1664 3353 1715 3397 et
1741 3342 1987 3398 Justinus

419 3416 471 3473 in
505 3417 730 3489 Dialogo
760 3419 1088 3489 baptismum
1112 3418 1345 3489 aflirmat
1379 3414 1674 3489 spiritalem
1720 3428 1842 3489 esse
1881 3415 1989 3489 cir-

416 3483 844 3556 cnntcisionem;
869 3489 1019 3556 cujus
1036 3497 1259 3539 externa
1284 3484 1380 3556 illa
1415 3498 1582 3556 typus
1608 3483 1789 3556 fuerit.
1816 3483 1985 3536 Alba-

421 3555 607 3609 nasins
636 3573 846 3625 qn0qne
876 3553 1063 3611 scribit
1088 3556 1133 3596 ⁸⁸
1164 3576 1176 3609 :
1216 3574 1234 3605 ι
1268 3553 1623 3625 Circumcisio
1664 3554 1831 3617 ligura
1861 3565 1981 3625 erat

418 3623 771 3697 exuviarum,
795 3644 914 3696 quin
956 3643 1050 3697 per
1093 3627 1421 3697 baptismum
1457 3623 1834 3697 deponuntur.
1870 3640 1887 3672 t
1922 3623 1987 3676 Et

420 3696 583 3762 paulo
612 3707 729 3766 post
762 3716 776 3755 :
814 3693 831 3750 ἰ
866 3693 1136 3753 Abraham
1164 3694 1629 3766 circutncisionent
1655 3693 1862 3759 accepit
1888 3708 1986 3759 pro

421 3761 545 3838 nota
587 3761 996 3838 insignibusque
1049 3761 1679 3838 ejus_regenerationis,
1728 3777 1859 3838 qua:
1880 3776 1985 3838 per

419 3831 745 3904 baptismum
773 3831 1092 3893 cenli‘citur.‘
1118 3856 1136 3887 ι
1173 3832 1503 3901 Epiphanius
1533 3831 1850 3885 Cerintltutn
1878 3832 1981 3904 int-_

420 3902 693 3974 pugnans,
723 3910 955 3961 allirmat
998 3905 1476 3961 circumcisiouem
1506 3915 1710 3974 carnis
1753 3902 1981 3970 tempori
2008 3964 2011 3971 ~

420 3972 759 4039 ittscrt'iisse,
809 3979 978 4031 donec
1009 3978 1182 4047 major
1209 3972 1575 4047 circumcisio,
1598 3973 1671 4047 ‘id
1702 3984 1807 4047 est,
1833 3973 1980 4047 tiva-

418 4062 567 4100 crum
597 4049 1022 4115 regenerationis
1046 4042 1363 4100 accesserit.
1388 4042 1716 4110 Augustinus
1748 4042 1984 4115 denique

419 4114 699 4189 proﬁtetur
724 4119 1191 4189 circmnrisionem
1216 4124 1290 4189 _et
1331 4115 1653 4189 baptismum
1684 4127 1815 4189 esse
1842 4114 1982 4179 ejus-

416 4182 539 4241 dem
571 4197 804 4243 naturai.
831 4189 1071 4257 Insuper,
1102 4187 1373 4257 Christum
1411 4186 1461 4257 in
1492 4182 1731 4257 Ecclesia
1760 4197 1854 4257 sua
1884 4197 1982 4249 pro

418 4258 834 4311 circumcisione
867 4251 1036 4310 veteri
1059 4256 1387 4323 baptismum
1411 4252 1731 4305 instituisse.
1755 4251 1983 4304 Constat

415 4342 547 4393 ergo
582 4336 688 4380 tam
727 4344 797 4384 ex
828 4327 1108 4397 Apostolo,
1149 4340 1307 4397 quam
1341 4338 1402 4374 ex
1428 4331 1681 4397 veterum
1711 4336 1977 4397 consensu

418 4398 745 4465 baptismum
802 4392 984 4450 divina
1034 4392 1380 4450 ordinatione
1428 4393 1482 4445 iit
1538 4392 1979 4446 circunteisionis

414 4467 591 4520 lacum
623 4483 686 4519 ac
710 4469 954 4521 ordinem
982 4468 1327 4520 subslitutttnt
1357 4476 1498 4515 esse.

488 4535 930 4604 Mauifestabatur
956 4547 1153 4590 autem.
1183 4537 1345 4588 Docet
1366 4532 1670 4604 Sabbatum
1690 4539 1843 4604 vetus
1866 4530 1972 4604 duo

414 4600 770 4677 signiﬁcasse.
806 4606 1064 4670 Primum,
1089 4620 1185 4677 nos
1206 4606 1348 4677 omni
1376 4612 1616 4677 tempore
1641 4600 1839 4677 debere
1869 4601 1975 4654 Deo

415 4671 652 4739 vacare;
692 4678 1029 4741 secundum,
1083 4672 1447 4727 lelicissitnam
1501 4680 1555 4741 et
1606 4671 1973 4741 beatissimam

415 4751 564 4805 illam
614 4750 878 4820 requiem,
908 4740 1073 4820 quam
1124 4754 1247 4813 post
1284 4741 1441 4809 hujus
1466 4740 1603 4820 sine
1639 4740 1977 4820 miScria‘sct

414 4810 715 4873 certamina
749 4819 799 4870 in
834 4810 986 4872 caelis
1019 4810 1417 4884 exspectamus.
1452 4810 1629 4884 Atque
1654 4810 1756 4884 hoc
1786 4818 1865 4884 est
1895 4811 1976 4861 in-

418 4890 699 4957 telligibile
754 4888 1077 4949 Sabbatum,
1100 4878 1295 4957 Δᾖιιψιῇι
1336 4880 1637 4957 Hesychius
1664 4879 1731 4941 ⁸⁸,
1768 4878 1833 4932 de
1868 4893 1978 4957 quo

414 4961 489 5011 ait
516 4948 716 5013 [Yaulus
743 4977 757 5014 :
798 4976 816 5007 ι
867 4957 1011 5024 Ergo
1038 4948 1362 5020 relinquitur
1391 4948 1757 5024 sabbatismus
1788 4948 1982 5024 pOpulo

416 5029 547 5098 Dei;
596 5049 614 5081 ι
645 5044 808 5098 quem
835 5018 1238 5098 si'guilicatdies
1264 5018 1618 5098 septimatitt
1638 5032 1745 5085 qua
1774 5019 1987 5098 requie:

415 5094 503 5151 vit
533 5088 692 5154 Deus.
729 5098 802 5151 De
836 5088 935 5149 huc
968 5096 1090 5148 vide
1139 5090 1427 5160 Augustin.
1477 5088 1543 5148 ad
1592 5091 1754 5141 liuent
1807 5088 1985 5141 ultimi

414 5166 536 5221 libri
581 5168 655 5222 De
683 5172 911 5221 civitate.
1044 5234 1055 5239 Δ
1198 5231 1217 5239 _
1278 5231 1290 5239 _
1430 5228 1463 5239 η
1518 5227 1530 5239 _
1655 5227 1675 5239 η
1906 5226 1955 5239 ,,

491 5239 559 5292 Et
597 5241 721 5303 quia
769 5254 872 5289 non
914 5250 1005 5303 per
1035 5234 1164 5288 liam.
1198 5231 1394 5303 lstlttcc
1430 5227 1620 5303 iisdem
1652 5226 1989 5303 fere_verbis

415 5309 583 5364 habet
609 5297 985 5362 Tertulliau'us
1016 5305 1109 5360 lib.
1142 5303 1339 5359 Contra
1363 5297 1605 5364 ludam,
1646 5307 1705 5352 ut
1748 5297 1875 5350 hinc
1903 5298 1983 5350 vi-

413 5380 645 5433 deantur
667 5380 969 5442 desumpta.

494 5446 594 5502 Dei
625 5434 881 5519 legatione
916 5445 985 5496 ad
1023 5442 1235 5519 angelos
1272 5438 1606 5519 fungebatur.
1646 5434 1977 5519 \[ett‘tsmcom

423 5532 620 5577 nomen
656 5507 692 5567 «⁷
714 5516 832 5579 Dei,
886 5534 903 5566 ι
947 5530 1051 5567 non
1094 5507 1281 5568 habet.
1324 5507 1615 5579 (Steterunt,
1660 5507 1897 5579 dillicilis
1929 5514 1983 5579 et

422 5576 689 5655 obscurus
713 5576 826 5652 erit
844 5586 931 5640 hic
960 5584 1131 5650 locus,
1156 5583 1267 5637 nisi
1293 5578 1609 5657 angelorum
1651 5577 1868 5637 nomine
1896 5576 1980 5630 vel

504 5729 554 5773 οἵ
589 5725 797 5782 Coloss.
849 5738 910 5787 tt,
949 5720 1005 5774 ll
1060 5730 1115 5776 et
1147 5719 1236 5776 η.

1346 5720 1391 5753 ⁸⁸
1416 5717 1473 5773 In
1510 5718 1636 5772 illud
1669 5734 1685 5773 :
1726 5714 1916 5779 Omnia
1954 5716 2087 5770 mihi
2112 5716 2306 5770 tradita
2338 5724 2485 5768 sunt.

2102 562 2374 681 principes
2413 560 2661 614 homines
2713 561 3087 621 intellexeris,
3141 560 3373 625 quorum
3426 561 3588 613 nelar
3613 578 3677 615 as

2126 631 2359 681 ibidines
2386 630 2488 681 sub
2515 630 2734 681 nomine
2760 631 2993 681 ﬁliorum
3022 630 3113 681 Dei
3150 629 3365 681 Movses
3402 632 3675 681 describit

2126 631 2359 701 ibidines
2386 630 2488 684 sub
2514 630 2734 701 nomine
2760 631 2993 685 ﬁliorum
3022 630 3113 684 Dei
3150 629 3365 701 Moyses
3402 632 3675 684 describit

2101 696 2301 782 Cenes.
2330 715 2410 764 vr,
2458 700 2524 782 ad
2576 716 2721 782 quos
2765 701 3066 782 monendos
3114 696 3336 782 nuunt'ins
3384 710 3440 753 et
3490 716 3675 769 praeco

2100 772 2429 823 amaudatus
2474 769 2636 823 fuerit
2684 770 2899 834 Enoch;
2930 779 3095 837 atque
3144 772 3215 823 ita
3256 780 3310 824 et
3338 780 3511 832 recte,
3548 785 3674 823 meo

2092 837 2317 960 judicio,
2370 839 2803 920 interpretantur
2838 840 3239 920 Tltemloretus,
3294 840 3567 911 Cyrillus,
3615 849 3671 892 et

2144 922 2371 960 vranus.
2424 908 2627 960 Sutdas
2660 909 2797 960 liltos
2826 909 2919 960 Det
2970 909 3135 960 Euos.
3190 908 3400 960 Enoch.
3437 920 3492 960 et
3525 912 3669 960 alios

2144 922 2371 976 yranus.
2424 908 2627 961 Sttidas
2660 909 2797 964 lilios
2826 909 2919 962 Dei
2970 909 3135 971 Euos,
3190 908 3400 973 Enocb,
3437 920 3492 964 et
3525 912 3669 963 alios

2098 986 2351 1048 posteros
2375 978 2506 1048 $er
2532 978 2623 1048 lilii
2657 980 2990 1045 Adm,.putat
3020 994 3125 1031 non
3152 980 3451 1048 incongrue
3476 980 3671 1046 appel-

2099 1045 2222 1109 lari,
2257 1064 2376 1101 cum
2410 1046 2541 1101 Setlt
2576 1047 2667 1101 Dei
2710 1064 3009 1117 cognomen
3043 1049 3184 1102 inter
3216 1045 3337 1111 eos,
3392 1050 3486 1117 qui
3521 1045 3666 1102 tum

2096 1116 2352 1171 vixerunt
2398 1118 2668 1179 homines,
2699 1120 2767 1170 ob
2797 1119 3047 1172 inventas
3092 1119 3303 1172 litteras
3335 1116 3665 1179 He'hraicas,

2096 1185 2503 1256 stellarumque
2536 1187 2949 1255 appellationes,
2984 1198 3037 1240 et
3092 1188 3356 1254 insignem
3402 1190 3667 1256 pietatem

2096 1255 2411 1310 obtinuerit.
2467 1255 2543 1309 Ex
2596 1256 2702 1310 illis
2753 1257 2917 1325 igitur
2966 1257 3167 1312 multos
3206 1255 3433 1312 lascivia
3489 1258 3672 1310 victos

2094 1325 2286 1379 scribit
2333 1341 2458 1380 cum
2510 1325 2720 1379 liliahus
2771 1327 2905 1379 Cain
2955 1340 3278 1394 congressos
3368 1328 3570 1382 fuisse.
3608 1325 3667 1379 Si

2095 1408 2223 1447 vero
2268 1399 2331 1448 de
2377 1394 2670 1464 immundis
2713 1395 3017 1463 spiritibus,
3055 1411 3191 1464 quos
3232 1394 3501 1453 Justinus.
3543 1397 3668 1449 Cle-

2098 1478 2250 1537 tuens
2279 1464 2456 1537 Alcm,
2476 1462 2868 1537 'l‘ertuilianus,
2888 1462 3299 1537 Athenagoras,
3332 1467 3665 1537 Cyprianus,

2096 1531 2418 1601 Methodius,
2469 1544 2525 1586 et
2563 1532 2807 1601 plerique
2851 1534 2942 1587 alii
2986 1531 3198 1589 classici
3252 1531 3508 1591 auctores
3543 1551 3669 1587 mu-

2095 1600 2285 1655 lierum
2329 1602 2504 1673 forma
2546 1600 2779 1657 allectOs
2828 1603 2997 1673 {mdis
3041 1605 3414 1673 voluptatibus
3472 1604 3665 1658 carnis

2092 1683 2314 1740 operam
2357 1672 2569 1727 dedisse
2602 1673 2921 1739 opinantur,
2954 1672 3365 1740 aliquis’locum
3399 1675 3552 1729 hunc
3581 1674 3667 1724 in-

2096 1739 2445 1813 telligendum
2464 1742 2851 1813 contenderit;
2892 1739 3189 1813 singularis
3214 1753 3295 1799 est
3317 1745 3665 1813 opinio.-po-

2095 1810 2203 1862 tius
2232 1810 2645 1873 dissimulanda,
2676 1825 2841 1878 quam
2876 1812 3259 1879 amplexanda,
3290 1810 3388 1867 aut
3414 1812 3666 1881 procaci-

2095 1888 2175 1930 ter
2197 1882 2519 1947 exagitanda
2542 1896 2557 1941 ;
2578 1896 2741 1948 quam
2761 1898 2829 1941 ex
2854 1882 3005 1934 libris
3035 1882 3220 1937 Enoclt
3251 1885 3475 1937 nomine
3502 1881 3661 1935 evul-

2090 1949 2231 2014 gatis
2269 1949 2578 2004 dimanasse
2625 1960 2887 2016 putarunt
2937 1951 3327 2013 'l‘ertnllianus,
3363 1952 3661 2017 Origenes,

2089 2018 2427 2087 Augustinus
2457 2038 2471 2081 ξ
2505 2022 2596 2073 lib.
2632 2018 2709 2073 De
2752 2022 2938 2073 habitu
2970 2021 3239 2087 muliebri,
3290 2024 3445 2077 hom.
3491 2019 3566 2073 98
3608 2021 3664 2075 in

2088 2086 2374 2149 Numeros,
2406 2089 2499 2143 lib.
2527 2104 2593 2141 xv
2626 2088 2702 2141 De
2724 2091 2865 2143 civit.
2898 2106 2947 2145 c.
2976 2093 3069 2146 23.

2162 2157 2232 2209 Et
2265 2158 2556 2232 translatus
2582 2167 2678 2232 eat2
2724 2171 2770 2213 et
2795 2170 3153 2232 conservatur.
3184 2163 3241 2217 In
3277 2178 3401 2219 eum
3438 2167 3663 2232 paradi-

2089 2242 2206 2303 sum
2254 2241 2361 2295 quo
2404 2228 2614 2294 positus
2654 2227 2831 2303 fuerat
2882 2231 3097 2303 Adam,
3135 2248 3256 2289 cum
3309 2227 3503 2288 eodem
3549 2250 3664 2303 quo

2088 2300 2301 2372 vixerat
2336 2312 2564 2372 corpore
2602 2300 2917 2372 servarigex
2966 2302 3258 2357 traditione
3286 2300 3663 2372 presbytero-

2091 2366 2362 2441 rum,jqui
2404 2367 2681 2441 apostolos
2715 2369 3018 2432 audierant,
3061 2385 3119 2425 se
3158 2366 3439 2441 accepisse
3470 2366 3669 2428 scribit

2087 2449 2274 2511 postea
2311 2435 2402 2511 li_b.
2430 2451 2480 2489 ν.
2509 2436 2642 2511 Huic
2666 2441 2949 2511 Sententiae
2979 2449 3057 2493 tot
3087 2435 3482 2511 suﬂragitntur,
3509 2456 3569 2496 ut
3595 2446 3666 2497 ab

2086 2522 2147 2582 ea
2180 2506 2457 2582 discedere
2481 2506 2631 2582 _milti
2669 2507 2860 2582 religio
2889 2511 2979 2573 sit,
3016 2506 3290 2579 praecipue
3313 2528 3439 2565 cum
3466 2506 3669 2582 aperte

2087 2577 2236 2651 dicat
2282 2577 2334 2629 in
2371 2574 2916 2651 Ecclesiastico'cap.
2936 2574 3077 2651 3m
3100 2574 3398 2651 Sy‘racides
3429 2574 3669 2637 Latinus

2089 2645 2299 2719 (Grates
2332 2645 2476 2696 enim
2525 2647 2764 2719 variant)
2794 2664 2821 2719 ε
2859 2645 2876 2697 ἀ
2933 2645 3379 2719 Enoch'placuit
3435 2654 3572 2715 Deo,
3610 2662 3666 2706 et

2090 2715 2385 2791 translatus
2415 2725 2525 2791 θεὲ.
2546 2718 2593 2791 in
2620 2717 2950 2791 paradisum
2974 2737 3007 2791 ;A
3030 2738 3047 2771 t
3089 2732 3140 2773 et
3170 2715 3357 2788 Apost.
3391 2724 3444 2776 in
3483 2724 3663 2791 Epist.

2086 2788 2153 2839 ad
2186 2784 2317 2837 ch.
2359 2800 2372 2835 :
2412 2800 2427 2832 t
2471 2784 2601 2837 Fide
2620 2785 2803 2841 Enoch
2845 2789 3155 2849 translatus,
3186 2784 3253 2841 ne
3282 2792 3495 2845 videret
3523 2784 3671 2847 inor-

2090 2863 2218 2915 tem.
2238 2863 2291 2907 et
2322 2869 2425 2909 non
2448 2853 2980 2921 ittveniebalur,qnia
3003 2859 3277 2913 transtulit
3298 2876 3425 2913 eum
3457 2864 3661 2916 Deus.»

2086 2925 2370 2997 gunsentit
2398 2932 2497 2997 Διιι*
2523 2921 2794 2997 Tltargum
2847 2925 3232 2997 Babylonicum
3260 2968 3277 2992 ,
3344 2932 3665 2997 interprete

2086 2994 2294 3062 Fagio:
2331 3013 2352 3046 ς
2383 2994 2692 3049 Autbnlavit
2741 2992 2924 3053 Enoclt
2960 2992 3021 3050 'in
3066 3000 3260 3052 timore
3310 2992 3565 3056 Domini:
3600 3009 3667 3052 et

2088 3079 2193 3117 non
2227 3067 2361 3131 ipse,
2385 3064 2507 3129 quia
2539 3078 2644 3118 non
2674 3063 2811 3115 mori
2841 3065 2968 3119 fecit
2994 3081 3115 3120 cum
3144 3067 3421 3123 Dominus.
3454 3090 3475 3122 ι
3508 3070 3667 3123 Philo

2091 3133 2309 3187 Jndwus
2337 3132 2430 3185 lib.
2472 3132 2547 3204 De
2580 3134 2687 3187 rita
2716 3135 2990 3199 sapientis,
3032 3147 3175 3191 recte
3215 3137 3447 3204 judicat,
3482 3140 3661 3192 Deum

2094 3205 2241 3257 illum
2284 3203 2649 3264 transtulisse,
2678 3216 2781 3276 non
2812 3220 2905 3272 per
2942 3217 3195 3270 mortem,
3219 3203 3317 3262 sed
3360 3224 3458 3276 per
3495 3225 3662 3276 sepa—

2092 3276 2358 3346 rationent
2408 3288 2435 3325 a
2481 3272 2773 3346 consortio
2820 3283 2875 3328 et
2919 3276 3223 3345 frequentia
3279 3272 3666 3346 improborum

2090 3345 2395 3407 hominum,
2427 3342 2493 3394 ad
2526 3344 2767 3413 ignotum
2798 3346 2956 3413 vulgo
2989 3342 3204 3401 virtutis
3224 3342 3525 3402 secegsum.

2162 3414 2369 3485 Errant
2409 3413 2572 3485 igitur
2616 3413 2667 3465 hi
2724 3411 2961 3477 Hebraei,
2988 3426 3039 3469 et
3074 3418 3162 3484 qui
3198 3419 3315 3473 illos
3345 3427 3663 3485 sequuntur

2089 3484 2306 3554 quidam
2348 3482 2550 3555 Latini,
2586 3498 2706 3534 cum
2750 3495 2963 3553 raptum
3012 3482 3181 3549 hunc.
3238 3482 3471 3542 mortem
3539 3488 3663 3555 ejus

2089 3567 2471 3629 przetnaturattt
2521 3554 2988 3629 interpretantur.
3039 3556 3151 3629 Etsi
3213 3558 3356 3612 enim
3418 3554 3662 3629 libenter

2087 3625 2339 3677 admitto
2382 3624 2549 3675 vitam
2592 3624 2711 3686 ejus
2756 3626 2807 3676 in
2857 3626 3022 3679 terris
3077 3626 3243 3681 luisse
3292 3637 3506 3680 tantum
3553 3627 3667 3680 565

2089 3708 2374 3758 annorum,
2407 3707 2503 3746 nec
2526 3692 2591 3745 ad
2615 3692 2896 3748 dimidium
2922 3697 3101 3751 aetatis
3119 3697 3381 3762 majorum
3401 3713 3661 3760 suorum,

2088 3771 2184 3817 aut
2219 3774 2495 3831 nepotum,
2551 3776 2675 3815 eum
2714 3764 3069 3832 pervenisse;
3103 3768 3197 3821 sed
3242 3783 3272 3820 e
3315 3768 3499 3820 medio
3531 3768 3663 3818 vita:

2088 3834 2249 3900 hujus
2279 3850 2442 3905 cursu
2476 3842 2713 3905 repente,
2750 3842 2806 3886 et
2842 3833 3103 3889 inusitato
3134 3838 3381 3905 exemplo
3428 3853 3653 3890 assum-

2086 3914 2234 3973 ptum
2254 3919 2327 3975 ex
2355 3903 2632 3958 hominum
2668 3911 2982 3970 conspectu,
3026 3917 3085 3959 ut
3126 3909 3191 3960 de
3234 3903 3346 3959 Elia
3377 3906 3655 3975 legimus:

2087 3989 2193 4028 non
2249 3974 2555 4045 itaitameng
2590 3984 2667 4045 uti
2700 3984 2875 4026 morte
2925 3976 3245 4042 interposita
3310 3974 3660 4045 corporeqne

2086 4045 2257 4098 instar
2287 4044 2514 4096 aliorum
2545 4041 2596 4094 itt
2622 4044 2837 4096 cineres
2866 4041 3121 4100 redactus
3153 4048 3244 4100 sit.

2155 4114 2273 4186 Quo
2295 4128 2422 4166 vero
2448 4113 2746 4186 translatus
2776 4115 2868 4186 sit.
2904 4123 2956 4167 et
2986 4115 3075 4167 ubi
3104 4125 3245 4186 agat,
3271 4116 3543 4185 quibusve
3573 4117 3657 4169 ci-

2084 4182 2167 4237 bis
2194 4184 2394 4244 alatur,
2428 4192 2518 4234 aut
2552 4191 2702 4235 veste
2735 4181 3010 4245 induatur,
3056 4181 3523 4251 supervacaneum
3574 4203 3662 4240 re-

2082 4254 2301 4318 quirere
2329 4251 2605 4321 existimat
2654 4252 3078 4321 Cltrysostomus
3107 4257 3174 4309 ⁹⁰.
3209 4255 3354 4309 Inter
3395 4258 3661 4321 quaestio-

2084 4339 2197 4382 nes,
2228 4336 2349 4394 qua}
2373 4322 2439 4374 ad
2488 4319 2653 4394 Iidem
2684 4319 2790 4374 non
2825 4324 3121 4389 pertinent,
3153 4325 3364 4394 judicat
3396 4319 3662 4392 Augusti-

2084 4408 2184 4447 nus
2212 4394 2275 4443 ⁹¹.
2308 4392 2426 4456 Quo
2453 4390 2753 4463 translatus
2778 4394 2874 4463 sit,
2904 4394 3050 4447 novit
3080 4390 3239 4460 Dens,
3276 4390 3662 4463 pronuntiavit

2082 4464 2425 4533 Cyprianus,
2459 4474 2552 4514 seu
2591 4461 2785 4533 ‘quivis
2829 4461 2966 4533 alius
3020 4475 3210 4517 auctor
3262 4461 3535 4518 tractatus
3586 4465 3661 4517 De

2076 4528 2333 4586 montibus
2370 4528 2496 4584 Sina
2513 4539 2560 4583 et
2580 4528 2710 4583 Sion
2730 4532 2867 4598 apud
2890 4547 3033 4584 eum.
3052 4533 3234 4587 Potius
3263 4537 3661 4592 venerandum.

2077 4617 2239 4672 quam
2279 4600 2657 4672 inquirendum
2700 4611 2889 4653 censet
2926 4602 3304 4657 Tlteodoretus
3348 4614 3547 4672 quarst.
3588 4605 3664 4658 45

2081 4668 2133 4726 ill
2183 4670 2320 4726 Gen.
2348 4668 2554 4742 All_'_elt:l‘i
2586 4672 2893 4742 sententiae
2931 4676 3260 4735 assentiuut,
3305 4668 3427 4742 qua;
3482 4673 3664 4727 fertur

2084 4740 2358 4795 Nicodemi
2393 4737 2629 4791 Historia
2658 4739 2722 4791 de
2752 4751 2914 4791 morte
2929 4750 2977 4793 et
2999 4737 3377 4796 resurrectione
3401 4741 3621 4795 Domini
3644 4760 3664 4806 ;

2085 4810 2453 4865 Tertullianus
2485 4810 2577 4862 lib.
2608 4807 2682 4861 De
2717 4809 2930 4874 animo;
2958 4810 3263 4865 Metltodius
3294 4811 3667 4866 ittRerelatio-

2088 4883 2258 4950 nibus,
2318 4878 2683 4950 Epiphanius‘
2710 4879 2903 4950 haeres.
2948 4881 3052 4945 64;
3100 4884 3433 4950 Augustinus
3465 4883 3562 4935 tib.
3609 4898 3663 4935 ix

2092 4950 2165 5002 De
2194 4947 2464 5001 Genesiad
2488 4948 2570 5000 lit.
2600 4961 2720 5014 cap.
2755 4948 2811 5011 6,
2835 4951 2927 5005 lib.
2956 4966 2971 5002 t
3000 4950 3073 5003 De
3097 4947 3427 5017 peccatorum
3455 4953 3665 5003 meritis

2089 5030 2137 5073 et
2158 5032 2448 5085 rem.,cap.
2482 5018 2547 5075 5;
2573 5024 2805 5069 tractatu
2839 5024 2905 5070 de
2920 5020 3279 5085 Anticltristo,
3305 5030 3361 5073 et
3387 5022 3669 5075 recentio-

2092 5104 2178 5142 res
2234 5089 2346 5141 l'ere
2395 5102 2585 5140 omnes
2628 5088 2920 5140 orthodoxi
2974 5090 3292 5158 scriptores.
3349 5090 3404 5141 lit
3457 5091 3663 5143 cmlnm
3742 5128 3749 5135 ι

2092 5169 2326 5225 raptum,
2364 5158 2416 5210 id
2449 5167 2562 5228 est,
2600 5170 2693 5228 per
2718 5158 2944 5221 aethera,
2975 5168 3029 5211 et
3078 5170 3413 5228 assumptum
3457 5159 3665 5212 docent

2092 5228 2411 5280 Ambrosius
2447 5225 2540 5278 lib.
2592 5225 2669 5277 De
2718 5228 2971 5291 paradiso
3014 5243 3105 5294 vt,
3149 5229 3207 5291 3,
3252 5225 3305 5281 et
3357 5227 3665 5295 Gregorius

2093 5298 2238 5352 hom.
2266 5296 2336 5349 ‘29
2361 5297 2413 5349 in
2440 5295 2725 5366 Evangelia
2746 5311 2770 5366 ;7
2790 5307 3073 5349 venturum
3105 5308 3280 5351 autem
3303 5305 3357 5350 et
3385 5309 3663 5366 pugnatu-

2096 5381 2212 5418 rum
2245 5366 2508 5418 advcrsus
2531 5365 2924 5419 Antichristnm
2949 5367 3134 5419 volunt
3157 5382 3369 5421 omnes.

2160 5434 2289 5504 Pag.
2321 5434 2447 5504 247.
2485 5434 2825 5487 Etexstiucta
2850 5447 2981 5489 esset
3017 5438 3072 5488 in
3100 5436 3351 5504 λεμμα).
3385 5436 3448 5491 lt.
3484 5436 3665 5491 Moses

2090 5520 2152 5559 ac
2187 5503 2333 5558 Elias
2371 5502 2611 5570 Levites,
2651 5514 2709 5556 ut
2746 5518 2813 5557 ex
2843 5506 3068 5568 scriptis
3095 5502 3283 5559 eorum
3313 5506 3532 5573 colligit
3564 5510 3662 5560 do-

2088 5575 2362 5630 ctissimus
2395 5574 2776 5629 Genebrardus
2802 5574 2853 5627 in
2878 5574 3097 5639 Chrom,
3132 5578 3350 5628 tradunt
3386 5576 3664 5630 lsraelitas

2593 5716 2636 5747 θ’
2670 5714 2725 5769 ln
2754 5729 2912 5769 αχεν
2945 5711 3119 5769 Levit.
3230 5711 3277 5744 '°
3312 5710 3471 5766 llom.
3504 5710 3569 5765 21
3605 5711 3663 5768 in

432 5798 715 5867 Genesim,
743 5806 795 5853 et
817 5793 888 5859 22
922 5792 976 5847 in
1010 5791 1179 5876 Epist.
1210 5791 1274 5846 ad
1304 5789 1579 5849 Hebraeos.
1653 5789 1695 5823 "
1729 5787 1844 5854 Lib.
1876 5802 1911 5841 tt
1946 5788 2009 5842 de
2038 5796 2260 5869 peccato
2293 5786 2435 5863 orig.
