3970 6378
342 356 475 416 171⁸1

1560 346 1630 416 tu
1664 360 1792 415 LIB.
1817 358 1882 414 tv
1916 356 1973 414 s.
2008 356 2283 414 meum.

3444 350 3580 404 l7l8

337 481 660 552 captivitate
703 481 1023 552 AEgyptiaca
1051 482 1493 537 constantissime
1541 482 1759 551 quidem
1805 481 1909 535 lin-
1938 484 1983 541 Α
2014 480 2277 552 victimae;
2303 488 2370 552 et
2400 477 2726 545 auscultare,
2754 476 2923 549 magis
2951 489 3112 546 quam
3129 472 3328 530 offerre
3364 475 3579 541 adipem

337 566 503 621 gnam
541 550 885 614 Hebraicain,
925 566 1036 605 suae
1059 552 1238 621 gentis
1268 553 1513 606 habitum
1542 550 1592 606 et
1635 553 1774 603 avita
1814 567 1911 603 no-

340 619 486 671 mina
522 621 851 683 retinuisse;
882 619 1083 674 verunt
1132 622 1532 675 sanctissimam
1574 621 1913 689 patriarcha-

341 702 459 759 rum
494 689 655 759 [idem
693 705 757 743 ac
784 689 1099 755 religionem
1131 689 1395 759 ﬂagitiose
1427 692 1754 750 deseruisse,
1796 689 1908 741 sola

339 756 518 830 stirpe
534 756 668 830 Levi
710 768 961 830 excepta,
986 775 1104 828 quae
1132 761 1184 813 in
1208 756 1279 812 ea
1306 761 1703 830 perseverando
1732 772 1912 813 sacer-

336 826 469 879 dotii
492 828 809 893 dignitatem
838 829 937 883 sibi
964 826 1283 896 promeruit.

414 896 480 948 Et
526 897 740 950 cibavit.
778 898 1149 965 Expnnximus
1191 915 1209 947 t
1245 897 1459 965 cibavi;
1498 917 1517 951 ι
1563 906 1617 952 et
1647 896 1910 952 continuo

344 980 367 1013 α
406 966 541 1086 ιιὶἰνίι
576 985 595 1018 ι
636 982 734 1036 pro
767 985 788 1019 ι
824 968 967 1022 vivet
1001 985 1021 1017 ι
1058 968 1400 1036 reposuimus
1438 968 1765 1023 auctoritate
1798 976 1905 1021 vet.

344 1046 404 1086 co
443 1072 458 1086 .

335 1046 458 1087 σου.

400 1103 485 1176 ξπ
507 1104 937 1176 adnotationibus
970 1104 1132 1158 Joan.
1161 1104 1293 1159 Ern.
1325 1106 1511 1160 Grabii
1540 1107 1591 1159 in
1616 1124 1732 1176 cap.
1759 1105 1847 1161 '50.

410 1171 541 1239 Pag.
574 1173 700 1228 246.
732 1176 936 1243 Accepit
955 1190 1227 1227 mensuras
1255 1171 1905 1243 mundi.Cogitatitimihi,

340 1255 590 1314 quaenam
617 1243 733 1314 sint
767 1261 787 1295 ι
838 1257 1106 1314 mensura:
1152 1247 1336 1297 mundi
1382 1248 1637 1299 secundae
1676 1261 1906 1314 genera—

342 1311 525 1373 tionis,
564 1331 583 1362 ι
614 1312 667 1365 id
691 1324 794 1377 est,
822 1314 973 1381 quasi
1007 1312 1074 1365 de
1104 1328 1243 1365 novo
1273 1315 1466 1374 creati,
1513 1316 1658 1369 varia
1679 1311 1907 1369 'incide-

339 1387 488 1448 runt,
504 1383 704 1448 quibus
723 1382 983 1436 let-torem
1004 1381 1248 1436 detinere
1268 1384 1412 1437 nolo.
1436 1383 1766 1447 Genniuum,
1798 1386 1901 1438 nisi

340 1446 535 1511 fallor,
557 1465 776 1504 sensum
806 1450 1228 1519 suppeditabunt
1259 1452 1359 1505 ista
1402 1452 1685 1519 Epipltauii
1717 1446 1767 1505 in
1797 1455 1907 1506 An-

337 1527 546 1591 coratp,
578 1535 731 1591 num.
757 1520 968 1591 “Lude
992 1518 1195 1591 Noemo
1224 1520 1387 1573 verba
1406 1538 1425 1591 7:
1451 1518 1761 1591 Διαμερίζει
1787 1522 1903 1591 μὲν,

336 1583 425 1661 ὡς
455 1584 788 1661 κληρᾳνὸμος
818 1588 913 1661 τοῦ
944 1588 1150 1661 κρσμρυ
1184 1590 1457 1661 καταστὰς
1490 1583 1592 1643 Orib
1623 1583 1717 1643 ὲοῧ
1749 1583 1903 1653 Θέοῦ,

337 1655 453 1716 τοῖς
484 1655 662 1730 τλρίᾳζν
681 1655 822 1730 ὑὶοῖς
853 1656 1017 1730 αὑτοῦ
1052 1655 1142 1709 τὸν
1176 1660 1349 1712 πάντα
1383 1662 1605 1729 κόσμον,
1638 1662 1742 1713 ὑπὸ
1774 1661 1905 1730 κλή-

343 1737 470 1804 ρους
492 1725 708 1804 βιελὼν,
848 1728 1081 1804 ὲκᾲστην
1104 1730 1295 1804 μερίδσι
1305 1730 1447 1804 ’κατᾲ
1464 1725 1660 1804 7.171303
1682 1725 1905 1804 ends-rip

340 1794 651 1864 ἀπονέμων.
690 1814 708 1847 t
748 1796 902 1849 Velut
931 1794 1317 1851 ltteres'ninndi
1359 1815 1387 1852 a
1424 1801 1529 1852 Deo

344 1870 516 1925 tutus,
550 1874 722 1919 totum
746 1875 1012 1919 terrarum
1037 1866 1225 1919 orbem
1261 1868 1400 1922 inter
1420 1878 1530 1925 tres
1555 1866 1905 1925 lilios'sortito

341 1928 643 2007 distribuit,
670 1934 1047 2007 etAunicuique
1082 1950 1236 1990 suant
1272 1938 1572 2005 portionem
1598 1937 1752 2007 juxta
1791 1954 1909 1994 sor-

341 2007 449 2052 tem
480 2004 795 2068 assignavit.
834 2022 853 2055 s
1276 2004 1285 2005 ί
1600 2034 1603 2035 ν

412 2070 494 2139 Aid
532 2073 766 2139 angelos.
803 2071 917 2124 Sub
939 2072 1172 2125 humana
1209 2073 1416 2129 scilicet
1444 2074 1614 2129 forma
1642 2091 1765 2131 cum
1792 2093 1905 2131 mu-

343 2135 572 2211 lieribus
595 2135 920 2211 congressos
950 2158 965 2194 :
994 2143 1220 2211 quibus,
1254 2144 1554 2211 perindeac
1574 2146 1906 2211 hominibus,

341 2209 412 2259 ob
461 2209 562 2280 hoc
595 2208 1549 2280 malefactnmEnocbus,'tanquam
1613 2216 1703 2268 Dei
1757 2208 1910 2271 mini-

343 2284 477 2344 ster,
510 2277 1044 2351 divinumjudicium
1079 2277 1439 2351 denuntiavit,
1468 2284 1626 2351 paulo
1670 2294 1790 2349 post
1821 2288 1905 2339 itt-

343 2356 633 2423 secutum;
673 2350 816 2403 unde
861 2363 987 2401 mox
1022 2366 1042 2399 ι
1085 2352 1239 2404 testis
1266 2350 1395 2419 justi
1422 2350 1610 2417 judicii
1642 2352 1732 2407 Dei
1773 2373 1791 2406 ι
1820 2356 1905 2409 di-

338 2422 509 2468 cttur.

516 2484 897 2557 Adnototiones
930 2490 1026 2543 Fr.
1050 2489 1389 2543 Feuardentii
1418 2493 1470 2543 in
1500 2506 1613 2557 cap.
1649 2491 1739 2542 51.

412 2548 699 2627 Pag._247.
732 2557 796 2609 Et
824 2574 947 2627 ergo
996 2559 1161 2613 Deum
1194 2558 1519 2612 dilectionem
1550 2548 1903 2627 prtrcipiebat.

346 2618 419 2700 ita
477 2618 644 2700 codex
685 2637 842 2700 vetus
879 2618 1163 2700 legendum
1204 2618 1663 2700 ‘docuitLexcusi,
1708 2618 1734 2679 ἀ
1778 2646 1907 2700 erga

343 2687 511 2767 Deum
539 2760 551 2767 _
570 2687 1314 2767 dilectionem'prmsciebat.
1354 2687 1660 2767 {Videtur
1686 2687 1904 2753 initiu'in

344 2760 488 2838 istud
536 2760 659 2838 loc_o
704 2771 912 2838 tantum
956 2760 1321 2838 dirimendum
1375 2765 1604 2838 l'ttissea
1639 2771 1904 2835 superiori

341 2831 541 2908 capite.
598 2831 847 2908 Ostendit
903 2850 1067 2908 porro
1100 2836 1266 2889 Deum
1315 2837 1525 2908 optimo
1550 2834 1672 2908 jure
1707 2831 1792 2908 sui
1842 2853 1906 2891 ac

383 2903 728 2977 reximorntn
756 2903 1100 2977 dilectionem
1152 2918 1248 2972 per
1291 2905 1706 2977 observantiam
1739 2907 1908 2961 Deca-

364 2970 537 3042 ogi_in
574 2970 762 3038 primis
808 2974 1075 3042 exegisse,
1129 2970 1250 3026 eum
1302 2990 1406 3025 tton
1450 2974 1574 3036 sibi,
1617 2976 1711 3028 sed
1753 2977 1907 3031 nobis

343 3036 601 3111 prodesse
629 3036 967 3111 percupere't.
995 3036 1071 3095 Et
1093 3043 1215 3095 ideo
1245 3043 1520 3096 Christum
1544 3044 1777 3111 adventu
1806 3060 1905 3100 suo

343 3101 492 3155 illum
520 3101 955 3187 non'abrog'asse,
977 3113 1075 3166 sed
1103 3113 1416 3189 exposuisse
1446 3106 1900 3189 etantpli'ﬁcasse;
1929 3131 1971 3189 ε

341 3177 629 3293 gamIeptis
681 3177 807 3234 vero
855 3177 1305 3236 ceremoniarum
1352 3190 1406 3234 et
1445 3177 1769 3249 judiciorunt
1807 3177 1904 3239 nos

415 3259 474 3293 so
502 3259 662 3293 insse.

415 3259 662 3299 SOIVISSB.

414 3311 747 3372 lnsinuabat.
774 3317 1001 3375 Codices
1034 3319 1244 3383 excusi,
1273 3336 1291 3371 ι
1314 3319 1710 3382 insinuabatur,
1732 3323 1910 3391 ιιιιιοιι

341 3388 398 3433 et
426 3380 701 3434 Erasmus.

474 3398 701 3439 rasmus.

345 3448 714 3573 tiaindigeam.
748 3454 826 3511 Ita
873 3468 1030 3514 vetus
1067 3458 1277 3522 codex;
1329 3459 1551 3523 excusi,
1600 3477 1619 3511 ι
1659 3459 1911 3529 indigen-

440 3559 452 3573 .
487 3539 506 3573 ι

415 3588 499 3668 lix
533 3600 649 3668 toto
662 3599 819 3668 corde
841 3606 953 3663 tuo,
971 3607 1039 3652 et.
1061 3597 1308 3668 Quinque
1338 3599 1435 3654 has
1465 3611 1622 3652 voces
1638 3613 1704 3654 ex
1741 3610 1909 3656 veter.

342 3661 464 3713 cod.
493 3663 818 3719 addidimus.

340 3730 768 3855 eugrpgltabanlt.
798 3733 888 3790 Sic
914 3752 1013 3806 pro
1047 3754 1066 3788 ι
1089 3736 1381 3807 ριἐυειειιιειι
1413 3755 1432 3789 ι
1464 3737 1798 3795 substituere
1822 3739 1913 3794 do-

581 3840 594 3854 .
629 3817 715 3855 CO(
737 3844 752 3855 .

581 3840 594 3854 .
629 3817 752 3858 00(1.

411 3867 655 3946 [iugiter
680 3874 905 3930 donans.
936 3875 1311 3946 Expunximus
1354 3893 1373 3926 ο
1417 3875 1663 3942 largitur.
1697 3894 1717 3927 ι

414 3936 708 4062 {ieggsmus
739 3936 1034 4001 rationem:
1055 3946 1359 4000 Delevimns
1383 3962 1402 3995 ι
1424 3936 1700 3999 reddimus
1723 3963 1741 3995 ι
1763 3954 1906 3999 auct.

344 4017 454 4058 νει.
485 4017 608 4063 COd.

417 4077 522 4139 Qui
575 4089 624 4132 et
666 4081 947 4137 libertatis.
988 4084 1200 4139 Rursus
1255 4082 1562 4137 libertatem
1618 4081 1910 4137 voluntatis

353 4147 621 4213 humanm,
666 4153 832 4215 etiam
876 4164 997 4221 post
1035 4155 1330 4207 admissum
1365 4162 1665 4221 peccatum,
1700 4168 1912 4221 perma-

354 4230 521 4291 ttere,_
537 4221 841 4291 conﬁrmat.
876 4221 1005 4277 Vide
1045 4239 1205 4291 supra
1252 4238 1372 4290 cap.
1411 4222 1443 4276 9
1475 4232 1528 4275 et
1562 4222 1653 4287 29,
1680 4234 1734 4276 et
1767 4222 1907 4277 infra

344 4299 465 4361 cap.
494 4286 553 4361 ’ξι
585 4300 638 4361 et
671 4291 758 4354 72,
787 4292 856 4345 75
882 4301 935 4345 et
958 4294 1025 4346 76
1059 4286 1176 4345 libri
1204 4286 1360 4356 hujus
1385 4296 1589 4361 quarti.

412 4353 613 4436 Sedad
641 4353 1088 4427 approbationem.
1135 4353 1364 4417 Codices
1401 4353 1613 4429 excusi,
1651 4380 1669 4414 ι
1710 4362 1804 4417 sed
1841 4362 1907 4418 ad

340 4436 799 4491 proptttattonem.
840 4449 859 4482 ι

620 4489 873 4564 Ejusdem
903 4501 1267 4555 adnotationes
1294 4500 1349 4554 in
1376 4517 1491 4567 cap.
1528 4499 1615 4554 '52.

413 4563 543 4644 Pag.
748 4568 1009 4644 Quoniam
1053 4584 1248 4644 autem.
1296 4563 1493 4644 P_robat
1531 4586 1596 4623 ex
1629 4570 1904 4644 Samuele.

342 4634 751 4712 Davi.d‘e,__lsaia,
784 4637 1043 4701 Jeremia,
1069 4653 1118 4693 et
1139 4641 1291 4712 aliis,
1319 4639 1487 4712 Deum
1522 4655 1626 4712 nan
1664 4643 1909 4710 indigere

340 4704 655 4778 sacrilicjis;
706 4719 1006 4778 promptam
1037 4710 1219 4778 potius
1268 4704 1451 4765 cordis
1505 4704 1907 4774 obeditiouém,

341 4773 750 4850 contritionetn,
782 4773 1017 4850 ξειιιᾴθιιι,
1038 4773 1461 4850 invocationem,
1494 4781 1686 4833 mentis
1712 4781 1910 4850 purita-

341 4851 473 4904 tem,
514 4842 704 4921 li_detn_,_
723 4846 1199 4921 misericordiam,
1214 4849 1493 4921 betteticen
1504 4850 1659 4911 tiam,
1682 4842 1908 4904 similia-

339 4926 447 4989 que
473 4914 741 4989 spiritalia
773 4918 994 4989 exigere
1023 4918 1319 4989 sacriﬁcia,
1352 4918 1551 4989 quibus
1577 4920 1753 4989 magis
1779 4935 1910 4987 pro-

337 4984 459 5050 prie
485 4982 781 5037 honoratur
803 4982 1108 5040 et'colitur.
1154 4982 1387 5041 Idcirco-
1432 4982 1700 5041 Judaicas'
1760 4982 1909 5044 obla-

341 5052 517 5104 tiones
572 5053 789 5125 repulit,
856 5059 1104 5121 corporis
1154 5068 1335 5110 autem
1381 5072 1445 5109 ac
1490 5057 1771 5125 sanguinis
1823 5056 1905 5110 sui

338 5135 535 5197 novatn
568 5123 691 5175 novi
721 5126 1053 5197 testamenti
1094 5126 1421 5181 oblationem
1449 5123 1684 5197 instituit
1712 5136 1766 5181 et
1796 5136 1908 5180 tra-

336 5188 477 5264 didit
512 5198 625 5245 toto
653 5193 806 5264 orbe,
835 5203 890 5247 et
915 5210 1009 5261 per
1037 5210 1227 5250 omnes
1256 5208 1445 5264 gentes
1475 5195 1833 5249 ollerendam.

412 5257 481 5311 Et
504 5276 708 5314 rursus.
744 5257 865 5317 llaec
888 5257 1081 5317 eadem
1114 5257 1306 5321 iisdem
1345 5266 1634 5333 scripturis
1662 5276 1717 5319 et
1746 5266 1908 5318 ratio-

336 5329 501 5405 ntbus
532 5332 751 5405 innixus
783 5334 1117 5405 amplissime
1168 5336 1387 5390 discotit
1437 5329 1765 5405 Augustinus
1810 5335 1902 5390 lib.

336 5412 370 5451 Χ
401 5398 475 5452 De
502 5401 646 5470 civit.
676 5401 797 5465 Dei,
826 5398 945 5470 cap.
980 5402 1032 5457 5.

409 5468 637 5541 Auditus
690 5468 1277 5527 bonusfllcllenismus
1308 5473 1472 5527 sicin
1528 5472 1751 5541 Vulgata
1794 5474 1909 5528 edi-

336 5538 486 5595 tione
516 5539 707 5595 Latina
738 5542 1269 5611 explicatuszdlelior
1290 5554 1369 5598 est
1397 5538 1717 5609 obedietttia,
1742 5560 1900 5613 quam

416 5747 465 5779 "
495 5748 509 5801 l
539 5746 667 5817 licg.
696 5762 784 5813 xv,
818 5747 908 5801 ιη.

2015 550 2244 603 arietum
2270 551 2339 603 ν’.

2088 618 2219 689 P38,
2254 619 2382 675 248,
2421 619 2685 673 Dedissem
2717 617 2911 689 utique.
2967 615 3031 689 Ει
3064 614 3286 670 Grmcns
3331 612 3577 689 PsalttlD-

2012 704 2131 741 rnm
2167 683 2463 743 'contextns
2513 691 2585 741 ita
2638 688 2920 755 legendum
2969 685 3157 749 docet;
3187 694 3241 737 et
3269 694 3395 755 ante
3427 683 3576 755 t_nil|e

2012 772 2187 811 annos
2210 761 2297 812 sic
2312 759 2609 815 Arnobium
2635 750 2900 819 iuniorem
2930 755 3144 825 legisse,
3177 769 3242 808 ex
3270 754 3389 823 ejus
3417 750 3570 808 Com.

2012 841 2107 882 seu
2134 828 2453 895 paraphrasi
2485 828 2826 881 manifestum
2858 835 2960 878 est.

2084 844 2107 880 ll
2173 844 2453 895 arapnrasr
2485 844 2826 881 tnanttesmm
2858 844 2960 878 εει.

2084 844 2168 950 Αἵ
2210 898 2375 951 oculis
2432 898 2577 951 meis.
2615 895 2705 951 Sic
2739 904 2847 949 vet.
2882 896 3004 949 cod.
3057 892 3275 957 Excusi,
3330 910 3350 943 ι
3385 904 3569 945 coram

2010 967 2199 1021 oculis.
2241 987 2259 1018 ι

2083 1035 2213 1090 Ilico
2245 1051 2423 1089 eorum
2453 1035 2739 1103 sacriﬁcia.
2777 1033 3149 1103 Expunximus
3186 1048 3206 1082 ι
3236 1045 3507 1087 caecorum
3541 1046 3565 1083 ι

2011 1114 2153 1160 auct.
2185 1114 2353 1160 veter.
2387 1105 2506 1158 cod.

2082 1174 2459 1243 ριιιιδι-ιιιιηιιξἒ
2488 1174 2791 1228 Delevimus
2819 1187 3229 1243 utrumcunque.
3262 1190 3284 1222 ι

2081 1244 2211 1311 Pag.
2242 1240 2368 1297 249⁷.
2408 1241 2490 1296 Ne
2510 1244 2818 1298 dilexeritis.
2849 1240 2925 1297 lt’a
2956 1240 3335 1307 vetus’codev;
3361 1240 3569 1309 excusi,

2014 1332 2032 1365 t
2065 1330 2131 1367 ne
2161 1313 2423 1367 dixeritis.
2465 1332 2484 1365 ι

2081 1383 2499 1436 Misericordiam
2528 1382 2663 1443 volo,
2688 1392 2736 1435 et
2761 1398 2861 1434 non
2899 1382 3220 1447 sacriﬁcium
3243 1420 3257 1444 ,
3300 1395 3568 1443 nunquam

2012 1450 2454 1507 condemnassctis
2486 1453 2806 1520 innocentes.
2844 1451 2918 1504 Ita
2957 1452 3240 1520 legendum
3268 1458 3421 1503 vetus
3447 1451 3568 1503 cod.

2007 1522 2191 1575 docuit
2216 1539 2228 1584 ;
2266 1520 2453 1574 excusi
2482 1541 2493 1574 :
2522 1537 2539 1569 t
2571 1519 2996 1574 Misericordiant
3020 1519 3149 1574 volo
3181 1534 3341 1587 quam
3370 1519 3574 1573 sacrili-

2008 1591 2185 1653 cium;
2228 1591 2962 1657 nunquamcondemnaretis
2989 1590 3356 1644 immerentes.
3408 1605 3427 1637 ι

2078 1659 2179 1713 Sed
2228 1668 2275 1713 et
2316 1660 2425 1712 suis
2469 1658 2763 1725 discipulis.
2797 1660 2947 1712 llunc
2982 1674 3166 1713 revera
3206 1659 3471 1726 insignem
3518 1665 3567 1709 et

2006 1739 2251 1796 apertum
2307 1728 2485 1797 locum
2526 1744 2625 1797 pro
2676 1730 2932 1781 sacrilicii
2990 1729 3336 1783 encltaristite
3386 1726 3571 1797 ﬁrma-

1616 1800 1723 1870 58
1749 1796 1902 1853 insti-
1940 1809 1984 1868 Β
2014 1808 2217 1870 mento,
2258 1807 2351 1870 aut
2376 1796 2636 1851 scelerata
2664 1798 2952 1870 impietate
2975 1797 3317 1870 tletOt'qtrcre,
3359 1804 3451 1870 aut
3482 1796 3583 1849 in-t

2010 1869 2147 1932 signi
2190 1866 2378 1920 fraude
2401 1882 2773 1933 corrumpere,
2809 1879 2901 1919 aut
2923 1866 3157 1935 denique
3185 1866 3437 1919 Satanica
3467 1880 3570 1918 att-

2009 1937 2162 1989 dat-ia
2186 1945 2455 1989 conantur
2482 1945 2537 1989 et
2564 1936 2763 1989 audent
2794 1951 2989 2004 negare
3027 1936 3269 1991 Gnostit‘i
3311 1935 3571 2002 posterio-

2011 2020 2115 2058 res.
2145 2005 2416 2059 Gallasius
2447 2006 2497 2057 in
2538 2014 2683 2058 tanta
2711 2004 2829 2057 luce
2851 2008 3138 2060 verborum
3161 2004 3430 2056 alIirmure
3459 2018 3565 2055 non

2010 2074 2308 2135 erubescit,
2355 2076 2562 2141 priscos
2595 2073 2715 2126 illos
2742 2074 3087 2128 Christianos
3129 2074 3181 2127 in
3227 2073 3570 2127 eucharistia:

2009 2144 2400 2211 celebratione,
2428 2144 2672 2211 corporis
2686 2142 2883 2196 Cltristi
2910 2144 3237 2196 sacriﬁcium
3264 2143 3569 2211 ignorasse,

2011 2210 2499 2281 Magdeburgeuses
2526 2209 2702 2281 autem
2735 2226 2840 2265 non
2874 2222 3126 2265 verentur
3162 2211 3430 2281 scribere,
3468 2209 3571 2281 Da-

2008 2279 2121 2335 tres
2171 2279 2331 2349 hujus
2363 2290 2417 2333 et
2454 2280 2836 2348 subsequentis
2884 2281 3086 2345 saeculi,
3140 2280 3284 2332 nulla
3340 2279 3442 2349 alia
3477 2279 3573 2331 ba-

2010 2350 2190 2403 bnisse
2220 2348 2504 2414 sacrificia,
2542 2360 2633 2401 aut
2665 2349 2804 2401 aliud
2826 2350 3120 2417 quidquam
3159 2349 3266 2402 Deo
3285 2348 3568 2411 obtulisse,

2007 2432 2169 2487 quam
2212 2419 2610 2472 invocationem
2659 2425 2714 2471 et
2749 2418 3046 2485 gratiarum
3104 2420 3393 2472 actionem.
3450 2417 3568 2487 Mox

2007 2486 2142 2540 vero
2170 2487 2250 2541 sui
2280 2488 2521 2555 ipsorum
2554 2487 2919 2551 immemores,
2965 2497 3059 2541 aut
3107 2488 3327 2555 proprio
3363 2486 3569 2553 judicio

2006 2556 2269 2621 damnati,
2308 2556 2547 2609 fatentur
2582 2556 2842 2624 Ignatium
2890 2559 2956 2611 ad
3002 2556 3361 2625 Stnyrnenses
3417 2555 3569 2609 obla-

2010 2626 2185 2678 tiones
2215 2636 2271 2678 et
2301 2625 2556 2678 sacriﬁcii
2588 2625 3008 2681 immolationem
3039 2624 3269 2689 docere;
3307 2624 3568 2677 lrenteutn

2008 2709 2225 2762 quoque
2255 2695 2355 2748 hoc
2385 2694 2439 2746 in
2472 2694 2613 2760 loco,
2660 2694 2703 2747 si
2758 2703 2937 2748 tamen
2984 2695 3169 2749 fraude
3225 2704 3319 2746 aut
3372 2693 3569 2762 mendo

2011 2760 2285 2831 vaca'tlsic
2318 2764 2461 2817 enim
2495 2764 2645 2816 aiunt
2669 2764 2794 2817 boni
2841 2765 2963 2826 viri,
2995 2773 3051 2816 ut
3081 2763 3365 2817 sententia:
3408 2760 3570 2826 hujus

2008 2833 2327 2901 gravitatem
2385 2833 2648 2897 elevem).
2707 2833 2840 2886 satis
2902 2832 3245 2886 incommode
3298 2832 3445 2900 loqui
3504 2831 3573 2883 de

2006 2900 2302 2963 oblatione,
2353 2901 2436 2953 vel
2474 2901 2624 2954 inviti
2671 2902 3019 2955 conﬁtentur.
3060 2902 3305 2965 Domum,
3350 2916 3452 2953 non
3504 2902 3571 2952 de

2007 2972 2164 3049 panis
2189 2970 2820 3049 consecratiﬁoblatioue,
2854 2971 3153 3049 sedadltuc
3188 2968 3569 3049 consecrandi,

2008 3038 2060 3091 itt
2093 3052 2246 3092 usum
2277 3053 2447 3094 caena:
2481 3038 2713 3102 Domini,
2750 3040 2864 3094 lucc
2895 3040 3239 3110 intelligenda
3272 3053 3391 3093 esse
3414 3047 3573 3091 autu-

2009 3118 2177 3160 aiant.

2085 3175 2194 3231 Nos
2239 3191 2552 3247 germanam
2581 3177 2685 3231 loci
2719 3178 3002 3232 lectionem
3047 3188 3101 3233 et
3160 3176 3571 3246 intelligentiam

2014 3262 2399 3317 proponemus,
2426 3261 2724 3317 omnesque
2750 3250 2840 3316 qui
2874 3250 3033 3317 ltnjus
3062 3260 3116 3303 et
3144 3247 3443 3315 superioris
3470 3260 3572 3317 sae-

2013 3316 2120 3368 culi
2156 3316 2427 3370 curriculo
2473 3315 2744 3379 vixerunt,
2773 3315 2913 3370 cum
2947 3315 3169 3371 'lrenazo
3221 3331 3349 3370 vere
3393 3316 3573 3367 carnis

2013 3385 2215 3438 Christi
2252 3385 2303 3437 in
2334 3385 2661 3439 eucltaristia
2710 3401 2891 3439 veram
2938 3388 3290 3448 oblationem,
3321 3400 3385 3439 ex
3428 3382 3575 3449 ejus-

2014 3455 2132 3507 detn
2188 3454 2398 3507 Domini
2458 3454 2806 3519 revelatione,
2871 3456 3232 3516 institutione.
3286 3452 3572 3519 iussione,

2013 3522 2329 3594 credidisse,
2360 3524 2650 3594 agnovisse
2676 3535 2728 3577 et
2766 3526 3033 3594 peregisse
3053 3525 3418 3594 ostendemus.
3444 3522 3580 3594 Con-

2014 3594 2254 3660 sentiunt
2301 3592 2564 3660 imprimis
2586 3591 2802 3646 codices
2825 3591 3013 3647 omnes
3050 3595 3163 3647 sive
3197 3591 3441 3651 Basileaa.
3461 3592 3575 3644 sive

2011 3659 2295 3723 Lausanm,
2316 3659 2445 3715 sive
2489 3660 2715 3716 Lutetia:
2745 3665 2954 3717 excusi.
2993 3663 3200 3717 Veteris
3228 3662 3398 3715 nostri
3424 3660 3576 3711 codi-

2012 3731 2091 3783 cis
2133 3731 2294 3783 lectio
2321 3739 2442 3784 est:
2475 3748 2492 3781 t
2524 3732 2630 3785 Sed
2663 3733 2736 3783 uti
2771 3733 2866 3798 ipsi
2902 3748 2999 3786 nec
3031 3730 3374 3793 infructuosi,
3401 3742 3575 3795 neque

2014 3799 2207 3865 ingrati
2240 3801 2368 3862 sint,
2397 3813 2518 3851 eum
2545 3799 2635 3868 qui
2665 3811 2742 3853 est
2770 3817 2835 3853 ex
2864 3811 3112 3854 creatura
3142 3800 3313 3867 panis,
3345 3799 3572 3865 accepit,

2010 3878 2065 3921 et
2093 3870 2297 3935 gratias
2340 3868 2468 3932 egit,
2502 3869 2689 3922 dtceus
2717 3885 2729 3919 :
2761 3870 2872 3922 lloc
2909 3878 2992 3921 est
3036 3884 3211 3923 meum
3254 3882 3472 3934 corpus.
3511 3868 3575 3919 lit

2012 3936 2235 3989 calicem
2266 3935 2539 4002 similiter,
2562 3938 2651 4005 qui
2684 3949 2767 3991 est
2798 3952 2864 3991 ex
2900 3949 3175 4001 creatura,
3206 3951 3325 4005 quae
3363 3946 3446 3988 πει
3488 3954 3573 3989 .c-

2012 4006 2241 4076 cundum
2270 4022 2387 4067 nos,
2425 4021 2579 4076 suum
2606 4008 2925 4076 sanguinem
2965 4008 3244 4062 confessus
3277 4016 3379 4061 est.
3421 4024 3438 4057 ι
3470 4006 3575 4060 lie-

2013 4072 2158 4141 liqna
2195 4075 2563 4129 consentiunt.

2083 4142 2179 4197 llis
2202 4155 2383 4196 autem
2416 4145 2653 4212 quinque
2692 4146 2867 4211 docet,
2906 4154 3054 4199 tanta
3097 4144 3391 4211 evidentia,
3418 4153 3474 4197 ut
3497 4153 3575 4197 tc-

2015 4212 2337 4267 nebrionum
2387 4222 2443 4282 et
2474 4214 2763 4282 impiorum
2804 4216 2894 4280 sit,
2948 4224 3043 4268 aut
3084 4231 3191 4269 non
3230 4214 3439 4276 videre,
3481 4221 3576 4265 aut

2013 4282 2369 4354 dissimulate.
2419 4280 2682 4347 Primum,
2731 4285 3007 4338 Christum
3046 4299 3241 4354 panem
3285 4292 3340 4336 et
3392 4284 3574 4335 vinum

2013 4352 2194 4423 verbis
2219 4352 2407 4416 certis,
2443 4367 2641 4420 corpus
2671 4370 2827 4407 suum
2852 4365 2907 4407 et
2930 4352 3245 4423 sanguinem
3275 4366 3395 4408 esse
3439 4367 3574 4423 con-

1940 4447 1985 4502 D
2016 4421 2183 4502 {iter},
2214 4422 2357 4502 quod
2386 4423 2625 4502 apertius
2651 4424 2829 4502 adhuc
2868 4421 3277 4502 e_xplic:at_inf_ra
3314 4437 3434 4491 cap.
3480 4421 3573 4484 54,

2013 4502 2066 4544 et
2098 4489 2187 4543 lib.
2227 4505 2255 4541 ν
2280 4489 2698 4563 idemlrenteus.
2738 4489 2964 4563 Deinde,
2994 4493 3282 4563 discipulis
3313 4489 3416 4563 non
3451 4502 3575 4545 tan-

2013 4569 2124 4613 tum
2156 4562 2441 4631 consilium
2483 4563 2700 4615 dedisse
2744 4560 3004 4616 oﬂ‘erendi
3039 4560 3154 4617 Deo
3197 4562 3472 4631 primitias
3505 4575 3572 4612 ex

2011 4630 2298 4693 creaturis,
2340 4631 2433 4684 sed
2468 4639 2520 4682 et
2564 4632 2687 4683 novi
2726 4632 3027 4685 testamenti
3080 4630 3272 4688 novam
3320 4631 3575 4685 docuisse

2011 4700 2361 4762 oblationem,
2396 4713 2521 4753 cum
2558 4701 2623 4753 de
2667 4714 2804 4767 pane
2849 4702 3027 4754 dixit:
3065 4720 3081 4751 t
3119 4702 3228 4755 lloc
3265 4709 3343 4753 est
3379 4714 3575 4766 corpus

2011 4783 2190 4822 meum
2223 4769 2299 4835 '3;
2349 4787 2368 4819 ι
2403 4779 2459 4821 et
2505 4771 2733 4823 calicem
2781 4772 3062 4824 confessus
3111 4781 3195 4825 est
3249 4785 3403 4823 suum
3452 4783 3576 4821 esse

2009 4841 2345 4907 sanguinem.
2395 4837 2611 4903 Postea,
2666 4840 2769 4892 bac
2818 4840 3091 4894 oblatione
3138 4841 3306 4893 Deutn
3344 4840 3569 4907 quidem

2011 4908 2342 4973 nullatenus,
2374 4911 2467 4962 sed
2490 4908 2737 4962 homines
2764 4923 2946 4978 egere,
2975 4920 3034 4963 ut
3057 4910 3290 4962 maximo
3314 4909 3571 4973 creatori,

2009 4986 2063 5031 et
2089 4980 2418 5047 redemptori
2465 4978 2670 5046 optimo
2700 4990 2929 5047 quantas
2957 4987 3213 5047 peterunt
3239 4979 3446 5047 gratias
3480 4992 3573 5029 re-

2009 5049 2245 5114 pendant
2278 5046 2375 5115 pro
2400 5047 2695 5110 beneﬁciis,
2731 5056 2779 5100 et
2815 5046 3023 5103 fructus
3049 5049 3352 5112 uberiores,
3386 5046 3578 5101 mortis

2010 5131 2202 5185 nempe
2228 5118 2538 5181 Dominicze,
2581 5119 2682 5170 hac
2723 5117 3003 5171 incruenta
3043 5119 3320 5173 oblatione
3351 5117 3452 5169 sibi
3486 5133 3578 5168 ac-

2010 5194 2249 5239 cersattt.
2287 5185 2571 5253 Deinceps,
2615 5187 2918 5239 istiusmodi
2963 5188 3293 5243 oblationem
3330 5188 3578 5255 corporis

2010 5263 2061 5325 et
2087 5256 2375 5325 sanguinis
2406 5256 2631 5321 Christi,
2677 5256 2973 5309 Ecclesium
3006 5273 3103 5325 per
3143 5259 3455 5311 universum
3488 5271 3575 5308 or-

2010 5324 2390 5396 betn_oll”erre,
2419 5335 2475 5380 ut
2506 5326 2573 5384 ab
2595 5326 2853 5394 apostolis
2883 5324 3113 5396 accepit,
3146 5339 3200 5381 et
3225 5329 3326 5396 ipsi
3362 5344 3391 5379 a
3422 5325 3576 5379 Chri-

2008 5403 2113 5468 sto.
2140 5392 2447 5468 Postrettt_o,
2478 5392 2799 5468 Malaéhiam
2850 5411 2917 5449 ex
2967 5392 3260 5451 duodecim
3292 5396 3576 5468 prophetis

2009 5464 2313 5537 minoribus
2347 5480 2536 5537 unum,
2579 5467 2680 5520 hac
2718 5468 2785 5537 de
2817 5468 3110 5533 oblatione,
3150 5483 3269 5537 qua:
3290 5464 3367 5537 itit
3398 5464 3449 5522 in
3482 5480 3580 5521 eu-

2011 5534 2294 5599 charistia,
2333 5536 2680 5590 vaticinatum
2709 5536 2895 5591 fuisse.
3166 5534 3182 5537 ⁷
3290 5534 3301 5539 ’

1000 5748 1044 5779 ⁸³
1069 5746 1259 5804 Matth.
1298 5765 1443 5814 xxvi,
1486 5749 1590 5811 26;
1626 5750 1791 5803 Marc.
1828 5764 1935 5814 xiv,
1960 5750 2057 5817 ‘22,
2097 5748 2226 5806 Luc.
2266 5764 2398 5817 λιιι,
2436 5748 2519 5805 19.
