  <div class='ocr_page' id='page_1' title='image "/cluster/home/n/w/nwhite01/storage/ocr_20150623/7/hvd.32044019206614/872.png"; bbox 0 0 3970 6378; ppageno 0'>
   <div class='ocr_carea' id='block_1_1' title="bbox 295 385 433 441">
    <p class='ocr_par' dir='ltr' id='par_1_1' title="bbox 295 385 433 441">
     <span class='ocr_line' id='line_1_1' title="bbox 295 385 433 441; baseline -0.014 0"><span class='ocrx_word' id='word_1_1' title='bbox 295 385 433 441; x_wconf 69' lang='lat' dir='ltr'><strong>i725</strong></span> 
     </span>
    </p>
   </div>
   <div class='ocr_carea' id='block_1_2' title="bbox 1564 372 2357 450">
    <p class='ocr_par' dir='ltr' id='par_1_2' title="bbox 1564 372 2357 450">
     <span class='ocr_line' id='line_1_2' title="bbox 1564 372 2357 450; baseline 0.009 -6"><span class='ocrx_word' id='word_1_2' title='bbox 1564 390 1630 445; x_wconf 84' lang='lat' dir='ltr'><strong>IN</strong></span> <span class='ocrx_word' id='word_1_3' title='bbox 1662 390 1791 448; x_wconf 83' lang='lat' dir='ltr'><strong>LIB.</strong></span> <span class='ocrx_word' id='word_1_4' title='bbox 1828 391 1895 445; x_wconf 90' lang='lat' dir='ltr'><strong>tv</strong></span> <span class='ocrx_word' id='word_1_5' title='bbox 1932 389 1988 446; x_wconf 91' lang='lat' dir='ltr'><strong>s.</strong></span> <span class='ocrx_word' id='word_1_6' title='bbox 2027 391 2299 450; x_wconf 64' lang='lat' dir='ltr'><strong>rasam.</strong></span> <span class='ocrx_word' id='word_1_7' title='bbox 2334 372 2357 381; x_wconf 67' lang='grc'>”</span> 
     </span>
    </p>
   </div>
   <div class='ocr_carea' id='block_1_3' title="bbox 3410 396 3542 463">
    <p class='ocr_par' dir='ltr' id='par_1_3' title="bbox 3410 396 3542 463">
     <span class='ocr_line' id='line_1_3' title="bbox 3410 396 3542 463; baseline 0.03 -4"><span class='ocrx_word' id='word_1_8' title='bbox 3410 396 3542 463; x_wconf 68' lang='grc'><strong>1726</strong></span> 
     </span>
    </p>
   </div>
   <div class='ocr_carea' id='block_1_4' title="bbox 294 503 3540 595">
    <p class='ocr_par' dir='ltr' id='par_1_4' title="bbox 294 503 3540 595">
     <span class='ocr_line' id='line_1_4' title="bbox 294 503 3540 595; baseline 0 0"><span class='ocrx_word' id='word_1_9' title='bbox 294 503 1618 595; x_wconf 44' lang='lat' dir='ltr'><strong>aisais}.semisses.re:ﬁtterrori.&quot;</strong></span> <span class='ocrx_word' id='word_1_10' title='bbox 1658 518 1705 595; x_wconf 62' lang='lat' dir='ltr'><strong>et</strong></span> <span class='ocrx_word' id='word_1_11' title='bbox 1903 514 1945 570; x_wconf 74' lang='grc' dir='ltr'>Α</span> <span class='ocrx_word' id='word_1_12' title='bbox 1977 524 2206 595; x_wconf 59' lang='grc' dir='ltr'><strong>εὶῐηηεξε</strong></span> <span class='ocrx_word' id='word_1_13' title='bbox 2244 510 2358 595; x_wconf 62' lang='lat'><strong>&quot;&lt;29</strong></span> <span class='ocrx_word' id='word_1_14' title='bbox 2390 520 2472 566; x_wconf 76' lang='grc' dir='ltr'><strong>εει</strong></span> <span class='ocrx_word' id='word_1_15' title='bbox 2506 526 2700 595; x_wconf 50' lang='lat' dir='ltr'><strong>corpus</strong></span> <span class='ocrx_word' id='word_1_16' title='bbox 2735 528 2911 595; x_wconf 67' lang='lat' dir='ltr'><strong>meum</strong></span> <span class='ocrx_word' id='word_1_17' title='bbox 2946 516 3079 595; x_wconf 79' lang='grc' dir='ltr'><strong>ι</strong></span> <span class='ocrx_word' id='word_1_18' title='bbox 3120 514 3185 570; x_wconf 74' lang='grc' dir='ltr'><strong>ει</strong></span> <span class='ocrx_word' id='word_1_19' title='bbox 3219 525 3345 595; x_wconf 58' lang='lat' dir='ltr'><strong>ante</strong></span> <span class='ocrx_word' id='word_1_20' title='bbox 3376 521 3540 595; x_wconf 69' lang='lat' dir='ltr'><strong>verpa</strong></span> 
     </span>
    </p>
   </div>
   <div class='ocr_carea' id='block_1_5' title="bbox 290 575 1872 643">
    <p class='ocr_par' dir='ltr' id='par_1_5' title="bbox 290 575 1872 643">
     <span class='ocr_line' id='line_1_5' title="bbox 290 575 1872 643; baseline 0 -12"><span class='ocrx_word' id='word_1_21' title='bbox 290 592 449 631; x_wconf 78' lang='lat' dir='ltr'><strong>sensu</strong></span> <span class='ocrx_word' id='word_1_22' title='bbox 480 575 762 628; x_wconf 75' lang='lat' dir='ltr'><strong>orthodox.</strong></span> <span class='ocrx_word' id='word_1_23' title='bbox 797 584 1069 643; x_wconf 89' lang='lat' dir='ltr'><strong>reputant,</strong></span> <span class='ocrx_word' id='word_1_24' title='bbox 1096 576 1229 631; x_wconf 88' lang='lat' dir='ltr'><strong>fides</strong></span> <span class='ocrx_word' id='word_1_25' title='bbox 1252 575 1535 631; x_wconf 83' lang='lat' dir='ltr'><strong>habeatur.</strong></span> <span class='ocrx_word' id='word_1_26' title='bbox 1576 577 1872 631; x_wconf 87' lang='lat' dir='ltr'><strong>Lutherum</strong></span> 
     </span>
    </p>
   </div>
   <div class='ocr_carea' id='block_1_6' title="bbox 294 645 1872 711">
    <p class='ocr_par' dir='ltr' id='par_1_6' title="bbox 294 645 1872 711">
     <span class='ocr_line' id='line_1_6' title="bbox 294 645 1872 711; baseline 0.002 -14"><span class='ocrx_word' id='word_1_27' title='bbox 294 649 349 697; x_wconf 85' lang='lat' dir='ltr'><strong>tn</strong></span> <span class='ocrx_word' id='word_1_28' title='bbox 388 645 577 711; x_wconf 87' lang='lat' dir='ltr'><strong>primis</strong></span> <span class='ocrx_word' id='word_1_29' title='bbox 605 658 776 711; x_wconf 90' lang='lat' dir='ltr'><strong>nuper</strong></span> <span class='ocrx_word' id='word_1_30' title='bbox 812 646 1117 699; x_wconf 78' lang='lat' dir='ltr'><strong>audivimus</strong></span> <span class='ocrx_word' id='word_1_31' title='bbox 1149 685 1163 705; x_wconf 87' lang='lat'><strong>.</strong></span> <span class='ocrx_word' id='word_1_32' title='bbox 1201 657 1531 703; x_wconf 82' lang='lat' dir='ltr'><strong>asserentem</strong></span> <span class='ocrx_word' id='word_1_33' title='bbox 1566 667 1585 697; x_wconf 68' lang='grc' dir='ltr'><strong>ς</strong></span> <span class='ocrx_word' id='word_1_34' title='bbox 1618 646 1872 701; x_wconf 88' lang='lat' dir='ltr'><strong>Satanam</strong></span> 
     </span>
    </p>
   </div>
   <div class='ocr_carea' id='block_1_7' title="bbox 298 713 1878 770">
    <p class='ocr_par' dir='ltr' id='par_1_7' title="bbox 298 713 1878 770">
     <span class='ocr_line' id='line_1_7' title="bbox 298 713 1878 770; baseline 0.002 -3"><span class='ocrx_word' id='word_1_35' title='bbox 298 713 758 768; x_wconf 86' lang='lat' dir='ltr'><strong>Sacramentariis</strong></span> <span class='ocrx_word' id='word_1_36' title='bbox 810 714 913 766; x_wconf 85' lang='lat' dir='ltr'><strong>hoc</strong></span> <span class='ocrx_word' id='word_1_37' title='bbox 941 728 1342 768; x_wconf 87' lang='lat' dir='ltr'><strong>sacramentum</strong></span> <span class='ocrx_word' id='word_1_38' title='bbox 1383 717 1740 768; x_wconf 79' lang='lat' dir='ltr'><strong>labefactandi</strong></span> <span class='ocrx_word' id='word_1_39' title='bbox 1779 733 1878 770; x_wconf 88' lang='lat' dir='ltr'><strong>au-</strong></span> 
     </span>
    </p>
   </div>
   <div class='ocr_carea' id='block_1_8' title="bbox 293 782 1877 856">
    <p class='ocr_par' dir='ltr' id='par_1_8' title="bbox 293 782 1877 856">
     <span class='ocr_line' id='line_1_8' title="bbox 293 782 1877 856; baseline 0.002 -20"><span class='ocrx_word' id='word_1_40' title='bbox 293 795 503 838; x_wconf 88' lang='lat' dir='ltr'><strong>ctorem</strong></span> <span class='ocrx_word' id='word_1_41' title='bbox 525 798 667 836; x_wconf 87' lang='lat' dir='ltr'><strong>esse.</strong></span> <span class='ocrx_word' id='word_1_42' title='bbox 703 800 723 834; x_wconf 71' lang='grc' dir='ltr'><strong>ι</strong></span> <span class='ocrx_word' id='word_1_43' title='bbox 762 782 900 856; x_wconf 69' lang='lat' dir='ltr'><strong>Alibi</strong></span> <span class='ocrx_word' id='word_1_44' title='bbox 933 786 1305 856; x_wconf 85' lang='lat' dir='ltr'><strong>recensuimus</strong></span> <span class='ocrx_word' id='word_1_45' title='bbox 1327 800 1447 839; x_wconf 92' lang='lat' dir='ltr'><strong>eum</strong></span> <span class='ocrx_word' id='word_1_46' title='bbox 1484 786 1635 856; x_wconf 76' lang='lat'><strong>161</strong></span> <span class='ocrx_word' id='word_1_47' title='bbox 1664 802 1877 853; x_wconf 89' lang='lat' dir='ltr'><strong>quoque</strong></span> 
     </span>
    </p>
   </div>
   <div class='ocr_carea' id='block_1_9' title="bbox 295 850 1875 919">
    <p class='ocr_par' dir='ltr' id='par_1_9' title="bbox 295 850 1875 919">
     <span class='ocr_line' id='line_1_9' title="bbox 295 850 1875 919; baseline 0.003 -13"><span class='ocrx_word' id='word_1_48' title='bbox 295 867 524 906; x_wconf 90' lang='lat' dir='ltr'><strong>censere</strong></span> <span class='ocrx_word' id='word_1_49' title='bbox 551 862 780 906; x_wconf 89' lang='lat' dir='ltr'><strong>cunctos</strong></span> <span class='ocrx_word' id='word_1_50' title='bbox 808 872 825 902; x_wconf 74' lang='grc' dir='ltr'><strong>ι</strong></span> <span class='ocrx_word' id='word_1_51' title='bbox 849 850 1015 906; x_wconf 89' lang='lat' dir='ltr'><strong>Sacra</strong></span> <span class='ocrx_word' id='word_1_52' title='bbox 1028 864 1202 906; x_wconf 89' lang='lat' dir='ltr'><strong>menta</strong></span> <span class='ocrx_word' id='word_1_53' title='bbox 1214 855 1321 908; x_wconf 91' lang='lat' dir='ltr'><strong>rios</strong></span> <span class='ocrx_word' id='word_1_54' title='bbox 1346 870 1465 907; x_wconf 89' lang='lat' dir='ltr'><strong>esse</strong></span> <span class='ocrx_word' id='word_1_55' title='bbox 1485 850 1875 919; x_wconf 54' lang='lat' dir='ltr'><strong>diluoniacos,</strong></span> 
     </span>
    </p>
   </div>
   <div class='ocr_carea' id='block_1_10' title="bbox 300 921 1875 992">
    <p class='ocr_par' dir='ltr' id='par_1_10' title="bbox 300 921 1875 992">
     <span class='ocr_line' id='line_1_10' title="bbox 300 921 1875 992; baseline 0.003 -19"><span class='ocrx_word' id='word_1_56' title='bbox 300 921 535 975; x_wconf 90' lang='lat' dir='ltr'><strong>diabolis</strong></span> <span class='ocrx_word' id='word_1_57' title='bbox 573 922 720 975; x_wconf 91' lang='lat' dir='ltr'><strong>omni</strong></span> <span class='ocrx_word' id='word_1_58' title='bbox 760 937 825 975; x_wconf 78' lang='lat' dir='ltr'><strong>ex</strong></span> <span class='ocrx_word' id='word_1_59' title='bbox 859 934 1009 989; x_wconf 90' lang='lat' dir='ltr'><strong>parte</strong></span> <span class='ocrx_word' id='word_1_60' title='bbox 1033 963 1046 984; x_wconf 86' lang='lat'><strong>,</strong></span> <span class='ocrx_word' id='word_1_61' title='bbox 1078 934 1201 975; x_wconf 91' lang='lat' dir='ltr'><strong>ante</strong></span> <span class='ocrx_word' id='word_1_62' title='bbox 1225 965 1237 978; x_wconf 87' lang='lat'><strong>.</strong></span> <span class='ocrx_word' id='word_1_63' title='bbox 1270 939 1444 992; x_wconf 90' lang='lat' dir='ltr'><strong>pone,</strong></span> <span class='ocrx_word' id='word_1_64' title='bbox 1473 938 1632 991; x_wconf 80' lang='lat' dir='ltr'><strong>supra</strong></span> <span class='ocrx_word' id='word_1_65' title='bbox 1660 966 1674 989; x_wconf 93' lang='lat'><strong>,</strong></span> <span class='ocrx_word' id='word_1_66' title='bbox 1712 925 1875 989; x_wconf 89' lang='lat' dir='ltr'><strong>infra,</strong></span> 
     </span>
    </p>
   </div>
   <div class='ocr_carea' id='block_1_11' title="bbox 301 992 1876 1051">
    <p class='ocr_par' dir='ltr' id='par_1_11' title="bbox 301 992 1876 1051">
     <span class='ocr_line' id='line_1_11' title="bbox 301 992 1876 1051; baseline 0.002 -6"><span class='ocrx_word' id='word_1_67' title='bbox 301 993 447 1045; x_wconf 89' lang='lat' dir='ltr'><strong>intus</strong></span> <span class='ocrx_word' id='word_1_68' title='bbox 471 1002 525 1042; x_wconf 86' lang='lat' dir='ltr'><strong>et</strong></span> <span class='ocrx_word' id='word_1_69' title='bbox 548 1000 702 1044; x_wconf 80' lang='lat' dir='ltr'><strong>extra</strong></span> <span class='ocrx_word' id='word_1_70' title='bbox 726 992 981 1046; x_wconf 84' lang='lat' dir='ltr'><strong>obsessos</strong></span> <span class='ocrx_word' id='word_1_71' title='bbox 1002 1032 1017 1051; x_wconf 83' lang='lat'><strong>.</strong></span> <span class='ocrx_word' id='word_1_72' title='bbox 1055 992 1330 1046; x_wconf 87' lang='lat' dir='ltr'><strong>diabolum</strong></span> <span class='ocrx_word' id='word_1_73' title='bbox 1378 995 1596 1046; x_wconf 88' lang='lat' dir='ltr'><strong>eosdem</strong></span> <span class='ocrx_word' id='word_1_74' title='bbox 1641 995 1876 1048; x_wconf 85' lang='lat' dir='ltr'><strong>admotis</strong></span> 
     </span>
    </p>
   </div>
   <div class='ocr_carea' id='block_1_12' title="bbox 299 1060 1874 1131">
    <p class='ocr_par' dir='ltr' id='par_1_12' title="bbox 299 1060 1874 1131">
     <span class='ocr_line' id='line_1_12' title="bbox 299 1060 1874 1131; baseline 0.001 -18"><span class='ocrx_word' id='word_1_75' title='bbox 299 1060 606 1131; x_wconf 69' lang='lat' dir='ltr'><strong>calcaribus</strong></span> <span class='ocrx_word' id='word_1_76' title='bbox 640 1061 848 1131; x_wconf 78' lang='lat' dir='ltr'><strong>agitare</strong></span> <span class='ocrx_word' id='word_1_77' title='bbox 869 1103 884 1127; x_wconf 94' lang='lat'><strong>,</strong></span> <span class='ocrx_word' id='word_1_78' title='bbox 914 1070 969 1114; x_wconf 91' lang='lat' dir='ltr'><strong>et</strong></span> <span class='ocrx_word' id='word_1_79' title='bbox 1000 1062 1238 1128; x_wconf 76' lang='lat' dir='ltr'><strong>linguam</strong></span> <span class='ocrx_word' id='word_1_80' title='bbox 1284 1062 1661 1131; x_wconf 89' lang='lat' dir='ltr'><strong>calamumque</strong></span> <span class='ocrx_word' id='word_1_81' title='bbox 1688 1078 1874 1117; x_wconf 92' lang='lat' dir='ltr'><strong>eorum</strong></span> 
     </span>
    </p>
   </div>
   <div class='ocr_carea' id='block_1_13' title="bbox 301 1129 1879 1200">
    <p class='ocr_par' dir='ltr' id='par_1_13' title="bbox 301 1129 1879 1200">
     <span class='ocr_line' id='line_1_13' title="bbox 301 1129 1879 1200; baseline 0 -15"><span class='ocrx_word' id='word_1_82' title='bbox 301 1140 493 1185; x_wconf 76' lang='lat' dir='ltr'><strong>contra</strong></span> <span class='ocrx_word' id='word_1_83' title='bbox 548 1129 823 1200; x_wconf 79' lang='lat' dir='ltr'><strong>Christum</strong></span> <span class='ocrx_word' id='word_1_84' title='bbox 883 1131 1175 1185; x_wconf 88' lang='lat' dir='ltr'><strong>moderari.</strong></span> <span class='ocrx_word' id='word_1_85' title='bbox 1212 1150 1228 1181; x_wconf 74' lang='grc' dir='ltr'><strong>ι</strong></span> <span class='ocrx_word' id='word_1_86' title='bbox 1291 1131 1430 1200; x_wconf 87' lang='lat' dir='ltr'><strong>Ergo</strong></span> <span class='ocrx_word' id='word_1_87' title='bbox 1477 1132 1520 1183; x_wconf 92' lang='lat' dir='ltr'><strong>si</strong></span> <span class='ocrx_word' id='word_1_88' title='bbox 1575 1129 1700 1185; x_wconf 73' lang='lat' dir='ltr'><strong>vere</strong></span> <span class='ocrx_word' id='word_1_89' title='bbox 1740 1133 1879 1185; x_wconf 79' lang='lat' dir='ltr'><strong>dixit</strong></span> 
     </span>
    </p>
   </div>
   <div class='ocr_carea' id='block_1_14' title="bbox 300 1198 1878 1256">
    <p class='ocr_par' dir='ltr' id='par_1_14' title="bbox 300 1198 1878 1256">
     <span class='ocr_line' id='line_1_14' title="bbox 300 1198 1878 1256; baseline 0.001 -2"><span class='ocrx_word' id='word_1_90' title='bbox 300 1200 440 1254; x_wconf 84' lang='lat' dir='ltr'><strong>Beza</strong></span> <span class='ocrx_word' id='word_1_91' title='bbox 462 1202 529 1256; x_wconf 80' lang='grc'><strong>⁸³.</strong></span> <span class='ocrx_word' id='word_1_92' title='bbox 567 1218 585 1249; x_wconf 80' lang='lat' dir='ltr'><strong>t</strong></span> <span class='ocrx_word' id='word_1_93' title='bbox 614 1198 909 1253; x_wconf 84' lang='lat' dir='ltr'><strong>Lutherum</strong></span> <span class='ocrx_word' id='word_1_94' title='bbox 942 1200 1108 1255; x_wconf 81' lang='lat' dir='ltr'><strong>fuisse</strong></span> <span class='ocrx_word' id='word_1_95' title='bbox 1143 1202 1316 1253; x_wconf 87' lang='lat' dir='ltr'><strong>virum</strong></span> <span class='ocrx_word' id='word_1_96' title='bbox 1359 1198 1452 1253; x_wconf 79' lang='lat' dir='ltr'><strong>ore</strong></span> <span class='ocrx_word' id='word_1_97' title='bbox 1481 1209 1593 1253; x_wconf 90' lang='lat' dir='ltr'><strong>toto</strong></span> <span class='ocrx_word' id='word_1_98' title='bbox 1620 1202 1878 1255; x_wconf 86' lang='lat' dir='ltr'><strong>divinitus</strong></span> 
     </span>
    </p>
   </div>
   <div class='ocr_carea' id='block_1_15' title="bbox 304 1264 1875 1336">
    <p class='ocr_par' dir='ltr' id='par_1_15' title="bbox 304 1264 1875 1336">
     <span class='ocr_line' id='line_1_15' title="bbox 304 1264 1875 1336; baseline 0 -15"><span class='ocrx_word' id='word_1_99' title='bbox 304 1264 585 1331; x_wconf 72' lang='lat' dir='ltr'><strong>afﬂatum;</strong></span> <span class='ocrx_word' id='word_1_100' title='bbox 628 1288 645 1319; x_wconf 81' lang='grc' dir='ltr'><strong>ι</strong></span> <span class='ocrx_word' id='word_1_101' title='bbox 674 1267 970 1322; x_wconf 90' lang='lat' dir='ltr'><strong>Calviniani</strong></span> <span class='ocrx_word' id='word_1_102' title='bbox 1006 1285 1101 1336; x_wconf 90' lang='lat' dir='ltr'><strong>pro</strong></span> <span class='ocrx_word' id='word_1_103' title='bbox 1137 1280 1288 1322; x_wconf 89' lang='lat' dir='ltr'><strong>certo</strong></span> <span class='ocrx_word' id='word_1_104' title='bbox 1334 1271 1426 1323; x_wconf 92' lang='lat' dir='ltr'><strong>toti</strong></span> <span class='ocrx_word' id='word_1_105' title='bbox 1473 1285 1500 1321; x_wconf 91' lang='lat' dir='ltr'><strong>a</strong></span> <span class='ocrx_word' id='word_1_106' title='bbox 1545 1270 1737 1336; x_wconf 87' lang='lat' dir='ltr'><strong>spiritu</strong></span> <span class='ocrx_word' id='word_1_107' title='bbox 1773 1273 1875 1323; x_wconf 89' lang='lat' dir='ltr'><strong>im-</strong></span> 
     </span>
    </p>
   </div>
   <div class='ocr_carea' id='block_1_16' title="bbox 308 1337 1879 1405">
    <p class='ocr_par' dir='ltr' id='par_1_16' title="bbox 308 1337 1879 1405">
     <span class='ocr_line' id='line_1_16' title="bbox 308 1337 1879 1405; baseline -0.002 -13"><span class='ocrx_word' id='word_1_108' title='bbox 308 1342 510 1392; x_wconf 92' lang='lat' dir='ltr'><strong>mundo</strong></span> <span class='ocrx_word' id='word_1_109' title='bbox 550 1337 715 1390; x_wconf 85' lang='lat' dir='ltr'><strong>afllati</strong></span> <span class='ocrx_word' id='word_1_110' title='bbox 751 1348 898 1392; x_wconf 89' lang='lat' dir='ltr'><strong>sunt.</strong></span> <span class='ocrx_word' id='word_1_111' title='bbox 958 1339 1064 1392; x_wconf 79' lang='lat' dir='ltr'><strong>Sed</strong></span> <span class='ocrx_word' id='word_1_112' title='bbox 1094 1341 1220 1405; x_wconf 92' lang='lat' dir='ltr'><strong>quid</strong></span> <span class='ocrx_word' id='word_1_113' title='bbox 1245 1340 1311 1393; x_wconf 90' lang='lat' dir='ltr'><strong>de</strong></span> <span class='ocrx_word' id='word_1_114' title='bbox 1347 1340 1430 1392; x_wconf 86' lang='lat' dir='ltr'><strong>his</strong></span> <span class='ocrx_word' id='word_1_115' title='bbox 1458 1338 1681 1392; x_wconf 89' lang='lat' dir='ltr'><strong>Lutheri</strong></span> <span class='ocrx_word' id='word_1_116' title='bbox 1713 1338 1879 1393; x_wconf 85' lang='lat' dir='ltr'><strong>disci-</strong></span> 
     </span>
    </p>
   </div>
   <div class='ocr_carea' id='block_1_17' title="bbox 306 1407 1873 1476">
    <p class='ocr_par' dir='ltr' id='par_1_17' title="bbox 306 1407 1873 1476">
     <span class='ocr_line' id='line_1_17' title="bbox 306 1407 1873 1476; baseline 0.003 -18"><span class='ocrx_word' id='word_1_117' title='bbox 306 1408 413 1476; x_wconf 83' lang='lat' dir='ltr'><strong>puli</strong></span> <span class='ocrx_word' id='word_1_118' title='bbox 440 1424 503 1460; x_wconf 90' lang='lat' dir='ltr'><strong>ac</strong></span> <span class='ocrx_word' id='word_1_119' title='bbox 524 1410 911 1462; x_wconf 71' lang='lat' dir='ltr'><strong>successores?</strong></span> <span class='ocrx_word' id='word_1_120' title='bbox 938 1408 1439 1475; x_wconf 83' lang='lat' dir='ltr'><strong>Schlusselburgius</strong></span> <span class='ocrx_word' id='word_1_121' title='bbox 1458 1418 1793 1462; x_wconf 77' lang='lat' dir='ltr'><strong>contestatur</strong></span> <span class='ocrx_word' id='word_1_122' title='bbox 1808 1407 1873 1467; x_wconf 81' lang='lat'><strong>&quot;.</strong></span> 
     </span>
    </p>
   </div>
   <div class='ocr_carea' id='block_1_18' title="bbox 310 1477 1879 1544">
    <p class='ocr_par' dir='ltr' id='par_1_18' title="bbox 310 1477 1879 1544">
     <span class='ocr_line' id='line_1_18' title="bbox 310 1477 1879 1544; baseline 0 -15"><span class='ocrx_word' id='word_1_123' title='bbox 310 1497 329 1529; x_wconf 72' lang='grc' dir='ltr'><strong>ι</strong></span> <span class='ocrx_word' id='word_1_124' title='bbox 356 1478 499 1544; x_wconf 90' lang='lat' dir='ltr'><strong>quod</strong></span> <span class='ocrx_word' id='word_1_125' title='bbox 538 1477 765 1530; x_wconf 87' lang='lat' dir='ltr'><strong>sonmiis</strong></span> <span class='ocrx_word' id='word_1_126' title='bbox 814 1494 841 1528; x_wconf 89' lang='lat' dir='ltr'><strong>a</strong></span> <span class='ocrx_word' id='word_1_127' title='bbox 894 1483 1049 1541; x_wconf 76' lang='lat' dir='ltr'><strong>nigro</strong></span> <span class='ocrx_word' id='word_1_128' title='bbox 1080 1478 1323 1531; x_wconf 62' lang='lat' dir='ltr'><strong>darmone</strong></span> <span class='ocrx_word' id='word_1_129' title='bbox 1356 1478 1626 1530; x_wconf 88' lang='lat' dir='ltr'><strong>instillatis</strong></span> <span class='ocrx_word' id='word_1_130' title='bbox 1655 1517 1669 1539; x_wconf 93' lang='lat'><strong>,</strong></span> <span class='ocrx_word' id='word_1_131' title='bbox 1717 1488 1879 1532; x_wconf 88' lang='lat' dir='ltr'><strong>testa-</strong></span> 
     </span>
    </p>
   </div>
   <div class='ocr_carea' id='block_1_19' title="bbox 306 1545 1879 1614">
    <p class='ocr_par' dir='ltr' id='par_1_19' title="bbox 306 1545 1879 1614">
     <span class='ocr_line' id='line_1_19' title="bbox 306 1545 1879 1614; baseline 0 -16"><span class='ocrx_word' id='word_1_132' title='bbox 306 1556 548 1600; x_wconf 86' lang='lat' dir='ltr'><strong>mentum</strong></span> <span class='ocrx_word' id='word_1_133' title='bbox 583 1545 706 1599; x_wconf 87' lang='lat' dir='ltr'><strong>Filii</strong></span> <span class='ocrx_word' id='word_1_134' title='bbox 776 1545 867 1599; x_wconf 87' lang='lat' dir='ltr'><strong>Dei</strong></span> <span class='ocrx_word' id='word_1_135' title='bbox 915 1547 1239 1600; x_wconf 85' lang='lat' dir='ltr'><strong>labefactare</strong></span> <span class='ocrx_word' id='word_1_136' title='bbox 1309 1555 1656 1614; x_wconf 83' lang='lat' dir='ltr'><strong>evertereque</strong></span> <span class='ocrx_word' id='word_1_137' title='bbox 1703 1550 1879 1600; x_wconf 84' lang='lat' dir='ltr'><strong>ni:au—</strong></span> 
     </span>
    </p>
   </div>
   <div class='ocr_carea' id='block_1_20' title="bbox 304 1613 1876 1684">
    <p class='ocr_par' dir='ltr' id='par_1_20' title="bbox 304 1613 1876 1684">
     <span class='ocr_line' id='line_1_20' title="bbox 304 1613 1876 1684; baseline 0.003 -16"><span class='ocrx_word' id='word_1_138' title='bbox 304 1626 413 1670; x_wconf 93' lang='lat' dir='ltr'><strong>tur.</strong></span> <span class='ocrx_word' id='word_1_139' title='bbox 449 1633 466 1665; x_wconf 78' lang='grc' dir='ltr'><strong>ι</strong></span> <span class='ocrx_word' id='word_1_140' title='bbox 523 1614 666 1684; x_wconf 84' lang='lat' dir='ltr'><strong>idem</strong></span> <span class='ocrx_word' id='word_1_141' title='bbox 702 1614 839 1670; x_wconf 91' lang='lat' dir='ltr'><strong>libro</strong></span> <span class='ocrx_word' id='word_1_142' title='bbox 880 1617 1057 1682; x_wconf 87' lang='lat' dir='ltr'><strong>primo</strong></span> <span class='ocrx_word' id='word_1_143' title='bbox 1092 1613 1387 1684; x_wconf 73' lang='lat' dir='ltr'><strong>Theolagim</strong></span> <span class='ocrx_word' id='word_1_144' title='bbox 1415 1613 1607 1680; x_wconf 40' lang='lat' dir='ltr'><strong>Calva,</strong></span> <span class='ocrx_word' id='word_1_145' title='bbox 1650 1627 1755 1669; x_wconf 88' lang='lat' dir='ltr'><strong>art.</strong></span> <span class='ocrx_word' id='word_1_146' title='bbox 1784 1616 1876 1674; x_wconf 73' lang='lat'><strong>20.</strong></span> 
     </span>
    </p>
   </div>
   <div class='ocr_carea' id='block_1_21' title="bbox 307 1683 1875 1752">
    <p class='ocr_par' dir='ltr' id='par_1_21' title="bbox 307 1683 1875 1752">
     <span class='ocr_line' id='line_1_21' title="bbox 307 1683 1875 1752; baseline 0.001 -15"><span class='ocrx_word' id='word_1_147' title='bbox 307 1700 412 1737; x_wconf 92' lang='lat' dir='ltr'><strong>non</strong></span> <span class='ocrx_word' id='word_1_148' title='bbox 446 1683 653 1737; x_wconf 89' lang='lat' dir='ltr'><strong>dubitat</strong></span> <span class='ocrx_word' id='word_1_149' title='bbox 686 1684 993 1752; x_wconf 85' lang='lat' dir='ltr'><strong>Opinionem</strong></span> <span class='ocrx_word' id='word_1_150' title='bbox 1031 1700 1217 1739; x_wconf 91' lang='lat' dir='ltr'><strong>eorum</strong></span> <span class='ocrx_word' id='word_1_151' title='bbox 1253 1683 1318 1738; x_wconf 85' lang='lat' dir='ltr'><strong>de</strong></span> <span class='ocrx_word' id='word_1_152' title='bbox 1344 1700 1503 1738; x_wconf 64' lang='lat' dir='ltr'><strong>caena</strong></span> <span class='ocrx_word' id='word_1_153' title='bbox 1534 1726 1548 1750; x_wconf 91' lang='lat'><strong>,</strong></span> <span class='ocrx_word' id='word_1_154' title='bbox 1580 1699 1611 1738; x_wconf 89' lang='lat' dir='ltr'><strong>a</strong></span> <span class='ocrx_word' id='word_1_155' title='bbox 1640 1687 1875 1752; x_wconf 91' lang='lat' dir='ltr'><strong>quodam</strong></span> 
     </span>
    </p>
   </div>
   <div class='ocr_carea' id='block_1_22' title="bbox 309 1753 1881 1828">
    <p class='ocr_par' dir='ltr' id='par_1_22' title="bbox 309 1753 1881 1828">
     <span class='ocr_line' id='line_1_22' title="bbox 309 1753 1881 1828; baseline 0.001 -21"><span class='ocrx_word' id='word_1_156' title='bbox 309 1763 549 1828; x_wconf 76' lang='lat' dir='ltr'><strong>spectro,</strong></span> <span class='ocrx_word' id='word_1_157' title='bbox 589 1753 639 1804; x_wconf 90' lang='lat' dir='ltr'><strong>id</strong></span> <span class='ocrx_word' id='word_1_158' title='bbox 663 1763 784 1817; x_wconf 89' lang='lat' dir='ltr'><strong>est,</strong></span> <span class='ocrx_word' id='word_1_159' title='bbox 814 1755 1046 1828; x_wconf 25' lang='lat' dir='ltr'><strong>_ab‘ipso</strong></span> <span class='ocrx_word' id='word_1_160' title='bbox 1072 1754 1653 1828; x_wconf 62' lang='lat' dir='ltr'><strong>spiritalem-marum</strong></span> <span class='ocrx_word' id='word_1_161' title='bbox 1684 1769 1881 1828; x_wconf 82' lang='lat' dir='ltr'><strong>suppe-</strong></span> 
     </span>
    </p>
   </div>
   <div class='ocr_carea' id='block_1_23' title="bbox 1978 579 3539 652">
    <p class='ocr_par' dir='ltr' id='par_1_23' title="bbox 1978 579 3539 652">
     <span class='ocr_line' id='line_1_23' title="bbox 1978 579 3539 652; baseline 0.007 -22"><span class='ocrx_word' id='word_1_162' title='bbox 1978 579 2211 652; x_wconf 76' lang='lat' dir='ltr'><strong>Christi,</strong></span> <span class='ocrx_word' id='word_1_163' title='bbox 2247 582 2391 635; x_wconf 79' lang='lat' dir='ltr'><strong>calix</strong></span> <span class='ocrx_word' id='word_1_164' title='bbox 2445 590 2525 652; x_wconf 77' lang='lat' dir='ltr'><strong>est</strong></span> <span class='ocrx_word' id='word_1_165' title='bbox 2559 579 2668 635; x_wconf 88' lang='lat' dir='ltr'><strong>viui</strong></span> <span class='ocrx_word' id='word_1_166' title='bbox 2706 590 2761 638; x_wconf 92' lang='lat' dir='ltr'><strong>et</strong></span> <span class='ocrx_word' id='word_1_167' title='bbox 2796 597 2949 651; x_wconf 72' lang='lat' dir='ltr'><strong>aquae</strong></span> <span class='ocrx_word' id='word_1_168' title='bbox 2983 583 3213 652; x_wconf 88' lang='lat' dir='ltr'><strong>plenus;</strong></span> <span class='ocrx_word' id='word_1_169' title='bbox 3253 584 3339 638; x_wconf 88' lang='lat' dir='ltr'><strong>ubi</strong></span> <span class='ocrx_word' id='word_1_170' title='bbox 3375 588 3539 641; x_wconf 88' lang='lat' dir='ltr'><strong>verba</strong></span> 
     </span>
    </p>
   </div>
   <div class='ocr_carea' id='block_1_24' title="bbox 1978 650 3541 724">
    <p class='ocr_par' dir='ltr' id='par_1_24' title="bbox 1978 650 3541 724">
     <span class='ocr_line' id='line_1_24' title="bbox 1978 650 3541 724; baseline 0.004 -21"><span class='ocrx_word' id='word_1_171' title='bbox 1978 650 2179 724; x_wconf 80' lang='lat' dir='ltr'><strong>Christi</strong></span> <span class='ocrx_word' id='word_1_172' title='bbox 2235 659 2456 724; x_wconf 75' lang='lat' dir='ltr'><strong>operata</strong></span> <span class='ocrx_word' id='word_1_173' title='bbox 2493 650 2715 724; x_wconf 65' lang='lat' dir='ltr'><strong>fuerint.</strong></span> <span class='ocrx_word' id='word_1_174' title='bbox 2774 650 2855 724; x_wconf 90' lang='lat' dir='ltr'><strong>ibi</strong></span> <span class='ocrx_word' id='word_1_175' title='bbox 2900 650 3116 722; x_wconf 79' lang='lat' dir='ltr'><strong>sanguis</strong></span> <span class='ocrx_word' id='word_1_176' title='bbox 3150 653 3407 721; x_wconf 82' lang='lat' dir='ltr'><strong>efficitur,</strong></span> <span class='ocrx_word' id='word_1_177' title='bbox 3442 656 3541 724; x_wconf 87' lang='lat' dir='ltr'><strong>qui</strong></span> 
     </span>
    </p>
   </div>
   <div class='ocr_carea' id='block_1_25' title="bbox 1976 719 3541 792">
    <p class='ocr_par' dir='ltr' id='par_1_25' title="bbox 1976 719 3541 792">
     <span class='ocr_line' id='line_1_25' title="bbox 1976 719 3541 792; baseline 0.005 -22"><span class='ocrx_word' id='word_1_178' title='bbox 1976 719 2208 792; x_wconf 77' lang='lat' dir='ltr'><strong>plehctn_</strong></span> <span class='ocrx_word' id='word_1_179' title='bbox 2241 720 2567 792; x_wconf 60' lang='lat' dir='ltr'><strong>redemitj&#39;.</strong></span> <span class='ocrx_word' id='word_1_180' title='bbox 2604 740 2630 792; x_wconf 13' lang='grc' dir='ltr'><strong>γ»</strong></span> <span class='ocrx_word' id='word_1_181' title='bbox 2669 720 2973 792; x_wconf 88' lang='lat' dir='ltr'><strong>Cyprianus</strong></span> <span class='ocrx_word' id='word_1_182' title='bbox 3004 719 3230 792; x_wconf 50' lang='lat' dir='ltr'><strong>_martyr</strong></span> <span class='ocrx_word' id='word_1_183' title='bbox 3273 719 3437 777; x_wconf 72' lang='lat' dir='ltr'><strong>serui.</strong></span> <span class='ocrx_word' id='word_1_184' title='bbox 3460 719 3541 778; x_wconf 55' lang='lat' dir='ltr'><strong>&#39;de</strong></span> 
     </span>
    </p>
   </div>
   <div class='ocr_carea' id='block_1_26' title="bbox 1977 788 3541 847">
    <p class='ocr_par' dir='ltr' id='par_1_26' title="bbox 1977 788 3541 847">
     <span class='ocr_line' id='line_1_26' title="bbox 1977 788 3541 847; baseline 0.003 -5"><span class='ocrx_word' id='word_1_185' title='bbox 1977 788 2143 842; x_wconf 67' lang='lat' dir='ltr'><strong>Cinna</strong></span> <span class='ocrx_word' id='word_1_186' title='bbox 2184 789 2336 841; x_wconf 92' lang='lat' dir='ltr'><strong>Dom.</strong></span> <span class='ocrx_word' id='word_1_187' title='bbox 2368 808 2379 841; x_wconf 88' lang='lat'>:</span> <span class='ocrx_word' id='word_1_188' title='bbox 2423 808 2439 839; x_wconf 78' lang='grc' dir='ltr'><strong>ι</strong></span> <span class='ocrx_word' id='word_1_189' title='bbox 2482 788 2643 842; x_wconf 85' lang='lat' dir='ltr'><strong>Panis</strong></span> <span class='ocrx_word' id='word_1_190' title='bbox 2679 788 2778 843; x_wconf 82' lang='lat' dir='ltr'><strong>iste</strong></span> <span class='ocrx_word' id='word_1_191' title='bbox 2811 793 3115 845; x_wconf 86' lang='lat' dir='ltr'><strong>communis</strong></span> <span class='ocrx_word' id='word_1_192' title='bbox 3149 788 3199 845; x_wconf 78' lang='lat' dir='ltr'><strong>in</strong></span> <span class='ocrx_word' id='word_1_193' title='bbox 3236 807 3452 845; x_wconf 89' lang='lat' dir='ltr'><strong>carnem</strong></span> <span class='ocrx_word' id='word_1_194' title='bbox 3488 802 3541 847; x_wconf 88' lang='lat' dir='ltr'><strong>et</strong></span> 
     </span>
    </p>
   </div>
   <div class='ocr_carea' id='block_1_27' title="bbox 1978 858 3543 925">
    <p class='ocr_par' dir='ltr' id='par_1_27' title="bbox 1978 858 3543 925">
     <span class='ocr_line' id='line_1_27' title="bbox 1978 858 3543 925; baseline 0.003 -15"><span class='ocrx_word' id='word_1_195' title='bbox 1978 858 2295 925; x_wconf 88' lang='lat' dir='ltr'><strong>sanguinem</strong></span> <span class='ocrx_word' id='word_1_196' title='bbox 2332 867 2589 919; x_wconf 88' lang='lat' dir='ltr'><strong>mutatus.</strong></span> <span class='ocrx_word' id='word_1_197' title='bbox 2642 869 2900 925; x_wconf 86' lang='lat' dir='ltr'><strong>procurat</strong></span> <span class='ocrx_word' id='word_1_198' title='bbox 2933 861 3098 912; x_wconf 88' lang='lat' dir='ltr'><strong>vitam</strong></span> <span class='ocrx_word' id='word_1_199' title='bbox 3135 871 3185 914; x_wconf 88' lang='lat' dir='ltr'><strong>et</strong></span> <span class='ocrx_word' id='word_1_200' title='bbox 3233 861 3543 915; x_wconf 81' lang='lat' dir='ltr'><strong>incremen-</strong></span> 
     </span>
    </p>
   </div>
   <div class='ocr_carea' id='block_1_28' title="bbox 1981 926 3539 998">
    <p class='ocr_par' dir='ltr' id='par_1_28' title="bbox 1981 926 3539 998">
     <span class='ocr_line' id='line_1_28' title="bbox 1981 926 3539 998; baseline 0.003 -19"><span class='ocrx_word' id='word_1_201' title='bbox 1981 926 2476 998; x_wconf 17' lang='lat' dir='ltr'><strong>tumlcorporibus.</strong></span> <span class='ocrx_word' id='word_1_202' title='bbox 2518 946 2535 978; x_wconf 78' lang='grc' dir='ltr'><strong>ι</strong></span> <span class='ocrx_word' id='word_1_203' title='bbox 2577 928 2639 981; x_wconf 86' lang='grc' dir='ltr'><strong>Ει</strong></span> <span class='ocrx_word' id='word_1_204' title='bbox 2673 928 2888 998; x_wconf 27' lang='grc' dir='ltr'><strong>ιιοηλίιει</strong></span> <span class='ocrx_word' id='word_1_205' title='bbox 2925 929 3092 982; x_wconf 92' lang='lat' dir='ltr'><strong>multo</strong></span> <span class='ocrx_word' id='word_1_206' title='bbox 3125 938 3344 998; x_wconf 90' lang='lat' dir='ltr'><strong>postea:</strong></span> <span class='ocrx_word' id='word_1_207' title='bbox 3387 948 3406 981; x_wconf 78' lang='grc' dir='ltr'><strong>ι</strong></span> <span class='ocrx_word' id='word_1_208' title='bbox 3432 930 3539 983; x_wconf 84' lang='lat' dir='ltr'><strong>Pa-</strong></span> 
     </span>
    </p>
   </div>
   <div class='ocr_carea' id='block_1_29' title="bbox 1981 995 3536 1067">
    <p class='ocr_par' dir='ltr' id='par_1_29' title="bbox 1981 995 3536 1067">
     <span class='ocr_line' id='line_1_29' title="bbox 1981 995 3536 1067; baseline 0.006 -21"><span class='ocrx_word' id='word_1_209' title='bbox 1981 995 2065 1067; x_wconf 84' lang='lat' dir='ltr'><strong>nis</strong></span> <span class='ocrx_word' id='word_1_210' title='bbox 2100 995 2220 1067; x_wconf 85' lang='lat' dir='ltr'><strong>iste,</strong></span> <span class='ocrx_word' id='word_1_211' title='bbox 2254 1011 2414 1067; x_wconf 86' lang='lat' dir='ltr'><strong>quem</strong></span> <span class='ocrx_word' id='word_1_212' title='bbox 2454 997 2711 1051; x_wconf 90' lang='lat' dir='ltr'><strong>Dominus</strong></span> <span class='ocrx_word' id='word_1_213' title='bbox 2747 995 3027 1066; x_wconf 89' lang='lat' dir='ltr'><strong>discipulis</strong></span> <span class='ocrx_word' id='word_1_214' title='bbox 3061 995 3392 1067; x_wconf 73' lang='lat' dir='ltr'><strong>porrigebat,</strong></span> <span class='ocrx_word' id='word_1_215' title='bbox 3430 1015 3536 1056; x_wconf 91' lang='lat' dir='ltr'><strong>non</strong></span> 
     </span>
    </p>
   </div>
   <div class='ocr_carea' id='block_1_30' title="bbox 1978 1064 3538 1138">
    <p class='ocr_par' dir='ltr' id='par_1_30' title="bbox 1978 1064 3538 1138">
     <span class='ocr_line' id='line_1_30' title="bbox 1978 1064 3538 1138; baseline 0.006 -23"><span class='ocrx_word' id='word_1_216' title='bbox 1978 1064 2171 1138; x_wconf 70' lang='lat' dir='ltr'><strong>eﬂigic,</strong></span> <span class='ocrx_word' id='word_1_217' title='bbox 2228 1064 2319 1119; x_wconf 86' lang='lat' dir='ltr'><strong>sed</strong></span> <span class='ocrx_word' id='word_1_218' title='bbox 2377 1073 2567 1119; x_wconf 89' lang='lat' dir='ltr'><strong>natura</strong></span> <span class='ocrx_word' id='word_1_219' title='bbox 2621 1064 2900 1131; x_wconf 45' lang='lat' dir='ltr'><strong>mutatus,</strong></span> <span class='ocrx_word' id='word_1_220' title='bbox 2939 1064 3335 1138; x_wconf 79' lang='lat' dir='ltr'><strong>omnipoteittia</strong></span> <span class='ocrx_word' id='word_1_221' title='bbox 3385 1069 3538 1124; x_wconf 90' lang='lat' dir='ltr'><strong>verbi</strong></span> 
     </span>
    </p>
   </div>
   <div class='ocr_carea' id='block_1_31' title="bbox 1978 1132 2516 1188">
    <p class='ocr_par' dir='ltr' id='par_1_31' title="bbox 1978 1132 2516 1188">
     <span class='ocr_line' id='line_1_31' title="bbox 1978 1132 2516 1188; baseline 0 -3"><span class='ocrx_word' id='word_1_222' title='bbox 1978 1132 2156 1186; x_wconf 88' lang='lat' dir='ltr'><strong>factus</strong></span> <span class='ocrx_word' id='word_1_223' title='bbox 2187 1144 2266 1188; x_wconf 90' lang='lat' dir='ltr'><strong>est</strong></span> <span class='ocrx_word' id='word_1_224' title='bbox 2302 1149 2447 1187; x_wconf 92' lang='lat' dir='ltr'><strong>caro.</strong></span> <span class='ocrx_word' id='word_1_225' title='bbox 2496 1152 2516 1185; x_wconf 72' lang='grc' dir='ltr'><strong>ι</strong></span> 
     </span>
    </p>
   </div>
   <div class='ocr_carea' id='block_1_32' title="bbox 2051 1200 3543 1273">
    <p class='ocr_par' dir='ltr' id='par_1_32' title="bbox 2051 1200 3543 1273">
     <span class='ocr_line' id='line_1_32' title="bbox 2051 1200 3543 1273; baseline 0.005 -20"><span class='ocrx_word' id='word_1_226' title='bbox 2051 1200 2165 1273; x_wconf 84' lang='lat' dir='ltr'><strong>Hoc</strong></span> <span class='ocrx_word' id='word_1_227' title='bbox 2194 1216 2270 1257; x_wconf 77' lang='lat' dir='ltr'><strong>est</strong></span> <span class='ocrx_word' id='word_1_228' title='bbox 2315 1218 2486 1256; x_wconf 83' lang='lat' dir='ltr'><strong>meum</strong></span> <span class='ocrx_word' id='word_1_229' title='bbox 2533 1219 2741 1273; x_wconf 78' lang='lat' dir='ltr'><strong>corpus.</strong></span> <span class='ocrx_word' id='word_1_230' title='bbox 2777 1204 2854 1258; x_wconf 85' lang='lat' dir='ltr'><strong>Ita</strong></span> <span class='ocrx_word' id='word_1_231' title='bbox 2888 1204 3015 1273; x_wconf 91' lang='lat' dir='ltr'><strong>legit</strong></span> <span class='ocrx_word' id='word_1_232' title='bbox 3050 1213 3205 1258; x_wconf 89' lang='lat' dir='ltr'><strong>vetus</strong></span> <span class='ocrx_word' id='word_1_233' title='bbox 3238 1204 3448 1270; x_wconf 75' lang='lat' dir='ltr'><strong>codex;</strong></span> <span class='ocrx_word' id='word_1_234' title='bbox 3484 1212 3543 1261; x_wconf 79' lang='lat' dir='ltr'><strong>et</strong></span> 
     </span>
    </p>
   </div>
   <div class='ocr_carea' id='block_1_33' title="bbox 1978 1271 3542 1343">
    <p class='ocr_par' dir='ltr' id='par_1_33' title="bbox 1978 1271 3542 1343">
     <span class='ocr_line' id='line_1_33' title="bbox 1978 1271 3542 1343; baseline 0.004 -22"><span class='ocrx_word' id='word_1_235' title='bbox 1978 1271 2174 1343; x_wconf 82' lang='lat' dir='ltr'><strong>Paulus</strong></span> <span class='ocrx_word' id='word_1_236' title='bbox 2208 1273 2224 1325; x_wconf 96' lang='lat' dir='ltr'><strong>l</strong></span> <span class='ocrx_word' id='word_1_237' title='bbox 2258 1272 2383 1327; x_wconf 90' lang='lat' dir='ltr'><strong>Cor.</strong></span> <span class='ocrx_word' id='word_1_238' title='bbox 2416 1287 2483 1343; x_wconf 88' lang='lat' dir='ltr'><strong>tt,</strong></span> <span class='ocrx_word' id='word_1_239' title='bbox 2516 1271 2672 1343; x_wconf 57' lang='grc' dir='ltr'><strong>τοῖιτό</strong></span> <span class='ocrx_word' id='word_1_240' title='bbox 2707 1291 2805 1343; x_wconf 84' lang='grc' dir='ltr'>μου</span> <span class='ocrx_word' id='word_1_241' title='bbox 2833 1271 3032 1329; x_wconf 56' lang='lat' dir='ltr'><strong>sum</strong></span> <span class='ocrx_word' id='word_1_242' title='bbox 3061 1273 3218 1343; x_wconf 82' lang='grc' dir='ltr'><strong>σῶμα</strong></span> <span class='ocrx_word' id='word_1_243' title='bbox 3243 1315 3257 1337; x_wconf 89' lang='grc'><em>,</em></span> <span class='ocrx_word' id='word_1_244' title='bbox 3294 1274 3542 1343; x_wconf 80' lang='lat' dir='ltr'><strong>hancque</strong></span> 
     </span>
    </p>
   </div>
   <div class='ocr_carea' id='block_1_34' title="bbox 1980 1339 3538 1411">
    <p class='ocr_par' dir='ltr' id='par_1_34' title="bbox 1980 1339 3538 1411">
     <span class='ocr_line' id='line_1_34' title="bbox 1980 1339 3538 1411; baseline 0.001 -17"><span class='ocrx_word' id='word_1_245' title='bbox 1980 1341 2267 1394; x_wconf 88' lang='lat' dir='ltr'><strong>lectionem</strong></span> <span class='ocrx_word' id='word_1_246' title='bbox 2324 1342 2523 1394; x_wconf 88' lang='lat' dir='ltr'><strong>retinet</strong></span> <span class='ocrx_word' id='word_1_247' title='bbox 2589 1339 2774 1395; x_wconf 80' lang='lat' dir='ltr'><strong>Jacobi</strong></span> <span class='ocrx_word' id='word_1_248' title='bbox 2831 1344 3045 1411; x_wconf 86' lang='lat' dir='ltr'><strong>liturgia</strong></span> <span class='ocrx_word' id='word_1_249' title='bbox 3096 1339 3307 1411; x_wconf 77' lang='lat' dir='ltr'><strong>Graeca.</strong></span> <span class='ocrx_word' id='word_1_250' title='bbox 3364 1339 3538 1397; x_wconf 74' lang='lat' dir='ltr'><strong>Verba</strong></span> 
     </span>
    </p>
   </div>
   <div class='ocr_carea' id='block_1_35' title="bbox 1979 1410 3543 1480">
    <p class='ocr_par' dir='ltr' id='par_1_35' title="bbox 1979 1410 3543 1480">
     <span class='ocr_line' id='line_1_35' title="bbox 1979 1410 3543 1480; baseline 0.003 -19"><span class='ocrx_word' id='word_1_251' title='bbox 1979 1425 2108 1462; x_wconf 65' lang='lat' dir='ltr'><strong>varo</strong></span> <span class='ocrx_word' id='word_1_252' title='bbox 2164 1411 2275 1463; x_wconf 69' lang='lat' dir='ltr'><strong>hare</strong></span> <span class='ocrx_word' id='word_1_253' title='bbox 2327 1412 2394 1463; x_wconf 89' lang='lat' dir='ltr'><strong>de</strong></span> <span class='ocrx_word' id='word_1_254' title='bbox 2446 1424 2583 1477; x_wconf 90' lang='lat' dir='ltr'><strong>pane</strong></span> <span class='ocrx_word' id='word_1_255' title='bbox 2637 1412 2775 1473; x_wconf 87' lang='lat' dir='ltr'><strong>dici,</strong></span> <span class='ocrx_word' id='word_1_256' title='bbox 2832 1410 3129 1479; x_wconf 79' lang='lat' dir='ltr'><strong>iisdemque</strong></span> <span class='ocrx_word' id='word_1_257' title='bbox 3172 1410 3306 1464; x_wconf 84' lang='lat' dir='ltr'><strong>cllici</strong></span> <span class='ocrx_word' id='word_1_258' title='bbox 3343 1427 3543 1480; x_wconf 88' lang='lat' dir='ltr'><strong>corpus</strong></span> 
     </span>
    </p>
   </div>
   <div class='ocr_carea' id='block_1_36' title="bbox 1978 1480 3538 1547">
    <p class='ocr_par' dir='ltr' id='par_1_36' title="bbox 1978 1480 3538 1547">
     <span class='ocr_line' id='line_1_36' title="bbox 1978 1480 3538 1547; baseline 0.001 -14"><span class='ocrx_word' id='word_1_259' title='bbox 1978 1480 2229 1542; x_wconf 89' lang='lat' dir='ltr'><strong>Christi,</strong></span> <span class='ocrx_word' id='word_1_260' title='bbox 2282 1481 2522 1544; x_wconf 86' lang='lat' dir='ltr'><strong>apertius</strong></span> <span class='ocrx_word' id='word_1_261' title='bbox 2574 1491 2757 1547; x_wconf 88' lang='lat' dir='ltr'><strong>postea</strong></span> <span class='ocrx_word' id='word_1_262' title='bbox 2811 1482 2970 1535; x_wconf 84' lang='lat' dir='ltr'><strong>docet</strong></span> <span class='ocrx_word' id='word_1_263' title='bbox 3021 1496 3141 1547; x_wconf 89' lang='lat' dir='ltr'><strong>cap.</strong></span> <span class='ocrx_word' id='word_1_264' title='bbox 3196 1481 3265 1533; x_wconf 74' lang='grc'><strong>51</strong></span> <span class='ocrx_word' id='word_1_265' title='bbox 3302 1482 3538 1534; x_wconf 88' lang='lat' dir='ltr'><strong>dicens:</strong></span> 
     </span>
    </p>
   </div>
   <div class='ocr_carea' id='block_1_37' title="bbox 1986 1547 3541 1619">
    <p class='ocr_par' dir='ltr' id='par_1_37' title="bbox 1986 1547 3541 1619">
     <span class='ocr_line' id='line_1_37' title="bbox 1986 1547 3541 1619; baseline 0.003 -20"><span class='ocrx_word' id='word_1_266' title='bbox 1986 1567 2004 1599; x_wconf 77' lang='grc' dir='ltr'><strong>ι</strong></span> <span class='ocrx_word' id='word_1_267' title='bbox 2055 1547 2585 1619; x_wconf 20' lang='grc' dir='ltr'><strong>Ριιιιίεᾼρθτείρίειιε</strong></span> <span class='ocrx_word' id='word_1_268' title='bbox 2648 1548 3041 1619; x_wconf 88' lang='lat' dir='ltr'><strong>invocationem</strong></span> <span class='ocrx_word' id='word_1_269' title='bbox 3091 1547 3364 1619; x_wconf 87' lang='lat' dir='ltr'><strong>Dei,jam</strong></span> <span class='ocrx_word' id='word_1_270' title='bbox 3433 1565 3541 1603; x_wconf 91' lang='lat' dir='ltr'><strong>nou</strong></span> 
     </span>
    </p>
   </div>
   <div class='ocr_carea' id='block_1_38' title="bbox 1982 1617 3545 1685">
    <p class='ocr_par' dir='ltr' id='par_1_38' title="bbox 1982 1617 3545 1685">
     <span class='ocr_line' id='line_1_38' title="bbox 1982 1617 3545 1685; baseline 0 -15"><span class='ocrx_word' id='word_1_271' title='bbox 1982 1617 2285 1670; x_wconf 88' lang='lat' dir='ltr'><strong>communis</strong></span> <span class='ocrx_word' id='word_1_272' title='bbox 2346 1618 2505 1685; x_wconf 88' lang='lat' dir='ltr'><strong>panis</strong></span> <span class='ocrx_word' id='word_1_273' title='bbox 2555 1626 2660 1680; x_wconf 86' lang='lat' dir='ltr'><strong>est,</strong></span> <span class='ocrx_word' id='word_1_274' title='bbox 2714 1619 2808 1671; x_wconf 90' lang='lat' dir='ltr'><strong>sed</strong></span> <span class='ocrx_word' id='word_1_275' title='bbox 2862 1618 3215 1681; x_wconf 88' lang='lat' dir='ltr'><strong>eucharistia,</strong></span> <span class='ocrx_word' id='word_1_276' title='bbox 3254 1617 3278 1670; x_wconf 46' lang='lat' dir='ltr'><strong>&#39;i</strong></span> <span class='ocrx_word' id='word_1_277' title='bbox 3333 1627 3440 1672; x_wconf 91' lang='lat' dir='ltr'><strong>etc.</strong></span> <span class='ocrx_word' id='word_1_278' title='bbox 3478 1619 3545 1675; x_wconf 87' lang='lat' dir='ltr'><strong>Et</strong></span> 
     </span>
    </p>
   </div>
   <div class='ocr_carea' id='block_1_39' title="bbox 1984 1685 3539 1754">
    <p class='ocr_par' dir='ltr' id='par_1_39' title="bbox 1984 1685 3539 1754">
     <span class='ocr_line' id='line_1_39' title="bbox 1984 1685 3539 1754; baseline 0.001 -15"><span class='ocrx_word' id='word_1_279' title='bbox 1984 1687 2077 1740; x_wconf 88' lang='lat' dir='ltr'><strong>lib.</strong></span> <span class='ocrx_word' id='word_1_280' title='bbox 2125 1700 2156 1737; x_wconf 93' lang='lat' dir='ltr'><strong>v</strong></span> <span class='ocrx_word' id='word_1_281' title='bbox 2200 1703 2214 1739; x_wconf 92' lang='lat'><strong>:</strong></span> <span class='ocrx_word' id='word_1_282' title='bbox 2257 1704 2276 1736; x_wconf 74' lang='grc' dir='ltr'><strong>ι</strong></span> <span class='ocrx_word' id='word_1_283' title='bbox 2318 1685 2543 1750; x_wconf 84' lang='lat' dir='ltr'><strong>Quando</strong></span> <span class='ocrx_word' id='word_1_284' title='bbox 2597 1688 2788 1741; x_wconf 89' lang='lat' dir='ltr'><strong>mistus</strong></span> <span class='ocrx_word' id='word_1_285' title='bbox 2842 1686 3016 1750; x_wconf 81' lang='lat' dir='ltr'><strong>calix,</strong></span> <span class='ocrx_word' id='word_1_286' title='bbox 3072 1697 3127 1741; x_wconf 91' lang='lat' dir='ltr'><strong>et</strong></span> <span class='ocrx_word' id='word_1_287' title='bbox 3160 1686 3365 1740; x_wconf 87' lang='lat' dir='ltr'><strong>fractus</strong></span> <span class='ocrx_word' id='word_1_288' title='bbox 3397 1688 3539 1754; x_wconf 87' lang='lat' dir='ltr'><strong>(sive</strong></span> 
     </span>
    </p>
   </div>
   <div class='ocr_carea' id='block_1_40' title="bbox 1983 1756 3543 1823">
    <p class='ocr_par' dir='ltr' id='par_1_40' title="bbox 1983 1756 3543 1823">
     <span class='ocr_line' id='line_1_40' title="bbox 1983 1756 3543 1823; baseline 0.001 -14"><span class='ocrx_word' id='word_1_289' title='bbox 1983 1758 2182 1823; x_wconf 86' lang='lat' dir='ltr'><strong>factus)</strong></span> <span class='ocrx_word' id='word_1_290' title='bbox 2230 1757 2386 1823; x_wconf 91' lang='lat' dir='ltr'><strong>panis</strong></span> <span class='ocrx_word' id='word_1_291' title='bbox 2418 1756 2650 1821; x_wconf 85' lang='lat' dir='ltr'><strong>percipit</strong></span> <span class='ocrx_word' id='word_1_292' title='bbox 2701 1757 2921 1810; x_wconf 88' lang='lat' dir='ltr'><strong>verbum</strong></span> <span class='ocrx_word' id='word_1_293' title='bbox 2959 1756 3074 1817; x_wconf 85' lang='lat' dir='ltr'><strong>Dei,</strong></span> <span class='ocrx_word' id='word_1_294' title='bbox 3112 1756 3171 1809; x_wconf 89' lang='lat' dir='ltr'><strong>fit</strong></span> <span class='ocrx_word' id='word_1_295' title='bbox 3204 1757 3543 1811; x_wconf 82' lang='lat' dir='ltr'><strong>eucharistia</strong></span> 
     </span>
    </p>
   </div>
   <div class='ocr_carea' id='block_1_41' title="bbox 309 1823 3097 1895">
    <p class='ocr_par' dir='ltr' id='par_1_41' title="bbox 309 1823 3097 1895">
     <span class='ocr_line' id='line_1_41' title="bbox 309 1823 3097 1895; baseline 0.002 -23"><span class='ocrx_word' id='word_1_296' title='bbox 309 1825 535 1895; x_wconf 70' lang='lat' dir='ltr'><strong>dilatam</strong></span> <span class='ocrx_word' id='word_1_297' title='bbox 558 1836 698 1895; x_wconf 77' lang='lat' dir='ltr'><strong>esse.</strong></span> <span class='ocrx_word' id='word_1_298' title='bbox 736 1842 755 1874; x_wconf 74' lang='grc' dir='ltr'><strong>ι</strong></span> <span class='ocrx_word' id='word_1_299' title='bbox 812 1824 877 1877; x_wconf 86' lang='lat' dir='ltr'><strong>Et</strong></span> <span class='ocrx_word' id='word_1_300' title='bbox 913 1823 1049 1877; x_wconf 90' lang='lat' dir='ltr'><strong>lihro</strong></span> <span class='ocrx_word' id='word_1_301' title='bbox 1090 1824 1367 1895; x_wconf 60' lang='lat' dir='ltr'><strong>secundo,</strong></span> <span class='ocrx_word' id='word_1_302' title='bbox 1412 1823 1646 1895; x_wconf 82' lang='lat' dir='ltr'><strong>artic.qu</strong></span> <span class='ocrx_word' id='word_1_303' title='bbox 1680 1823 1878 1895; x_wconf 83' lang='lat' dir='ltr'><strong>primo,</strong></span> <span class='ocrx_word' id='word_1_304' title='bbox 1909 1841 1953 1895; x_wconf 76' lang='grc' dir='ltr'><strong>Β</strong></span> <span class='ocrx_word' id='word_1_305' title='bbox 1981 1826 2317 1895; x_wconf 75' lang='lat' dir='ltr'><strong>corporiset</strong></span> <span class='ocrx_word' id='word_1_306' title='bbox 2350 1824 2634 1895; x_wconf 75' lang='lat' dir='ltr'><strong>sanguinis</strong></span> <span class='ocrx_word' id='word_1_307' title='bbox 2667 1824 2899 1895; x_wconf 83' lang='lat' dir='ltr'><strong>Christi,</strong></span> <span class='ocrx_word' id='word_1_308' title='bbox 2930 1845 2949 1876; x_wconf 75' lang='grc' dir='ltr'><strong>ι</strong></span> <span class='ocrx_word' id='word_1_309' title='bbox 2989 1836 3097 1879; x_wconf 91' lang='lat' dir='ltr'><strong>etc.</strong></span> 
     </span>
    </p>
   </div>
   <div class='ocr_carea' id='block_1_42' title="bbox 307 1891 1869 1961">
    <p class='ocr_par' dir='ltr' id='par_1_42' title="bbox 307 1891 1869 1961">
     <span class='ocr_line' id='line_1_42' title="bbox 307 1891 1869 1961; baseline -0.002 -14"><span class='ocrx_word' id='word_1_310' title='bbox 307 1891 505 1947; x_wconf 85' lang='lat' dir='ltr'><strong>Bezam</strong></span> <span class='ocrx_word' id='word_1_311' title='bbox 556 1891 863 1960; x_wconf 81' lang='lat' dir='ltr'><strong>dialogum,</strong></span> <span class='ocrx_word' id='word_1_312' title='bbox 920 1908 1079 1960; x_wconf 88' lang='lat' dir='ltr'><strong>quem</strong></span> <span class='ocrx_word' id='word_1_313' title='bbox 1129 1891 1511 1961; x_wconf 82' lang='lat' dir='ltr'><strong>CreOpltagiam</strong></span> <span class='ocrx_word' id='word_1_314' title='bbox 1549 1892 1869 1957; x_wconf 75' lang='lat' dir='ltr'><strong>nominavit,</strong></span> 
     </span>
    </p>
   </div>
   <div class='ocr_carea' id='block_1_43' title="bbox 315 1961 1877 2022">
    <p class='ocr_par' dir='ltr' id='par_1_43' title="bbox 315 1961 1877 2022">
     <span class='ocr_line' id='line_1_43' title="bbox 315 1961 1877 2022; baseline 0.001 -9"><span class='ocrx_word' id='word_1_315' title='bbox 315 1980 333 2013; x_wconf 81' lang='grc' dir='ltr'><strong>ι</strong></span> <span class='ocrx_word' id='word_1_316' title='bbox 374 1962 516 2015; x_wconf 87' lang='lat' dir='ltr'><strong>haud</strong></span> <span class='ocrx_word' id='word_1_317' title='bbox 550 1961 707 2014; x_wconf 87' lang='lat' dir='ltr'><strong>dubie</strong></span> <span class='ocrx_word' id='word_1_318' title='bbox 737 1962 973 2016; x_wconf 90' lang='lat' dir='ltr'><strong>dictante</strong></span> <span class='ocrx_word' id='word_1_319' title='bbox 998 1962 1213 2015; x_wconf 80' lang='lat' dir='ltr'><strong>diabolo</strong></span> <span class='ocrx_word' id='word_1_320' title='bbox 1238 2001 1253 2022; x_wconf 90' lang='lat'><strong>,</strong></span> <span class='ocrx_word' id='word_1_321' title='bbox 1300 1972 1488 2015; x_wconf 82' lang='lat' dir='ltr'><strong>eontra</strong></span> <span class='ocrx_word' id='word_1_322' title='bbox 1525 1961 1642 2014; x_wconf 82' lang='lat' dir='ltr'><strong>Filii</strong></span> <span class='ocrx_word' id='word_1_323' title='bbox 1676 1962 1765 2014; x_wconf 91' lang='lat' dir='ltr'><strong>Dei</strong></span> <span class='ocrx_word' id='word_1_324' title='bbox 1798 1972 1877 2015; x_wconf 75' lang='grc' dir='ltr'><strong>ιε-</strong></span> 
     </span>
    </p>
   </div>
   <div class='ocr_carea' id='block_1_44' title="bbox 311 2030 1875 2098">
    <p class='ocr_par' dir='ltr' id='par_1_44' title="bbox 311 2030 1875 2098">
     <span class='ocr_line' id='line_1_44' title="bbox 311 2030 1875 2098; baseline 0.001 -15"><span class='ocrx_word' id='word_1_325' title='bbox 311 2041 639 2084; x_wconf 90' lang='lat' dir='ltr'><strong>stamenlum</strong></span> <span class='ocrx_word' id='word_1_326' title='bbox 670 2032 1044 2085; x_wconf 88' lang='lat' dir='ltr'><strong>concinnasse.</strong></span> <span class='ocrx_word' id='word_1_327' title='bbox 1085 2049 1104 2082; x_wconf 76' lang='grc' dir='ltr'><strong>ι</strong></span> <span class='ocrx_word' id='word_1_328' title='bbox 1152 2032 1214 2084; x_wconf 85' lang='lat' dir='ltr'><strong>Et</strong></span> <span class='ocrx_word' id='word_1_329' title='bbox 1243 2030 1473 2084; x_wconf 86' lang='lat' dir='ltr'><strong>articulo</strong></span> <span class='ocrx_word' id='word_1_330' title='bbox 1498 2030 1596 2083; x_wconf 73' lang='lat'><strong>12:</strong></span> <span class='ocrx_word' id='word_1_331' title='bbox 1640 2050 1657 2081; x_wconf 84' lang='grc'><em>‹</em></span> <span class='ocrx_word' id='word_1_332' title='bbox 1699 2032 1875 2098; x_wconf 77' lang='lat' dir='ltr'><strong>Ipsum</strong></span> 
     </span>
    </p>
   </div>
   <div class='ocr_carea' id='block_1_45' title="bbox 309 2100 1875 2170">
    <p class='ocr_par' dir='ltr' id='par_1_45' title="bbox 309 2100 1875 2170">
     <span class='ocr_line' id='line_1_45' title="bbox 309 2100 1875 2170; baseline 0.001 -20"><span class='ocrx_word' id='word_1_333' title='bbox 309 2101 743 2170; x_wconf 68' lang='lat' dir='ltr'><strong>cacodasmonem</strong></span> <span class='ocrx_word' id='word_1_334' title='bbox 783 2115 900 2154; x_wconf 88' lang='lat' dir='ltr'><strong>esse</strong></span> <span class='ocrx_word' id='word_1_335' title='bbox 930 2102 1244 2170; x_wconf 83' lang='lat' dir='ltr'><strong>magistrum</strong></span> <span class='ocrx_word' id='word_1_336' title='bbox 1273 2102 1513 2170; x_wconf 86' lang='lat' dir='ltr'><strong>omnium</strong></span> <span class='ocrx_word' id='word_1_337' title='bbox 1547 2100 1875 2154; x_wconf 84' lang='lat' dir='ltr'><strong>Calviuista-</strong></span> 
     </span>
    </p>
   </div>
   <div class='ocr_carea' id='block_1_46' title="bbox 312 2168 1877 2236">
    <p class='ocr_par' dir='ltr' id='par_1_46' title="bbox 312 2168 1877 2236">
     <span class='ocr_line' id='line_1_46' title="bbox 312 2168 1877 2236; baseline 0.001 -15"><span class='ocrx_word' id='word_1_338' title='bbox 312 2184 432 2221; x_wconf 91' lang='lat' dir='ltr'><strong>rum</strong></span> <span class='ocrx_word' id='word_1_339' title='bbox 477 2186 495 2219; x_wconf 81' lang='grc' dir='ltr'><strong>ι</strong></span> <span class='ocrx_word' id='word_1_340' title='bbox 533 2168 770 2236; x_wconf 85' lang='lat' dir='ltr'><strong>Denique</strong></span> <span class='ocrx_word' id='word_1_341' title='bbox 802 2170 939 2223; x_wconf 90' lang='lat' dir='ltr'><strong>libro</strong></span> <span class='ocrx_word' id='word_1_342' title='bbox 959 2168 1141 2231; x_wconf 78' lang='lat' dir='ltr'><strong>tertio,</strong></span> <span class='ocrx_word' id='word_1_343' title='bbox 1169 2169 1398 2222; x_wconf 86' lang='lat' dir='ltr'><strong>articulo</strong></span> <span class='ocrx_word' id='word_1_344' title='bbox 1419 2180 1631 2231; x_wconf 82' lang='lat' dir='ltr'><strong>octavo,</strong></span> <span class='ocrx_word' id='word_1_345' title='bbox 1654 2170 1877 2223; x_wconf 91' lang='lat' dir='ltr'><strong>omnino</strong></span> 
     </span>
    </p>
   </div>
   <div class='ocr_carea' id='block_1_47' title="bbox 311 2238 1874 2308">
    <p class='ocr_par' dir='ltr' id='par_1_47' title="bbox 311 2238 1874 2308">
     <span class='ocr_line' id='line_1_47' title="bbox 311 2238 1874 2308; baseline -0.001 -17"><span class='ocrx_word' id='word_1_346' title='bbox 311 2238 629 2303; x_wconf 90' lang='lat' dir='ltr'><strong>contendit,</strong></span> <span class='ocrx_word' id='word_1_347' title='bbox 692 2254 711 2287; x_wconf 74' lang='grc' dir='ltr'><strong>ι</strong></span> <span class='ocrx_word' id='word_1_348' title='bbox 740 2239 990 2308; x_wconf 87' lang='lat' dir='ltr'><strong>spiritum</strong></span> <span class='ocrx_word' id='word_1_349' title='bbox 1033 2239 1439 2308; x_wconf 80' lang='lat' dir='ltr'><strong>Calvinisticum</strong></span> <span class='ocrx_word' id='word_1_350' title='bbox 1469 2253 1587 2292; x_wconf 90' lang='lat' dir='ltr'><strong>esse</strong></span> <span class='ocrx_word' id='word_1_351' title='bbox 1625 2239 1874 2305; x_wconf 79' lang='lat' dir='ltr'><strong>Spiritum</strong></span> 
     </span>
    </p>
   </div>
   <div class='ocr_carea' id='block_1_48' title="bbox 314 2307 1874 2377">
    <p class='ocr_par' dir='ltr' id='par_1_48' title="bbox 314 2307 1874 2377">
     <span class='ocr_line' id='line_1_48' title="bbox 314 2307 1874 2377; baseline 0.001 -18"><span class='ocrx_word' id='word_1_352' title='bbox 314 2309 692 2377; x_wconf 82' lang='lat' dir='ltr'><strong>tenebrarum;</strong></span> <span class='ocrx_word' id='word_1_353' title='bbox 717 2316 767 2360; x_wconf 91' lang='lat' dir='ltr'><strong>et</strong></span> <span class='ocrx_word' id='word_1_354' title='bbox 796 2307 1054 2361; x_wconf 86' lang='lat' dir='ltr'><strong>Satanam</strong></span> <span class='ocrx_word' id='word_1_355' title='bbox 1080 2324 1175 2377; x_wconf 86' lang='lat' dir='ltr'><strong>pcr</strong></span> <span class='ocrx_word' id='word_1_356' title='bbox 1203 2307 1531 2377; x_wconf 75' lang='lat' dir='ltr'><strong>Calviuistas</strong></span> <span class='ocrx_word' id='word_1_357' title='bbox 1555 2322 1874 2377; x_wconf 89' lang='lat' dir='ltr'><strong>organa_sua</strong></span> 
     </span>
    </p>
   </div>
   <div class='ocr_carea' id='block_1_49' title="bbox 313 2375 1878 2445">
    <p class='ocr_par' dir='ltr' id='par_1_49' title="bbox 313 2375 1878 2445">
     <span class='ocr_line' id='line_1_49' title="bbox 313 2375 1878 2445; baseline -0.001 -16"><span class='ocrx_word' id='word_1_358' title='bbox 313 2376 481 2442; x_wconf 82' lang='lat' dir='ltr'><strong>loqui.</strong></span> <span class='ocrx_word' id='word_1_359' title='bbox 521 2394 539 2426; x_wconf 83' lang='grc' dir='ltr'><strong>ι</strong></span> <span class='ocrx_word' id='word_1_360' title='bbox 571 2376 808 2431; x_wconf 82' lang='lat' dir='ltr'><strong>Joannes</strong></span> <span class='ocrx_word' id='word_1_361' title='bbox 830 2377 1032 2431; x_wconf 81' lang='lat' dir='ltr'><strong>Schutz</strong></span> <span class='ocrx_word' id='word_1_362' title='bbox 1078 2375 1395 2445; x_wconf 67' lang='lat' dir='ltr'><strong>prmfatione</strong></span> <span class='ocrx_word' id='word_1_363' title='bbox 1429 2377 1480 2429; x_wconf 90' lang='lat' dir='ltr'><strong>in</strong></span> <span class='ocrx_word' id='word_1_364' title='bbox 1514 2375 1640 2430; x_wconf 85' lang='lat' dir='ltr'><strong>libr.</strong></span> <span class='ocrx_word' id='word_1_365' title='bbox 1663 2394 1693 2431; x_wconf 76' lang='grc' dir='ltr'><strong>ι.</strong></span> <span class='ocrx_word' id='word_1_366' title='bbox 1732 2375 1878 2430; x_wconf 85' lang='lat' dir='ltr'><strong>Cau-</strong></span> 
     </span>
    </p>
   </div>
   <div class='ocr_carea' id='block_1_50' title="bbox 312 2446 1875 2511">
    <p class='ocr_par' dir='ltr' id='par_1_50' title="bbox 312 2446 1875 2511">
     <span class='ocr_line' id='line_1_50' title="bbox 312 2446 1875 2511; baseline 0.001 -15"><span class='ocrx_word' id='word_1_367' title='bbox 312 2462 492 2502; x_wconf 70' lang='lat' dir='ltr'><strong>sarum</strong></span> <span class='ocrx_word' id='word_1_368' title='bbox 520 2455 837 2499; x_wconf 82' lang='lat' dir='ltr'><strong>constanter</strong></span> <span class='ocrx_word' id='word_1_369' title='bbox 868 2446 1130 2508; x_wconf 87' lang='lat' dir='ltr'><strong>aflirmat,</strong></span> <span class='ocrx_word' id='word_1_370' title='bbox 1178 2463 1195 2495; x_wconf 78' lang='grc' dir='ltr'><strong>ι</strong></span> <span class='ocrx_word' id='word_1_371' title='bbox 1228 2446 1792 2499; x_wconf 83' lang='lat' dir='ltr'><strong>sacranteutarisuuttn</strong></span> <span class='ocrx_word' id='word_1_372' title='bbox 1830 2464 1875 2511; x_wconf 79' lang='grc' dir='ltr'><strong>ι,</strong></span> 
     </span>
    </p>
   </div>
   <div class='ocr_carea' id='block_1_51' title="bbox 316 2514 1878 2583">
    <p class='ocr_par' dir='ltr' id='par_1_51' title="bbox 316 2514 1878 2583">
     <span class='ocr_line' id='line_1_51' title="bbox 316 2514 1878 2583; baseline 0 -16"><span class='ocrx_word' id='word_1_373' title='bbox 316 2515 365 2567; x_wconf 91' lang='lat' dir='ltr'><strong>in</strong></span> <span class='ocrx_word' id='word_1_374' title='bbox 397 2514 728 2568; x_wconf 90' lang='lat' dir='ltr'><strong>Calvinianis</strong></span> <span class='ocrx_word' id='word_1_375' title='bbox 757 2531 897 2569; x_wconf 92' lang='lat' dir='ltr'><strong>nunc</strong></span> <span class='ocrx_word' id='word_1_376' title='bbox 920 2516 1264 2583; x_wconf 90' lang='lat' dir='ltr'><strong>potissimum</strong></span> <span class='ocrx_word' id='word_1_377' title='bbox 1300 2524 1607 2582; x_wconf 86' lang='lat' dir='ltr'><strong>urgentem,</strong></span> <span class='ocrx_word' id='word_1_378' title='bbox 1647 2532 1664 2565; x_wconf 74' lang='grc' dir='ltr'><strong><em>ο</em></strong></span> <span class='ocrx_word' id='word_1_379' title='bbox 1694 2530 1878 2568; x_wconf 85' lang='lat' dir='ltr'><strong>cama-</strong></span> 
     </span>
    </p>
   </div>
   <div class='ocr_carea' id='block_1_52' title="bbox 316 2583 1880 2650">
    <p class='ocr_par' dir='ltr' id='par_1_52' title="bbox 316 2583 1880 2650">
     <span class='ocr_line' id='line_1_52' title="bbox 316 2583 1880 2650; baseline 0 -14"><span class='ocrx_word' id='word_1_380' title='bbox 316 2584 490 2636; x_wconf 86' lang='lat' dir='ltr'><strong>rinam</strong></span> <span class='ocrx_word' id='word_1_381' title='bbox 519 2598 661 2645; x_wconf 85' lang='lat' dir='ltr'><strong>esse,</strong></span> <span class='ocrx_word' id='word_1_382' title='bbox 692 2584 742 2636; x_wconf 92' lang='lat' dir='ltr'><strong>in</strong></span> <span class='ocrx_word' id='word_1_383' title='bbox 771 2599 930 2650; x_wconf 91' lang='lat' dir='ltr'><strong>quam</strong></span> <span class='ocrx_word' id='word_1_384' title='bbox 954 2587 1133 2637; x_wconf 77' lang='lat' dir='ltr'><strong>mutue</strong></span> <span class='ocrx_word' id='word_1_385' title='bbox 1160 2585 1393 2637; x_wconf 56' lang='lat' dir='ltr'><strong>hatreses</strong></span> <span class='ocrx_word' id='word_1_386' title='bbox 1422 2583 1717 2645; x_wconf 87' lang='lat' dir='ltr'><strong>confluunt,</strong></span> <span class='ocrx_word' id='word_1_387' title='bbox 1751 2586 1880 2637; x_wconf 88' lang='lat' dir='ltr'><strong>ulti-</strong></span> 
     </span>
    </p>
   </div>
   <div class='ocr_carea' id='block_1_53' title="bbox 316 2653 1877 2721">
    <p class='ocr_par' dir='ltr' id='par_1_53' title="bbox 316 2653 1877 2721">
     <span class='ocr_line' id='line_1_53' title="bbox 316 2653 1877 2721; baseline 0.001 -17"><span class='ocrx_word' id='word_1_388' title='bbox 316 2668 569 2717; x_wconf 90' lang='lat' dir='ltr'><strong>mamque</strong></span> <span class='ocrx_word' id='word_1_389' title='bbox 591 2653 811 2706; x_wconf 73' lang='lat' dir='ltr'><strong>Satana:</strong></span> <span class='ocrx_word' id='word_1_390' title='bbox 836 2655 995 2715; x_wconf 87' lang='lat' dir='ltr'><strong>iram,</strong></span> <span class='ocrx_word' id='word_1_391' title='bbox 1024 2670 1184 2719; x_wconf 89' lang='lat' dir='ltr'><strong>quam</strong></span> <span class='ocrx_word' id='word_1_392' title='bbox 1226 2654 1379 2705; x_wconf 89' lang='lat' dir='ltr'><strong>furiis</strong></span> <span class='ocrx_word' id='word_1_393' title='bbox 1401 2655 1659 2721; x_wconf 86' lang='lat' dir='ltr'><strong>agitatus,</strong></span> <span class='ocrx_word' id='word_1_394' title='bbox 1689 2664 1877 2707; x_wconf 84' lang='lat' dir='ltr'><strong>contra</strong></span> 
     </span>
    </p>
   </div>
   <div class='ocr_carea' id='block_1_54' title="bbox 314 2721 1879 2791">
    <p class='ocr_par' dir='ltr' id='par_1_54' title="bbox 314 2721 1879 2791">
     <span class='ocr_line' id='line_1_54' title="bbox 314 2721 1879 2791; baseline -0.001 -15"><span class='ocrx_word' id='word_1_395' title='bbox 314 2723 588 2776; x_wconf 85' lang='lat' dir='ltr'><strong>Christum</strong></span> <span class='ocrx_word' id='word_1_396' title='bbox 610 2722 833 2791; x_wconf 80' lang='lat' dir='ltr'><strong>ejusque</strong></span> <span class='ocrx_word' id='word_1_397' title='bbox 860 2721 1157 2776; x_wconf 78' lang='lat' dir='ltr'><strong>Ecclesiatn</strong></span> <span class='ocrx_word' id='word_1_398' title='bbox 1198 2731 1434 2791; x_wconf 64' lang='lat' dir='ltr'><strong>exercet.</strong></span> <span class='ocrx_word' id='word_1_399' title='bbox 1471 2740 1490 2772; x_wconf 82' lang='grc' dir='ltr'><strong>ι</strong></span> <span class='ocrx_word' id='word_1_400' title='bbox 1551 2721 1721 2791; x_wconf 85' lang='lat' dir='ltr'><strong>Nimis</strong></span> <span class='ocrx_word' id='word_1_401' title='bbox 1751 2738 1879 2791; x_wconf 83' lang='lat' dir='ltr'><strong>pro-</strong></span> 
     </span>
    </p>
   </div>
   <div class='ocr_carea' id='block_1_55' title="bbox 316 2790 1877 2857">
    <p class='ocr_par' dir='ltr' id='par_1_55' title="bbox 316 2790 1877 2857">
     <span class='ocr_line' id='line_1_55' title="bbox 316 2790 1877 2857; baseline -0.001 -12"><span class='ocrx_word' id='word_1_402' title='bbox 316 2791 482 2845; x_wconf 79' lang='lat' dir='ltr'><strong>lixum</strong></span> <span class='ocrx_word' id='word_1_403' title='bbox 511 2801 566 2844; x_wconf 88' lang='lat' dir='ltr'><strong>et</strong></span> <span class='ocrx_word' id='word_1_404' title='bbox 601 2790 741 2843; x_wconf 87' lang='lat' dir='ltr'><strong>forte</strong></span> <span class='ocrx_word' id='word_1_405' title='bbox 775 2792 1054 2845; x_wconf 65' lang='lat' dir='ltr'><strong>taediosum</strong></span> <span class='ocrx_word' id='word_1_406' title='bbox 1086 2803 1230 2845; x_wconf 77' lang='lat' dir='ltr'><strong>esset</strong></span> <span class='ocrx_word' id='word_1_407' title='bbox 1259 2790 1578 2857; x_wconf 79' lang='lat' dir='ltr'><strong>Westphali,</strong></span> <span class='ocrx_word' id='word_1_408' title='bbox 1605 2790 1877 2857; x_wconf 84' lang='lat' dir='ltr'><strong>Heshttsii,</strong></span> 
     </span>
    </p>
   </div>
   <div class='ocr_carea' id='block_1_56' title="bbox 314 2859 1877 2928">
    <p class='ocr_par' dir='ltr' id='par_1_56' title="bbox 314 2859 1877 2928">
     <span class='ocr_line' id='line_1_56' title="bbox 314 2859 1877 2928; baseline 0 -15"><span class='ocrx_word' id='word_1_409' title='bbox 314 2860 602 2914; x_wconf 77' lang='lat' dir='ltr'><strong>(:hemuitii</strong></span> <span class='ocrx_word' id='word_1_410' title='bbox 627 2898 641 2923; x_wconf 91' lang='lat'><strong>,</strong></span> <span class='ocrx_word' id='word_1_411' title='bbox 692 2859 903 2913; x_wconf 80' lang='lat' dir='ltr'><strong>Morliui</strong></span> <span class='ocrx_word' id='word_1_412' title='bbox 935 2902 948 2923; x_wconf 93' lang='lat'><strong>,</strong></span> <span class='ocrx_word' id='word_1_413' title='bbox 980 2860 1232 2928; x_wconf 78' lang='lat' dir='ltr'><strong>Wigaudi</strong></span> <span class='ocrx_word' id='word_1_414' title='bbox 1258 2901 1272 2923; x_wconf 92' lang='lat'><strong>,</strong></span> <span class='ocrx_word' id='word_1_415' title='bbox 1321 2860 1554 2927; x_wconf 58' lang='grc' dir='ltr'><strong>(ἈιγιΓωὶ</strong></span> <span class='ocrx_word' id='word_1_416' title='bbox 1585 2900 1599 2922; x_wconf 84' lang='grc'>,</span> <span class='ocrx_word' id='word_1_417' title='bbox 1638 2860 1877 2925; x_wconf 79' lang='lat' dir='ltr'><strong>Corvini,</strong></span> 
     </span>
    </p>
   </div>
   <div class='ocr_carea' id='block_1_57' title="bbox 317 2929 1884 2997">
    <p class='ocr_par' dir='ltr' id='par_1_57' title="bbox 317 2929 1884 2997">
     <span class='ocr_line' id='line_1_57' title="bbox 317 2929 1884 2997; baseline 0.001 -15"><span class='ocrx_word' id='word_1_418' title='bbox 317 2929 576 2983; x_wconf 83' lang='lat' dir='ltr'><strong>Pucheuii</strong></span> <span class='ocrx_word' id='word_1_419' title='bbox 626 2940 680 2982; x_wconf 88' lang='lat' dir='ltr'><strong>et</strong></span> <span class='ocrx_word' id='word_1_420' title='bbox 720 2930 1046 2997; x_wconf 81' lang='lat' dir='ltr'><strong>reliquorum</strong></span> <span class='ocrx_word' id='word_1_421' title='bbox 1076 2929 1506 2983; x_wconf 87' lang='lat' dir='ltr'><strong>Lutheranorum</strong></span> <span class='ocrx_word' id='word_1_422' title='bbox 1540 2930 1884 2994; x_wconf 86' lang='lat' dir='ltr'><strong>superinten-</strong></span> 
     </span>
    </p>
   </div>
   <div class='ocr_carea' id='block_1_58' title="bbox 316 2996 1882 3064">
    <p class='ocr_par' dir='ltr' id='par_1_58' title="bbox 316 2996 1882 3064">
     <span class='ocr_line' id='line_1_58' title="bbox 316 2996 1882 3064; baseline -0.001 -11"><span class='ocrx_word' id='word_1_423' title='bbox 316 3000 553 3053; x_wconf 79' lang='lat' dir='ltr'><strong>dentium</strong></span> <span class='ocrx_word' id='word_1_424' title='bbox 584 3014 647 3051; x_wconf 89' lang='lat' dir='ltr'><strong>ac</strong></span> <span class='ocrx_word' id='word_1_425' title='bbox 676 2996 1042 3051; x_wconf 90' lang='lat' dir='ltr'><strong>ministrorum</strong></span> <span class='ocrx_word' id='word_1_426' title='bbox 1086 2999 1282 3052; x_wconf 84' lang='lat' dir='ltr'><strong>similia</strong></span> <span class='ocrx_word' id='word_1_427' title='bbox 1318 3000 1382 3050; x_wconf 89' lang='lat' dir='ltr'><strong>de</strong></span> <span class='ocrx_word' id='word_1_428' title='bbox 1427 2996 1762 3051; x_wconf 88' lang='lat' dir='ltr'><strong>Calvittianis</strong></span> <span class='ocrx_word' id='word_1_429' title='bbox 1789 2998 1882 3064; x_wconf 85' lang='lat' dir='ltr'><strong>ju-</strong></span> 
     </span>
    </p>
   </div>
   <div class='ocr_carea' id='block_1_59' title="bbox 317 3068 1882 3135">
    <p class='ocr_par' dir='ltr' id='par_1_59' title="bbox 317 3068 1882 3135">
     <span class='ocr_line' id='line_1_59' title="bbox 317 3068 1882 3135; baseline 0.002 -16"><span class='ocrx_word' id='word_1_430' title='bbox 317 3069 457 3121; x_wconf 89' lang='lat' dir='ltr'><strong>dicia</strong></span> <span class='ocrx_word' id='word_1_431' title='bbox 487 3068 722 3130; x_wconf 86' lang='lat' dir='ltr'><strong>referre,</strong></span> <span class='ocrx_word' id='word_1_432' title='bbox 772 3069 967 3135; x_wconf 80' lang='lat' dir='ltr'><strong>quibus</strong></span> <span class='ocrx_word' id='word_1_433' title='bbox 1013 3084 1119 3122; x_wconf 88' lang='lat' dir='ltr'><strong>ttuo</strong></span> <span class='ocrx_word' id='word_1_434' title='bbox 1155 3069 1297 3120; x_wconf 88' lang='lat' dir='ltr'><strong>velut</strong></span> <span class='ocrx_word' id='word_1_435' title='bbox 1331 3068 1513 3119; x_wconf 89' lang='lat' dir='ltr'><strong>animo</strong></span> <span class='ocrx_word' id='word_1_436' title='bbox 1549 3068 1788 3119; x_wconf 88' lang='lat' dir='ltr'><strong>indicant</strong></span> <span class='ocrx_word' id='word_1_437' title='bbox 1827 3077 1882 3122; x_wconf 90' lang='lat' dir='ltr'><strong>et</strong></span> 
     </span>
    </p>
   </div>
   <div class='ocr_carea' id='block_1_60' title="bbox 316 3136 1951 3215">
    <p class='ocr_par' dir='ltr' id='par_1_60' title="bbox 316 3136 1951 3215">
     <span class='ocr_line' id='line_1_60' title="bbox 316 3136 1951 3215; baseline 0 -25"><span class='ocrx_word' id='word_1_438' title='bbox 316 3139 808 3215; x_wconf 79' lang='lat' dir='ltr'><strong>ore_pr_onuutiant,_</strong></span> <span class='ocrx_word' id='word_1_439' title='bbox 836 3138 1081 3215; x_wconf 41' lang='lat' dir='ltr'><strong>illos‘pro</strong></span> <span class='ocrx_word' id='word_1_440' title='bbox 1117 3151 1267 3215; x_wconf 82' lang='lat' dir='ltr'><strong>et-rto</strong></span> <span class='ocrx_word' id='word_1_441' title='bbox 1297 3136 1490 3215; x_wconf 70' lang='lat' dir='ltr'><strong>spiritu</strong></span> <span class='ocrx_word' id='word_1_442' title='bbox 1520 3136 1798 3214; x_wconf 73' lang='lat' dir='ltr'><strong>vertiginis</strong></span> <span class='ocrx_word' id='word_1_443' title='bbox 1828 3146 1882 3190; x_wconf 91' lang='lat' dir='ltr'><strong>et</strong></span> <span class='ocrx_word' id='word_1_444' title='bbox 1911 3159 1951 3215; x_wconf 69' lang='grc' dir='ltr'>ο</span> 
     </span>
    </p>
   </div>
   <div class='ocr_carea' id='block_1_61' title="bbox 317 3206 1880 3273">
    <p class='ocr_par' dir='ltr' id='par_1_61' title="bbox 317 3206 1880 3273">
     <span class='ocr_line' id='line_1_61' title="bbox 317 3206 1880 3273; baseline 0.002 -17"><span class='ocrx_word' id='word_1_445' title='bbox 317 3206 588 3259; x_wconf 87' lang='lat' dir='ltr'><strong>diabolico</strong></span> <span class='ocrx_word' id='word_1_446' title='bbox 617 3208 839 3273; x_wconf 83' lang='lat' dir='ltr'><strong>agitari,</strong></span> <span class='ocrx_word' id='word_1_447' title='bbox 872 3207 1216 3259; x_wconf 88' lang='lat' dir='ltr'><strong>utChristum</strong></span> <span class='ocrx_word' id='word_1_448' title='bbox 1248 3208 1297 3259; x_wconf 93' lang='lat' dir='ltr'><strong>iu</strong></span> <span class='ocrx_word' id='word_1_449' title='bbox 1326 3206 1656 3257; x_wconf 87' lang='lat' dir='ltr'><strong>eucharistia</strong></span> <span class='ocrx_word' id='word_1_450' title='bbox 1696 3221 1880 3259; x_wconf 82' lang='lat' dir='ltr'><strong>revera</strong></span> 
     </span>
    </p>
   </div>
   <div class='ocr_carea' id='block_1_62' title="bbox 317 3274 1882 3344">
    <p class='ocr_par' dir='ltr' id='par_1_62' title="bbox 317 3274 1882 3344">
     <span class='ocr_line' id='line_1_62' title="bbox 317 3274 1882 3344; baseline -0.001 -16"><span class='ocrx_word' id='word_1_451' title='bbox 317 3275 572 3328; x_wconf 55' lang='lat' dir='ltr'><strong>Ecclesiae</strong></span> <span class='ocrx_word' id='word_1_452' title='bbox 598 3292 708 3328; x_wconf 76' lang='lat' dir='ltr'><strong>sua:</strong></span> <span class='ocrx_word' id='word_1_453' title='bbox 752 3286 1069 3344; x_wconf 68' lang='lat' dir='ltr'><strong>pra-sentem</strong></span> <span class='ocrx_word' id='word_1_454' title='bbox 1091 3313 1107 3338; x_wconf 96' lang='lat'><strong>,</strong></span> <span class='ocrx_word' id='word_1_455' title='bbox 1152 3276 1295 3327; x_wconf 84' lang='lat' dir='ltr'><strong>velut</strong></span> <span class='ocrx_word' id='word_1_456' title='bbox 1325 3276 1392 3328; x_wconf 87' lang='lat' dir='ltr'><strong>de</strong></span> <span class='ocrx_word' id='word_1_457' title='bbox 1417 3274 1554 3326; x_wconf 82' lang='lat' dir='ltr'><strong>solio</strong></span> <span class='ocrx_word' id='word_1_458' title='bbox 1582 3289 1678 3326; x_wconf 84' lang='lat' dir='ltr'><strong>suo</strong></span> <span class='ocrx_word' id='word_1_459' title='bbox 1706 3275 1882 3328; x_wconf 86' lang='lat' dir='ltr'><strong>detur-</strong></span> 
     </span>
    </p>
   </div>
   <div class='ocr_carea' id='block_1_63' title="bbox 316 3344 1885 3414">
    <p class='ocr_par' dir='ltr' id='par_1_63' title="bbox 316 3344 1885 3414">
     <span class='ocr_line' id='line_1_63' title="bbox 316 3344 1885 3414; baseline -0.001 -17"><span class='ocrx_word' id='word_1_460' title='bbox 316 3345 449 3401; x_wconf 80' lang='lat' dir='ltr'><strong>beut</strong></span> <span class='ocrx_word' id='word_1_461' title='bbox 472 3358 534 3397; x_wconf 84' lang='lat' dir='ltr'><strong>ac</strong></span> <span class='ocrx_word' id='word_1_462' title='bbox 574 3346 916 3412; x_wconf 80' lang='lat' dir='ltr'><strong>propellant;</strong></span> <span class='ocrx_word' id='word_1_463' title='bbox 970 3344 1192 3414; x_wconf 84' lang='lat' dir='ltr'><strong>ipseque</strong></span> <span class='ocrx_word' id='word_1_464' title='bbox 1238 3345 1471 3397; x_wconf 81' lang='lat' dir='ltr'><strong>Satanas</strong></span> <span class='ocrx_word' id='word_1_465' title='bbox 1526 3344 1737 3414; x_wconf 86' lang='lat' dir='ltr'><strong>tandem</strong></span> <span class='ocrx_word' id='word_1_466' title='bbox 1792 3345 1885 3397; x_wconf 86' lang='lat' dir='ltr'><strong>ali-</strong></span> 
     </span>
    </p>
   </div>
   <div class='ocr_carea' id='block_1_64' title="bbox 318 3412 1887 3482">
    <p class='ocr_par' dir='ltr' id='par_1_64' title="bbox 318 3412 1887 3482">
     <span class='ocr_line' id='line_1_64' title="bbox 318 3412 1887 3482; baseline 0.001 -19"><span class='ocrx_word' id='word_1_467' title='bbox 318 3415 537 3480; x_wconf 80' lang='lat' dir='ltr'><strong>quando</strong></span> <span class='ocrx_word' id='word_1_468' title='bbox 573 3416 843 3482; x_wconf 85' lang='lat' dir='ltr'><strong>tyrannidi</strong></span> <span class='ocrx_word' id='word_1_469' title='bbox 868 3426 1000 3477; x_wconf 63' lang='lat' dir='ltr'><strong>suae,</strong></span> <span class='ocrx_word' id='word_1_470' title='bbox 1025 3412 1186 3482; x_wconf 82' lang='lat' dir='ltr'><strong>opera</strong></span> <span class='ocrx_word' id='word_1_471' title='bbox 1228 3428 1418 3466; x_wconf 90' lang='lat' dir='ltr'><strong>eorum</strong></span> <span class='ocrx_word' id='word_1_472' title='bbox 1463 3412 1765 3482; x_wconf 87' lang='lat' dir='ltr'><strong>restitutus,</strong></span> <span class='ocrx_word' id='word_1_473' title='bbox 1802 3429 1887 3465; x_wconf 87' lang='lat' dir='ltr'><strong>re-</strong></span> 
     </span>
    </p>
   </div>
   <div class='ocr_carea' id='block_1_65' title="bbox 319 3480 1883 3549">
    <p class='ocr_par' dir='ltr' id='par_1_65' title="bbox 319 3480 1883 3549">
     <span class='ocr_line' id='line_1_65' title="bbox 319 3480 1883 3549; baseline -0.003 -13"><span class='ocrx_word' id='word_1_474' title='bbox 319 3498 438 3538; x_wconf 89' lang='lat' dir='ltr'><strong>rum</strong></span> <span class='ocrx_word' id='word_1_475' title='bbox 490 3480 746 3549; x_wconf 84' lang='lat' dir='ltr'><strong>potiatur.</strong></span> <span class='ocrx_word' id='word_1_476' title='bbox 820 3483 882 3534; x_wconf 81' lang='lat' dir='ltr'><strong>Et</strong></span> <span class='ocrx_word' id='word_1_477' title='bbox 924 3483 989 3534; x_wconf 93' lang='lat' dir='ltr'><strong>de</strong></span> <span class='ocrx_word' id='word_1_478' title='bbox 1044 3480 1127 3536; x_wconf 78' lang='lat' dir='ltr'><strong>liis</strong></span> <span class='ocrx_word' id='word_1_479' title='bbox 1170 3486 1445 3535; x_wconf 81' lang='lat' dir='ltr'><strong>hactenus.</strong></span> <span class='ocrx_word' id='word_1_480' title='bbox 1495 3480 1573 3533; x_wconf 90' lang='lat' dir='ltr'><strong>Ad</strong></span> <span class='ocrx_word' id='word_1_481' title='bbox 1625 3481 1883 3535; x_wconf 76' lang='lat' dir='ltr'><strong>Iretueum</strong></span> 
     </span>
    </p>
   </div>
   <div class='ocr_carea' id='block_1_66' title="bbox 318 3550 1885 3619">
    <p class='ocr_par' dir='ltr' id='par_1_66' title="bbox 318 3550 1885 3619">
     <span class='ocr_line' id='line_1_66' title="bbox 318 3550 1885 3619; baseline 0.001 -14"><span class='ocrx_word' id='word_1_482' title='bbox 318 3565 476 3614; x_wconf 86' lang='lat' dir='ltr'><strong>vere,</strong></span> <span class='ocrx_word' id='word_1_483' title='bbox 526 3553 631 3619; x_wconf 87' lang='lat' dir='ltr'><strong>pie.</strong></span> <span class='ocrx_word' id='word_1_484' title='bbox 666 3562 720 3604; x_wconf 92' lang='lat' dir='ltr'><strong>et</strong></span> <span class='ocrx_word' id='word_1_485' title='bbox 750 3564 850 3619; x_wconf 90' lang='lat' dir='ltr'><strong>apo</strong></span> <span class='ocrx_word' id='word_1_486' title='bbox 870 3550 1046 3606; x_wconf 26' lang='lat' dir='ltr'><strong>.tolice</strong></span> <span class='ocrx_word' id='word_1_487' title='bbox 1077 3552 1143 3605; x_wconf 85' lang='lat' dir='ltr'><strong>de</strong></span> <span class='ocrx_word' id='word_1_488' title='bbox 1172 3552 1514 3605; x_wconf 70' lang='lat' dir='ltr'><strong>eucharistia:</strong></span> <span class='ocrx_word' id='word_1_489' title='bbox 1542 3562 1885 3606; x_wconf 84' lang='lat' dir='ltr'><strong>sacramento</strong></span> 
     </span>
    </p>
   </div>
   <div class='ocr_carea' id='block_1_67' title="bbox 319 3622 1442 3675">
    <p class='ocr_par' dir='ltr' id='par_1_67' title="bbox 319 3622 1442 3675">
     <span class='ocr_line' id='line_1_67' title="bbox 319 3622 1442 3675; baseline -0.002 -1"><span class='ocrx_word' id='word_1_490' title='bbox 319 3631 372 3674; x_wconf 89' lang='lat' dir='ltr'><strong>et</strong></span> <span class='ocrx_word' id='word_1_491' title='bbox 399 3624 671 3674; x_wconf 88' lang='lat' dir='ltr'><strong>sacrilicio</strong></span> <span class='ocrx_word' id='word_1_492' title='bbox 697 3622 1049 3673; x_wconf 74' lang='lat' dir='ltr'><strong>disserentem</strong></span> <span class='ocrx_word' id='word_1_493' title='bbox 1089 3632 1442 3675; x_wconf 85' lang='lat' dir='ltr'><strong>revertamur.</strong></span> 
     </span>
    </p>
   </div>
   <div class='ocr_carea' id='block_1_68' title="bbox 393 3690 1889 3760">
    <p class='ocr_par' dir='ltr' id='par_1_68' title="bbox 393 3690 1889 3760">
     <span class='ocr_line' id='line_1_68' title="bbox 393 3690 1889 3760; baseline 0.001 -17"><span class='ocrx_word' id='word_1_494' title='bbox 393 3690 513 3743; x_wconf 80' lang='lat' dir='ltr'><strong>Non</strong></span> <span class='ocrx_word' id='word_1_495' title='bbox 542 3691 693 3758; x_wconf 81' lang='lat' dir='ltr'><strong>quasi</strong></span> <span class='ocrx_word' id='word_1_496' title='bbox 734 3690 1004 3760; x_wconf 74' lang='lat' dir='ltr'><strong>indigenti.</strong></span> <span class='ocrx_word' id='word_1_497' title='bbox 1034 3690 1193 3756; x_wconf 67' lang='lat' dir='ltr'><strong>‘Quia</strong></span> <span class='ocrx_word' id='word_1_498' title='bbox 1245 3692 1441 3757; x_wconf 85' lang='lat' dir='ltr'><strong>partim</strong></span> <span class='ocrx_word' id='word_1_499' title='bbox 1481 3703 1602 3742; x_wconf 88' lang='lat' dir='ltr'><strong>cum</strong></span> <span class='ocrx_word' id='word_1_500' title='bbox 1638 3691 1889 3745; x_wconf 81' lang='lat' dir='ltr'><strong>audacis-</strong></span> 
     </span>
    </p>
   </div>
   <div class='ocr_carea' id='block_1_69' title="bbox 320 3759 1889 3827">
    <p class='ocr_par' dir='ltr' id='par_1_69' title="bbox 320 3759 1889 3827">
     <span class='ocr_line' id='line_1_69' title="bbox 320 3759 1889 3827; baseline 0.002 -16"><span class='ocrx_word' id='word_1_501' title='bbox 320 3759 478 3817; x_wconf 80' lang='lat' dir='ltr'><strong>simis</strong></span> <span class='ocrx_word' id='word_1_502' title='bbox 509 3760 780 3826; x_wconf 80' lang='lat' dir='ltr'><strong>simulque</strong></span> <span class='ocrx_word' id='word_1_503' title='bbox 808 3759 1178 3813; x_wconf 86' lang='lat' dir='ltr'><strong>callidissintis</strong></span> <span class='ocrx_word' id='word_1_504' title='bbox 1227 3760 1520 3823; x_wconf 66' lang='lat' dir='ltr'><strong>haereticis,</strong></span> <span class='ocrx_word' id='word_1_505' title='bbox 1569 3760 1659 3827; x_wconf 85' lang='lat' dir='ltr'><strong>qui</strong></span> <span class='ocrx_word' id='word_1_506' title='bbox 1695 3762 1889 3814; x_wconf 85' lang='lat' dir='ltr'><strong>rectis-</strong></span> 
     </span>
    </p>
   </div>
   <div class='ocr_carea' id='block_1_70' title="bbox 320 3829 1884 3907">
    <p class='ocr_par' dir='ltr' id='par_1_70' title="bbox 320 3829 1884 3907">
     <span class='ocr_line' id='line_1_70' title="bbox 320 3829 1884 3907; baseline 0.001 -27"><span class='ocrx_word' id='word_1_507' title='bbox 320 3831 456 3907; x_wconf 72' lang='lat' dir='ltr'><strong>sima</strong></span> <span class='ocrx_word' id='word_1_508' title='bbox 506 3844 735 3896; x_wconf 63' lang='lat' dir='ltr'><strong>quicque</strong></span> <span class='ocrx_word' id='word_1_509' title='bbox 775 3829 839 3880; x_wconf 91' lang='lat' dir='ltr'><strong>ad</strong></span> <span class='ocrx_word' id='word_1_510' title='bbox 892 3829 1052 3907; x_wconf 76' lang='lat' dir='ltr'><strong>impia</strong></span> <span class='ocrx_word' id='word_1_511' title='bbox 1083 3829 1489 3907; x_wconf 43' lang='lat' dir='ltr'><strong>ligutentasua‘</strong></span> <span class='ocrx_word' id='word_1_512' title='bbox 1519 3833 1884 3907; x_wconf 53' lang='lat' dir='ltr'><strong>torquebant,</strong></span> 
     </span>
    </p>
   </div>
   <div class='ocr_carea' id='block_1_71' title="bbox 320 3896 1888 3971">
    <p class='ocr_par' dir='ltr' id='par_1_71' title="bbox 320 3896 1888 3971">
     <span class='ocr_line' id='line_1_71' title="bbox 320 3896 1888 3971; baseline 0.001 -20"><span class='ocrx_word' id='word_1_513' title='bbox 320 3901 517 3971; x_wconf 77' lang='lat' dir='ltr'><strong>partim</strong></span> <span class='ocrx_word' id='word_1_514' title='bbox 542 3914 669 3971; x_wconf 84' lang='lat' dir='ltr'><strong>vero</strong></span> <span class='ocrx_word' id='word_1_515' title='bbox 702 3915 822 3971; x_wconf 81' lang='lat' dir='ltr'><strong>cum</strong></span> <span class='ocrx_word' id='word_1_516' title='bbox 860 3896 1285 3971; x_wconf 33' lang='lat' dir='ltr'><strong>sintplicissitni‘s</strong></span> <span class='ocrx_word' id='word_1_517' title='bbox 1316 3906 1371 3971; x_wconf 77' lang='lat' dir='ltr'><strong>et</strong></span> <span class='ocrx_word' id='word_1_518' title='bbox 1404 3897 1580 3951; x_wconf 89' lang='lat' dir='ltr'><strong>adhuc</strong></span> <span class='ocrx_word' id='word_1_519' title='bbox 1604 3899 1888 3971; x_wconf 75' lang='lat' dir='ltr'><strong>ueOphytis</strong></span> 
     </span>
    </p>
   </div>
   <div class='ocr_carea' id='block_1_72' title="bbox 319 3965 1885 4035">
    <p class='ocr_par' dir='ltr' id='par_1_72' title="bbox 319 3965 1885 4035">
     <span class='ocr_line' id='line_1_72' title="bbox 319 3965 1885 4035; baseline -0.001 -15"><span class='ocrx_word' id='word_1_520' title='bbox 319 3965 671 4029; x_wconf 74' lang='lat' dir='ltr'><strong>Christianis,</strong></span> <span class='ocrx_word' id='word_1_521' title='bbox 698 3968 894 4035; x_wconf 89' lang='lat' dir='ltr'><strong>quibus</strong></span> <span class='ocrx_word' id='word_1_522' title='bbox 931 3966 1209 4034; x_wconf 85' lang='lat' dir='ltr'><strong>imponere</strong></span> <span class='ocrx_word' id='word_1_523' title='bbox 1242 3965 1405 4019; x_wconf 80' lang='lat' dir='ltr'><strong>facile</strong></span> <span class='ocrx_word' id='word_1_524' title='bbox 1436 3976 1573 4028; x_wconf 90' lang='lat' dir='ltr'><strong>erat,</strong></span> <span class='ocrx_word' id='word_1_525' title='bbox 1613 3965 1885 4035; x_wconf 61' lang='lat' dir='ltr'><strong>negotium</strong></span> 
     </span>
    </p>
   </div>
   <div class='ocr_carea' id='block_1_73' title="bbox 323 4035 1889 4103">
    <p class='ocr_par' dir='ltr' id='par_1_73' title="bbox 323 4035 1889 4103">
     <span class='ocr_line' id='line_1_73' title="bbox 323 4035 1889 4103; baseline 0.001 -16"><span class='ocrx_word' id='word_1_526' title='bbox 323 4039 555 4088; x_wconf 86' lang='lat' dir='ltr'><strong>habebat</strong></span> <span class='ocrx_word' id='word_1_527' title='bbox 593 4039 864 4097; x_wconf 72' lang='lat' dir='ltr'><strong>Irenaeus;</strong></span> <span class='ocrx_word' id='word_1_528' title='bbox 903 4037 988 4089; x_wconf 91' lang='lat' dir='ltr'><strong>hic</strong></span> <span class='ocrx_word' id='word_1_529' title='bbox 1021 4045 1075 4087; x_wconf 91' lang='lat' dir='ltr'><strong>et</strong></span> <span class='ocrx_word' id='word_1_530' title='bbox 1109 4038 1159 4086; x_wconf 95' lang='lat' dir='ltr'><strong>in</strong></span> <span class='ocrx_word' id='word_1_531' title='bbox 1194 4036 1544 4101; x_wconf 83' lang='lat' dir='ltr'><strong>sequentibus</strong></span> <span class='ocrx_word' id='word_1_532' title='bbox 1581 4035 1889 4103; x_wconf 85' lang='lat' dir='ltr'><strong>frequenter</strong></span> 
     </span>
    </p>
   </div>
   <div class='ocr_carea' id='block_1_74' title="bbox 322 4105 1709 4173">
    <p class='ocr_par' dir='ltr' id='par_1_74' title="bbox 322 4105 1709 4173">
     <span class='ocr_line' id='line_1_74' title="bbox 322 4105 1709 4173; baseline -0.002 -13"><span class='ocrx_word' id='word_1_533' title='bbox 322 4107 578 4169; x_wconf 86' lang='lat' dir='ltr'><strong>inculcat,</strong></span> <span class='ocrx_word' id='word_1_534' title='bbox 620 4108 782 4159; x_wconf 87' lang='lat' dir='ltr'><strong>Deum</strong></span> <span class='ocrx_word' id='word_1_535' title='bbox 820 4105 980 4157; x_wconf 83' lang='lat' dir='ltr'><strong>nullis</strong></span> <span class='ocrx_word' id='word_1_536' title='bbox 1019 4107 1179 4157; x_wconf 86' lang='lat' dir='ltr'><strong>rebus</strong></span> <span class='ocrx_word' id='word_1_537' title='bbox 1215 4105 1492 4173; x_wconf 87' lang='lat' dir='ltr'><strong>hominum</strong></span> <span class='ocrx_word' id='word_1_538' title='bbox 1529 4120 1709 4173; x_wconf 81' lang='lat' dir='ltr'><strong>egere.</strong></span> 
     </span>
    </p>
   </div>
   <div class='ocr_carea' id='block_1_75' title="bbox 393 4172 1890 4244">
    <p class='ocr_par' dir='ltr' id='par_1_75' title="bbox 393 4172 1890 4244">
     <span class='ocr_line' id='line_1_75' title="bbox 393 4172 1890 4244; baseline -0.001 -14"><span class='ocrx_word' id='word_1_539' title='bbox 393 4173 495 4230; x_wconf 84' lang='lat' dir='ltr'><strong>Sed</strong></span> <span class='ocrx_word' id='word_1_540' title='bbox 529 4177 604 4227; x_wconf 80' lang='lat' dir='ltr'><strong>uti</strong></span> <span class='ocrx_word' id='word_1_541' title='bbox 647 4191 809 4244; x_wconf 81' lang='lat' dir='ltr'><strong>neque</strong></span> <span class='ocrx_word' id='word_1_542' title='bbox 850 4176 1186 4244; x_wconf 75' lang='lat' dir='ltr'><strong>infructuosi.</strong></span> <span class='ocrx_word' id='word_1_543' title='bbox 1229 4172 1419 4227; x_wconf 81' lang='lat' dir='ltr'><strong>Varios</strong></span> <span class='ocrx_word' id='word_1_544' title='bbox 1456 4172 1890 4242; x_wconf 87' lang='lat' dir='ltr'><strong>multiplicesque</strong></span> 
     </span>
    </p>
   </div>
   <div class='ocr_carea' id='block_1_76' title="bbox 319 4244 1888 4311">
    <p class='ocr_par' dir='ltr' id='par_1_76' title="bbox 319 4244 1888 4311">
     <span class='ocr_line' id='line_1_76' title="bbox 319 4244 1888 4311; baseline -0.001 -13"><span class='ocrx_word' id='word_1_545' title='bbox 319 4245 532 4298; x_wconf 83' lang='lat' dir='ltr'><strong>fructus</strong></span> <span class='ocrx_word' id='word_1_546' title='bbox 567 4246 967 4298; x_wconf 85' lang='lat' dir='ltr'><strong>communionis</strong></span> <span class='ocrx_word' id='word_1_547' title='bbox 1001 4255 1054 4296; x_wconf 93' lang='lat' dir='ltr'><strong>et</strong></span> <span class='ocrx_word' id='word_1_548' title='bbox 1077 4244 1365 4296; x_wconf 81' lang='lat' dir='ltr'><strong>oblationis</strong></span> <span class='ocrx_word' id='word_1_549' title='bbox 1391 4247 1635 4311; x_wconf 85' lang='lat' dir='ltr'><strong>corporis</strong></span> <span class='ocrx_word' id='word_1_550' title='bbox 1660 4246 1888 4308; x_wconf 79' lang='lat' dir='ltr'><strong>Christi,</strong></span> 
     </span>
    </p>
   </div>
   <div class='ocr_carea' id='block_1_77' title="bbox 322 4314 1888 4383">
    <p class='ocr_par' dir='ltr' id='par_1_77' title="bbox 322 4314 1888 4383">
     <span class='ocr_line' id='line_1_77' title="bbox 322 4314 1888 4383; baseline 0.001 -19"><span class='ocrx_word' id='word_1_551' title='bbox 322 4315 510 4383; x_wconf 84' lang='lat' dir='ltr'><strong>paucis</strong></span> <span class='ocrx_word' id='word_1_552' title='bbox 576 4314 692 4368; x_wconf 83' lang='lat' dir='ltr'><strong>istis</strong></span> <span class='ocrx_word' id='word_1_553' title='bbox 756 4316 941 4367; x_wconf 86' lang='lat' dir='ltr'><strong>verbis</strong></span> <span class='ocrx_word' id='word_1_554' title='bbox 1004 4314 1467 4383; x_wconf 88' lang='lat' dir='ltr'><strong>comprehendit;</strong></span> <span class='ocrx_word' id='word_1_555' title='bbox 1525 4328 1662 4381; x_wconf 90' lang='lat' dir='ltr'><strong>quos</strong></span> <span class='ocrx_word' id='word_1_556' title='bbox 1727 4329 1888 4381; x_wconf 90' lang='lat' dir='ltr'><strong>aper-</strong></span> 
     </span>
    </p>
   </div>
   <div class='ocr_carea' id='block_1_78' title="bbox 325 4382 1887 4452">
    <p class='ocr_par' dir='ltr' id='par_1_78' title="bbox 325 4382 1887 4452">
     <span class='ocr_line' id='line_1_78' title="bbox 325 4382 1887 4452; baseline 0 -15"><span class='ocrx_word' id='word_1_557' title='bbox 325 4387 428 4437; x_wconf 85' lang='lat' dir='ltr'><strong>tius</strong></span> <span class='ocrx_word' id='word_1_558' title='bbox 493 4392 777 4439; x_wconf 88' lang='lat' dir='ltr'><strong>enumerat</strong></span> <span class='ocrx_word' id='word_1_559' title='bbox 837 4398 959 4452; x_wconf 86' lang='lat' dir='ltr'><strong>cap.</strong></span> <span class='ocrx_word' id='word_1_560' title='bbox 1014 4382 1082 4436; x_wconf 73' lang='grc'><strong>54</strong></span> <span class='ocrx_word' id='word_1_561' title='bbox 1154 4384 1313 4450; x_wconf 61' lang='grc' dir='ltr'><strong>ιιυιιιε</strong></span> <span class='ocrx_word' id='word_1_562' title='bbox 1393 4384 1555 4447; x_wconf 88' lang='lat' dir='ltr'><strong>libri,</strong></span> <span class='ocrx_word' id='word_1_563' title='bbox 1612 4394 1665 4437; x_wconf 88' lang='lat' dir='ltr'><strong>et</strong></span> <span class='ocrx_word' id='word_1_564' title='bbox 1728 4385 1887 4438; x_wconf 90' lang='lat' dir='ltr'><strong>initio</strong></span> 
     </span>
    </p>
   </div>
   <div class='ocr_carea' id='block_1_79' title="bbox 321 4454 519 4522">
    <p class='ocr_par' dir='ltr' id='par_1_79' title="bbox 321 4454 519 4522">
     <span class='ocr_line' id='line_1_79' title="bbox 321 4454 519 4522; baseline 0 -17"><span class='ocrx_word' id='word_1_565' title='bbox 321 4454 519 4522; x_wconf 79' lang='lat' dir='ltr'><strong>quinti.</strong></span> 
     </span>
    </p>
   </div>
   <div class='ocr_carea' id='block_1_80' title="bbox 393 4507 1966 4591">
    <p class='ocr_par' dir='ltr' id='par_1_80' title="bbox 393 4507 1966 4591">
     <span class='ocr_line' id='line_1_80' title="bbox 393 4507 1966 4591; baseline 0.002 -17"><span class='ocrx_word' id='word_1_566' title='bbox 393 4520 507 4575; x_wconf 85' lang='lat' dir='ltr'><strong>Nec</strong></span> <span class='ocrx_word' id='word_1_567' title='bbox 554 4522 769 4591; x_wconf 84' lang='lat' dir='ltr'><strong>ingrati.</strong></span> <span class='ocrx_word' id='word_1_568' title='bbox 805 4522 924 4575; x_wconf 87' lang='lat' dir='ltr'><strong>Alia</strong></span> <span class='ocrx_word' id='word_1_569' title='bbox 982 4522 1120 4576; x_wconf 88' lang='lat' dir='ltr'><strong>ratio</strong></span> <span class='ocrx_word' id='word_1_570' title='bbox 1167 4531 1250 4574; x_wconf 91' lang='lat' dir='ltr'><strong>est</strong></span> <span class='ocrx_word' id='word_1_571' title='bbox 1304 4521 1566 4575; x_wconf 78' lang='lat' dir='ltr'><strong>instituta:</strong></span> <span class='ocrx_word' id='word_1_572' title='bbox 1598 4522 1893 4577; x_wconf 90' lang='lat' dir='ltr'><strong>oblationis</strong></span> <span class='ocrx_word' id='word_1_573' title='bbox 1926 4507 1966 4559; x_wconf 68' lang='grc' dir='ltr'>θ</span> 
     </span>
    </p>
   </div>
   <div class='ocr_carea' id='block_1_81' title="bbox 320 4592 1890 4660">
    <p class='ocr_par' dir='ltr' id='par_1_81' title="bbox 320 4592 1890 4660">
     <span class='ocr_line' id='line_1_81' title="bbox 320 4592 1890 4660; baseline 0 -15"><span class='ocrx_word' id='word_1_574' title='bbox 320 4592 690 4655; x_wconf 84' lang='lat' dir='ltr'><strong>eucharistiae,</strong></span> <span class='ocrx_word' id='word_1_575' title='bbox 726 4594 1010 4655; x_wconf 90' lang='lat' dir='ltr'><strong>nimirum,</strong></span> <span class='ocrx_word' id='word_1_576' title='bbox 1049 4601 1107 4647; x_wconf 86' lang='grc' dir='ltr'><strong>ιιι</strong></span> <span class='ocrx_word' id='word_1_577' title='bbox 1141 4593 1345 4659; x_wconf 86' lang='lat' dir='ltr'><strong>gratias</strong></span> <span class='ocrx_word' id='word_1_578' title='bbox 1381 4607 1607 4660; x_wconf 84' lang='lat' dir='ltr'><strong>agamus</strong></span> <span class='ocrx_word' id='word_1_579' title='bbox 1641 4593 1890 4646; x_wconf 83' lang='lat' dir='ltr'><strong>domina—</strong></span> 
     </span>
    </p>
   </div>
   <div class='ocr_carea' id='block_1_82' title="bbox 322 4661 1891 4731">
    <p class='ocr_par' dir='ltr' id='par_1_82' title="bbox 322 4661 1891 4731">
     <span class='ocr_line' id='line_1_82' title="bbox 322 4661 1891 4731; baseline 0.001 -17"><span class='ocrx_word' id='word_1_580' title='bbox 322 4662 454 4714; x_wconf 89' lang='lat' dir='ltr'><strong>tioni</strong></span> <span class='ocrx_word' id='word_1_581' title='bbox 510 4661 627 4729; x_wconf 82' lang='lat' dir='ltr'><strong>ejus</strong></span> <span class='ocrx_word' id='word_1_582' title='bbox 652 4700 667 4724; x_wconf 89' lang='lat'><strong>,</strong></span> <span class='ocrx_word' id='word_1_583' title='bbox 723 4661 884 4714; x_wconf 92' lang='lat' dir='ltr'><strong>veluti</strong></span> <span class='ocrx_word' id='word_1_584' title='bbox 939 4662 1141 4714; x_wconf 78' lang='lat' dir='ltr'><strong>clarius</strong></span> <span class='ocrx_word' id='word_1_585' title='bbox 1176 4663 1516 4716; x_wconf 86' lang='lat' dir='ltr'><strong>demonstrat</strong></span> <span class='ocrx_word' id='word_1_586' title='bbox 1550 4676 1666 4731; x_wconf 88' lang='lat' dir='ltr'><strong>cap.</strong></span> <span class='ocrx_word' id='word_1_587' title='bbox 1702 4662 1793 4725; x_wconf 68' lang='grc'><strong>56,</strong></span> <span class='ocrx_word' id='word_1_588' title='bbox 1838 4671 1891 4715; x_wconf 87' lang='lat' dir='ltr'><strong>et</strong></span> 
     </span>
    </p>
   </div>
   <div class='ocr_carea' id='block_1_83' title="bbox 321 4732 1887 4796">
    <p class='ocr_par' dir='ltr' id='par_1_83' title="bbox 321 4732 1887 4796">
     <span class='ocr_line' id='line_1_83' title="bbox 321 4732 1887 4796; baseline -0.001 -11"><span class='ocrx_word' id='word_1_589' title='bbox 321 4733 603 4785; x_wconf 70' lang='lat' dir='ltr'><strong>discamus</strong></span> <span class='ocrx_word' id='word_1_590' title='bbox 640 4733 748 4785; x_wconf 86' lang='lat' dir='ltr'><strong>Deo</strong></span> <span class='ocrx_word' id='word_1_591' title='bbox 782 4732 1011 4785; x_wconf 76' lang='lat' dir='ltr'><strong>servire.</strong></span> <span class='ocrx_word' id='word_1_592' title='bbox 1036 4732 1163 4785; x_wconf 89' lang='lat' dir='ltr'><strong>lude</strong></span> <span class='ocrx_word' id='word_1_593' title='bbox 1197 4733 1437 4796; x_wconf 81' lang='lat' dir='ltr'><strong>graviter</strong></span> <span class='ocrx_word' id='word_1_594' title='bbox 1472 4742 1523 4785; x_wconf 91' lang='lat' dir='ltr'><strong>et</strong></span> <span class='ocrx_word' id='word_1_595' title='bbox 1556 4733 1765 4785; x_wconf 78' lang='lat' dir='ltr'><strong>erudite</strong></span> <span class='ocrx_word' id='word_1_596' title='bbox 1798 4735 1887 4784; x_wconf 84' lang='lat' dir='ltr'><strong>ad-</strong></span> 
     </span>
    </p>
   </div>
   <div class='ocr_carea' id='block_1_84' title="bbox 322 4801 1893 4871">
    <p class='ocr_par' dir='ltr' id='par_1_84' title="bbox 322 4801 1893 4871">
     <span class='ocr_line' id='line_1_84' title="bbox 322 4801 1893 4871; baseline -0.001 -18"><span class='ocrx_word' id='word_1_597' title='bbox 322 4801 551 4871; x_wconf 86' lang='lat' dir='ltr'><strong>modum</strong></span> <span class='ocrx_word' id='word_1_598' title='bbox 580 4802 737 4854; x_wconf 86' lang='lat' dir='ltr'><strong>docet</strong></span> <span class='ocrx_word' id='word_1_599' title='bbox 772 4802 1124 4868; x_wconf 85' lang='lat' dir='ltr'><strong>Augustinus,</strong></span> <span class='ocrx_word' id='word_1_600' title='bbox 1178 4802 1382 4853; x_wconf 89' lang='lat' dir='ltr'><strong>cultunt</strong></span> <span class='ocrx_word' id='word_1_601' title='bbox 1435 4802 1615 4865; x_wconf 91' lang='lat' dir='ltr'><strong>hunc,</strong></span> <span class='ocrx_word' id='word_1_602' title='bbox 1671 4802 1761 4869; x_wconf 90' lang='lat' dir='ltr'><strong>qui</strong></span> <span class='ocrx_word' id='word_1_603' title='bbox 1797 4816 1893 4871; x_wconf 88' lang='lat' dir='ltr'><strong>per</strong></span> 
     </span>
    </p>
   </div>
   <div class='ocr_carea' id='block_1_85' title="bbox 322 4870 1891 4939">
    <p class='ocr_par' dir='ltr' id='par_1_85' title="bbox 322 4870 1891 4939">
     <span class='ocr_line' id='line_1_85' title="bbox 322 4870 1891 4939; baseline 0.001 -17"><span class='ocrx_word' id='word_1_604' title='bbox 322 4870 651 4923; x_wconf 87' lang='lat' dir='ltr'><strong>sacrificium</strong></span> <span class='ocrx_word' id='word_1_605' title='bbox 717 4871 1050 4933; x_wconf 81' lang='lat' dir='ltr'><strong>exhibetur,</strong></span> <span class='ocrx_word' id='word_1_606' title='bbox 1116 4870 1245 4923; x_wconf 88' lang='lat' dir='ltr'><strong>nulli</strong></span> <span class='ocrx_word' id='word_1_607' title='bbox 1325 4886 1559 4939; x_wconf 88' lang='lat' dir='ltr'><strong>unquam</strong></span> <span class='ocrx_word' id='word_1_608' title='bbox 1625 4870 1891 4923; x_wconf 74' lang='lat' dir='ltr'><strong>exhiben-</strong></span> 
     </span>
    </p>
   </div>
   <div class='ocr_carea' id='block_1_86' title="bbox 320 4939 1893 5004">
    <p class='ocr_par' dir='ltr' id='par_1_86' title="bbox 320 4939 1893 5004">
     <span class='ocr_line' id='line_1_86' title="bbox 320 4939 1893 5004; baseline 0.001 -13"><span class='ocrx_word' id='word_1_609' title='bbox 320 4940 471 5003; x_wconf 87' lang='lat' dir='ltr'><strong>dunt,</strong></span> <span class='ocrx_word' id='word_1_610' title='bbox 528 4941 627 4992; x_wconf 87' lang='lat' dir='ltr'><strong>nisi</strong></span> <span class='ocrx_word' id='word_1_611' title='bbox 685 4955 814 4993; x_wconf 83' lang='lat' dir='ltr'><strong>vero</strong></span> <span class='ocrx_word' id='word_1_612' title='bbox 892 4950 945 4993; x_wconf 89' lang='lat' dir='ltr'><strong>et</strong></span> <span class='ocrx_word' id='word_1_613' title='bbox 999 4939 1097 4993; x_wconf 88' lang='lat' dir='ltr'><strong>solt</strong></span> <span class='ocrx_word' id='word_1_614' title='bbox 1152 4940 1282 5003; x_wconf 83' lang='lat' dir='ltr'><strong>Deo,</strong></span> <span class='ocrx_word' id='word_1_615' title='bbox 1342 4940 1433 4992; x_wconf 92' lang='lat' dir='ltr'><strong>lib.</strong></span> <span class='ocrx_word' id='word_1_616' title='bbox 1473 4956 1562 4993; x_wconf 84' lang='grc' dir='ltr'><strong>νιιι</strong></span> <span class='ocrx_word' id='word_1_617' title='bbox 1614 4939 1689 4992; x_wconf 83' lang='lat' dir='ltr'><strong>De</strong></span> <span class='ocrx_word' id='word_1_618' title='bbox 1719 4941 1893 5004; x_wconf 81' lang='lat' dir='ltr'><strong>civit.,</strong></span> 
     </span>
    </p>
   </div>
   <div class='ocr_carea' id='block_1_87' title="bbox 322 5006 1896 5079">
    <p class='ocr_par' dir='ltr' id='par_1_87' title="bbox 322 5006 1896 5079">
     <span class='ocr_line' id='line_1_87' title="bbox 322 5006 1896 5079; baseline 0 -18"><span class='ocrx_word' id='word_1_619' title='bbox 322 5026 443 5077; x_wconf 87' lang='lat' dir='ltr'><strong>cap.</strong></span> <span class='ocrx_word' id='word_1_620' title='bbox 477 5009 580 5073; x_wconf 77' lang='lat'><strong>27,</strong></span> <span class='ocrx_word' id='word_1_621' title='bbox 635 5020 686 5061; x_wconf 90' lang='lat' dir='ltr'><strong>et</strong></span> <span class='ocrx_word' id='word_1_622' title='bbox 721 5011 816 5062; x_wconf 85' lang='lat' dir='ltr'><strong>lib.</strong></span> <span class='ocrx_word' id='word_1_623' title='bbox 856 5025 886 5064; x_wconf 76' lang='grc' dir='ltr'><strong><em>κ</em></strong></span> <span class='ocrx_word' id='word_1_624' title='bbox 911 5051 928 5077; x_wconf 87' lang='grc'><em>,</em></span> <span class='ocrx_word' id='word_1_625' title='bbox 983 5024 1099 5077; x_wconf 89' lang='lat' dir='ltr'><strong>cap.</strong></span> <span class='ocrx_word' id='word_1_626' title='bbox 1139 5011 1173 5063; x_wconf 71' lang='grc'><strong>4</strong></span> <span class='ocrx_word' id='word_1_627' title='bbox 1205 5021 1255 5064; x_wconf 91' lang='lat' dir='ltr'><strong>et</strong></span> <span class='ocrx_word' id='word_1_628' title='bbox 1294 5008 1363 5076; x_wconf 84' lang='lat'><strong>7;</strong></span> <span class='ocrx_word' id='word_1_629' title='bbox 1399 5021 1453 5064; x_wconf 92' lang='lat' dir='ltr'><strong>et</strong></span> <span class='ocrx_word' id='word_1_630' title='bbox 1485 5012 1646 5079; x_wconf 87' lang='lat' dir='ltr'><strong>epist.</strong></span> <span class='ocrx_word' id='word_1_631' title='bbox 1676 5006 1742 5058; x_wconf 87' lang='lat' dir='ltr'><strong>ad</strong></span> <span class='ocrx_word' id='word_1_632' title='bbox 1766 5008 1896 5061; x_wconf 82' lang='lat' dir='ltr'><strong>Deo-</strong></span> 
     </span>
    </p>
   </div>
   <div class='ocr_carea' id='block_1_88' title="bbox 323 5080 866 5147">
    <p class='ocr_par' dir='ltr' id='par_1_88' title="bbox 323 5080 866 5147">
     <span class='ocr_line' id='line_1_88' title="bbox 323 5080 866 5147; baseline 0.006 -18"><span class='ocrx_word' id='word_1_633' title='bbox 323 5082 547 5147; x_wconf 73' lang='lat' dir='ltr'><strong>gralias,</strong></span> <span class='ocrx_word' id='word_1_634' title='bbox 585 5090 774 5145; x_wconf 63' lang='lat' dir='ltr'><strong>quam.</strong></span> <span class='ocrx_word' id='word_1_635' title='bbox 812 5080 866 5132; x_wconf 81' lang='lat'><strong>5.</strong></span> 
     </span>
    </p>
   </div>
   <div class='ocr_carea' id='block_1_89' title="bbox 392 5144 1894 5219">
    <p class='ocr_par' dir='ltr' id='par_1_89' title="bbox 392 5144 1894 5219">
     <span class='ocr_line' id='line_1_89' title="bbox 392 5144 1894 5219; baseline 0.003 -19"><span class='ocrx_word' id='word_1_636' title='bbox 392 5144 530 5200; x_wconf 81' lang='lat' dir='ltr'><strong>Eum</strong></span> <span class='ocrx_word' id='word_1_637' title='bbox 554 5144 641 5216; x_wconf 75' lang='lat' dir='ltr'><strong>qui</strong></span> <span class='ocrx_word' id='word_1_638' title='bbox 670 5160 741 5200; x_wconf 79' lang='lat' dir='ltr'><strong>est</strong></span> <span class='ocrx_word' id='word_1_639' title='bbox 775 5164 839 5202; x_wconf 77' lang='lat' dir='ltr'><strong>ea:</strong></span> <span class='ocrx_word' id='word_1_640' title='bbox 857 5160 1098 5202; x_wconf 83' lang='lat' dir='ltr'><strong>creatura</strong></span> <span class='ocrx_word' id='word_1_641' title='bbox 1115 5150 1290 5219; x_wconf 78' lang='lat' dir='ltr'><strong>panis.</strong></span> <span class='ocrx_word' id='word_1_642' title='bbox 1312 5149 1659 5203; x_wconf 87' lang='lat' dir='ltr'><strong>Ambrosius:</strong></span> <span class='ocrx_word' id='word_1_643' title='bbox 1687 5167 1705 5200; x_wconf 75' lang='grc' dir='ltr'><strong>ι</strong></span> <span class='ocrx_word' id='word_1_644' title='bbox 1732 5149 1894 5205; x_wconf 88' lang='lat' dir='ltr'><strong>Panis</strong></span> 
     </span>
    </p>
   </div>
   <div class='ocr_carea' id='block_1_90' title="bbox 320 5223 1894 5283">
    <p class='ocr_par' dir='ltr' id='par_1_90' title="bbox 320 5223 1894 5283">
     <span class='ocr_line' id='line_1_90' title="bbox 320 5223 1894 5283; baseline -0.001 -11"><span class='ocrx_word' id='word_1_645' title='bbox 320 5229 407 5272; x_wconf 87' lang='lat' dir='ltr'><strong>est</strong></span> <span class='ocrx_word' id='word_1_646' title='bbox 442 5230 569 5271; x_wconf 89' lang='lat' dir='ltr'><strong>ante</strong></span> <span class='ocrx_word' id='word_1_647' title='bbox 603 5226 765 5271; x_wconf 89' lang='lat' dir='ltr'><strong>verba</strong></span> <span class='ocrx_word' id='word_1_648' title='bbox 801 5231 1310 5283; x_wconf 87' lang='lat' dir='ltr'><strong>sacramentorum;</strong></span> <span class='ocrx_word' id='word_1_649' title='bbox 1350 5223 1437 5271; x_wconf 89' lang='lat' dir='ltr'><strong>ubi</strong></span> <span class='ocrx_word' id='word_1_650' title='bbox 1462 5231 1894 5273; x_wconf 84' lang='lat' dir='ltr'><strong>accesserttcon-</strong></span> 
     </span>
    </p>
   </div>
   <div class='ocr_carea' id='block_1_91' title="bbox 321 5288 1893 5359">
    <p class='ocr_par' dir='ltr' id='par_1_91' title="bbox 321 5288 1893 5359">
     <span class='ocr_line' id='line_1_91' title="bbox 321 5288 1893 5359; baseline 0 -17"><span class='ocrx_word' id='word_1_651' title='bbox 321 5289 584 5351; x_wconf 87' lang='lat' dir='ltr'><strong>secratio,</strong></span> <span class='ocrx_word' id='word_1_652' title='bbox 610 5288 677 5341; x_wconf 87' lang='lat' dir='ltr'><strong>de</strong></span> <span class='ocrx_word' id='word_1_653' title='bbox 710 5303 850 5355; x_wconf 83' lang='lat' dir='ltr'><strong>pane</strong></span> <span class='ocrx_word' id='word_1_654' title='bbox 886 5292 943 5341; x_wconf 91' lang='lat' dir='ltr'><strong>tit</strong></span> <span class='ocrx_word' id='word_1_655' title='bbox 980 5304 1112 5341; x_wconf 88' lang='lat' dir='ltr'><strong>caro</strong></span> <span class='ocrx_word' id='word_1_656' title='bbox 1146 5289 1369 5343; x_wconf 81' lang='lat' dir='ltr'><strong>Christi.</strong></span> <span class='ocrx_word' id='word_1_657' title='bbox 1404 5308 1422 5340; x_wconf 76' lang='grc' dir='ltr'><strong>ι</strong></span> <span class='ocrx_word' id='word_1_658' title='bbox 1453 5290 1520 5341; x_wconf 78' lang='lat' dir='ltr'><strong>Et</strong></span> <span class='ocrx_word' id='word_1_659' title='bbox 1554 5291 1712 5358; x_wconf 67' lang='lat' dir='ltr'><strong>paulo</strong></span> <span class='ocrx_word' id='word_1_660' title='bbox 1738 5300 1893 5359; x_wconf 83' lang='lat' dir='ltr'><strong>post:</strong></span> 
     </span>
    </p>
   </div>
   <div class='ocr_carea' id='block_1_92' title="bbox 326 5360 1893 5427">
    <p class='ocr_par' dir='ltr' id='par_1_92' title="bbox 326 5360 1893 5427">
     <span class='ocr_line' id='line_1_92' title="bbox 326 5360 1893 5427; baseline 0 -17"><span class='ocrx_word' id='word_1_661' title='bbox 326 5376 347 5410; x_wconf 76' lang='grc' dir='ltr'><strong>ι</strong></span> <span class='ocrx_word' id='word_1_662' title='bbox 405 5360 711 5426; x_wconf 86' lang='lat' dir='ltr'><strong>Antequam</strong></span> <span class='ocrx_word' id='word_1_663' title='bbox 765 5370 1152 5420; x_wconf 85' lang='lat' dir='ltr'><strong>consecretur,</strong></span> <span class='ocrx_word' id='word_1_664' title='bbox 1207 5361 1365 5427; x_wconf 87' lang='lat' dir='ltr'><strong>panis</strong></span> <span class='ocrx_word' id='word_1_665' title='bbox 1409 5368 1526 5423; x_wconf 88' lang='lat' dir='ltr'><strong>est;</strong></span> <span class='ocrx_word' id='word_1_666' title='bbox 1576 5363 1662 5411; x_wconf 89' lang='lat' dir='ltr'><strong>ubi</strong></span> <span class='ocrx_word' id='word_1_667' title='bbox 1715 5372 1893 5412; x_wconf 88' lang='lat' dir='ltr'><strong>autem</strong></span> 
     </span>
    </p>
   </div>
   <div class='ocr_carea' id='block_1_93' title="bbox 322 5427 1897 5498">
    <p class='ocr_par' dir='ltr' id='par_1_93' title="bbox 322 5427 1897 5498">
     <span class='ocr_line' id='line_1_93' title="bbox 322 5427 1897 5498; baseline 0.001 -18"><span class='ocrx_word' id='word_1_668' title='bbox 322 5432 486 5480; x_wconf 87' lang='lat' dir='ltr'><strong>verba</strong></span> <span class='ocrx_word' id='word_1_669' title='bbox 523 5427 726 5482; x_wconf 88' lang='lat' dir='ltr'><strong>Christi</strong></span> <span class='ocrx_word' id='word_1_670' title='bbox 761 5440 1127 5487; x_wconf 87' lang='lat' dir='ltr'><strong>accesserunt.</strong></span> <span class='ocrx_word' id='word_1_671' title='bbox 1150 5444 1370 5498; x_wconf 89' lang='lat' dir='ltr'><strong>corpus</strong></span> <span class='ocrx_word' id='word_1_672' title='bbox 1404 5440 1488 5482; x_wconf 90' lang='lat' dir='ltr'><strong>est</strong></span> <span class='ocrx_word' id='word_1_673' title='bbox 1521 5430 1749 5483; x_wconf 75' lang='lat' dir='ltr'><strong>Christi.</strong></span> <span class='ocrx_word' id='word_1_674' title='bbox 1797 5429 1897 5481; x_wconf 87' lang='lat' dir='ltr'><strong>De-</strong></span> 
     </span>
    </p>
   </div>
   <div class='ocr_carea' id='block_1_94' title="bbox 325 5497 1894 5569">
    <p class='ocr_par' dir='ltr' id='par_1_94' title="bbox 325 5497 1894 5569">
     <span class='ocr_line' id='line_1_94' title="bbox 325 5497 1894 5569; baseline 0.002 -18"><span class='ocrx_word' id='word_1_675' title='bbox 325 5513 489 5567; x_wconf 89' lang='lat' dir='ltr'><strong>tnque</strong></span> <span class='ocrx_word' id='word_1_676' title='bbox 542 5500 664 5551; x_wconf 85' lang='lat' dir='ltr'><strong>audi</strong></span> <span class='ocrx_word' id='word_1_677' title='bbox 719 5500 1031 5552; x_wconf 86' lang='lat' dir='ltr'><strong>dicentem:</strong></span> <span class='ocrx_word' id='word_1_678' title='bbox 1073 5517 1091 5549; x_wconf 77' lang='grc' dir='ltr'><strong>ι</strong></span> <span class='ocrx_word' id='word_1_679' title='bbox 1129 5497 1375 5569; x_wconf 82' lang='lat' dir='ltr'><strong>Accipite</strong></span> <span class='ocrx_word' id='word_1_680' title='bbox 1428 5509 1482 5553; x_wconf 89' lang='lat' dir='ltr'><strong>et</strong></span> <span class='ocrx_word' id='word_1_681' title='bbox 1528 5504 1672 5553; x_wconf 81' lang='lat' dir='ltr'><strong>edite</strong></span> <span class='ocrx_word' id='word_1_682' title='bbox 1727 5514 1794 5553; x_wconf 86' lang='lat' dir='ltr'><strong>ex</strong></span> <span class='ocrx_word' id='word_1_683' title='bbox 1827 5514 1894 5554; x_wconf 85' lang='lat' dir='ltr'><strong>eo</strong></span> 
     </span>
    </p>
   </div>
   <div class='ocr_carea' id='block_1_95' title="bbox 2104 1893 3546 1962">
    <p class='ocr_par' dir='ltr' id='par_1_95' title="bbox 2104 1893 3546 1962">
     <span class='ocr_line' id='line_1_95' title="bbox 2104 1893 3546 1962; baseline 0.001 -16"><span class='ocrx_word' id='word_1_684' title='bbox 2104 1906 2121 1946; x_wconf 90' lang='lat' dir='ltr'><strong>t</strong></span> <span class='ocrx_word' id='word_1_685' title='bbox 2162 1893 2398 1946; x_wconf 80' lang='lat' dir='ltr'><strong>calicem.</strong></span> <span class='ocrx_word' id='word_1_686' title='bbox 2433 1893 2686 1947; x_wconf 82' lang='lat' dir='ltr'><strong>Christus</strong></span> <span class='ocrx_word' id='word_1_687' title='bbox 2720 1894 2965 1962; x_wconf 87' lang='lat' dir='ltr'><strong>profecto</strong></span> <span class='ocrx_word' id='word_1_688' title='bbox 3016 1905 3125 1947; x_wconf 89' lang='lat' dir='ltr'><strong>tam</strong></span> <span class='ocrx_word' id='word_1_689' title='bbox 3178 1893 3420 1949; x_wconf 89' lang='lat' dir='ltr'><strong>studiose</strong></span> <span class='ocrx_word' id='word_1_690' title='bbox 3452 1907 3546 1947; x_wconf 84' lang='lat' dir='ltr'><strong>ac-</strong></span> 
     </span>
    </p>
   </div>
   <div class='ocr_carea' id='block_1_96' title="bbox 1979 1962 3542 2031">
    <p class='ocr_par' dir='ltr' id='par_1_96' title="bbox 1979 1962 3542 2031">
     <span class='ocr_line' id='line_1_96' title="bbox 1979 1962 3542 2031; baseline -0.001 -14"><span class='ocrx_word' id='word_1_691' title='bbox 1979 1965 2192 2031; x_wconf 90' lang='lat' dir='ltr'><strong>cipiens</strong></span> <span class='ocrx_word' id='word_1_692' title='bbox 2227 1963 2489 2028; x_wconf 87' lang='lat' dir='ltr'><strong>calicem;</strong></span> <span class='ocrx_word' id='word_1_693' title='bbox 2526 1972 2580 2015; x_wconf 93' lang='lat' dir='ltr'><strong>et</strong></span> <span class='ocrx_word' id='word_1_694' title='bbox 2614 1962 2811 2016; x_wconf 89' lang='lat' dir='ltr'><strong>Paulus</strong></span> <span class='ocrx_word' id='word_1_695' title='bbox 2845 1978 3048 2016; x_wconf 90' lang='lat' dir='ltr'><strong>vocans</strong></span> <span class='ocrx_word' id='word_1_696' title='bbox 3080 1978 3203 2016; x_wconf 91' lang='lat' dir='ltr'><strong>eum</strong></span> <span class='ocrx_word' id='word_1_697' title='bbox 3254 1981 3273 2013; x_wconf 76' lang='grc' dir='ltr'><strong>ι</strong></span> <span class='ocrx_word' id='word_1_698' title='bbox 3315 1963 3542 2015; x_wconf 85' lang='lat' dir='ltr'><strong>calicem</strong></span> 
     </span>
    </p>
   </div>
   <div class='ocr_carea' id='block_1_97' title="bbox 1980 2032 3546 2096">
    <p class='ocr_par' dir='ltr' id='par_1_97' title="bbox 1980 2032 3546 2096">
     <span class='ocr_line' id='line_1_97' title="bbox 1980 2032 3546 2096; baseline -0.002 -9"><span class='ocrx_word' id='word_1_699' title='bbox 1980 2033 2392 2093; x_wconf 89' lang='lat' dir='ltr'><strong>benedictionis,</strong></span> <span class='ocrx_word' id='word_1_700' title='bbox 2436 2048 2455 2081; x_wconf 78' lang='grc' dir='ltr'><strong>ι</strong></span> <span class='ocrx_word' id='word_1_701' title='bbox 2512 2041 2566 2083; x_wconf 90' lang='lat' dir='ltr'><strong>et</strong></span> <span class='ocrx_word' id='word_1_702' title='bbox 2605 2049 2624 2081; x_wconf 77' lang='grc' dir='ltr'><strong>ι</strong></span> <span class='ocrx_word' id='word_1_703' title='bbox 2663 2032 2888 2085; x_wconf 89' lang='lat' dir='ltr'><strong>calicem</strong></span> <span class='ocrx_word' id='word_1_704' title='bbox 2926 2032 3160 2096; x_wconf 90' lang='lat' dir='ltr'><strong>Domini,</strong></span> <span class='ocrx_word' id='word_1_705' title='bbox 3202 2050 3223 2082; x_wconf 81' lang='grc'>›</span> <span class='ocrx_word' id='word_1_706' title='bbox 3282 2034 3415 2084; x_wconf 88' lang='lat' dir='ltr'><strong>satis</strong></span> <span class='ocrx_word' id='word_1_707' title='bbox 3448 2032 3546 2084; x_wconf 91' lang='lat' dir='ltr'><strong>do-</strong></span> 
     </span>
    </p>
   </div>
   <div class='ocr_carea' id='block_1_98' title="bbox 1980 2099 3544 2169">
    <p class='ocr_par' dir='ltr' id='par_1_98' title="bbox 1980 2099 3544 2169">
     <span class='ocr_line' id='line_1_98' title="bbox 1980 2099 3544 2169; baseline -0.002 -13"><span class='ocrx_word' id='word_1_708' title='bbox 1980 2109 2234 2165; x_wconf 87' lang='lat' dir='ltr'><strong>cuerunt,</strong></span> <span class='ocrx_word' id='word_1_709' title='bbox 2258 2116 2361 2154; x_wconf 91' lang='lat' dir='ltr'><strong>non</strong></span> <span class='ocrx_word' id='word_1_710' title='bbox 2399 2099 2452 2153; x_wconf 90' lang='lat' dir='ltr'><strong>in</strong></span> <span class='ocrx_word' id='word_1_711' title='bbox 2490 2100 2640 2153; x_wconf 88' lang='lat' dir='ltr'><strong>vasis</strong></span> <span class='ocrx_word' id='word_1_712' title='bbox 2663 2101 2906 2169; x_wconf 78' lang='lat' dir='ltr'><strong>profanis</strong></span> <span class='ocrx_word' id='word_1_713' title='bbox 2939 2109 2993 2154; x_wconf 87' lang='lat' dir='ltr'><strong>et</strong></span> <span class='ocrx_word' id='word_1_714' title='bbox 3025 2100 3402 2153; x_wconf 89' lang='lat' dir='ltr'><strong>communibus</strong></span> <span class='ocrx_word' id='word_1_715' title='bbox 3437 2108 3544 2169; x_wconf 80' lang='lat' dir='ltr'><strong>tam</strong></span> 
     </span>
    </p>
   </div>
   <div class='ocr_carea' id='block_1_99' title="bbox 1981 2168 3544 2239">
    <p class='ocr_par' dir='ltr' id='par_1_99' title="bbox 1981 2168 3544 2239">
     <span class='ocr_line' id='line_1_99' title="bbox 1981 2168 3544 2239; baseline -0.001 -15"><span class='ocrx_word' id='word_1_716' title='bbox 1981 2180 2267 2239; x_wconf 87' lang='lat' dir='ltr'><strong>augustmu</strong></span> <span class='ocrx_word' id='word_1_717' title='bbox 2304 2171 2623 2239; x_wconf 75' lang='lat' dir='ltr'><strong>mysterium</strong></span> <span class='ocrx_word' id='word_1_718' title='bbox 2659 2169 3022 2239; x_wconf 81' lang='lat' dir='ltr'><strong>exercendum</strong></span> <span class='ocrx_word' id='word_1_719' title='bbox 3056 2183 3203 2231; x_wconf 89' lang='lat' dir='ltr'><strong>esse,</strong></span> <span class='ocrx_word' id='word_1_720' title='bbox 3238 2179 3297 2220; x_wconf 92' lang='lat' dir='ltr'><strong>ut</strong></span> <span class='ocrx_word' id='word_1_721' title='bbox 3332 2168 3544 2237; x_wconf 84' lang='lat' dir='ltr'><strong>profani</strong></span> 
     </span>
    </p>
   </div>
   <div class='ocr_carea' id='block_1_100' title="bbox 1980 2237 3547 2307">
    <p class='ocr_par' dir='ltr' id='par_1_100' title="bbox 1980 2237 3547 2307">
     <span class='ocr_line' id='line_1_100' title="bbox 1980 2237 3547 2307; baseline 0 -16"><span class='ocrx_word' id='word_1_722' title='bbox 1980 2237 2166 2291; x_wconf 77' lang='lat' dir='ltr'><strong>Volunt</strong></span> <span class='ocrx_word' id='word_1_723' title='bbox 2202 2237 2465 2292; x_wconf 68' lang='lat' dir='ltr'><strong>hmretici.</strong></span> <span class='ocrx_word' id='word_1_724' title='bbox 2493 2237 2717 2292; x_wconf 88' lang='lat' dir='ltr'><strong>Constat</strong></span> <span class='ocrx_word' id='word_1_725' title='bbox 2748 2238 2919 2300; x_wconf 86' lang='lat' dir='ltr'><strong>enim,</strong></span> <span class='ocrx_word' id='word_1_726' title='bbox 2945 2240 3109 2291; x_wconf 91' lang='lat' dir='ltr'><strong>etiam</strong></span> <span class='ocrx_word' id='word_1_727' title='bbox 3145 2253 3173 2289; x_wconf 90' lang='lat' dir='ltr'><strong>a</strong></span> <span class='ocrx_word' id='word_1_728' title='bbox 3209 2239 3547 2307; x_wconf 86' lang='lat' dir='ltr'><strong>temporibus</strong></span> 
     </span>
    </p>
   </div>
   <div class='ocr_carea' id='block_1_101' title="bbox 1981 2307 3548 2376">
    <p class='ocr_par' dir='ltr' id='par_1_101' title="bbox 1981 2307 3548 2376">
     <span class='ocr_line' id='line_1_101' title="bbox 1981 2307 3548 2376; baseline -0.003 -14"><span class='ocrx_word' id='word_1_729' title='bbox 1981 2309 2089 2362; x_wconf 74' lang='lat' dir='ltr'><strong>illis</strong></span> <span class='ocrx_word' id='word_1_730' title='bbox 2123 2309 2189 2361; x_wconf 88' lang='lat' dir='ltr'><strong>ad</strong></span> <span class='ocrx_word' id='word_1_731' title='bbox 2227 2324 2327 2361; x_wconf 91' lang='lat' dir='ltr'><strong>nos</strong></span> <span class='ocrx_word' id='word_1_732' title='bbox 2361 2322 2532 2375; x_wconf 84' lang='lat' dir='ltr'><strong>usque</strong></span> <span class='ocrx_word' id='word_1_733' title='bbox 2567 2307 2680 2361; x_wconf 69' lang='lat' dir='ltr'><strong>haec</strong></span> <span class='ocrx_word' id='word_1_734' title='bbox 2714 2323 2871 2361; x_wconf 92' lang='lat' dir='ltr'><strong>sacra</strong></span> <span class='ocrx_word' id='word_1_735' title='bbox 2908 2323 3037 2360; x_wconf 84' lang='lat' dir='ltr'><strong>vasa</strong></span> <span class='ocrx_word' id='word_1_736' title='bbox 3074 2318 3296 2376; x_wconf 89' lang='lat' dir='ltr'><strong>propter</strong></span> <span class='ocrx_word' id='word_1_737' title='bbox 3324 2322 3548 2360; x_wconf 84' lang='lat' dir='ltr'><strong>consor-</strong></span> 
     </span>
    </p>
   </div>
   <div class='ocr_carea' id='block_1_102' title="bbox 1984 2376 3547 2445">
    <p class='ocr_par' dir='ltr' id='par_1_102' title="bbox 1984 2376 3547 2445">
     <span class='ocr_line' id='line_1_102' title="bbox 1984 2376 3547 2445; baseline -0.003 -15"><span class='ocrx_word' id='word_1_738' title='bbox 1984 2379 2115 2430; x_wconf 90' lang='lat' dir='ltr'><strong>tium</strong></span> <span class='ocrx_word' id='word_1_739' title='bbox 2172 2378 2417 2445; x_wconf 89' lang='lat' dir='ltr'><strong>corporis</strong></span> <span class='ocrx_word' id='word_1_740' title='bbox 2469 2385 2524 2429; x_wconf 88' lang='lat' dir='ltr'><strong>et</strong></span> <span class='ocrx_word' id='word_1_741' title='bbox 2578 2377 2859 2443; x_wconf 78' lang='lat' dir='ltr'><strong>sanguinis</strong></span> <span class='ocrx_word' id='word_1_742' title='bbox 2916 2377 3124 2430; x_wconf 92' lang='lat' dir='ltr'><strong>Domini</strong></span> <span class='ocrx_word' id='word_1_743' title='bbox 3176 2376 3547 2440; x_wconf 88' lang='lat' dir='ltr'><strong>sanctificata,</strong></span> 
     </span>
    </p>
   </div>
   <div class='ocr_carea' id='block_1_103' title="bbox 1980 2444 3546 2501">
    <p class='ocr_par' dir='ltr' id='par_1_103' title="bbox 1980 2444 3546 2501">
     <span class='ocr_line' id='line_1_103' title="bbox 1980 2444 3546 2501; baseline -0.002 0"><span class='ocrx_word' id='word_1_744' title='bbox 1980 2448 2188 2501; x_wconf 92' lang='lat' dir='ltr'><strong>cunctis</strong></span> <span class='ocrx_word' id='word_1_745' title='bbox 2223 2446 2548 2499; x_wconf 89' lang='lat' dir='ltr'><strong>Christianis</strong></span> <span class='ocrx_word' id='word_1_746' title='bbox 2604 2446 2801 2500; x_wconf 90' lang='lat' dir='ltr'><strong>honori</strong></span> <span class='ocrx_word' id='word_1_747' title='bbox 2864 2444 3034 2500; x_wconf 89' lang='lat' dir='ltr'><strong>fuisse</strong></span> <span class='ocrx_word' id='word_1_748' title='bbox 3082 2460 3144 2499; x_wconf 90' lang='lat' dir='ltr'><strong>ac</strong></span> <span class='ocrx_word' id='word_1_749' title='bbox 3190 2445 3546 2498; x_wconf 88' lang='lat' dir='ltr'><strong>venerationi.</strong></span> 
     </span>
    </p>
   </div>
   <div class='ocr_carea' id='block_1_104' title="bbox 1980 2514 3549 2583">
    <p class='ocr_par' dir='ltr' id='par_1_104' title="bbox 1980 2514 3549 2583">
     <span class='ocr_line' id='line_1_104' title="bbox 1980 2514 3549 2583; baseline -0.001 -15"><span class='ocrx_word' id='word_1_750' title='bbox 1980 2515 2114 2568; x_wconf 84' lang='lat' dir='ltr'><strong>Nam</strong></span> <span class='ocrx_word' id='word_1_751' title='bbox 2147 2526 2203 2569; x_wconf 91' lang='lat' dir='ltr'><strong>et</strong></span> <span class='ocrx_word' id='word_1_752' title='bbox 2232 2516 2348 2583; x_wconf 89' lang='lat' dir='ltr'><strong>ipse</strong></span> <span class='ocrx_word' id='word_1_753' title='bbox 2375 2515 2537 2578; x_wconf 75' lang='lat' dir='ltr'><strong>calix,</strong></span> <span class='ocrx_word' id='word_1_754' title='bbox 2562 2524 2712 2568; x_wconf 87' lang='lat' dir='ltr'><strong>certe</strong></span> <span class='ocrx_word' id='word_1_755' title='bbox 2745 2527 3052 2582; x_wconf 86' lang='lat' dir='ltr'><strong>argenteus,</strong></span> <span class='ocrx_word' id='word_1_756' title='bbox 3075 2514 3128 2566; x_wconf 92' lang='lat' dir='ltr'><strong>in</strong></span> <span class='ocrx_word' id='word_1_757' title='bbox 3151 2529 3258 2582; x_wconf 92' lang='lat' dir='ltr'><strong>quo</strong></span> <span class='ocrx_word' id='word_1_758' title='bbox 3288 2514 3549 2567; x_wconf 82' lang='lat' dir='ltr'><strong>Dominus</strong></span> 
     </span>
    </p>
   </div>
   <div class='ocr_carea' id='block_1_105' title="bbox 1981 2582 3551 2653">
    <p class='ocr_par' dir='ltr' id='par_1_105' title="bbox 1981 2582 3551 2653">
     <span class='ocr_line' id='line_1_105' title="bbox 1981 2582 3551 2653; baseline -0.003 -14"><span class='ocrx_word' id='word_1_759' title='bbox 1981 2582 2343 2643; x_wconf 83' lang='lat' dir='ltr'><strong>consecravit,</strong></span> <span class='ocrx_word' id='word_1_760' title='bbox 2373 2585 2548 2636; x_wconf 85' lang='lat' dir='ltr'><strong>adhuc</strong></span> <span class='ocrx_word' id='word_1_761' title='bbox 2577 2584 2887 2651; x_wconf 87' lang='lat' dir='ltr'><strong>quingentis</strong></span> <span class='ocrx_word' id='word_1_762' title='bbox 2917 2594 3103 2653; x_wconf 89' lang='lat' dir='ltr'><strong>postea</strong></span> <span class='ocrx_word' id='word_1_763' title='bbox 3145 2585 3300 2636; x_wconf 88' lang='lat' dir='ltr'><strong>annis</strong></span> <span class='ocrx_word' id='word_1_764' title='bbox 3329 2582 3551 2637; x_wconf 83' lang='lat' dir='ltr'><strong>Jeroso-</strong></span> 
     </span>
    </p>
   </div>
   <div class='ocr_carea' id='block_1_106' title="bbox 1982 2653 3544 2725">
    <p class='ocr_par' dir='ltr' id='par_1_106' title="bbox 1982 2653 3544 2725">
     <span class='ocr_line' id='line_1_106' title="bbox 1982 2653 3544 2725; baseline -0.004 -18"><span class='ocrx_word' id='word_1_765' title='bbox 1982 2655 2143 2725; x_wconf 87' lang='lat' dir='ltr'><strong>lyntis</strong></span> <span class='ocrx_word' id='word_1_766' title='bbox 2175 2658 2225 2706; x_wconf 77' lang='grc' dir='ltr'><strong>ιιι</strong></span> <span class='ocrx_word' id='word_1_767' title='bbox 2259 2654 2517 2725; x_wconf 74' lang='lat' dir='ltr'><strong>scriniolo</strong></span> <span class='ocrx_word' id='word_1_768' title='bbox 2555 2653 3171 2725; x_wconf 73' lang='lat' dir='ltr'><strong>reconditusreligiose</strong></span> <span class='ocrx_word' id='word_1_769' title='bbox 3205 2655 3544 2725; x_wconf 81' lang='lat' dir='ltr'><strong>servabatur,</strong></span> 
     </span>
    </p>
   </div>
   <div class='ocr_carea' id='block_1_107' title="bbox 1981 2721 3549 2791">
    <p class='ocr_par' dir='ltr' id='par_1_107' title="bbox 1981 2721 3549 2791">
     <span class='ocr_line' id='line_1_107' title="bbox 1981 2721 3549 2791; baseline -0.004 -13"><span class='ocrx_word' id='word_1_770' title='bbox 1981 2721 2033 2779; x_wconf 81' lang='lat' dir='ltr'><strong>et</strong></span> <span class='ocrx_word' id='word_1_771' title='bbox 2063 2738 2157 2791; x_wconf 87' lang='lat' dir='ltr'><strong>per</strong></span> <span class='ocrx_word' id='word_1_772' title='bbox 2185 2722 2423 2790; x_wconf 87' lang='lat' dir='ltr'><strong>operculi</strong></span> <span class='ocrx_word' id='word_1_773' title='bbox 2474 2721 2718 2774; x_wconf 86' lang='lat' dir='ltr'><strong>foramen</strong></span> <span class='ocrx_word' id='word_1_774' title='bbox 2751 2723 2895 2791; x_wconf 83' lang='lat' dir='ltr'><strong>tangi</strong></span> <span class='ocrx_word' id='word_1_775' title='bbox 2938 2734 2990 2775; x_wconf 91' lang='lat' dir='ltr'><strong>et</strong></span> <span class='ocrx_word' id='word_1_776' title='bbox 3022 2722 3260 2791; x_wconf 77' lang='lat' dir='ltr'><strong>osculari</strong></span> <span class='ocrx_word' id='word_1_777' title='bbox 3297 2725 3549 2791; x_wconf 82' lang='lat' dir='ltr'><strong>peregri-</strong></span> 
     </span>
    </p>
   </div>
   <div class='ocr_carea' id='block_1_108' title="bbox 1984 2789 3550 2857">
    <p class='ocr_par' dir='ltr' id='par_1_108' title="bbox 1984 2789 3550 2857">
     <span class='ocr_line' id='line_1_108' title="bbox 1984 2789 3550 2857; baseline -0.003 -11"><span class='ocrx_word' id='word_1_778' title='bbox 1984 2789 2243 2846; x_wconf 83' lang='lat' dir='ltr'><strong>nantibus</strong></span> <span class='ocrx_word' id='word_1_779' title='bbox 2289 2792 2710 2853; x_wconf 86' lang='lat' dir='ltr'><strong>concedebatur,</strong></span> <span class='ocrx_word' id='word_1_780' title='bbox 2763 2800 2821 2843; x_wconf 90' lang='lat' dir='ltr'><strong>ut</strong></span> <span class='ocrx_word' id='word_1_781' title='bbox 2851 2789 3024 2844; x_wconf 58' lang='lat' dir='ltr'><strong>testis</strong></span> <span class='ocrx_word' id='word_1_782' title='bbox 3077 2801 3162 2845; x_wconf 89' lang='lat' dir='ltr'><strong>est</strong></span> <span class='ocrx_word' id='word_1_783' title='bbox 3214 2789 3550 2857; x_wconf 82' lang='lat' dir='ltr'><strong>Venerabilis</strong></span> 
     </span>
    </p>
   </div>
   <div class='ocr_carea' id='block_1_109' title="bbox 1984 2857 3551 2928">
    <p class='ocr_par' dir='ltr' id='par_1_109' title="bbox 1984 2857 3551 2928">
     <span class='ocr_line' id='line_1_109' title="bbox 1984 2857 3551 2928; baseline -0.004 -13"><span class='ocrx_word' id='word_1_784' title='bbox 1984 2864 2149 2923; x_wconf 88' lang='lat' dir='ltr'><strong>Beda,</strong></span> <span class='ocrx_word' id='word_1_785' title='bbox 2182 2860 2276 2913; x_wconf 90' lang='lat' dir='ltr'><strong>lib.</strong></span> <span class='ocrx_word' id='word_1_786' title='bbox 2316 2860 2387 2913; x_wconf 84' lang='lat' dir='ltr'><strong>De</strong></span> <span class='ocrx_word' id='word_1_787' title='bbox 2429 2857 2580 2912; x_wconf 81' lang='lat' dir='ltr'><strong>Locis</strong></span> <span class='ocrx_word' id='word_1_788' title='bbox 2620 2860 2823 2922; x_wconf 72' lang='lat' dir='ltr'><strong>sacris,</strong></span> <span class='ocrx_word' id='word_1_789' title='bbox 2878 2876 2927 2913; x_wconf 91' lang='lat' dir='ltr'><strong>c.</strong></span> <span class='ocrx_word' id='word_1_790' title='bbox 2958 2861 3013 2913; x_wconf 66' lang='grc' dir='ltr'><strong>Ξ.</strong></span> <span class='ocrx_word' id='word_1_791' title='bbox 3043 2859 3290 2913; x_wconf 80' lang='lat' dir='ltr'><strong>Justinus</strong></span> <span class='ocrx_word' id='word_1_792' title='bbox 3339 2870 3551 2928; x_wconf 84' lang='lat' dir='ltr'><strong>martyr</strong></span> 
     </span>
    </p>
   </div>
   <div class='ocr_carea' id='block_1_110' title="bbox 1983 2928 3550 2996">
    <p class='ocr_par' dir='ltr' id='par_1_110' title="bbox 1983 2928 3550 2996">
     <span class='ocr_line' id='line_1_110' title="bbox 1983 2928 3550 2996; baseline -0.003 -11"><span class='ocrx_word' id='word_1_793' title='bbox 1983 2932 2050 2985; x_wconf 89' lang='lat' dir='ltr'><strong>ad</strong></span> <span class='ocrx_word' id='word_1_794' title='bbox 2082 2930 2242 2983; x_wconf 91' lang='lat' dir='ltr'><strong>finem</strong></span> <span class='ocrx_word' id='word_1_795' title='bbox 2269 2929 2489 2995; x_wconf 87' lang='lat' dir='ltr'><strong>Apolog.</strong></span> <span class='ocrx_word' id='word_1_796' title='bbox 2530 2929 2555 2980; x_wconf 98' lang='grc'><strong>1</strong></span> <span class='ocrx_word' id='word_1_797' title='bbox 2591 2928 2755 2982; x_wconf 89' lang='lat' dir='ltr'><strong>refert</strong></span> <span class='ocrx_word' id='word_1_798' title='bbox 2786 2931 3012 2983; x_wconf 91' lang='lat' dir='ltr'><strong>calicem</strong></span> <span class='ocrx_word' id='word_1_799' title='bbox 3063 2931 3281 2981; x_wconf 88' lang='lat' dir='ltr'><strong>allatum</strong></span> <span class='ocrx_word' id='word_1_800' title='bbox 3331 2928 3550 2996; x_wconf 65' lang='lat' dir='ltr'><strong>praesuli</strong></span> 
     </span>
    </p>
   </div>
   <div class='ocr_carea' id='block_1_111' title="bbox 1984 2997 3552 3065">
    <p class='ocr_par' dir='ltr' id='par_1_111' title="bbox 1984 2997 3552 3065">
     <span class='ocr_line' id='line_1_111' title="bbox 1984 2997 3552 3065; baseline -0.003 -10"><span class='ocrx_word' id='word_1_801' title='bbox 1984 3004 2049 3055; x_wconf 88' lang='lat' dir='ltr'><strong>ad</strong></span> <span class='ocrx_word' id='word_1_802' title='bbox 2085 3001 2431 3053; x_wconf 87' lang='lat' dir='ltr'><strong>sacrandum.</strong></span> <span class='ocrx_word' id='word_1_803' title='bbox 2469 2997 2836 3051; x_wconf 84' lang='lat' dir='ltr'><strong>Tertullianus</strong></span> <span class='ocrx_word' id='word_1_804' title='bbox 2888 3009 3114 3053; x_wconf 87' lang='lat' dir='ltr'><strong>testatur</strong></span> <span class='ocrx_word' id='word_1_805' title='bbox 3166 3012 3264 3051; x_wconf 88' lang='lat' dir='ltr'><strong>suo</strong></span> <span class='ocrx_word' id='word_1_806' title='bbox 3306 3008 3552 3065; x_wconf 87' lang='lat' dir='ltr'><strong>tempore</strong></span> 
     </span>
    </p>
   </div>
   <div class='ocr_carea' id='block_1_112' title="bbox 1983 3066 3549 3136">
    <p class='ocr_par' dir='ltr' id='par_1_112' title="bbox 1983 3066 3549 3136">
     <span class='ocr_line' id='line_1_112' title="bbox 1983 3066 3549 3136; baseline -0.002 -14"><span class='ocrx_word' id='word_1_807' title='bbox 1983 3070 2182 3124; x_wconf 90' lang='lat' dir='ltr'><strong>calices</strong></span> <span class='ocrx_word' id='word_1_808' title='bbox 2219 3067 2546 3135; x_wconf 89' lang='lat' dir='ltr'><strong>imaginibus</strong></span> <span class='ocrx_word' id='word_1_809' title='bbox 2593 3066 2836 3132; x_wconf 82' lang='lat' dir='ltr'><strong>ChriSti,</strong></span> <span class='ocrx_word' id='word_1_810' title='bbox 2891 3068 3065 3121; x_wconf 90' lang='lat' dir='ltr'><strong>instar</strong></span> <span class='ocrx_word' id='word_1_811' title='bbox 3114 3067 3351 3136; x_wconf 86' lang='lat' dir='ltr'><strong>pastoris</strong></span> <span class='ocrx_word' id='word_1_812' title='bbox 3393 3082 3549 3119; x_wconf 87' lang='lat' dir='ltr'><strong>ovem</strong></span> 
     </span>
    </p>
   </div>
   <div class='ocr_carea' id='block_1_113' title="bbox 1987 3136 3554 3205">
    <p class='ocr_par' dir='ltr' id='par_1_113' title="bbox 1987 3136 3554 3205">
     <span class='ocr_line' id='line_1_113' title="bbox 1987 3136 3554 3205; baseline -0.002 -14"><span class='ocrx_word' id='word_1_813' title='bbox 1987 3139 2333 3191; x_wconf 89' lang='lat' dir='ltr'><strong>aberrantem</strong></span> <span class='ocrx_word' id='word_1_814' title='bbox 2440 3136 2772 3198; x_wconf 87' lang='lat' dir='ltr'><strong>referentis,</strong></span> <span class='ocrx_word' id='word_1_815' title='bbox 2871 3138 3114 3205; x_wconf 78' lang='lat' dir='ltr'><strong>depictos</strong></span> <span class='ocrx_word' id='word_1_816' title='bbox 3221 3146 3554 3203; x_wconf 86' lang='lat' dir='ltr'><strong>ornatosque</strong></span> 
     </span>
    </p>
   </div>
   <div class='ocr_carea' id='block_1_114' title="bbox 1988 3206 3552 3274">
    <p class='ocr_par' dir='ltr' id='par_1_114' title="bbox 1988 3206 3552 3274">
     <span class='ocr_line' id='line_1_114' title="bbox 1988 3206 3552 3274; baseline -0.004 -14"><span class='ocrx_word' id='word_1_817' title='bbox 1988 3208 2155 3261; x_wconf 87' lang='lat' dir='ltr'><strong>fuisse</strong></span> <span class='ocrx_word' id='word_1_818' title='bbox 2186 3207 2252 3259; x_wconf 79' lang='lat'><strong>“.</strong></span> <span class='ocrx_word' id='word_1_819' title='bbox 2289 3206 2590 3274; x_wconf 86' lang='lat' dir='ltr'><strong>Cyprianus</strong></span> <span class='ocrx_word' id='word_1_820' title='bbox 2634 3207 2791 3273; x_wconf 84' lang='lat' dir='ltr'><strong>epist.</strong></span> <span class='ocrx_word' id='word_1_821' title='bbox 2825 3207 2891 3258; x_wconf 91' lang='lat' dir='ltr'><strong>ad</strong></span> <span class='ocrx_word' id='word_1_822' title='bbox 2924 3206 3221 3266; x_wconf 68' lang='lat' dir='ltr'><strong>Caecilium,</strong></span> <span class='ocrx_word' id='word_1_823' title='bbox 3259 3206 3324 3257; x_wconf 90' lang='lat' dir='ltr'><strong>de</strong></span> <span class='ocrx_word' id='word_1_824' title='bbox 3366 3219 3552 3257; x_wconf 87' lang='lat' dir='ltr'><strong>sacra-</strong></span> 
     </span>
    </p>
   </div>
   <div class='ocr_carea' id='block_1_115' title="bbox 1990 3274 3549 3340">
    <p class='ocr_par' dir='ltr' id='par_1_115' title="bbox 1990 3274 3549 3340">
     <span class='ocr_line' id='line_1_115' title="bbox 1990 3274 3549 3340; baseline -0.003 -11"><span class='ocrx_word' id='word_1_825' title='bbox 1990 3288 2172 3329; x_wconf 91' lang='lat' dir='ltr'><strong>mento</strong></span> <span class='ocrx_word' id='word_1_826' title='bbox 2204 3275 2463 3329; x_wconf 90' lang='lat' dir='ltr'><strong>Dominici</strong></span> <span class='ocrx_word' id='word_1_827' title='bbox 2500 3275 2685 3328; x_wconf 89' lang='lat' dir='ltr'><strong>calicis</strong></span> <span class='ocrx_word' id='word_1_828' title='bbox 2711 3315 2726 3340; x_wconf 93' lang='lat'><strong>,</strong></span> <span class='ocrx_word' id='word_1_829' title='bbox 2761 3286 2813 3328; x_wconf 90' lang='lat' dir='ltr'><strong>et</strong></span> <span class='ocrx_word' id='word_1_830' title='bbox 2846 3290 3011 3328; x_wconf 91' lang='lat' dir='ltr'><strong>serm.</strong></span> <span class='ocrx_word' id='word_1_831' title='bbox 3046 3276 3112 3327; x_wconf 91' lang='lat' dir='ltr'><strong>de</strong></span> <span class='ocrx_word' id='word_1_832' title='bbox 3147 3274 3314 3340; x_wconf 89' lang='lat' dir='ltr'><strong>lapsis</strong></span> <span class='ocrx_word' id='word_1_833' title='bbox 3337 3314 3352 3337; x_wconf 92' lang='lat'><strong>,</strong></span> <span class='ocrx_word' id='word_1_834' title='bbox 3407 3274 3549 3327; x_wconf 87' lang='lat' dir='ltr'><strong>sacri</strong></span> 
     </span>
    </p>
   </div>
   <div class='ocr_carea' id='block_1_116' title="bbox 1988 3344 3554 3415">
    <p class='ocr_par' dir='ltr' id='par_1_116' title="bbox 1988 3344 3554 3415">
     <span class='ocr_line' id='line_1_116' title="bbox 1988 3344 3554 3415; baseline -0.004 -17"><span class='ocrx_word' id='word_1_835' title='bbox 1988 3345 2149 3413; x_wconf 86' lang='lat' dir='ltr'><strong>hujus</strong></span> <span class='ocrx_word' id='word_1_836' title='bbox 2181 3344 2356 3415; x_wconf 90' lang='lat' dir='ltr'><strong>poculi</strong></span> <span class='ocrx_word' id='word_1_837' title='bbox 2400 3358 2511 3415; x_wconf 87' lang='lat' dir='ltr'><strong>non</strong></span> <span class='ocrx_word' id='word_1_838' title='bbox 2545 3344 2714 3397; x_wconf 85' lang='lat' dir='ltr'><strong>sentel</strong></span> <span class='ocrx_word' id='word_1_839' title='bbox 2750 3344 3223 3415; x_wconf 32' lang='lat' dir='ltr'><strong>tueminitaEtiatn</strong></span> <span class='ocrx_word' id='word_1_840' title='bbox 3265 3356 3461 3415; x_wconf 80' lang='lat' dir='ltr'><strong>aureos</strong></span> <span class='ocrx_word' id='word_1_841' title='bbox 3499 3352 3554 3394; x_wconf 86' lang='lat' dir='ltr'><strong>et</strong></span> 
     </span>
    </p>
   </div>
   <div class='ocr_carea' id='block_1_117' title="bbox 1987 3411 3554 3484">
    <p class='ocr_par' dir='ltr' id='par_1_117' title="bbox 1987 3411 3554 3484">
     <span class='ocr_line' id='line_1_117' title="bbox 1987 3411 3554 3484; baseline -0.003 -17"><span class='ocrx_word' id='word_1_842' title='bbox 1987 3411 2277 3484; x_wconf 63' lang='lat' dir='ltr'><strong>argenteos</strong></span> <span class='ocrx_word' id='word_1_843' title='bbox 2329 3414 2526 3466; x_wconf 87' lang='lat' dir='ltr'><strong>calices</strong></span> <span class='ocrx_word' id='word_1_844' title='bbox 2582 3415 2868 3484; x_wconf 84' lang='lat' dir='ltr'><strong>ecclesiam</strong></span> <span class='ocrx_word' id='word_1_845' title='bbox 2923 3413 3239 3466; x_wconf 84' lang='lat' dir='ltr'><strong>Africanam</strong></span> <span class='ocrx_word' id='word_1_846' title='bbox 3297 3411 3554 3484; x_wconf 68' lang='lat' dir='ltr'><strong>habuisse</strong></span> 
     </span>
    </p>
   </div>
   <div class='ocr_carea' id='block_1_118' title="bbox 1992 3480 3551 3551">
    <p class='ocr_par' dir='ltr' id='par_1_118' title="bbox 1992 3480 3551 3551">
     <span class='ocr_line' id='line_1_118' title="bbox 1992 3480 3551 3551; baseline -0.004 -14"><span class='ocrx_word' id='word_1_847' title='bbox 1992 3480 2328 3551; x_wconf 74' lang='lat' dir='ltr'><strong>temporibus</strong></span> <span class='ocrx_word' id='word_1_848' title='bbox 2360 3482 2717 3545; x_wconf 86' lang='lat' dir='ltr'><strong>Diocletiani,</strong></span> <span class='ocrx_word' id='word_1_849' title='bbox 2770 3483 2903 3535; x_wconf 90' lang='lat' dir='ltr'><strong>satis</strong></span> <span class='ocrx_word' id='word_1_850' title='bbox 2938 3484 3220 3551; x_wconf 87' lang='lat' dir='ltr'><strong>declarant</strong></span> <span class='ocrx_word' id='word_1_851' title='bbox 3268 3491 3389 3534; x_wconf 86' lang='lat' dir='ltr'><strong>acta</strong></span> <span class='ocrx_word' id='word_1_852' title='bbox 3430 3480 3551 3551; x_wconf 79' lang='lat' dir='ltr'><strong>Cir-</strong></span> 
     </span>
    </p>
   </div>
   <div class='ocr_carea' id='block_1_119' title="bbox 1991 3548 3552 3620">
    <p class='ocr_par' dir='ltr' id='par_1_119' title="bbox 1991 3548 3552 3620">
     <span class='ocr_line' id='line_1_119' title="bbox 1991 3548 3552 3620; baseline -0.003 -14"><span class='ocrx_word' id='word_1_853' title='bbox 1991 3548 2166 3607; x_wconf 78' lang='lat' dir='ltr'><strong>tensia</strong></span> <span class='ocrx_word' id='word_1_854' title='bbox 2203 3554 2246 3584; x_wconf 74' lang='grc'><strong>⁸⁷</strong></span> <span class='ocrx_word' id='word_1_855' title='bbox 2272 3591 2287 3616; x_wconf 90' lang='grc'><em>,</em></span> <span class='ocrx_word' id='word_1_856' title='bbox 2319 3553 2385 3604; x_wconf 89' lang='lat' dir='ltr'><strong>ab</strong></span> <span class='ocrx_word' id='word_1_857' title='bbox 2415 3552 2712 3620; x_wconf 81' lang='lat' dir='ltr'><strong>Augustino</strong></span> <span class='ocrx_word' id='word_1_858' title='bbox 2752 3552 2921 3604; x_wconf 87' lang='lat' dir='ltr'><strong>relata</strong></span> <span class='ocrx_word' id='word_1_859' title='bbox 2966 3552 3017 3603; x_wconf 88' lang='lat' dir='ltr'><strong>itt</strong></span> <span class='ocrx_word' id='word_1_860' title='bbox 3045 3550 3323 3603; x_wconf 79' lang='lat' dir='ltr'><strong>Breviculo</strong></span> <span class='ocrx_word' id='word_1_861' title='bbox 3373 3548 3552 3603; x_wconf 76' lang='lat' dir='ltr'><strong>tollat.</strong></span> 
     </span>
    </p>
   </div>
   <div class='ocr_carea' id='block_1_120' title="bbox 1988 3620 3556 3685">
    <p class='ocr_par' dir='ltr' id='par_1_120' title="bbox 1988 3620 3556 3685">
     <span class='ocr_line' id='line_1_120' title="bbox 1988 3620 3556 3685; baseline -0.003 -10"><span class='ocrx_word' id='word_1_862' title='bbox 1988 3640 2103 3675; x_wconf 86' lang='lat' dir='ltr'><strong>cum</strong></span> <span class='ocrx_word' id='word_1_863' title='bbox 2140 3623 2429 3685; x_wconf 74' lang='lat' dir='ltr'><strong>Donatist.,</strong></span> <span class='ocrx_word' id='word_1_864' title='bbox 2459 3623 2544 3673; x_wconf 87' lang='lat' dir='ltr'><strong>dte</strong></span> <span class='ocrx_word' id='word_1_865' title='bbox 2578 3621 2640 3682; x_wconf 72' lang='grc' dir='ltr'><strong>ὅ,</strong></span> <span class='ocrx_word' id='word_1_866' title='bbox 2676 3636 2723 3673; x_wconf 92' lang='lat' dir='ltr'><strong>c.</strong></span> <span class='ocrx_word' id='word_1_867' title='bbox 2757 3620 2842 3672; x_wconf 80' lang='grc'><strong>15.</strong></span> <span class='ocrx_word' id='word_1_868' title='bbox 2883 3621 3213 3675; x_wconf 83' lang='lat' dir='ltr'><strong>Athanasius</strong></span> <span class='ocrx_word' id='word_1_869' title='bbox 3261 3621 3453 3672; x_wconf 89' lang='lat' dir='ltr'><strong>deinde</strong></span> <span class='ocrx_word' id='word_1_870' title='bbox 3486 3631 3556 3671; x_wconf 77' lang='lat' dir='ltr'><strong>ex</strong></span> 
     </span>
    </p>
   </div>
   <div class='ocr_carea' id='block_1_121' title="bbox 1989 3688 3554 3760">
    <p class='ocr_par' dir='ltr' id='par_1_121' title="bbox 1989 3688 3554 3760">
     <span class='ocr_line' id='line_1_121' title="bbox 1989 3688 3554 3760; baseline -0.003 -17"><span class='ocrx_word' id='word_1_871' title='bbox 1989 3695 2125 3745; x_wconf 88' lang='lat' dir='ltr'><strong>actis</strong></span> <span class='ocrx_word' id='word_1_872' title='bbox 2151 3691 2338 3760; x_wconf 92' lang='lat' dir='ltr'><strong>synodi</strong></span> <span class='ocrx_word' id='word_1_873' title='bbox 2372 3690 2773 3756; x_wconf 79' lang='lat' dir='ltr'><strong>Alexandrime,</strong></span> <span class='ocrx_word' id='word_1_874' title='bbox 2798 3689 2959 3743; x_wconf 90' lang='lat' dir='ltr'><strong>docet</strong></span> <span class='ocrx_word' id='word_1_875' title='bbox 2987 3706 3112 3743; x_wconf 92' lang='lat' dir='ltr'><strong>eum</strong></span> <span class='ocrx_word' id='word_1_876' title='bbox 3148 3688 3372 3760; x_wconf 84' lang='lat' dir='ltr'><strong>impium</strong></span> <span class='ocrx_word' id='word_1_877' title='bbox 3410 3702 3554 3760; x_wconf 81' lang='lat' dir='ltr'><strong>esse,</strong></span> 
     </span>
    </p>
   </div>
   <div class='ocr_carea' id='block_1_122' title="bbox 1989 3756 3557 3828">
    <p class='ocr_par' dir='ltr' id='par_1_122' title="bbox 1989 3756 3557 3828">
     <span class='ocr_line' id='line_1_122' title="bbox 1989 3756 3557 3828; baseline -0.004 -17"><span class='ocrx_word' id='word_1_878' title='bbox 1989 3762 2080 3828; x_wconf 90' lang='lat' dir='ltr'><strong>qui</strong></span> <span class='ocrx_word' id='word_1_879' title='bbox 2136 3756 2418 3828; x_wconf 79' lang='lat' dir='ltr'><strong>mysticum</strong></span> <span class='ocrx_word' id='word_1_880' title='bbox 2473 3763 2752 3827; x_wconf 90' lang='lat' dir='ltr'><strong>poculum,</strong></span> <span class='ocrx_word' id='word_1_881' title='bbox 2802 3761 2941 3826; x_wconf 88' lang='lat' dir='ltr'><strong>apud</strong></span> <span class='ocrx_word' id='word_1_882' title='bbox 2992 3760 3263 3824; x_wconf 81' lang='lat' dir='ltr'><strong>legitimos</strong></span> <span class='ocrx_word' id='word_1_883' title='bbox 3300 3756 3557 3828; x_wconf 60' lang='lat' dir='ltr'><strong>Ecclesia;</strong></span> 
     </span>
    </p>
   </div>
   <div class='ocr_carea' id='block_1_123' title="bbox 1992 3824 3555 3897">
    <p class='ocr_par' dir='ltr' id='par_1_123' title="bbox 1992 3824 3555 3897">
     <span class='ocr_line' id='line_1_123' title="bbox 1992 3824 3555 3897; baseline -0.004 -16"><span class='ocrx_word' id='word_1_884' title='bbox 1992 3824 2249 3897; x_wconf 59' lang='lat' dir='ltr'><strong>praesides</strong></span> <span class='ocrx_word' id='word_1_885' title='bbox 2278 3824 2579 3890; x_wconf 83' lang='lat' dir='ltr'><strong>inventum,</strong></span> <span class='ocrx_word' id='word_1_886' title='bbox 2608 3837 2798 3893; x_wconf 85' lang='lat' dir='ltr'><strong>sponte</strong></span> <span class='ocrx_word' id='word_1_887' title='bbox 2827 3824 3065 3894; x_wconf 82' lang='lat' dir='ltr'><strong>fregerit,</strong></span> <span class='ocrx_word' id='word_1_888' title='bbox 3097 3844 3115 3897; x_wconf 67' lang='grc' dir='ltr'><strong>ι</strong></span> <span class='ocrx_word' id='word_1_889' title='bbox 3145 3827 3286 3897; x_wconf 68' lang='lat' dir='ltr'><strong>quia</strong></span> <span class='ocrx_word' id='word_1_890' title='bbox 3303 3824 3555 3897; x_wconf 76' lang='lat' dir='ltr'><strong>sanguini</strong></span> 
     </span>
    </p>
   </div>
   <div class='ocr_carea' id='block_1_124' title="bbox 1990 3891 3552 3963">
    <p class='ocr_par' dir='ltr' id='par_1_124' title="bbox 1990 3891 3552 3963">
     <span class='ocr_line' id='line_1_124' title="bbox 1990 3891 3552 3963; baseline -0.005 -13"><span class='ocrx_word' id='word_1_891' title='bbox 1990 3891 2192 3952; x_wconf 79' lang='lat' dir='ltr'><strong>Christi</strong></span> <span class='ocrx_word' id='word_1_892' title='bbox 2243 3913 2310 3950; x_wconf 79' lang='lat' dir='ltr'><strong>ex</strong></span> <span class='ocrx_word' id='word_1_893' title='bbox 2362 3912 2427 3950; x_wconf 90' lang='lat' dir='ltr'><strong>eo</strong></span> <span class='ocrx_word' id='word_1_894' title='bbox 2505 3891 2792 3963; x_wconf 80' lang='lat' dir='ltr'><strong>propitiato</strong></span> <span class='ocrx_word' id='word_1_895' title='bbox 2843 3891 3230 3949; x_wconf 79' lang='lat' dir='ltr'><strong>contumeliam</strong></span> <span class='ocrx_word' id='word_1_896' title='bbox 3264 3893 3392 3946; x_wconf 83' lang='lat' dir='ltr'><strong>facit</strong></span> <span class='ocrx_word' id='word_1_897' title='bbox 3423 3891 3489 3945; x_wconf 70' lang='grc'><strong>’⁸.</strong></span> <span class='ocrx_word' id='word_1_898' title='bbox 3533 3909 3552 3941; x_wconf 76' lang='grc' dir='ltr'><strong>ι</strong></span> 
     </span>
    </p>
   </div>
   <div class='ocr_carea' id='block_1_125' title="bbox 1991 3963 3558 4034">
    <p class='ocr_par' dir='ltr' id='par_1_125' title="bbox 1991 3963 3558 4034">
     <span class='ocr_line' id='line_1_125' title="bbox 1991 3963 3558 4034; baseline -0.004 -14"><span class='ocrx_word' id='word_1_899' title='bbox 1991 3969 2223 4034; x_wconf 84' lang='lat' dir='ltr'><strong>Uptatus</strong></span> <span class='ocrx_word' id='word_1_900' title='bbox 2256 3967 2547 4020; x_wconf 73' lang='lat' dir='ltr'><strong>Donatistis</strong></span> <span class='ocrx_word' id='word_1_901' title='bbox 2569 3965 2892 4031; x_wconf 81' lang='lat' dir='ltr'><strong>exprobrat:</strong></span> <span class='ocrx_word' id='word_1_902' title='bbox 2920 3982 2937 4013; x_wconf 82' lang='lat' dir='ltr'><strong>t</strong></span> <span class='ocrx_word' id='word_1_903' title='bbox 2969 3966 3179 4017; x_wconf 79' lang='lat' dir='ltr'><strong>Calices</strong></span> <span class='ocrx_word' id='word_1_904' title='bbox 3196 3963 3395 4015; x_wconf 86' lang='lat' dir='ltr'><strong>Christi</strong></span> <span class='ocrx_word' id='word_1_905' title='bbox 3428 3976 3558 4034; x_wconf 80' lang='lat' dir='ltr'><strong>sau-</strong></span> 
     </span>
    </p>
   </div>
   <div class='ocr_carea' id='block_1_126' title="bbox 1990 4031 3561 4103">
    <p class='ocr_par' dir='ltr' id='par_1_126' title="bbox 1990 4031 3561 4103">
     <span class='ocr_line' id='line_1_126' title="bbox 1990 4031 3561 4103; baseline -0.004 -14"><span class='ocrx_word' id='word_1_906' title='bbox 1990 4031 2170 4103; x_wconf 79' lang='lat' dir='ltr'><strong>guinis</strong></span> <span class='ocrx_word' id='word_1_907' title='bbox 2200 4036 2490 4101; x_wconf 91' lang='lat' dir='ltr'><strong>portitores</strong></span> <span class='ocrx_word' id='word_1_908' title='bbox 2522 4034 2782 4100; x_wconf 81' lang='lat' dir='ltr'><strong>fregistis,</strong></span> <span class='ocrx_word' id='word_1_909' title='bbox 2806 4049 2994 4087; x_wconf 90' lang='lat' dir='ltr'><strong>eorum</strong></span> <span class='ocrx_word' id='word_1_910' title='bbox 3021 4035 3231 4103; x_wconf 71' lang='lat' dir='ltr'><strong>species</strong></span> <span class='ocrx_word' id='word_1_911' title='bbox 3262 4031 3561 4103; x_wconf 80' lang='lat' dir='ltr'><strong>revocastis</strong></span> 
     </span>
    </p>
   </div>
   <div class='ocr_carea' id='block_1_127' title="bbox 1993 4100 3558 4170">
    <p class='ocr_par' dir='ltr' id='par_1_127' title="bbox 1993 4100 3558 4170">
     <span class='ocr_line' id='line_1_127' title="bbox 1993 4100 3558 4170; baseline -0.004 -13"><span class='ocrx_word' id='word_1_912' title='bbox 1993 4100 2044 4158; x_wconf 81' lang='lat' dir='ltr'><strong>in</strong></span> <span class='ocrx_word' id='word_1_913' title='bbox 2084 4100 2311 4170; x_wconf 86' lang='lat' dir='ltr'><strong>massas,</strong></span> <span class='ocrx_word' id='word_1_914' title='bbox 2352 4123 2370 4155; x_wconf 81' lang='grc' dir='ltr'><strong>ι</strong></span> <span class='ocrx_word' id='word_1_915' title='bbox 2400 4115 2505 4157; x_wconf 88' lang='lat' dir='ltr'><strong>etc.</strong></span> <span class='ocrx_word' id='word_1_916' title='bbox 2533 4105 2909 4156; x_wconf 69' lang='lat' dir='ltr'><strong>Nazianzenus</strong></span> <span class='ocrx_word' id='word_1_917' title='bbox 2942 4114 3082 4155; x_wconf 88' lang='lat' dir='ltr'><strong>orat.</strong></span> <span class='ocrx_word' id='word_1_918' title='bbox 3120 4102 3145 4152; x_wconf 90' lang='grc'><strong>1</strong></span> <span class='ocrx_word' id='word_1_919' title='bbox 3181 4104 3232 4153; x_wconf 88' lang='lat' dir='ltr'><strong>itt</strong></span> <span class='ocrx_word' id='word_1_920' title='bbox 3261 4100 3558 4163; x_wconf 73' lang='lat' dir='ltr'><strong>lulianum,</strong></span> 
     </span>
    </p>
   </div>
   <div class='ocr_carea' id='block_1_128' title="bbox 1992 4170 3559 4236">
    <p class='ocr_par' dir='ltr' id='par_1_128' title="bbox 1992 4170 3559 4236">
     <span class='ocr_line' id='line_1_128' title="bbox 1992 4170 3559 4236; baseline -0.007 -6"><span class='ocrx_word' id='word_1_921' title='bbox 1992 4175 2366 4230; x_wconf 82' lang='lat' dir='ltr'><strong>Ttteodoretus</strong></span> <span class='ocrx_word' id='word_1_922' title='bbox 2400 4174 2493 4226; x_wconf 91' lang='lat' dir='ltr'><strong>lih.</strong></span> <span class='ocrx_word' id='word_1_923' title='bbox 2526 4189 2584 4226; x_wconf 87' lang='grc' dir='ltr'><strong>ιιι</strong></span> <span class='ocrx_word' id='word_1_924' title='bbox 2624 4173 2764 4225; x_wconf 77' lang='lat' dir='ltr'><strong>Hist.</strong></span> <span class='ocrx_word' id='word_1_925' title='bbox 2787 4212 2801 4236; x_wconf 91' lang='lat'><strong>,</strong></span> <span class='ocrx_word' id='word_1_926' title='bbox 2832 4188 2885 4227; x_wconf 91' lang='lat' dir='ltr'><strong>c.</strong></span> <span class='ocrx_word' id='word_1_927' title='bbox 2920 4172 2986 4226; x_wconf 74' lang='grc'><strong>12</strong></span> <span class='ocrx_word' id='word_1_928' title='bbox 3018 4182 3074 4225; x_wconf 87' lang='lat' dir='ltr'><strong>et</strong></span> <span class='ocrx_word' id='word_1_929' title='bbox 3104 4170 3190 4236; x_wconf 85' lang='grc'><strong>15,</strong></span> <span class='ocrx_word' id='word_1_930' title='bbox 3229 4174 3559 4223; x_wconf 84' lang='lat' dir='ltr'><strong>tantumdem</strong></span> 
     </span>
    </p>
   </div>
   <div class='ocr_carea' id='block_1_129' title="bbox 1994 4238 3563 4311">
    <p class='ocr_par' dir='ltr' id='par_1_129' title="bbox 1994 4238 3563 4311">
     <span class='ocr_line' id='line_1_129' title="bbox 1994 4238 3563 4311; baseline -0.004 -15"><span class='ocrx_word' id='word_1_931' title='bbox 1994 4250 2125 4298; x_wconf 83' lang='lat' dir='ltr'><strong>vitio</strong></span> <span class='ocrx_word' id='word_1_932' title='bbox 2157 4254 2377 4298; x_wconf 88' lang='lat' dir='ltr'><strong>vertunt</strong></span> <span class='ocrx_word' id='word_1_933' title='bbox 2406 4243 2601 4297; x_wconf 80' lang='lat' dir='ltr'><strong>Juliani</strong></span> <span class='ocrx_word' id='word_1_934' title='bbox 2631 4253 2895 4311; x_wconf 74' lang='lat' dir='ltr'><strong>apostatae</strong></span> <span class='ocrx_word' id='word_1_935' title='bbox 2940 4242 3217 4296; x_wconf 78' lang='lat' dir='ltr'><strong>allici-ariis</strong></span> <span class='ocrx_word' id='word_1_936' title='bbox 3263 4250 3318 4292; x_wconf 92' lang='lat' dir='ltr'><strong>et</strong></span> <span class='ocrx_word' id='word_1_937' title='bbox 3346 4238 3563 4306; x_wconf 88' lang='lat' dir='ltr'><strong>agnatis</strong></span> 
     </span>
    </p>
   </div>
   <div class='ocr_carea' id='block_1_130' title="bbox 1994 4311 3563 4378">
    <p class='ocr_par' dir='ltr' id='par_1_130' title="bbox 1994 4311 3563 4378">
     <span class='ocr_line' id='line_1_130' title="bbox 1994 4311 3563 4378; baseline -0.006 -10"><span class='ocrx_word' id='word_1_938' title='bbox 1994 4314 2160 4368; x_wconf 81' lang='lat' dir='ltr'><strong>Felici</strong></span> <span class='ocrx_word' id='word_1_939' title='bbox 2190 4329 2254 4367; x_wconf 89' lang='lat' dir='ltr'><strong>ac</strong></span> <span class='ocrx_word' id='word_1_940' title='bbox 2286 4314 2514 4378; x_wconf 71' lang='lat' dir='ltr'><strong>Elvidio,</strong></span> <span class='ocrx_word' id='word_1_941' title='bbox 2549 4324 2657 4369; x_wconf 86' lang='lat' dir='ltr'><strong>etc.</strong></span> <span class='ocrx_word' id='word_1_942' title='bbox 2690 4312 2940 4376; x_wconf 61' lang='lat' dir='ltr'><strong>(laeteris,</strong></span> <span class='ocrx_word' id='word_1_943' title='bbox 2971 4327 3038 4365; x_wconf 87' lang='lat' dir='ltr'><strong>tte</strong></span> <span class='ocrx_word' id='word_1_944' title='bbox 3064 4312 3275 4378; x_wconf 82' lang='lat' dir='ltr'><strong>longior</strong></span> <span class='ocrx_word' id='word_1_945' title='bbox 3307 4311 3431 4373; x_wconf 79' lang='lat' dir='ltr'><strong>sint,</strong></span> <span class='ocrx_word' id='word_1_946' title='bbox 3470 4323 3563 4360; x_wconf 86' lang='lat' dir='ltr'><strong>su-</strong></span> 
     </span>
    </p>
   </div>
   <div class='ocr_carea' id='block_1_131' title="bbox 1992 4385 2276 4453">
    <p class='ocr_par' dir='ltr' id='par_1_131' title="bbox 1992 4385 2276 4453">
     <span class='ocr_line' id='line_1_131' title="bbox 1992 4385 2276 4453; baseline -0.004 -17"><span class='ocrx_word' id='word_1_947' title='bbox 1992 4385 2276 4453; x_wconf 89' lang='lat' dir='ltr'><strong>persedeo.</strong></span> 
     </span>
    </p>
   </div>
   <div class='ocr_carea' id='block_1_132' title="bbox 2071 4446 3562 4505">
    <p class='ocr_par' dir='ltr' id='par_1_132' title="bbox 2071 4446 3562 4505">
     <span class='ocr_line' id='line_1_132' title="bbox 2071 4446 3562 4505; baseline -0.005 1"><span class='ocrx_word' id='word_1_948' title='bbox 2071 4452 2205 4505; x_wconf 81' lang='lat' dir='ltr'><strong>Novi</strong></span> <span class='ocrx_word' id='word_1_949' title='bbox 2232 4451 2525 4505; x_wconf 79' lang='lat' dir='ltr'><strong>testamenti</strong></span> <span class='ocrx_word' id='word_1_950' title='bbox 2552 4467 2732 4503; x_wconf 85' lang='lat' dir='ltr'><strong>novam</strong></span> <span class='ocrx_word' id='word_1_951' title='bbox 2760 4452 2935 4504; x_wconf 73' lang='lat' dir='ltr'><strong>docuit</strong></span> <span class='ocrx_word' id='word_1_952' title='bbox 2966 4450 3305 4504; x_wconf 74' lang='lat' dir='ltr'><strong>oblationem.</strong></span> <span class='ocrx_word' id='word_1_953' title='bbox 3340 4446 3435 4500; x_wconf 85' lang='lat' dir='ltr'><strong>llis</strong></span> <span class='ocrx_word' id='word_1_954' title='bbox 3467 4447 3562 4499; x_wconf 89' lang='lat' dir='ltr'><strong>de-</strong></span> 
     </span>
    </p>
   </div>
   <div class='ocr_carea' id='block_1_133' title="bbox 1998 4518 3565 4585">
    <p class='ocr_par' dir='ltr' id='par_1_133' title="bbox 1998 4518 3565 4585">
     <span class='ocr_line' id='line_1_133' title="bbox 1998 4518 3565 4585; baseline -0.006 -7"><span class='ocrx_word' id='word_1_955' title='bbox 1998 4524 2191 4585; x_wconf 85' lang='lat' dir='ltr'><strong>clarat,</strong></span> <span class='ocrx_word' id='word_1_956' title='bbox 2231 4522 2507 4576; x_wconf 84' lang='lat' dir='ltr'><strong>Christqu</strong></span> <span class='ocrx_word' id='word_1_957' title='bbox 2546 4522 2711 4574; x_wconf 78' lang='lat' dir='ltr'><strong>verbo</strong></span> <span class='ocrx_word' id='word_1_958' title='bbox 2752 4538 2850 4573; x_wconf 74' lang='lat' dir='ltr'><strong>suo</strong></span> <span class='ocrx_word' id='word_1_959' title='bbox 2887 4523 3183 4574; x_wconf 79' lang='lat' dir='ltr'><strong>insutuisse</strong></span> <span class='ocrx_word' id='word_1_960' title='bbox 3228 4530 3284 4572; x_wconf 86' lang='lat' dir='ltr'><strong>et</strong></span> <span class='ocrx_word' id='word_1_961' title='bbox 3319 4518 3565 4572; x_wconf 87' lang='lat' dir='ltr'><strong>docuisse</strong></span> 
     </span>
    </p>
   </div>
   <div class='ocr_carea' id='block_1_134' title="bbox 1999 4587 3561 4659">
    <p class='ocr_par' dir='ltr' id='par_1_134' title="bbox 1999 4587 3561 4659">
     <span class='ocr_line' id='line_1_134' title="bbox 1999 4587 3561 4659; baseline -0.008 -12"><span class='ocrx_word' id='word_1_962' title='bbox 1999 4593 2328 4647; x_wconf 84' lang='lat' dir='ltr'><strong>sacrificiqu</strong></span> <span class='ocrx_word' id='word_1_963' title='bbox 2356 4591 2601 4659; x_wconf 87' lang='lat' dir='ltr'><strong>corporis</strong></span> <span class='ocrx_word' id='word_1_964' title='bbox 2624 4590 3089 4658; x_wconf 83' lang='lat' dir='ltr'><strong>sui,jussisseque</strong></span> <span class='ocrx_word' id='word_1_965' title='bbox 3117 4589 3411 4656; x_wconf 84' lang='lat' dir='ltr'><strong>apostolos,</strong></span> <span class='ocrx_word' id='word_1_966' title='bbox 3439 4587 3561 4638; x_wconf 90' lang='lat' dir='ltr'><strong>novi</strong></span> 
     </span>
    </p>
   </div>
   <div class='ocr_carea' id='block_1_135' title="bbox 2001 4660 3563 4729">
    <p class='ocr_par' dir='ltr' id='par_1_135' title="bbox 2001 4660 3563 4729">
     <span class='ocr_line' id='line_1_135' title="bbox 2001 4660 3563 4729; baseline -0.006 -14"><span class='ocrx_word' id='word_1_967' title='bbox 2001 4664 2308 4717; x_wconf 88' lang='lat' dir='ltr'><strong>testamenti</strong></span> <span class='ocrx_word' id='word_1_968' title='bbox 2359 4664 2670 4715; x_wconf 87' lang='lat' dir='ltr'><strong>sacerdotes</strong></span> <span class='ocrx_word' id='word_1_969' title='bbox 2702 4672 2754 4714; x_wconf 91' lang='lat' dir='ltr'><strong>et</strong></span> <span class='ocrx_word' id='word_1_970' title='bbox 2788 4663 3071 4729; x_wconf 80' lang='lat' dir='ltr'><strong>episc0pos</strong></span> <span class='ocrx_word' id='word_1_971' title='bbox 3123 4662 3308 4712; x_wconf 89' lang='lat' dir='ltr'><strong>itidetn</strong></span> <span class='ocrx_word' id='word_1_972' title='bbox 3362 4660 3563 4729; x_wconf 86' lang='lat' dir='ltr'><strong>facere,</strong></span> 
     </span>
    </p>
   </div>
   <div class='ocr_carea' id='block_1_136' title="bbox 1998 4728 3563 4798">
    <p class='ocr_par' dir='ltr' id='par_1_136' title="bbox 1998 4728 3563 4798">
     <span class='ocr_line' id='line_1_136' title="bbox 1998 4728 3563 4798; baseline -0.006 -13"><span class='ocrx_word' id='word_1_973' title='bbox 1998 4747 2049 4785; x_wconf 91' lang='lat' dir='ltr'><strong>et</strong></span> <span class='ocrx_word' id='word_1_974' title='bbox 2078 4732 2328 4786; x_wconf 83' lang='lat' dir='ltr'><strong>ecclesiis</strong></span> <span class='ocrx_word' id='word_1_975' title='bbox 2359 4736 2594 4793; x_wconf 87' lang='lat' dir='ltr'><strong>tradere,</strong></span> <span class='ocrx_word' id='word_1_976' title='bbox 2625 4746 2746 4784; x_wconf 91' lang='lat' dir='ltr'><strong>cum</strong></span> <span class='ocrx_word' id='word_1_977' title='bbox 2776 4728 2980 4797; x_wconf 82' lang='lat' dir='ltr'><strong>prunus</strong></span> <span class='ocrx_word' id='word_1_978' title='bbox 3006 4736 3116 4797; x_wconf 85' lang='lat' dir='ltr'><strong>ipse</strong></span> <span class='ocrx_word' id='word_1_979' title='bbox 3144 4729 3299 4798; x_wconf 81' lang='lat' dir='ltr'><strong>juxta</strong></span> <span class='ocrx_word' id='word_1_980' title='bbox 3318 4728 3563 4798; x_wconf 73' lang='lat' dir='ltr'><strong>ordinem</strong></span> 
     </span>
    </p>
   </div>
   <div class='ocr_carea' id='block_1_137' title="bbox 2002 4794 3567 4866">
    <p class='ocr_par' dir='ltr' id='par_1_137' title="bbox 2002 4794 3567 4866">
     <span class='ocr_line' id='line_1_137' title="bbox 2002 4794 3567 4866; baseline -0.005 -11"><span class='ocrx_word' id='word_1_981' title='bbox 2002 4802 2396 4855; x_wconf 82' lang='lat' dir='ltr'><strong>Melchisedech</strong></span> <span class='ocrx_word' id='word_1_982' title='bbox 2423 4802 2717 4864; x_wconf 90' lang='lat' dir='ltr'><strong>obtulerit;</strong></span> <span class='ocrx_word' id='word_1_983' title='bbox 2746 4794 2963 4862; x_wconf 80' lang='lat' dir='ltr'><strong>deinde,</strong></span> <span class='ocrx_word' id='word_1_984' title='bbox 2997 4794 3053 4852; x_wconf 80' lang='grc' dir='ltr'><strong>ιιί</strong></span> <span class='ocrx_word' id='word_1_985' title='bbox 3086 4794 3317 4866; x_wconf 77' lang='lat' dir='ltr'><strong>explicat</strong></span> <span class='ocrx_word' id='word_1_986' title='bbox 3349 4797 3410 4849; x_wconf 84' lang='lat' dir='ltr'><strong>B.</strong></span> <span class='ocrx_word' id='word_1_987' title='bbox 3448 4794 3567 4848; x_wconf 84' lang='lat' dir='ltr'><strong>Cle-</strong></span> 
     </span>
    </p>
   </div>
   <div class='ocr_carea' id='block_1_138' title="bbox 2002 4869 3568 4940">
    <p class='ocr_par' dir='ltr' id='par_1_138' title="bbox 2002 4869 3568 4940">
     <span class='ocr_line' id='line_1_138' title="bbox 2002 4869 3568 4940; baseline -0.007 -15"><span class='ocrx_word' id='word_1_988' title='bbox 2002 4887 2176 4934; x_wconf 84' lang='lat' dir='ltr'><strong>mens,</strong></span> <span class='ocrx_word' id='word_1_989' title='bbox 2207 4871 2702 4940; x_wconf 20' lang='lat' dir='ltr'><strong>pt‘aacepitdicensl:</strong></span> <span class='ocrx_word' id='word_1_990' title='bbox 2741 4888 2759 4920; x_wconf 75' lang='grc' dir='ltr'><strong>ι</strong></span> <span class='ocrx_word' id='word_1_991' title='bbox 2793 4869 2903 4922; x_wconf 90' lang='lat' dir='ltr'><strong>lloc.</strong></span> <span class='ocrx_word' id='word_1_992' title='bbox 2929 4870 3099 4923; x_wconf 87' lang='lat' dir='ltr'><strong>facile</strong></span> <span class='ocrx_word' id='word_1_993' title='bbox 3124 4870 3176 4920; x_wconf 91' lang='lat' dir='ltr'><strong>itt</strong></span> <span class='ocrx_word' id='word_1_994' title='bbox 3212 4882 3396 4940; x_wconf 75' lang='lat' dir='ltr'><strong>meatu</strong></span> <span class='ocrx_word' id='word_1_995' title='bbox 3417 4879 3568 4917; x_wconf 84' lang='lat' dir='ltr'><strong>cout-</strong></span> 
     </span>
    </p>
   </div>
   <div class='ocr_carea' id='block_1_139' title="bbox 2003 4935 3566 5012">
    <p class='ocr_par' dir='ltr' id='par_1_139' title="bbox 2003 4935 3566 5012">
     <span class='ocr_line' id='line_1_139' title="bbox 2003 4935 3566 5012; baseline -0.007 -16"><span class='ocrx_word' id='word_1_996' title='bbox 2003 4935 2449 4996; x_wconf 46' lang='lat' dir='ltr'><strong>tnetnorattone&#39;tu</strong></span> <span class='ocrx_word' id='word_1_997' title='bbox 2483 4940 2551 5012; x_wconf 77' lang='lat'><strong>_”.</strong></span> <span class='ocrx_word' id='word_1_998' title='bbox 2577 4958 2595 4989; x_wconf 80' lang='grc' dir='ltr'><strong>ι</strong></span> <span class='ocrx_word' id='word_1_999' title='bbox 2629 4938 2819 5012; x_wconf 69' lang='lat' dir='ltr'><strong>l‘ieque</strong></span> <span class='ocrx_word' id='word_1_1000' title='bbox 2845 4953 2972 4993; x_wconf 83' lang='lat' dir='ltr'><strong>vero</strong></span> <span class='ocrx_word' id='word_1_1001' title='bbox 3004 4941 3121 5012; x_wconf 88' lang='lat' dir='ltr'><strong>sine</strong></span> <span class='ocrx_word' id='word_1_1002' title='bbox 3154 4938 3351 5012; x_wconf 73' lang='lat' dir='ltr'><strong>insigni</strong></span> <span class='ocrx_word' id='word_1_1003' title='bbox 3386 4935 3566 5012; x_wconf 77' lang='lat' dir='ltr'><strong>impu-</strong></span> 
     </span>
    </p>
   </div>
   <div class='ocr_carea' id='block_1_140' title="bbox 2001 5007 3567 5078">
    <p class='ocr_par' dir='ltr' id='par_1_140' title="bbox 2001 5007 3567 5078">
     <span class='ocr_line' id='line_1_140' title="bbox 2001 5007 3567 5078; baseline -0.006 -13"><span class='ocrx_word' id='word_1_1004' title='bbox 2001 5014 2183 5065; x_wconf 90' lang='lat' dir='ltr'><strong>dentia</strong></span> <span class='ocrx_word' id='word_1_1005' title='bbox 2219 5018 2444 5078; x_wconf 90' lang='lat' dir='ltr'><strong>possunt</strong></span> <span class='ocrx_word' id='word_1_1006' title='bbox 2480 5010 2593 5062; x_wconf 70' lang='grc' dir='ltr'><strong>ιιωο</strong></span> <span class='ocrx_word' id='word_1_1007' title='bbox 2626 5007 2810 5063; x_wconf 78' lang='lat' dir='ltr'><strong>lremei</strong></span> <span class='ocrx_word' id='word_1_1008' title='bbox 2848 5014 3011 5062; x_wconf 89' lang='lat' dir='ltr'><strong>verba</strong></span> <span class='ocrx_word' id='word_1_1009' title='bbox 3046 5011 3112 5061; x_wconf 88' lang='lat' dir='ltr'><strong>ad</strong></span> <span class='ocrx_word' id='word_1_1010' title='bbox 3151 5007 3419 5078; x_wconf 86' lang='lat' dir='ltr'><strong>sacrtticta</strong></span> <span class='ocrx_word' id='word_1_1011' title='bbox 3452 5007 3567 5070; x_wconf 89' lang='lat' dir='ltr'><strong>spi-</strong></span> 
     </span>
    </p>
   </div>
   <div class='ocr_carea' id='block_1_141' title="bbox 2004 5077 3569 5147">
    <p class='ocr_par' dir='ltr' id='par_1_141' title="bbox 2004 5077 3569 5147">
     <span class='ocr_line' id='line_1_141' title="bbox 2004 5077 3569 5147; baseline -0.005 -14"><span class='ocrx_word' id='word_1_1012' title='bbox 2004 5082 2177 5135; x_wconf 79' lang='lat' dir='ltr'><strong>rit..lia</strong></span> <span class='ocrx_word' id='word_1_1013' title='bbox 2226 5080 2508 5147; x_wconf 82' lang='lat' dir='ltr'><strong>torqueri;</strong></span> <span class='ocrx_word' id='word_1_1014' title='bbox 2558 5093 2680 5131; x_wconf 91' lang='lat' dir='ltr'><strong>cum</strong></span> <span class='ocrx_word' id='word_1_1015' title='bbox 2735 5095 2797 5132; x_wconf 89' lang='lat' dir='ltr'><strong>ea</strong></span> <span class='ocrx_word' id='word_1_1016' title='bbox 2851 5095 2987 5132; x_wconf 68' lang='lat' dir='ltr'><strong>nova</strong></span> <span class='ocrx_word' id='word_1_1017' title='bbox 3022 5094 3125 5131; x_wconf 93' lang='lat' dir='ltr'><strong>nou</strong></span> <span class='ocrx_word' id='word_1_1018' title='bbox 3162 5078 3269 5129; x_wconf 77' lang='lat' dir='ltr'><strong>sint</strong></span> <span class='ocrx_word' id='word_1_1019' title='bbox 3325 5077 3378 5125; x_wconf 90' lang='lat' dir='ltr'><strong>in</strong></span> <span class='ocrx_word' id='word_1_1020' title='bbox 3428 5087 3569 5147; x_wconf 82' lang='lat' dir='ltr'><strong>novo</strong></span> 
     </span>
    </p>
   </div>
   <div class='ocr_carea' id='block_1_142' title="bbox 2003 5144 3566 5214">
    <p class='ocr_par' dir='ltr' id='par_1_142' title="bbox 2003 5144 3566 5214">
     <span class='ocr_line' id='line_1_142' title="bbox 2003 5144 3566 5214; baseline -0.005 -11"><span class='ocrx_word' id='word_1_1021' title='bbox 2003 5144 2347 5205; x_wconf 59' lang='lat' dir='ltr'><strong>testamento;</strong></span> <span class='ocrx_word' id='word_1_1022' title='bbox 2380 5146 2545 5200; x_wconf 82' lang='lat' dir='ltr'><strong>Multo</strong></span> <span class='ocrx_word' id='word_1_1023' title='bbox 2572 5151 2748 5202; x_wconf 88' lang='lat' dir='ltr'><strong>adhuc</strong></span> <span class='ocrx_word' id='word_1_1024' title='bbox 2784 5151 2961 5202; x_wconf 88' lang='lat' dir='ltr'><strong>minus</strong></span> <span class='ocrx_word' id='word_1_1025' title='bbox 2996 5151 3059 5201; x_wconf 87' lang='lat' dir='ltr'><strong>ad</strong></span> <span class='ocrx_word' id='word_1_1026' title='bbox 3094 5144 3566 5214; x_wconf 46' lang='lat' dir='ltr'><strong>eleetttosyttas,&#39;in</strong></span> 
     </span>
    </p>
   </div>
   <div class='ocr_carea' id='block_1_143' title="bbox 2002 5214 3568 5286">
    <p class='ocr_par' dir='ltr' id='par_1_143' title="bbox 2002 5214 3568 5286">
     <span class='ocr_line' id='line_1_143' title="bbox 2002 5214 3568 5286; baseline -0.006 -13"><span class='ocrx_word' id='word_1_1027' title='bbox 2002 5225 2233 5286; x_wconf 80' lang='lat' dir='ltr'><strong>gratiam</strong></span> <span class='ocrx_word' id='word_1_1028' title='bbox 2263 5233 2555 5284; x_wconf 83' lang='lat' dir='ltr'><strong>egenorum</strong></span> <span class='ocrx_word' id='word_1_1029' title='bbox 2588 5228 2645 5272; x_wconf 86' lang='lat' dir='ltr'><strong>et</strong></span> <span class='ocrx_word' id='word_1_1030' title='bbox 2682 5220 2938 5273; x_wconf 75' lang='lat' dir='ltr'><strong>Ecclesia:</strong></span> <span class='ocrx_word' id='word_1_1031' title='bbox 2962 5219 3335 5271; x_wconf 88' lang='lat' dir='ltr'><strong>ministrorum</strong></span> <span class='ocrx_word' id='word_1_1032' title='bbox 3368 5230 3396 5264; x_wconf 88' lang='lat' dir='ltr'><strong>a</strong></span> <span class='ocrx_word' id='word_1_1033' title='bbox 3433 5214 3568 5265; x_wconf 83' lang='lat' dir='ltr'><strong>lide-</strong></span> 
     </span>
    </p>
   </div>
   <div class='ocr_carea' id='block_1_144' title="bbox 2002 5289 3567 5356">
    <p class='ocr_par' dir='ltr' id='par_1_144' title="bbox 2002 5289 3567 5356">
     <span class='ocr_line' id='line_1_144' title="bbox 2002 5289 3567 5356; baseline -0.006 -13"><span class='ocrx_word' id='word_1_1034' title='bbox 2002 5294 2144 5345; x_wconf 89' lang='lat' dir='ltr'><strong>libus</strong></span> <span class='ocrx_word' id='word_1_1035' title='bbox 2170 5289 2394 5343; x_wconf 83' lang='lat' dir='ltr'><strong>collatas</strong></span> <span class='ocrx_word' id='word_1_1036' title='bbox 2414 5298 2471 5341; x_wconf 87' lang='lat' dir='ltr'><strong>et</strong></span> <span class='ocrx_word' id='word_1_1037' title='bbox 2495 5289 2707 5342; x_wconf 86' lang='lat' dir='ltr'><strong>oblatas</strong></span> <span class='ocrx_word' id='word_1_1038' title='bbox 2732 5305 2747 5353; x_wconf 89' lang='lat'><strong>;</strong></span> <span class='ocrx_word' id='word_1_1039' title='bbox 2777 5300 2869 5342; x_wconf 88' lang='lat' dir='ltr'><strong>aut</strong></span> <span class='ocrx_word' id='word_1_1040' title='bbox 2899 5291 2963 5342; x_wconf 84' lang='lat' dir='ltr'><strong>ad</strong></span> <span class='ocrx_word' id='word_1_1041' title='bbox 2999 5302 3190 5356; x_wconf 88' lang='lat' dir='ltr'><strong>panem</strong></span> <span class='ocrx_word' id='word_1_1042' title='bbox 3222 5298 3567 5338; x_wconf 87' lang='lat' dir='ltr'><strong>communem</strong></span> 
     </span>
    </p>
   </div>
   <div class='ocr_carea' id='block_1_145' title="bbox 2004 5358 3567 5424">
    <p class='ocr_par' dir='ltr' id='par_1_145' title="bbox 2004 5358 3567 5424">
     <span class='ocr_line' id='line_1_145' title="bbox 2004 5358 3567 5424; baseline -0.007 -11"><span class='ocrx_word' id='word_1_1043' title='bbox 2004 5363 2232 5414; x_wconf 84' lang='lat' dir='ltr'><strong>necdum</strong></span> <span class='ocrx_word' id='word_1_1044' title='bbox 2288 5368 2664 5411; x_wconf 80' lang='lat' dir='ltr'><strong>consecratum</strong></span> <span class='ocrx_word' id='word_1_1045' title='bbox 2724 5358 2938 5423; x_wconf 78' lang='lat' dir='ltr'><strong>referri,</strong></span> <span class='ocrx_word' id='word_1_1046' title='bbox 3004 5368 3063 5411; x_wconf 86' lang='lat' dir='ltr'><strong>ut</strong></span> <span class='ocrx_word' id='word_1_1047' title='bbox 3122 5365 3392 5424; x_wconf 80' lang='lat' dir='ltr'><strong>nugautur</strong></span> <span class='ocrx_word' id='word_1_1048' title='bbox 3446 5368 3567 5405; x_wconf 86' lang='lat' dir='ltr'><strong>cum</strong></span> 
     </span>
    </p>
   </div>
   <div class='ocr_carea' id='block_1_146' title="bbox 2004 5424 3570 5501">
    <p class='ocr_par' dir='ltr' id='par_1_146' title="bbox 2004 5424 3570 5501">
     <span class='ocr_line' id='line_1_146' title="bbox 2004 5424 3570 5501; baseline -0.005 -19"><span class='ocrx_word' id='word_1_1049' title='bbox 2004 5429 2558 5501; x_wconf 80' lang='lat' dir='ltr'><strong>Magdcburgensibus</strong></span> <span class='ocrx_word' id='word_1_1050' title='bbox 2590 5427 2757 5497; x_wconf 83' lang='lat' dir='ltr'><strong>Major</strong></span> <span class='ocrx_word' id='word_1_1051' title='bbox 2787 5437 2841 5484; x_wconf 89' lang='lat' dir='ltr'><strong>et</strong></span> <span class='ocrx_word' id='word_1_1052' title='bbox 2869 5427 3185 5501; x_wconf 81' lang='lat' dir='ltr'><strong>Gallasius;</strong></span> <span class='ocrx_word' id='word_1_1053' title='bbox 3221 5427 3316 5481; x_wconf 86' lang='lat' dir='ltr'><strong>sed</strong></span> <span class='ocrx_word' id='word_1_1054' title='bbox 3344 5426 3410 5477; x_wconf 87' lang='lat' dir='ltr'><strong>de</strong></span> <span class='ocrx_word' id='word_1_1055' title='bbox 3442 5424 3570 5500; x_wconf 79' lang='lat' dir='ltr'><strong>ipsis</strong></span> 
     </span>
    </p>
   </div>
   <div class='ocr_carea' id='block_1_147' title="bbox 1999 5499 3571 5571">
    <p class='ocr_par' dir='ltr' id='par_1_147' title="bbox 1999 5499 3571 5571">
     <span class='ocr_line' id='line_1_147' title="bbox 1999 5499 3571 5571; baseline -0.004 -20"><span class='ocrx_word' id='word_1_1056' title='bbox 1999 5499 2112 5571; x_wconf 80' lang='lat' dir='ltr'><strong>jani</strong></span> <span class='ocrx_word' id='word_1_1057' title='bbox 2138 5500 2298 5553; x_wconf 86' lang='lat' dir='ltr'><strong>verbo</strong></span> <span class='ocrx_word' id='word_1_1058' title='bbox 2324 5499 2417 5552; x_wconf 81' lang='lat' dir='ltr'><strong>Dei</strong></span> <span class='ocrx_word' id='word_1_1059' title='bbox 2449 5500 2781 5553; x_wconf 85' lang='lat' dir='ltr'><strong>consecratis</strong></span> <span class='ocrx_word' id='word_1_1060' title='bbox 2802 5514 2947 5569; x_wconf 83' lang='lat' dir='ltr'><strong>pane</strong></span> <span class='ocrx_word' id='word_1_1061' title='bbox 2977 5508 3032 5553; x_wconf 93' lang='lat' dir='ltr'><strong>et</strong></span> <span class='ocrx_word' id='word_1_1062' title='bbox 3064 5499 3234 5552; x_wconf 85' lang='lat' dir='ltr'><strong>calice</strong></span> <span class='ocrx_word' id='word_1_1063' title='bbox 3268 5505 3393 5549; x_wconf 88' lang='lat' dir='ltr'><strong>sunt</strong></span> <span class='ocrx_word' id='word_1_1064' title='bbox 3423 5508 3571 5547; x_wconf 82' lang='lat' dir='ltr'><strong>acci-</strong></span> 
     </span>
    </p>
   </div>
   <div class='ocr_carea' id='block_1_148' title="bbox 397 5681 3572 5770">
    <p class='ocr_par' dir='ltr' id='par_1_148' title="bbox 397 5681 3572 5770">
     <span class='ocr_line' id='line_1_148' title="bbox 397 5681 3572 5770; baseline -0.001 -21"><span class='ocrx_word' id='word_1_1065' title='bbox 397 5696 441 5733; x_wconf 80' lang='grc'>¹¹</span> <span class='ocrx_word' id='word_1_1066' title='bbox 470 5697 526 5750; x_wconf 92' lang='lat' dir='ltr'><strong>ltt</strong></span> <span class='ocrx_word' id='word_1_1067' title='bbox 562 5696 839 5770; x_wconf 74' lang='lat' dir='ltr'><strong>leonibus.</strong></span> <span class='ocrx_word' id='word_1_1068' title='bbox 867 5769 874 5770; x_wconf 14' lang='grc' dir='ltr'>ί</span> <span class='ocrx_word' id='word_1_1069' title='bbox 909 5697 955 5731; x_wconf 79' lang='grc'><strong>³⁸</strong></span> <span class='ocrx_word' id='word_1_1070' title='bbox 994 5696 1266 5753; x_wconf 73' lang='lat' dir='ltr'><strong>Prommio’</strong></span> <span class='ocrx_word' id='word_1_1071' title='bbox 1300 5699 1336 5751; x_wconf 91' lang='grc'><strong>1.</strong></span> <span class='ocrx_word' id='word_1_1072' title='bbox 1376 5699 1525 5755; x_wconf 83' lang='lat' dir='ltr'><strong>Calv.</strong></span> <span class='ocrx_word' id='word_1_1073' title='bbox 1557 5701 1792 5770; x_wconf 83' lang='lat' dir='ltr'><strong>tlteolog.</strong></span> <span class='ocrx_word' id='word_1_1074' title='bbox 1869 5700 1915 5731; x_wconf 71' lang='grc' dir='ltr'>’δ</span> <span class='ocrx_word' id='word_1_1075' title='bbox 1939 5697 2017 5752; x_wconf 77' lang='lat' dir='ltr'><strong>Ma</strong></span> <span class='ocrx_word' id='word_1_1076' title='bbox 2042 5696 2127 5770; x_wconf 87' lang='lat' dir='ltr'><strong>_th.</strong></span> <span class='ocrx_word' id='word_1_1077' title='bbox 2164 5710 2311 5762; x_wconf 68' lang='lat' dir='ltr'><strong>xx&quot;,</strong></span> <span class='ocrx_word' id='word_1_1078' title='bbox 2334 5697 2430 5770; x_wconf 14' lang='lat'><strong>26.7</strong></span> <span class='ocrx_word' id='word_1_1079' title='bbox 2500 5681 2693 5755; x_wconf 41' lang='lat' dir='ltr'><strong>&quot;—Lib.</strong></span> <span class='ocrx_word' id='word_1_1080' title='bbox 2721 5714 2771 5753; x_wconf 91' lang='lat' dir='ltr'><strong>tv</strong></span> <span class='ocrx_word' id='word_1_1081' title='bbox 2809 5697 2880 5752; x_wconf 86' lang='lat' dir='ltr'><strong>De</strong></span> <span class='ocrx_word' id='word_1_1082' title='bbox 2914 5713 3082 5763; x_wconf 89' lang='lat' dir='ltr'><strong>sacr.,</strong></span> <span class='ocrx_word' id='word_1_1083' title='bbox 3116 5709 3163 5748; x_wconf 90' lang='lat' dir='ltr'><strong>c.</strong></span> <span class='ocrx_word' id='word_1_1084' title='bbox 3194 5693 3246 5759; x_wconf 64' lang='grc'><strong>1,</strong></span> <span class='ocrx_word' id='word_1_1085' title='bbox 3287 5694 3340 5748; x_wconf 75' lang='grc' dir='ltr'><strong>ὕ.</strong></span> <span class='ocrx_word' id='word_1_1086' title='bbox 3415 5692 3460 5721; x_wconf 80' lang='grc'><strong>³⁸</strong></span> <span class='ocrx_word' id='word_1_1087' title='bbox 3494 5688 3572 5744; x_wconf 80' lang='lat' dir='ltr'><strong>De</strong></span> 
     </span>
    </p>
   </div>
   <div class='ocr_carea' id='block_1_149' title="bbox 327 5767 1884 5851">
    <p class='ocr_par' dir='ltr' id='par_1_149' title="bbox 327 5767 1882 5851">
     <span class='ocr_line' id='line_1_149' title="bbox 327 5767 1882 5851; baseline 0.003 -32"><span class='ocrx_word' id='word_1_1088' title='bbox 327 5771 530 5836; x_wconf 84' lang='lat' dir='ltr'><strong>pudtc.,</strong></span> <span class='ocrx_word' id='word_1_1089' title='bbox 565 5783 615 5822; x_wconf 91' lang='lat' dir='ltr'><strong>c.</strong></span> <span class='ocrx_word' id='word_1_1090' title='bbox 654 5768 683 5819; x_wconf 92' lang='lat' dir='ltr'><strong>&quot;t&#39;</strong></span> <span class='ocrx_word' id='word_1_1091' title='bbox 719 5779 769 5822; x_wconf 89' lang='lat' dir='ltr'><strong>et</strong></span> <span class='ocrx_word' id='word_1_1092' title='bbox 824 5769 906 5823; x_wconf 85' lang='grc'><strong>10.</strong></span> <span class='ocrx_word' id='word_1_1093' title='bbox 985 5770 1025 5799; x_wconf 77' lang='grc'><strong>’⁷</strong></span> <span class='ocrx_word' id='word_1_1094' title='bbox 1063 5770 1231 5823; x_wconf 82' lang='grc' dir='ltr'><strong>Τοιιιο</strong></span> <span class='ocrx_word' id='word_1_1095' title='bbox 1271 5771 1376 5829; x_wconf 71' lang='grc' dir='ltr'><strong>γιι.</strong></span> <span class='ocrx_word' id='word_1_1096' title='bbox 1455 5772 1498 5801; x_wconf 76' lang='grc'><strong>⁸⁸</strong></span> <span class='ocrx_word' id='word_1_1097' title='bbox 1531 5767 1789 5851; x_wconf 82' lang='lat' dir='ltr'><strong>Apologia</strong></span> <span class='ocrx_word' id='word_1_1098' title='bbox 1829 5771 1882 5824; x_wconf 61' lang='grc' dir='ltr'><strong>ἓ.</strong></span> 
     </span>
    </p>
   </div>
   <div class='ocr_carea' id='block_1_150' title="bbox 1990 5767 2463 5851">
    <p class='ocr_par' dir='ltr' id='par_1_150' title="bbox 1990 5767 2463 5834">
     <span class='ocr_line' id='line_1_150' title="bbox 1990 5767 2463 5834; baseline 0 -13"><span class='ocrx_word' id='word_1_1099' title='bbox 1990 5771 2004 5792; x_wconf 76' lang='grc'>³</span> <span class='ocrx_word' id='word_1_1100' title='bbox 2039 5767 2171 5822; x_wconf 87' lang='lat' dir='ltr'><strong>Luc.</strong></span> <span class='ocrx_word' id='word_1_1101' title='bbox 2207 5780 2342 5834; x_wconf 69' lang='grc' dir='ltr'><strong>χχιι,</strong></span> <span class='ocrx_word' id='word_1_1102' title='bbox 2379 5769 2463 5824; x_wconf 84' lang='grc'><strong>19.</strong></span> 
     </span>
    </p>
   </div>
  </div>
