3970 6378
403 352 423 403 Ι
436 348 536 401 733

1710 335 2067 393 VARIORUM
2108 333 2319 392 ΝΟΤιΕ

3525 334 3669 391 i756

399 471 542 530 stize,
591 480 696 519 non
730 463 1095 533 metonymice
1126 468 1178 533 et
1217 457 1562 533 imaginarie,
1594 458 1686 511 sed
1718 457 1972 533 substan-
2004 461 2050 517 Α
2156 456 2356 533 {Vestra
2385 463 2562 533 autem
2586 469 2882 533 consonam
2910 463 2990 533 est
3016 455 3297 533 sententia.
3345 452 3627 533 iinti’ensis
3648 472 3666 508 :

405 528 796 603 tiali'realique
831 528 1285 603 transmutatione
1319 528 1376 582 lit
1405 528 1576 597 ipsum
1624 541 1819 597 corpus
1867 528 1973 581 Do-

406 608 539 663 mini
572 601 739 659 nostri
769 603 893 658 Jesu
922 601 1143 655 Christi.

473 677 671 731 Beatus
714 675 999 742 episcopus
1046 680 1100 723 et
1152 674 1359 737 martyr
1402 665 1671 742 [inmensis
1708 663 1780 718 ita
1834 665 1977 742 hunc

400 746 591 802 Irenaei
644 735 815 795 locum
876 735 1313 807 interpretatur}
1366 756 1384 786 ι
1415 736 1647 807 Perinde
1681 744 1766 807 est
1814 750 1879 788 ac
1929 735 1973 788 si

401 816 674 871 dixisset:
708 813 973 878 Quoniam
1024 805 1157 861 caro
1201 806 1406 878 Christi
1460 805 1716 878 vivificati
1768 814 1873 878 est,
1922 814 1976 878 et

402 886 591 938 eadem
624 874 924 934 resurrexit
972 879 1038 930 ad
1090 878 1252 928 vitam
1309 874 1817 941 incorruptibiiem;
1854 874 1977 926 inde

406 956 484 1013 tit,
519 961 576 1003 ut
612 952 701 1018 qtti
731 965 950 1002 carnem
978 948 1122 999 illam
1157 946 1318 1018 digne
1348 945 1724 1005 comederunt,
1758 945 1802 996 si
1828 944 1975 997 nulla

402 1014 641 1091 posthac
664 1035 758 1073 sua
788 1019 943 1086 culpa
975 1018 1227 1069 virtutem
1261 1014 1404 1067 illam
1430 1028 1600 1091 quam
1627 1023 1973 1091 acceperunt,

405 1081 679 1147 amittant,
732 1081 919 1140 eorum
968 1101 1195 1155 corpora
1253 1081 1642 1154 proculdubio
1688 1090 1978 1150 resurgent

403 1160 471 1216 ad
500 1158 990 1211 immorta!itatem.
1020 1174 1036 1204 ι

477 1230 611 1281 Ilnie
664 1228 946 1280 sententiie
993 1223 1289 1277 subscribit
1332 1223 1568 1293 Cyrillus
1614 1222 1763 1275 Alex.
1811 1219 1871 1293 in
1900 1235 1974 1284 Vt,

403 1315 523 1366 cap.
551 1298 638 1358 i0.
672 1298 871 1349 diserte
903 1310 1006 1347 non
1044 1294 1245 1366 minus,
1278 1291 1439 1366 quam
1467 1292 1657 1345 diﬂ'nse
1682 1291 1978 1366 ostendens

404 1359 625 1422 carnem
658 1367 859 1420 Citriin
897 1365 1017 1416 ideo
1055 1359 1468 1415 vivilicatricem
1510 1376 1654 1422 esse,
1684 1362 1811 1429 quia
1847 1359 1979 1411 inef-

405 1437 643 1491 fabiliter
694 1436 981 1504 conjuncta
1014 1442 1098 1485 est
1149 1431 1284 1484 Filio
1323 1433 1455 1495 Dei;
1496 1446 1530 1504 Aa
1561 1446 1667 1498 quo
1720 1430 1973 1482 universa

407 1506 771 1562 viviticantur.
799 1501 1003 1572 quique
1052 1516 1149 1566 per
1179 1512 1429 1554 naturain
1460 1501 1564 1553 vita
1596 1509 1700 1559 est.
1750 1514 1973 1572 CIII—ll‘t'g

407 1577 528 1628 vivo
560 1575 720 1626 Patre
764 1567 980 1641 genitus
1030 1572 1100 1625 sit
1134 1589 1147 1601 ·
1184 1571 1518 1639 proindeque
1551 1584 1782 1641 eorpora
1819 1567 1974 1636 165

406 1655 589 1697 nostra
648 1639 1015 1709 quamtunivis
1066 1640 1497 1707 corrumpenda,
1560 1639 1811 1709 arrltain.
1864 1640 1972 1709 jus,

406 1715 624 1775 vinique
668 1706 915 1779 gloriosis:
969 1706 1415 1779 immortalitatis,
1450 1722 1513 1760 ex
1569 1708 1712 1779 illius
1745 1706 1973 1779 naturali

2082 546 2101 580 i
2159 525 2343 594 Pergit
2391 526 2568 579 adhuc
2620 525 2876 587 tremens,
2930 525 3209 594 insinuans
3257 523 3523 576 Ecclesia:
3569 527 3669 575 do-

2078 593 2287 665 gmata,
2332 605 2440 647 tttiii
2488 596 2590 647 sibi
2634 604 2847 655 mutuo,
2899 604 3015 665 tum,
3055 593 3151 661 ipsi
3200 594 3419 644 veritati
3463 609 3668 665 conre-

2079 663 2195 719 nire
2240 665 2423 718 :sicut
2468 665 2845 718 haereticorum
2900 677 2931 715 e
2970 663 3188 716 diverso
3231 671 3340 714 tam
3375 678 3502 714 cum
3544 664 3663 727 ipsa

2078 736 2328 798 veritate,
2375 750 2535 798 quam
2581 749 2766 786 secum
2810 733 2973 785 etiam
3027 740 3289 799 pugnant.
3336 731 3475 783 Nam
3518 733 3667 800 quod

2080 805 2193 871 ipse
2226 803 2409 856 mundi
2453 802 2753 855 fabricator
2797 801 3001 854 Christi
3049 802 3204 853 Pater
3229 800 3334 859 sit.
3381 817 3512 853 cum
3560 804 3666 853 isto

2078 883 2361 933 consonat.
2393 872 2535 939 quod
2567 873 2682 939 ipse
2708 872 2959 924 Christus
2991 872 3261 924 creaturis
3301 872 3387 921 ab‘
3407 871 3503 924 illo
3534 886 3669 924 con-

2078 943 2203 996 ditis
2246 953 2450 1003 utatur.
2494 956 2562 994 ex
2625 940 2823 1008 quibus
2864 950 2918 993 et
2966 954 3121 992 suum
3160 940 3329 1007 ipsius
3363 956 3572 1007 corpus
3611 951 3669 993 et

2078 1012 2396 1079 sanguinem
2432 1010 2690 1064 confecit.
2728 1011 2787 1063 Et
2820 1012 2922 1064 hoc
2960 1009 3171 1062 scilicet
3220 1025 3413 1063 rursus
3456 1010 3669 1062 conﬁr-

2080 1092 2216 1144 mat,
2240 1080 2519 1133 Christum
2554 1080 2676 1149 (qui
2724 1080 2918 1133 talibus
2955 1080 3223 1133 creaturis
3258 1088 3368 1132 tam
3403 1091 3668 1147 potenter

2081 1151 2282 1220 utitur)
2317 1166 2418 1220 rion
2452 1149 2696 1220 alterius,
2730 1164 2895 1217 quam
2927 1150 3104 1220 ipsius
3128 1152 3374 1201 omnium
3404 1152 3667 1220 condito-

2082 1222 2154 1271 ris
2180 1218 2300 1272 esse
2328 1218 2545 1271 Filium.
2574 1219 2938 1283 Quamobrem
2978 1228 3033 1271 et
3078 1219 3233 1279 lides,
3268 1234 3373 1286 qua
3406 1218 3666 1272 Christus

2078 1289 2323 1341 creditur
2352 1303 2473 1341 esse
2512 1288 2601 1340 Dei
2646 1287 2839 1349 Filius,
2879 1288 3226 1340 encliaristiie
3260 1300 3574 1353 consonat;
3613 1297 3669 1342 et

2078 1358 2267 1410 eadem
2295 1359 2361 1410 ab
2390 1358 2718 1410 encliaristia
2756 1356 3135 1411 conﬁrmatur.

2150 1425 2435 1494 Oﬂ‘erimus
2465 1427 2603 1479 enim
2633 1429 2701 1478 ei.
2733 1426 2999 1479 Riiii'eiisis
3031 1444 3044 1479 :
3083 1445 3101 1476 i
3140 1423 3242 1479 Per
3274 1427 3666 1479 communica-

2081 1496 2281 1549 tionent
2310 1496 2557 1564 corporis
2590 1506 2641 1549 et
2665 1495 2947 1563 sanguinis
2979 1496 3205 1557 Christi,
3242 1496 3521 1549 ciiicimnr
3556 1512 3663 1548 una

2078 1582 2228 1627 caro,
2260 1580 2507 1639 unusque
2536 1580 2662 1618 enni
2710 1580 2774 1618 eo
2822 1565 3049 1639 spiritus
3073 1568 3666 1639 {quianeetiani_uni-

2079 1643 2241 1687 tatem
2284 1629 2482 1687 Paulus
2522 1649 2663 1702 szepe
2712 1629 2944 1686 testatur
2986 1629 3038 1684 in
3092 1629 3365 1703 Epistolis.
3406 1652 3425 1685 ι
3484 1635 3663 1689 Unum

2084 1722 2101 1755 i
2142 1719 2361 1769 corpus.
2403 1705 2601 1769 inquit,
2640 1703 2788 1754 multi
2820 1717 3032 1761 sumus.
3066 1718 3254 1757 omnes
3293 1705 3388 1770 qui
3437 1708 3523 1757 de
3554 1719 3665 1759 uno

443 1771 822 1848 articipaiione
852 1789 905 1831 et
933 1780 1062 1831 reali
1096 1778 1478 1841 coniunctione
1504 1778 1800 1844 percipere.
1832 1778 1972 1841 quod
2007 1788 2048 1840 Β
2082 1792 2100 1824 i
2147 1788 2285 1839 pane
2306 1771 2774 1841 participantus“,
2816 1790 2833 1821 ι
2862 1773 2925 1824 Ει
2952 1788 3169 1826 rursum
3201 1792 3256 1825 :i
3286 1772 3390 1839 Qui
3418 1774 3667 1827 adimit-et

405 1799 491 1903 iiis
520 1850 857 1903 argumentis
880 1850 1090 1903 probat.
1126 1847 1265 1899 Caro
1298 1848 1597 1900 Salvatoris
1624 1845 1803 1898 Verbo
1830 1845 1975 1903 quod
2085 1860 2103 1893 ι
2149 1843 2272 1900 Deo.
2309 1858 2447 1895 unus
2471 1852 2550 1895 est
2592 1843 2814 1903 spiritus
2832 1840 2897 1893 “.
2934 1861 2952 1893 i
2989 1841 3096 1896 Nec
3118 1853 3295 1903 potest
3326 1854 3482 1897 certe
3506 1846 3664 1903 quis-

448 1856 491 1903 is
520 1845 857 1917 argumentis
878 1850 1090 1913 probat.
1126 1847 1265 1917 Caro
1298 1848 1597 1917 Salvatoris
1624 1845 1803 1898 Verbo
1830 1845 1975 1917 quod

407 1915 730 1973 naturaliter
774 1919 880 1971 vita
918 1927 1022 1979 est,
1076 1916 1385 1981 conjuncta,
1426 1915 1634 1967 vivifica
1671 1924 1803 1967 est:
1849 1916 1977 1967 liac-

405 2003 512 2056 que
539 1991 605 2042 de
640 2004 802 2041 causa
852 1990 903 2040 iit
949 1987 1247 2041 excitandis
1278 1985 1530 2056 mortuis,
1580 1999 1682 2036 nou
1715 1982 1886 2056 solum
1920 1991 1975 2035 nt

406 2052 573 2119 Deus.
605 2058 770 2112 verbo
800 2067 961 2123 atque
992 2057 1219 2123 imperio
1250 2055 1502 2123 utebatur
1528 2069 1543 2117 ;
1592 2067 1776 2107 verum
1809 2052 1971 2106 etiam

406 2128 588 2179 carnis
631 2140 741 2179 sua:
773 2122 1254 2178 contrectatiouein
1285 2122 1594 2185 adhibebat,
1633 2131 1689 2175 ut
1721 2124 1977 2181 ostende-

409 2206 491 2248 ret
517 2210 716 2263 corpus
741 2211 899 2248 suum
926 2192 1195 2246 vivificare
1220 2208 1394 2262 posse.
1431 2189 1596 2259 Igitur
1618 2192 1833 2263 quando
1854 2205 1971 2263 eam

406 2261 630 2317 carnem
653 2264 1010 2325 comedititns.
1059 2272 1185 2315 tunc
1216 2261 1381 2314 tritam
1421 2263 1679 2313 habemus
1715 2261 1766 2311 in
1798 2262 1972 2324 nobis,

405 2349 526 2399 qua:
549 2334 851 2386 committet
874 2344 928 2387 et
957 2334 1155 2386 inseret
1178 2332 1398 2385 omnino
1426 2328 1824 2384 immortalitati
1854 2345 1974 2398 par-

409 2404 598 2467 ticipes
635 2402 738 2457 sui.

480 2472 679 2525 Deinde
741 2472 823 2526 itis
858 2470 1119 2539 exemplis
1151 2485 1261 2523 rem
1300 2468 1551 2521 illustrat.
1580 2467 1731 2536 Aqua
1765 2481 1831 2521 ex
1858 2485 1976 2539 ita.

407 2550 523 2593 tura
568 2542 783 2609 frigida,
823 2538 1051 2595 adventu
1097 2540 1238 2609 ignis
1277 2538 1585 2609 frigiilitatis
1616 2554 1748 2609 _str.e
1780 2538 1970 2609 oblita,

404 2621 620 2664 aestuat.
644 2606 879 2676 Quando
912 2624 1057 2663 mors
1083 2606 1139 2662 iii
1170 2606 1557 2677 primogenitos
1592 2606 1972 2677 Egyptiorutii

405 2682 682 2744 sawiebat,
726 2694 920 2733 carnes
960 2680 1084 2746 agni
1134 2676 1524 2730 ntandne’antes
1560 2676 1791 2741 Hebraei,
1823 2676 1971 2741 ejus-

405 2763 511 2815 que
548 2750 810 2818 sanguine
844 2748 1282 2818 superliminaria
1327 2756 1707 2815 perungentcs,
1743 2755 1970 2818 mortem

406 2815 728 2887 etfiigeruitt.
764 2815 1109 2885 Mulierapud
1141 2815 1447 2873 Matthieum
1487 2818 1809 2887 fermentum
1846 2816 1975 2869 abs-

406 2883 588 2942 condit
644 2889 697 2940 iit
756 2888 941 2941 farina:
984 2883 1117 2940 satis
1167 2888 1358 2948 tribus,
1397 2897 1451 2938 et
1490 2900 1677 2952 parum
1722 2883 1971 2938 ferritenti

410 2965 578 3010 totam
629 2974 862 3012 massam
916 2956 1344 3019 fertiientat;sic
1395 2954 1613 3023 parvula
1667 2954 1972 3007 benedictio

410 3036 579 3079 totum
621 3029 894 3081 hominem
946 3028 997 3079 in
1044 3042 1103 3079 se
1142 3026 1404 3087 attrahit,
1444 3036 1499 3076 et
1542 3039 1636 3076 sna
1671 3024 1841 3090 gratia
1890 3040 1974 3075 re-

2085 1860 2103 1893 i
2149 1843 2447 1911 Deoaunus
2471 1852 2550 1895 est
2592 1843 2814 1909 spiritus
2832 1840 2897 1893 “.
2934 1861 2952 1893 i
2989 1841 3096 1896 Nec
3118 1853 3295 1910 potest
3326 1854 3482 1897 certe
3506 1846 3664 1911 quis-

2078 1927 2240 1980 quam
2285 1910 2393 1964 Deo
2437 1910 2782 1977 conjunctius
2828 1912 3136 1971 adbaarere.
3178 1928 3340 1980 quant
3385 1914 3481 1979 qui
3528 1910 3659 1967 cuiu

2080 1983 2284 2048 pietate
2307 1994 2473 2051 carne
2505 1981 2709 2033 Christi
2743 1981 3001 2051 vescitur,
3035 1990 3089 2033 et
3118 1982 3358 2049 ejusdem
3383 1986 3660 2051 sanguine

2060 2060 2318 2118 potatur.
2347 2048 2450 2102 Per
2477 2051 2657 2103 cibum
2687 2050 2834 2102 enim
2861 2052 3024 2103 istuni
3055 2048 3477 2119 incorporamur
3498 2048 3664 2106 Citri-

2079 2130 2187 2180 sto.
2227 2129 2281 2171 et
2328 2135 2491 2171 unum
2537 2133 2659 2171 cum
2703 2119 2822 2187 ipso
2865 2133 3066 2186 corpus
3108 2120 3391 2174 eliicimur.
3442 2124 3661 2175 Asserit

2076 2190 2220 2242 enim
2252 2188 2369 2257 ipse
2397 2188 2657 2260 irenzens,
2679 2204 2776 2241 nos
2836 2203 2931 2258 per
2955 2200 3354 2242 sacramentum
3382 2194 3664 2260 corporis

2078 2272 2217 2328 vere,
2257 2258 2410 2311 carni
2456 2259 2699 2321 Christi,
2752 2266 2807 2311 et
2851 2273 2948 2327 per
2987 2260 3302 2328 sanguinein
3346 2258 3471 2326 ejus
3516 2258 3663 2314 Vvero

2079 2326 2307 2396 Spiritui
2333 2329 2762 2381 communicare.

2150 2395 2449 2461 Percipient
2480 2398 2859 2449 invocationem
2888 2394 3005 2450 Dei.
3046 2415 3065 2449 ι
3105 2396 3461 2452 Vocationem
3501 2417 3521 2450 ι
3556 2401 3661 2453 ba-

2078 2468 2274 2520 bebant
2308 2482 2498 2520 omnes
2538 2468 2725 2519 excusi
2756 2468 3012 2531 codices;
3064 2477 3120 2520 at
3155 2484 3173 2517 i
3223 2468 3599 2522 invocationis
3636 2489 3656 2521 ι

2077 2551 2202 2597 vox,
2226 2551 2387 2603 quam
2414 2550 2477 2589 ex
2507 2546 2618 2589 vet.
2650 2535 2773 2589 cod.
2814 2537 3174 2599 restituimus,
3216 2548 3405 2604 aperte
3434 2540 3663 2593 deside-

2079 2609 2321 2669 rabatur.
2354 2608 2515 2658 Docet
2543 2616 2740 2661 autent.
2773 2621 2876 2657 non
2916 2608 3040 2669 lide,
3075 2616 3167 2659 aut
3215 2610 3664 2674 apprehensimto

2080 2676 2336 2740 humana,
2369 2676 2679 2737 utdelirant
2709 2674 3036 2740 Calviniani,
3072 2677 3164 2729 sed
3201 2679 3494 2730 verborum
3536 2678 3663 2731 illo-

2078 2761 2220 2807 runt,
2250 2760 2371 2809 quae
2415 2745 2666 2798 Christus
2693 2745 2935 2813 protulit,
2964 2760 3020 2798 et
3045 2746 3290 2813 proferre
3317 2745 3508 2810 jussit,
3544 2750 3661 2799 vir-

2081 2824 2191 2885 tute
2221 2824 2384 2882 atque
2409 2813 2723 2875 cilicientia,
2747 2830 2966 2868 carnem
2994 2826 3048 2868 et
3079 2816 3404 2885 sanguinem
3433 2817 3660 2869 Domini

2078 2884 2289 2945 adesse.
2314 2900 2432 2936 cunt
2461 2886 2618 2951 panis
2647 2886 2981 2949 substantia,
3007 2884 3234 2946 natura,
3263 2896 3316 2938 et
3341 2890 3661 2941 communis

2078 2954 2319 3007 conditio
2346 2954 2569 3013 desinit,
2608 2963 2661 3005 et
2698 2955 2750 3007 iit
2782 2970 3000 3008 carnem
3031 2956 3468 3024 sanguinemque
3497 2956 3662 3008 Chri-

2078 3024 2151 3077 sti
2182 3030 2585 3077 transnmtatur
2612 3038 2625 3073 :
2660 3028 3002 3078 conservatis
3034 3024 3393 3077 nihilominus
3433 3028 3661 3092 quanti-

407 3098 517 3163 plet
547 3114 560 3148 :
588 3106 642 3150 et
679 3098 777 3149 hoc
807 3098 964 3150 modo
1000 3098 1050 3150 in
1082 3096 1237 3148 nobis
1280 3094 1529 3165 Christus
1554 3103 1755 3165 manet,
1792 3101 1847 3145 et
1876 3109 1974 3147 nos
2002 3109 2044 3165 α
2082 3102 2217 3165 tate,
2248 3094 2534 3160 qualitate.
2562 3106 2791 3165 sapore,
2843 3094 3347 3165 reliquisqueiquie
3402 3098 3661 3150 externis

406 3162 460 3217 in
489 3168 724 3218 Christo.
759 3167 1050 3235 Propterea
1090 3166 1259 3218 dicit:
1304 3181 1322 3214 t
1368 3162 1719 3235 Resnseitabo
1747 3178 1877 3225 eumi
1916 3165 1968 3217 iii

409 3237 709 3287 novissimo
748 3232 922 3288 dicar
970 3236 1080 3304 Ego
1118 3236 1295 3304 enim.
1343 3234 1482 3304 dixit
1520 3232 1607 3302 (id
1646 3241 1729 3284 est
1773 3248 1972 3304 corpus

409 3318 611 3367 meum,
660 3307 802 3371 quod
846 3302 1212 3371 coniedetnr),
1266 3302 1602 3355 resuscitabo
1650 3316 1798 3354 eum.
1855 3303 1971 3355 Non

406 3374 551 3424 cnim
590 3374 731 3426 alius
768 3374 883 3439 ipse
910 3385 1175 3441 estquam
1208 3386 1338 3424 earo
1372 3386 1495 3427 sua.

484 3442 546 3493 Et
581 3437 818 3494 iterum}
859 3442 973 3495 Non
1010 3437 1217 3509 poterat
1256 3440 1413 3492 aliter
1452 3437 1822 3506 corruptibilis
1859 3438 1971 3494 bace

411 3519 603 3562 natura
656 3512 907 3577 corporis
947 3508 1019 3562 ad,
1072 3508 1641 3577 incorritptibilitatent
1694 3523 1757 3561 ac
1808 3509 1969 3561 vitam

410 3580 638 3639 traduci.
669 3576 769 3631 nisi
802 3580 1060 3632 naturalis
1088 3581 1209 3631 vitae
1229 3593 1426 3645 corpus
1452 3580 1499 3629 ei
1528 3576 1970 3645 cOnjungeretiir.

408 3646 526 3700 Non
560 3649 739 3701 credis
777 3650 907 3701 mini
940 3650 1052 3701 inec
1080 3648 1318 3699 dicenti?
1356 3645 1596 3704 Christo.
1640 3655 1690 3699 te
1717 3648 1970 3711 obsecro,

411 3718 569 3769 tidem
596 3725 796 3785 praebe.
835 3735 854 3775 ι
890 3716 1080 3778 Amen,
1125 3714 1526 3785 amen,_inquit,
1557 3714 1677 3785 dico
1716 3717 1923 3769 vobis"
1954 3735 1968 3769 :

423 3786 522 3839 nisi
551 3783 1013 3840 uiandueavcritis
1031 3800 1246 3836 carnem
1284 3783 1403 3836 Filii
1440 3784 1697 3847 hominis,
1739 3793 1793 3838 et
1820 3786 1967 3838 bibe-

412 3856 532 3907 rttis
558 3859 878 3922 sanguinein
905 3854 1045 3921 ejus,
1081 3870 1183 3906 itutt
1222 3854 1490 3906 habebitis
1514 3864 1681 3906 \‘llatlt
1706 3854 1759 3906 in
1794 3856 1969 3909 vobis.

411 3925 512 3988 Qui
541 3926 827 3976 manducat
854 3941 1028 3976 ineant
1073 3938 1314 3986 carnem,
1360 3932 1413 3974 et
1457 3923 1590 3974 bibit
1622 3939 1799 3975 meum
1840 3938 1973 3976 san-

409 4009 649 4057 guinem,
688 3995 849 4046 habet
878 3996 1038 4045 vitam
1069 4002 1346 4056 zeternam,
1374 4002 1428 4044 et
1458 3992 1732 4044 suscitabo
1769 4008 1890 4044 eum
1919 3995 1970 4046 in

411 4064 706 4113 novissimo
731 4064 839 4116 die.
886 4081 904 4112 ι
953 4062 1240 4130 ilueusque
1274 4062 1460 4131 Cyrillt
1497 4062 1657 4113 verba
1690 4064 1969 4130 usurpavi.

412 4131 682 4184 i’rartcreo
710 4142 829 4199 qua:
857 4135 922 4185 ad
945 4134 1100 4197 hujus
1139 4133 1348 4184 articuli
1381 4132 1847 4199 continuationem
1877 4134 1974 4182 ad-

410 4209 610 4254 ducere
657 4198 867 4268 poSsea;
916 4217 982 4255 ex
1014 4201 1398 4270 Chrys-ostento
1447 4200 1499 4253 in
1545 4198 1701 4253 Joan.
1742 4210 1796 4253 et
1839 4199 1974 4251 Mat-

413 4273 646 4336 tliteuni;
681 4272 903 4335 llilai'io,
932 4286 1025 4323 \‘ttt
1064 4269 1137 4322 De
1168 4270 1462 4334 'I'rt'tittute,‘
1499 4270 1830 4323 Tertulliani)
1872 4273 1967 4323 lib.

409 4340 487 4391 De
518 4342 895 4393 resurrectione
934 4341 1147 4403 carnis;
1189 4339 1401 4394 Justino
1447 4352 1639 4407 quaest.
1671 4338 1739 4392 44
1768 4344 1832 4391 ad
1873 4357 1967 4391 or-

413 4410 561 4479 lbed.
603 4420 656 4463 et
683 4412 909 4479 ignatio,
942 4410 1113 4478 Epist.
1140 4414 1207 4462 ad
1247 4409 1498 4479 Ephesios
1520 4418 1574 4462 et
1613 4418 1678 4461 ad
1713 4408 1862 4479 lion}.

483 4477 623 4548 Ergo
650 4477 738 4531 aut
767 4489 1079 4532 sententiam
1110 4489 1324 4531 mutent.
1374 4478 1683 4532 linﬂ'ensis:
1721 4496 1739 4527 ‹
1791 4477 1945 4531 Μοιιθ

410 4547 715 4611 literetteos,
745 4564 867 4601 eum
897 4556 1009 4601 inec
1034 4551 1103 4600 ita
1139 4567 1195 4602 se
1221 4549 1474 4615 habeant,
1510 4564 1699 4615 nempe
1734 4549 1876 4614 quod
1902 4564 1967 4600 ex

412 4619 542 4685 i'psis
565 4620 832 4671 creaturis
865 4634 999 4687 parte
1020 4627 1073 4671 ct.
1098 4620 1240 4682 vine,
1264 4619 1510 4671 Christus
1549 4634 1742 4684 corpus
1771 4633 1823 4670 et
1846 4632 1969 4669 aan-

410 4692 623 4753 guinem
653 4702 806 4740 suum
839 4690 1069 4741 instituit
1110 4689 1464 4753 eontieieuda,
1503 4700 1559 4739 ιιι
1596 4691 1851 4755 deinceps
1877 4695 1970 4739 ant

409 4757 683 4809 t.hristum
732 4761 955 4811 credant
999 4758 1341 4812 fabricatoris
1391 4758 1574 4809 mundi
1632 4755 1860 4817 Fliilllll.
1913 4764 1968 4809 et

396 4826 629 4897 Verbum
659 4842 801 4893 esse,
830 4843 935 4895 quo
961 4831 1213 4891 mundus,
1240 4839 1293 4881 et
1334 4843 1453 4897 qua:
1495 4828 1545 4879 itt
1589 4841 1652 4879 eo
1684 4835 1810 4878 stitit
1851 4841 1969 4897 oni-

410 4896 496 4947 nia
532 4897 683 4948 luere
707 4903 946 4959 condita,
977 4909 1070 4950 aut
1103 4901 1169 4951 ab
1196 4899 1459 4965 ejusmodi
1498 4897 1770 4948 saertlicio
1796 4896 1968 4948 absti-

410 4976 592 5035 neant.
630 4985 650 5018 ι
679 4967 957 5035 Ριιιιινμιιε
988 4968 1367 5021 Melancbtbon
1406 4973 1542 5019 bona
1574 4970 1675 5018 tide
1700 4968 1970 5033 pollicitus

410 5034 685 5089 Frideriio
710 5034 977 5107 .iiyeoitio,
1013 5040 1192 5092 libello
1216 5055 1279 5092 eo
1309 5040 1523 5091 nomine
1550 5037 1883 5104 conscripto,
1911 5048 1970 5088 se

412 5110 763 5178 recitaturum
795 5120 1033 5160 veterum
1075 5122 1404 5178 scriptorum
1442 5117 1741 5159 sententias
1779 5110 1847 5156 dc
1870 5119 1970 5157 eu-

410 5174 688 5247 eliartstia,
729 5180 824 5231 has
866 5179 1081 5247 quidem
1124 5174 1316 5244 ali'crt,
1347 5193 1465 5246 quae
1496 5178 1689 5247 realetn
1732 5190 1971 5247 praesen.

412 5246 538 5293 tiam
572 5249 755 5300 cainis
781 5246 981 5301 Christi
1016 5261 1264 5303 asserunt
1294 5267 1307 5303 :
1343 5251 1437 5301 sed
1480 5246 1741 5315 singulari
1783 5246 1974 5297 fraude

412 5321 520 5364 lies
586 5320 717 5369 istas
779 5321 988 5383 reticet,
1042 5335 1163 5387 qua:
1220 5321 1456 5389 ejusdem
1502 5320 1834 5370 oblationem
1884 5330 1974 5368 as-

411 5392 617 5436 tt'uunt.
662 5390 815 5450 Quod
865 5392 1158 5442 observare
1203 5391 1381 5451 libuit,
1425 5397 1481 5438 ut
1510 5389 1688 5439 nullus
1732 5402 1974 5438 continu-

410 5464 620 5528 veatur,
675 5461 871 5510 anteis
914 5462 1189 5525 contidai,
1245 5462 1335 5528 qui
1384 5458 1605 5512 Patrum
1663 5456 1974 5510 testimonia

410 5536 559 5579 tanto
584 5527 706 5580 dolo
728 5529 935 5582 soleant
969 5547 1257 5599 usurpare.

479 5736 519 5765 “
557 5734 711 5789 Joan.
745 5751 819 5802 Vi,
848 5734 933 5803 Si,
963 5736 1051 5791 55.
1112 5736 1172 5811 .⁴¹
1207 5732 1227 5788 ι
1264 5736 1387 5791 Cor.
1421 5750 1475 5800 x,
1513 5735 1595 5789 Π.

1949 4450 2045 4529 ιι)

1668 5734 1717 5797 ηδτ
1746 5728 1763 5783 Ι
1794 5729 1923 5787 Cor.
1966 5743 2041 5784 γι.

2080 3164 2333 3217 sensibus
2362 3177 2427 3215 ex
2460 3162 2730 3216 accidenti
2772 3162 3126 3219 conveniunt.
3171 3164 3245 3217 Eu
3274 3164 3441 3232 igitur
3486 3179 3658 3218 seitsu

2077 3246 2268 3300 panem
2298 3246 2639 3285 communem
2673 3249 2891 3286 manere
2921 3243 3099 3302 negat,
3133 3236 3225 3287 sed
3257 3234 3658 3287 eucharistiam

2077 3304 2194 3355 lieri
2224 3303 2377 3365 dicit,
2419 3317 2539 3369 quae
2573 3312 2786 3355 terrena
2818 3304 2975 3371 panis
3002 3314 3057 3357 et
3084 3304 3191 3355 vini
3222 3304 3423 3369 specie.
3458 3308 3660 3371 simu;-

2075 3386 2181 3440 que
2203 3372 2409 3425 caelesti
2438 3367 2525 3423 iet
2550 3372 2786 3438 gloriosa
2819 3367 3032 3426 Domini
3057 3387 3222 3425 carne
3252 3367 3475 3426 constat
3505 3389 3521 3425 :
3572 3367 3659 3426 vel

2076 3457 2243 3495 carne
2275 3441 2504 3503 Citristi.
2535 3454 2654 3508 qu:e
2681 3452 2902 3495 terreno
2944 3442 3181 3511 Virginis
3210 3454 3367 3495 utero
3406 3443 3654 3510 prodiit;

2074 3511 2338 3582 Civiltiiltta
2375 3526 2496 3578 qua:
2546 3514 2652 3564 Deo
2697 3526 2931 3578 superne
2999 3526 3220 3567 creante
3266 3515 3490 3581 corpori
3538 3513 3659 3582 ejus

2075 3580 2253 3633 inlusa
2279 3590 2332 3633 et
2368 3584 2763 3634 communicata
2802 3590 2907 3633 est.

2146 3650 2299 3704 lianc
2332 3664 2493 3717 porro
2538 3664 2660 3704 esse
2698 3651 2939 3702 omnium
2976 3660 3291 3704 sanctorum
3330 3648 3658 3704 Graecorum

2075 3730 2129 3771 et
2155 3718 2472 3771 Latinorqu
2504 3720 2684 3781 Iidem,
2718 3734 2781 3772 ex
2817 3719 3119 3773 innumeris
3146 3721 3490 3773 selectioruai
3524 3728 3662 3774 εςτιο

2075 3800 2287 3860 ptoritm
2323 3789 2678 3860 testimoniis
2723 3789 3076 3860 conﬁrmabo.
3145 3790 3392 3843 Justinus
3447 3801 3661 3860 martyr

2077 3859 2292 3920 scribit,
2321 3858 2616 3930 interprete
2646 3858 2871 3930 Celenio
2897 3874 2913 3912 :
2952 3877 2969 3909 i
3003 3861 3119 3913 Non
3152 3870 3211 3911 ut
3239 3860 3521 3929 vulgarem
3557 3858 3659 3930 pli-

2075 3942 2197 3997 item
2233 3937 2289 3979 et
2323 3928 2547 3996 vulgare
2577 3928 2827 3994 poculum
2855 3931 2968 3982 haec
2996 3930 3261 3983 sumimus
3291 3947 3304 3981 :
3338 3928 3433 3982 Sed
3456 3928 3657 3997 quem-

2073 3996 2363 4048 admodum
2399 4012 2497 4064 per
2533 3999 2759 4051 verbum
2808 3998 2897 4052 Dei
2930 4015 3057 4053 caro
3091 3999 3267 4053 lactus
3295 3997 3456 4051 Jesus
3478 3996 3658 4052 Chri-

2074 4072 2188 4137 stus
2236 4068 2496 4119 Servator
2549 4080 2769 4130 noster,
2820 4085 3041 4121 carnem
3079 4082 3135 4121 et
3182 4072 3505 4135 sanguinem
3557 4084 3658 4137 pro

2074 4134 2245 4187 Salute
2271 4147 2453 4188 nostra
2485 4138 2675 4189 itabnit
2702 4154 2717 4199 ;
2748 4138 2827 4190 sic
2854 4142 3017 4191 etiam
3042 4138 3108 4189 δι’
3134 4134 3300 4208 εὐχῆς
3328 4138 3517 4207 λόγου,
3557 4134 3660 4205 per

2078 4207 2296 4277 verbum
2326 4216 2657 4273 precationis
2679 4220 2730 4259 ct
2760 4210 3060 4277 gratiarum
3086 4207 3340 4272 actionis,
3373 4220 3655 4262 sacratam

2074 4274 2143 4325 ab
2172 4272 2288 4340 ipso
2318 4272 2654 4338 alimoniam,
2684 4272 2804 4345 qua:
2852 4290 3054 4332 mutata
3084 4281 3255 4331 nutrit
3284 4289 3502 4331 nostras
3525 4295 3651 4331 car-

2075 4357 2170 4393 nes
2197 4352 2253 4396 et
2290 4347 2629 4413 sanguinein,
2679 4351 2822 4399 illius
2873 4349 3139 4401 incantati
3182 4348 3312 4402 ὗες-ιιι
3343 4362 3572 4402 carnem
3601 4359 3659 4402 ct

2075 4415 2390 4479 sanguinein
2416 4431 2536 4468 esse
2572 4417 2860 4470 didicimus
2884 4417 2951 4469 ⁸⁵.
2992 4438 3011 4470 i

2148 4483 2430 4551 Origenes,
2472 4500 2637 4553 panes
2677 4488 2889 4539 oblatos
2920 4503 3018 4557 per
3061 4486 3471 4542 obsecrationes
3511 4486 3657 4541 caici

2075 4566 2272 4617 corpus
2315 4566 2590 4615 sanctum,
2633 4558 2983 4611 saitcttticaus
3017 4572 3111 4611 eos
3143 4558 3232 4624 qui
3280 4572 3413 4610 sana
3468 4571 3656 4611 mente

2078 4632 2318 4686 utantur,
2355 4625 2451 4676 tib.
2484 4638 2575 4675 \‘llt
2601 4624 2797 4677 Contra
2826 4625 3058 4688 Celsum,
3090 4629 3401 4679 continuat.

2147 4711 2443 4781 Hesychius
2502 4715 2597 4768 lib.
2654 4732 2708 4770 γι
2761 4720 2813 4769 in
2850 4717 3189 4781 Leviticum,
3243 4731 3366 4783 cap.
3410 4714 3504 4780 23,
3555 4730 3662 4784 per

2074 4781 2279 4856 Christi
2305 4798 2579 4856 Διιιιιιικιιιι
2611 4799 2665 4838 et
2712 4790 2984 4856 prolatum
3020 4795 3085 4839 ab
3116 4804 3182 4840 eo
3232 4781 3481 4851 i'erbuttt,
3534 4781 3660 4855 qua:

2077 4851 2128 4903 in
2158 4853 2315 4905 altari
2352 4856 2623 4919 Videntur,
2655 4851 2843 4910 st'ncta
2876 4860 3027 4911 reddi
3059 4859 3239 4910 docet.

2143 4943 2377 5017 Cyrillns
2402 4946 2559 5017 Alex.
2589 4948 2653 5017 ad
2688 4947 3015 5001 Calosirinm
3059 4948 3399 5015 episcopum,
3431 4946 3533 5017 τῆς
3558 4947 3655 5001 εὑ-

2073 5011 2260 5080 λογίὲις
2301 5014 2552 5085 δυνάμει,
2586 5016 2637 5069 id
2676 5028 2780 5081 est,
2819 5011 3214 5071 benedictionis
3250 5011 3501 5079 rirture,‘
3531 5034 3664 5069 sam

2075 5096 2219 5136 etunt
2267 5100 2465 5153 corpus
2511 5089 2716 5140 Christi
2763 5089 2951 5141 adesse
2997 5096 3379 5151 sacramento,
3411 5097 3468 5138 et
3501 5099 3661 5141 extra

2078 5168 2232 5205 usuin
2270 5170 2594 5221 permanere
2626 5158 2821 5210 credit.

2148 5244 2442 5315 Gregorius
2488 5246 2797 5317 Nysseuus.
2855 5264 3052 5317 panem
3109 5248 3162 5302 in
3213 5262 3409 5315 corpus
3467 5249 3660 5301 statim

2079 5320 2406 5370 commutari
2440 5335 2454 5383 ;
2487 5320 2548 5369 οὐ
2577 5318 2663 5371 διὰ
2701 5318 2986 5389 βρώσεως,
3018 5318 3153 5371 ἀλλὰ
3182 5317 3276 5371 τοῦ
3319 5318 3519 5386 λόγου,
3549 5336 3659 5370 non

2081 5401 2183 5459 per
2218 5402 2392 5449 esum,
2440 5392 2533 5459 sed
2581 5405 2677 5459 per
2721 5395 2944 5442 verbum
3000 5390 3094 5443 Dei
3138 5391 3358 5453 scribit,
3412 5404 3525 5442 ser.
3576 5401 3665 5440 ca-

2084 5458 2254 5519 tecb.,
2281 5471 2401 5525 cap.
2435 5458 2526 5511 57.

2155 5527 2385 5595 Cyrillus
2429 5544 2705 5584 sacrorum
2750 5525 3220 5600 Jerosolyntorum
3248 5537 3373 5581 ante
3414 5525 3569 5581 inille
3604 5532 3666 5581 et

2120 5729 2165 5759 “
2196 5727 2351 5798 Apol.
2391 5729 2446 5785 8.
