3970 6378
532 335 671 395 ηδε

1847 338 2210 397 ιἈιιιοιιυιι
2251 338 2457 399 NOTAE

3681 333 3809 391 "56

534 472 623 513 res
649 457 807 529 digna
842 468 944 524 est,
974 469 1233 530 quantam
1269 462 1321 515 in
1350 475 1468 514 eam
1514 461 1748 515 Faustus
1777 461 2030 517 inii-uicus
2059 470 2115 515 et
2146 466 2188 524 Α
2218 461 2364 515 omni
2396 460 2647 524 crimine,
2680 458 2791 513 imo
2835 473 2964 514 vero
2994 472 3093 527 pro
3120 458 3320 529 quibus
3371 466 3588 517 tantam
3619 462 3805 530 apolo-

532 543 712 583 caecns
741 533 1003 588 evomuit.
1049 551 1067 583 ι
1122 532 1441 586 Ambrosius
1477 532 1568 587 ιιι).
1617 547 1653 585 ιι
1702 531 1776 585 De
1821 532 2111 593 Abraham,

533 612 657 671 cap.
686 599 722 671 2
754 618 766 630 ·
804 601 1137 655 «Inebriatus
1159 603 1306 665 vino,
1332 602 1463 671 quid
1494 610 1705 671 gereret
1741 603 2043 656 nesciebat.
2090 621 2107 652 ι

550 738 564 790 1
609 669 716 723 Sed
750 672 1127 725 consummavit
1161 682 1360 741 typum.
1396 669 1518 726 Vel:
1547 672 1673 726 cod.
1709 690 1728 723 ι
1780 674 1875 727 sed
1910 690 1928 723 ι
1965 672 2112 726 desi-

568 750 706 790 erat.

532 750 706 793 derat.

613 809 744 877 Pag.
774 810 897 865 269.
937 810 1037 863 Per
1064 828 1221 880 quam
1252 813 1371 866 dna:
1396 811 1545 880 ﬁlim.
1581 812 1697 867 Non
1729 810 1956 865 multum
1987 811 2113 865 huic

535 879 828 951 dissimiles
881 879 1170 951 allegorias
1216 879 1404 936 fusius
1437 894 1839 951 persequuntur
1874 882 2110 951 August.

531 962 645 1001 xxtt
677 949 871 1003 Contra
921 948 1206 1021 Faustum,
1235 968 1355 1021 cap.
1399 952 1491 1012 41,
1522 948 1732 1019 42,15,
1774 950 1867 1021 44⁹
1916 948 2009 1018 43,
2066 961 2116 1004 et

533 1020 798 1083 Origenes
853 1022 1001 1087 ltotn.
1033 1022 1063 1074 5
1098 1024 1149 1074 in
1177 1020 1316 1085 Gen.

610 1088 765 1161 Veni,
786 1092 1115 1161 potionemns
1139 1104 1339 1160 putrem
1378 1102 1618 1156 nostrum
1647 1093 1784 1148 vino.
1823 1092 1904 1148 Ab
1934 1093 2112 1149 ebrie-

533 1160 666 1213 tatis
697 1161 898 1234 delicto
925 1162 1218 1234 immunem
1254 1162 1355 1217 Lot
1382 1164 1559 1216 facere
1581 1180 1684 1216 non
1708 1171 1886 1234 potest
1914 1162 2110 1234 Orige-

535 1244 711 1315 nes._i
740 1230 1014 1315 .thjoar'ct-
1038 1233 1400 1315 enimculpze,
1425 1234 1523 1300 ait,
1554 1230 1882 1315 quoddecipj
1912 1230 2109 1315 potuit,

530 1300 677 1366 quod
703 1301 828 1354 vino
870 1302 1121 1364 indulsit;
1158 1311 1214 1355 et
1262 1300 1365 1359 bac
1404 1319 1508 1357 non
1556 1300 1745 1365 semel,
1784 1300 1877 1356 sed
1912 1300 2110 1357 iterum

533 1370 682 1443 fecit.
715 1370 963 1443 Ebrietas
994 1372 1214 1440 decipit,
1248 1389 1409 1443 quem
1452 1373 1693 1437 Sodoma
1730 1386 1835 1428 non
1869 1374 2106 1441 decepit.

536 1437 723 1513 Uritur
772 1442 863 1496 ille
914 1437 1148 1495 ﬂammis
1222 1437 1533 1507 m‘nlicrum,
1608 1457 1768 1513 quem
1817 1437 2107 1511 sulphurea

530 1512 747 1585 [lamina
775 1527 882 1585 non
914 1513 1069 1567 ussit.
1114 1513 1586 1585 i‘ClirySOstomus
1626 1510 1688 1585 et
1727 1510 2108 1585 Theodoretus

530 1580 696 1634 facile
723 1582 934 1635 veniam
954 1582 1150 1635 mereri
1175 1580 1392 1646 docent,
1411 1583 1555 1651 quod
1584 1584 1651 1635 ad
1678 1583 1963 1647 levandum
1990 1583 2109 1636 ani-

531 1651 603 1723 mi
661 1665 975 1723 mcerorem,
1033 1668 1097 1705 ex
1156 1654 1495 1707 cliarissinue
1531 1651 1781 1723 conjugis
1812 1663 2107 1711 metamor-

532 1722 687 1789 pliosi
732 1732 787 1775 et
832 1722 1267 1778 clarissimarum
1303 1724 1515 1777 urbium
1573 1724 1844 1779 horrendo
1891 1723 2106 1778 exr-idio

2219 532 2361 596 giam
2400 531 2702 599 contexuit,
2734 544 2834 585 nos
2864 530 3069 598 peccati
3117 530 3307 599 plenos
3330 532 3751 587 condemnare?
3780 552 3801 586 ι

2219 599 2275 654 In
2313 598 2512 668 quibus
2541 599 2787 669 apologia
2820 600 2925 656 ista
2956 598 3240 661 consiStat.
3274 602 3391 668 ipse
3419 617 3552 655 cum
3605 602 3806 656 ticum

2218 669 2449 739 aliisque
2488 684 2625 739 iinox
2678 669 3003 724 declarabit.
3055 670 3257 723 Contra
3314 669 3635 734 Manicbiei,
3692 682 3803 738 post

2216 738 2431 794 veteres
2470 738 2778 801 Guosticos,
2812 740 3299 810 magnimcriminis
3351 741 3471 794 loco
3527 741 3679 795 istud
3729 742 3801 793 fa-

2214 822 2365 864 ctum
2410 811 2752 879 habuerunt.
2803 811 2876 863 uti
2910 808 3201 877 'colligitnr
3244 821 3313 864 rx
3359 810 3659 879 Augustini
3709 811 3796 865 lib.

2219 896 2334 935 XXII
2384 878 2580 949 Contra
2614 877 2899 940 Faustum,
2950 880 3207 949 capaﬂi,
3248 881 3355 949 inhi
3392 877 3641 933 nictliam
3693 882 3800 949 ipse

2218 950 2359 1020 viam
2394 959 2513 1020 post
2539 947 2827 1018 Origcnem
2867 950 3050 1020 homil.
3074 948 3107 1002 5
3142 950 3193 1001 in
3230 948 3467 1004 Genesin
3497 947 3799 1018 ingressus,

2216 1018 2318 1074 Lot
2352 1018 2456 1074 non
2514 1020 2744 1084 incestu,
2787 1020 2882 1073 sed
2935 1018 3199 1072 ebrietate
3248 1033 3523 1086 peccasse
3581 1023 3794 1087 quidem

2215 1091 2396 1155 docet,
2448 1099 2690 1142 attamen
2752 1104 2855 1141 non
2913 1091 3052 1143 adeo
3100 1089 3355 1156 gravitrr,
3423 1091 3501 1143 uti
3562 1089 3800 1145 lueretici

2214 1160 2649 1224 Cotitcndebant;
2683 1174 2857 1227 neque
2885 1159 3004 1213 sine
3029 1160 3286 1229 mysterio
3316 1170 3369 1211 et
3395 1159 3799 1229 signiﬁcatione

2217 1232 2522 1285 futurarum
2574 1243 2754 1282 rerum
2805 1229 2855 1280 iil
2907 1227 3221 1297 contigisse.
3271 1245 3375 1282 una
3418 1227 3551 1282 cum
3603 1227 3797 1285 lrenzo

2210 1302 2440 1370 aliisque
2466 1299 2765 1355 existimat.
2796 1297 3068 1370 Judicinm
3119 1300 3219 1353 hac
3247 1298 3316 1353 de
3360 1315 3421 1353 re
3448 1299 3607 1353 ferre
3644 1310 3798 1354 teme-

2214 1368 2416 1423 rarium
2473 1379 2626 1439 puto,
2661 1384 2725 1421 ac
2778 1368 3005 1437 proinde
3053 1370 3463 1423 observandum
3514 1372 3796 1437 apostolici

2211 1440 2515 1509 presbyteri
2555 1439 2841 1506 tuonitum,
2879 1440 2948 1491 ab
2998 1439 3201 1494 Irenaeo
3242 1440 3588 1509 praecedenti
3636 1443 3799 1510 capite

2211 1521 2597 1564 lllCllIOl‘ﬂllllllo

2284 1576 2471 1650 Neque
2521 1596 2587 1634 ea:
2627 1596 2723 1634 sua
2781 1580 3205 1647 concupiscentia
3252 1579 3487 1650 carnali.
3541 1578 3669 1647 Ipse
3701 1580 3799 1643 Au-

2160 1708 2169 1717 ,
2208 1648 2464 1729 giistiiius
2513 1650 2634 1706 loco
2672 1652 2854 1729 citato
2886 1650 3107 1729 fatetur,
3132 1650 3264 1729 _boc
3310 1648 3433 1729 ιλιιΔ
3473 1650 3800 1729 et_tiliaruia

2209 1718 2326 1786 ejus
2356 1720 2561 1781 factum
2593 1736 2700 1783 non
2740 1722 2813 1774 ita
2844 1721 2895 1774 in
2931 1718 2990 1774 S.
3027 1719 3307 1789 Scriptura
3341 1719 3576 1778 referri.
3617 1740 3637 1772 ι
3678 1737 3739 1774 ac
3761 1724 3798 1775 si

528 1801 898 1858 contractum,
930 1791 1251 1864 liberiorem
1281 1792 1387 1848 vini
1410 1809 1570 1847 usum
1597 1792 1831 1854 filiarum
1856 1793 2106 1858 manibus
2139 1809 2181 1864 Β
2212 1790 2301 1864 ille
2321 1791 2372 1844 in
2401 1789 2543 1864 illius
2572 1790 2883 1864 necessaria
2915 1790 3137 1852 libidine
3160 1790 3467 1864 eratfserit;
3517 1811 3537 1842 ι
3576 1802 3676 1864 aut
3707 1792 3799 1847 illa:

530 1871 844 1932 porrectum
876 1862 1177 1927 admiserit.

602 1931 936 2000 Quapropter
957 1942 1005 1993 et
1024 1934 1150 2002 ipsa:
1176 1934 1498 1995 excusabiles
1523 1943 1667 1986 sunt.
1695 1934 1751 1988 Si
1784 1947 1890 1987 non
1910 1948 1936 1984 a
1966 1940 2100 1997 toto,

528 2003 717 2058 saltem
742 2003 899 2073 173
919 2019 946 2056 a
972 2012 1124 2056 tanto
1156 2004 1303 2073 (utin
1329 2003 1530 2057 scholis
1548 2004 1837 2071 loquimur)
1858 2014 1976 2072 post
1997 2004 2105 2056 lre¢

526 2088 702 2130 natum
728 2071 948 2128 eaédém
980 2083 1207 2132 excusat
1255 2071 1517 2142 Origenes
1544 2074 1631 2136 bis
1670 2071 1894 2138 verbis:
1937 2090 1955 2124 ι
1993 2076 2104 2127 Atr-

525 2146 743 2197 dierant
784 2144 835 2197 in
870 2143 977 2197 line
1008 2144 1209 2199 saeculi
1262 2153 1463 2198 terram
1504 2153 1558 2198 et
1606 2145 1792 2207 omnia
1837 2142 2105 2199 elementa

524 2216 664 2284 ignis
692 2214 889 2267 ardore
916 2213 1295 2284 decoquenda.
1318 2212 1588 2273 Videbunt
1613 2214 1809 2283 ignem,
1847 2213 2105 2284 videbant

522 2282 852 2353 sulphureas
906 2282 1170 2349 ﬂammas,
1205 2283 1467 2337 videbant
1496 2282 1691 2344 cuncta
1735 2282 1957 2345 vastari,
1991 2297 2104 2353 ma-

525 2352 663 2408 trem
697 2368 913 2423 quoque
947 2352 1388 2423 suamvidebant
1416 2368 1521 2406 non
1547 2368 1666 2409 esse
1690 2352 1975 2409 salvatam.
2001 2352 2104 2423 Sd-

526 2425 747 2492 spicatae
781 2422 905 2478 sunt
940 2423 1044 2494 tale
1074 2422 1279 2493 aliquid
1306 2422 1533 2490 factum,
1563 2424 1727 2494 quale
1755 2423 1809 2481 in
1838 2422 2101 2494 tempori-

522 2496 625 2547 bus
656 2494 939 2549 audierant
971 2492 1105 2555 Noe,
1154 2492 1210 2547 et
1252 2494 1321 2547 ob
1375 2492 1731 2561 reparandam
1787 2492 2099 2547 mortalium

563 2566 921 2625 ostcritatcm,
954 2563 1096 2617 solas
1125 2579 1183 2617 se
1232 2578 1354 2619 esse
1388 2578 1510 2617 cum
1565 2573 1793 2632 parente
1831 2572 2096 2619 servatas.

532 2634 906 2702 ltecuperandi
942 2634 1105 2703 igitur
1137 2634 1354 2687 humani
1386 2636 1607 2703 generis
1637 2634 1972 2689 desideriqu
2004 2648 2100 2703 su-

522 2701 703 2758 munt.
739 2705 801 2758 Et
830 2701 1080 2774 quamvis
1114 2719 1280 2773 grave
1318 2701 1410 2757 eisi
1432 2704 1708 2758 videretur
1746 2704 1973 2774 crimen,
2011 2701 2097 2755 fu-

523 2775 632 2828 rari
666 2776 1016 2828 concubitum
1072 2774 1276 2842 patris,
1334 2775 1553 2843 gravior
1599 2783 1781 2828 tamen
1813 2773 2101 2827 videbatur

524 2846 797 2913 impietas,
828 2846 871 2897 si
902 2845 1155 2897 humana:
1186 2844 1521 2913 posteritatis
1549 2858 1721 2912 spem,
1754 2854 1967 2897 servata
1999 2858 2097 2897 ca-

519 2916 706 2969 stitate
744 2914 1005 2969 delerent.
1036 2914 1215 2970 l’atris
1249 2915 1568 2969 mmstitiani
1598 2914 1678 2969 vel
1708 2915 1938 2982 rigorem
1976 2914 2100 2968 vino

518 2985 773 3039 molliunt
814 2995 870 3039 et
921 2985 1175 3049 solvunt;
1233 2984 1460 3054 singulis
1508 2987 1766 3053 ingressa}
1822 2984 2095 3054 noctibus,

514 3055 750 3126 singulae
793 3055 1099 3122 suscipiunt
1153 3056 1221 3108 ab
1254 3051 1537 3123 ignorante
1557 3051 1911 3126 conceptum.
1938 3051 2094 3126 Ultra

518 3122 637 3183 non
692 3136 965 3193 repetunt,
1028 3140 1132 3178 non
1194 3122 1500 3194 requirunt,
1557 3122 1659 3179 Ubi
1716 3122 1805 3179 hic
1856 3123 2096 3178 libidinis

518 3196 713 3266 culpa?
742 3196 831 3250 ubi
866 3196 1055 3250 incesti
1092 3196 1299 3266 crimen
1330 3195 1617 3265 arguitur?
1647 3195 1921 3266 quomodo
1940 3194 2093 3266 dabi-

518 3264 621 3319 tur
640 3266 790 3329 vitio,
841 3267 989 3334 quod
1041 3282 1148 3319 non
1200 3264 1429 3320 iteratur
1473 3266 1525 3320 in
1576 3264 1763 3319 facto?
1802 3282 1822 3316 ι
1862 3265 1945 3317 Ab
1991 3265 2093 3317 hac

516 3336 773 3407 Drigenis
803 3335 1071 3407 sententia
1098 3350 1201 3407 non
1218 3337 1489 3407 recedunt
1507 3336 1817 3407 Clirysost.,
1839 3334 2093 3388 Theodo-

519 3404 691 3470 t‘ettis,
735 3416 789 3460 et
815 3405 1135 3460 Ambrosius
1157 3404 1252 3458 lib.
1287 3419 1325 3458 ιι
1356 3404 1432 3459 De
1458 3404 1749 3458 Abraham.

590 3474 1066 3530 tionservatinnem.
1086 3475 1427 3530 Auctoritate
1457 3476 1656 3528 veteris
1675 3475 1801 3528 cod.
1824 3475 2092 3541 expunxi-

517 3562 643 3606 ,uius
676 3564 694 3597 ι
728 3545 1223 3605 conversationem,
1253 3562 1275 3596 ι
1302 3556 1357 3599 et
1387 3544 1548 3615 paulo
1579 3559 1742 3615 supra
1772 3560 1795 3615 _t
1835 3544 2043 3599 fructus
2064 3563 2083 3596 ι

515 3632 619 3693 pro
655 3633 679 3693 ι
718 3616 986 3679 fructum;
1023 3631 1041 3665 ι
1070 3624 1170 3693 tut
1206 3633 1223 3665 ι
1253 3630 1350 3685 pro
1384 3612 1402 3665 ἆ
1431 3626 1530 3693 et;
1572 3634 1590 3665 ι
1627 3612 1855 3677 inferius
1875 3629 2092 3685 quoque

518 3684 543 3736 ὅ
582 3686 709 3741 fecit
749 3706 767 3738 ι
804 3700 902 3755 pro
942 3703 960 3737 ι
1009 3684 1198 3739 reiecit
1234 3705 1252 3738 ι
1292 3686 1591 3754 posuimus.

593 3754 906 3810 Commistus
935 3766 979 3809 et
1014 3755 1192 3808 unitus
1232 3769 1328 3809 est.
1373 3755 1515 3810 Voce
1548 3754 1936 3811 commiscendi
1970 3756 2091 3815 uiii—

515 3827 721 3881 tionem
761 3827 931 3890 illam,
977 3841 1139 3894 quam
1186 3828 1584 3896 bypostaticatn
1636 3838 1920 3890 vocarunt,
1952 3828 2090 3881 dun-

517 3907 667 3950 taxat
710 3896 977 3965 intelligit,
1012 3906 1069 3948 ut
1102 3910 1263 3965 supra
1299 3898 1696 3951 adnotavimus.

588 3966 654 4019 Id
694 3980 791 4031 est,
835 3968 955 4021 dua:
988 3966 1134 4033 ﬁliw.
1180 3966 1340 4021 Vetus
1382 3968 1549 4021 codex
1586 3983 1601 4020 :
1671 3983 1689 4017 ι
1732 3966 1783 4020 id
1833 3976 1918 4021 est
1971 3969 2089 4023 dua:

515 4040 967 4108 congregationcs
992 4036 1309 4108 iustificata:
1342 4054 1370 4090 a
1400 4047 1553 4107 patre
1584 4054 1704 4090 suo.
1747 4055 1765 4088 ι

590 4107 695 4161 Sed
727 4106 901 4161 Statua
949 4107 1100 4160 satis.
1133 4106 1397 4177 Origenes
1427 4108 1588 4161 aliain
1626 4108 1918 4161 meditatus
1958 4107 2088 4162 allo-

512 4181 746 4248 goriani,
790 4177 892 4231 Lot
942 4178 1284 4232 rationabilis
1332 4193 1526 4232 sensus
1573 4185 1629 4231 et
1676 4178 1842 4231 anitni
1893 4179 2084 4248 virilis,

512 4246 624 4316 quo
672 4263 886 4318 semper
935 4248 1001 4301 ad
1050 4248 1279 4302 salutem
1331 4250 1639 4311 tendimus;
1678 4264 1903 4301 uxorem
1949 4246 2085 4316 ejus,

513 4320 696 4375 carnis
746 4318 1034 4388 imaginem
1088 4328 1275 4371 tenere
1325 4329 1508 4384 putat,
1555 4334 1675 4386 quze
1726 4333 1944 4386 semper
1998 4334 2084 4373 re-

514 4399 778 4452 trorsum,
810 4389 861 4442 id
894 4398 977 4443 est
1012 4388 1079 4441 ad
1116 4388 1267 4451 vitia,
1304 4390 1550 4457 respicit,
1586 4399 1639 4440 et
1668 4389 1971 4457 voluptates
1998 4405 2086 4444 re-

512 4461 703 4525 quirit.
752 4459 960 4513 Sedulii
1000 4472 1195 4513 versus
1229 4458 1432 4512 factum
1484 4460 1627 4514 istud
1669 4460 1939 4514 concinne
1989 4474 2086 4513 cx-

514 4531 777 4595 plicautes
808 4539 934 4583 sunt
956 4530 1021 4580 ἀς

512 4596 611 4650 I.ot
640 4598 887 4653 Sodoma:
922 4600 1151 4668 fugiente
1175 4599 1354 4664 chaos,
1382 4598 1506 4652 dum
1539 4601 1747 4668 respicit
1776 4615 1909 4655 uxor

514 4668 585 4721 In
612 4680 846 4721 statuant
871 4680 1076 4722 mutata
1103 4669 1233 4721 salis
1267 4672 1562 4738 stupefacta
1594 4673 1867 4734 remansit,

511 4740 594 4810 4d
623 4755 829 4807 plenam
859 4755 1106 4793 conversa
1132 4756 1281 4792 suam
1306 4755 1325 4792 :
1354 4743 1480 4810 quia
1510 4757 1657 4793 nemo
1688 4752 1979 4796 retrorsum

514 4808 700 4862 Noxia
726 4814 1005 4878 contempti
1040 4810 1205 4862 vitans
1237 4808 1545 4864 discrimina
1577 4812 1788 4877 mundi,

514 4878 809 4943 Respiciens
839 4880 1124 4932 solvendus
1160 4882 1280 4947 erit,
1316 4897 1405 4934 nec
1435 4882 1583 4934 debet
1612 4891 1796 4933 arator

515 4949 743 5018 Dignum
766 4965 897 5016 Opus
921 4965 1220 5015 excercens,
1251 4955 1451 5004 vultum
1483 4954 1536 5004 in
1558 4968 1655 5005 sua
1681 4964 1825 5025 terga
1853 4952 2067 5024 referre.

605 5065 688 5119 Ex
717 5064 773 5118 Ι.
808 5064 943 5120 Ern.
976 5066 1159 5120 Grabii
1186 5066 1613 5135 adnotationibus
1643 5067 1697 5121 in
1730 5084 1847 5137 cap.
1892 5067 1980 5123 51.

583 5161 712 5229 l’ag.
758 5160 885 5213 “268.
935 5158 1394 5224 Quemadmodum
1440 5169 1487 5212 et
1540 5158 1657 5212 Lat.
1714 5159 1812 5213 Lot
1862 5161 2087 5230 ejusque

512 5231 653 5284 tilias
698 5248 725 5282 ιι
776 5230 1010 5285 crimine
1063 5232 1297 5284 absolvit
1349 5242 1469 5297 post
1532 5230 1793 5283 lrcuzeutn
1847 5230 2087 5287 Joannes

508 5303 939 5371 tilttysostomns
966 5302 1035 5355 ob
1063 5308 1311 5353 caiiiilctn
1361 5300 1905 5371 scilicetLralioncni,
1940 5303 2085 5369 quod

513 5369 796 5437 Scriptura
846 5386 941 5426 eos
987 5388 1092 5425 non
1126 5371 1467 5438 thipaVcril:
1507 5390 1525 5420 ι
1573 5369 1764 5425 Nullus
1801 5374 1964 5441 igitur
1990 5388 2086 5423 au-

510 5448 655 5505 deat,
698 5460 718 5493 ι
757 5443 927 5509 inquit
960 5441 1143 5496 homil.
1180 5443 1247 5493 44
1293 5443 1345 5495 in
1392 5441 1649 5505 ticncsin,
1691 5459 1708 5491 ι
1752 5454 1845 5494 aut
1878 5442 2083 5511 justum

511 5511 606 5578 (ita
659 5526 781 5565 cum
830 5512 887 5565 S.
920 5513 1074 5566 l’etro
1125 5511 1165 5565 ll
1214 5512 1379 5579 Epist.
1431 5528 1491 5573 tt,
1553 5512 1605 5577 7,
1665 5513 1900 5580 appellat
1961 5514 2082 5576 Lot,

508 5590 604 5633 aut
650 5580 783 5649 justi
834 5584 971 5636 tilias
1018 5585 1403 5636 condemnare.
1455 5584 1735 5647 Quomodo
1789 5600 1894 5638 non
1938 5594 2086 5638 esset

506 5667 768 5706 exii-cuia:
810 5654 1124 5718 dementire,
1152 5668 1246 5706 eos
1292 5668 1427 5721 quos
1458 5653 1743 5722 Scriptura
1777 5654 1964 5709 liberal
2019 5656 2085 5698 ειὶι

573 5794 623 5829 ’⁸⁵
652 5795 827 5859 Cartu.
866 5798 1049 5869 pasclt.
1105 5797 1195 5854 lib.
1226 5814 1264 5867 ι,
1300 5812 1349 5853 v.
1387 5795 1622 5855 121.426

2214 1878 2235 1915 ι
2270 1862 2322 1914 in
2372 1861 2460 1931 sui
2505 1861 2673 1931 patris
2715 1874 2935 1915 carnem
2966 1860 3290 1931 exsecrabili
3338 1876 3535 1917 amore
3580 1860 3800 1931 ﬂagras-

2207 1940 2349 2001 sent.
2392 1949 2417 1989 ι,
2448 1929 2558 1984 lino
2590 1930 2748 2001 longe
2778 1931 2991 1985 diversa
3025 1930 3151 1984 facti
3187 1931 3323 1984 ratio
3356 1932 3640 2001 redditur.

2279 2000 2463 2070 Neque
2490 2000 2703 2065 sensum
2739 2017 2902 2070 neque
2949 2000 3342 2069 cogitationem.
3394 2000 3677 2070 Eamdem
3715 2018 3797 2057 ex-

2205 2069 2540 2125 cusationem
2577 2070 2734 2125 alfert
2781 2069 3155 2125 Tlieodoretus
3184 2084 3379 2137 quasi.
3410 2069 3488 2123 το
3535 2072 3592 2124 in
3625 2070 3794 2135 Gene-

2205 2141 2312 2203 sin,
2340 2150 2395 2194 et
2421 2152 2549 2195 ante
2572 2156 2704 2211 eum
2730 2140 3149 2211 Clirysostomus
3180 2141 3298 2211 loco
3328 2141 3529 2203 citato,
3569 2143 3664 2211 qui
3708 2142 3797 2198 Lot

2207 2211 2346 2272 idem
2380 2212 2524 2278 quod
2554 2210 2684 2270 Atla:
2727 2209 2989 2264 accidisse
3017 2211 3092 2262 ait
3130 2228 3142 2263 :
3181 2229 3198 2261 ι
3240 2209 3376 2264 Nam
3413 2213 3566 2265 sicut
3590 2209 3713 2267 illic
3736 2229 3792 2269 ex

2206 2282 2523 2337 dormientis
2571 2282 2743 2349 latere
2790 2280 2967 2348 portio
3013 2288 3226 2349 sumpta
3261 2289 3363 2343 est,
3394 2297 3466 2335 eo
3521 2298 3635 2335 non
3681 2298 3794 2337 sco-

2207 2351 2409 2416 ticnte;
2438 2352 2693 2405 similiter
2731 2360 2785 2405 et
2823 2366 3083 2406 nunc.....
3117 2351 3251 2411 Nam
3286 2351 3339 2406 id
3366 2352 3523 2416 quod
3572 2353 3687 2413 illic
3716 2355 3788 2406 di-

2205 2422 2331 2479 vina
2382 2423 2700 2491 Scriptura,
2742 2421 2884 2490 quod
2934 2421 3160 2474 immisit
3202 2420 3392 2491 (Deus)
3442 2424 3698 2485 exvstasin
3744 2426 3790 2477 in

2206 2437 2331 2479 vina
2382 2437 2700 2484 Scriuura,
2742 2437 2884 2490 quoa
2934 2437 3160 2474 nnnusrt
3202 2437 3392 2491 tuens)
3442 2437 3698 2485 enatum
3744 2440 3790 2477 ιιι

2206 2492 2399 2555 Adam,
2427 2502 2481 2546 et
2505 2437 2795 2556 ilormivit;
2832 2491 2933 2545 lioc
2955 2502 3009 2545 et
3035 2491 3120 2544 bic
3144 2490 3505 2559 significavit,
3535 2493 3792 2547 dicendo:

2205 2560 2449 2625 Nescivit
2502 2565 2722 2630 «pianda
2775 2560 2860 2614 vel
2905 2562 3247 2627 accubuerit,
3288 2564 3371 2615 vel
3426 2565 3794 2618 resurmxerit

2205 2632 2385 2700 (tilia).
2431 2650 2450 2683 ι
2487 2630 2644 2695 Dices
2674 2647 2687 2684 :
2720 2630 2826 2690 Sed
2856 2631 2952 2685 Lot
2988 2631 3306 2700 ignorantia:
3334 2647 3450 2692 sua:
3478 2630 3587 2686 fuit
3612 2647 3792 2698 causa,

2206 2702 2330 2771 dum
2380 2716 2439 2756 se
2496 2702 2754 2756 inebriari
2810 2715 2999 2771 passus
3048 2709 3153 2755 est.
3214 2700 3542 2769 Respondet
3603 2704 3792 2757 iterum

2204 2769 2647 2841 Clirysostomus,
2680 2772 2781 2825 hoc
2806 2769 2920 2841 iion
2966 2785 3032 2827 ex
3085 2770 3512 2833 incontinentia,
3548 2779 3647 2827 sed
3701 2774 3791 2827 tri-

2203 2839 2355 2895 stitia
2391 2842 2700 2899 accidisse:
2740 2859 2758 2892 ι
2798 2839 3079 2910 Siquidem
3127 2844 3320 2901 anxius
3360 2845 3525 2896 valde
3556 2858 3625 2897 ac
3667 2860 3792 2897 ιιιω-

2204 2926 2349 2974 rens,
2378 2921 2566 2975 utpote
2609 2908 3070 2967 ouinibus'simul
3104 2910 3282 2975 bonis,
3320 2923 3377 2966 et
3421 2927 3605 2967 uxore
3631 2914 3787 2968 etiam

2201 2995 2297 3052 sua
2330 2981 2614 3051 spoliatus,
2647 2982 2895 3052 permisit
2922 2990 2981 3034 ut
3010 2981 3132 3035 tilia:
3163 2984 3346 3035 vinum
3380 2981 3598 3051 largius
3626 2982 3793 3037 alun-

2202 3051 2411 3123 dcrcnt,
2438 3061 2494 3107 et
2518 3051 2664 3123 quod
2695 3057 3007 3106 struebatur
3051 3054 3331 3120 ignorans,
3361 3057 3429 3105 ad
3469 3053 3784 3108 leniendam

2202 3120 2665 3192 tiiitigaudamque
2712 3123 2991 3177 triatitiaiu
3030 3123 3082 3175 id
3130 3123 3243 3174 licri
3297 3124 3717 3191 suspicabatur,
3762 3142 3781 3176 ι

2200 3202 2358 3259 prout
2393 3203 2446 3247 et
2477 3191 2809 3247 Theodoreti
2839 3194 2999 3245 verba
3030 3192 3149 3245 loco
3184 3193 3351 3246 citato
3386 3205 3618 3247 sonant.

2271 3262 2398 3334 l‘ag.
2430 3261 2825 3334 269._Ai§0.....
2860 3263 3238 3334 συνατῳπαίτ
3267 3262 3568 3334 interpres
3602 3265 3787 3334 legisse

2196 3331 2409 3386 videtur
2436 3332 2529 3385 δύο
2562 3331 2880 3405 θυγατέρες,
2920 3333 3185 3405 τουτέστι,
3219 3332 3313 3384 δύο
3341 3331 3688 3405 ανγαγωγαῖ,
3719 3337 3783 3389 ita

2198 3411 2257 3454 ut
2284 3406 2354 3456 ob
2389 3402 2979 3458 recurrentetn'vocem
3010 3402 3102 3455 δύο
3142 3404 3469 3457 intertnedia
3502 3405 3618 3461 duo
3646 3421 3785 3458 exci-

2194 3473 2378 3527 derint
2408 3494 2418 3528 :
2452 3474 2556 3528 nisi
2585 3476 2766 3544 dicere
2804 3474 2983 3540 potius
3014 3475 3169 3537 velis,
3199 3473 3441 3527 scribant
3465 3476 3781 3544 quempiam

2190 3556 2256 3595 ea
2288 3543 2583 3613 addidisse.
2618 3542 2751 3598 Item
2786 3545 3119 3613 ipsaurvero
3147 3545 3292 3612 quod
3332 3548 3561 3607 attinet,
3593 3542 3780 3613 origa-

2196 3628 2293 3667 nes
2324 3612 2442 3667 loco
2483 3615 2653 3667 citato
2693 3610 3179 3679 non'sioejudicio
3202 3620 3393 3667 contra
3428 3628 3659 3668 sensum
3698 3610 3782 3669 at-

2191 3682 2490 3751 tegoricum
2537 3685 2606 3738 ab
2654 3684 2854 3738 Ircmeo
2902 3683 3125 3737 allatum
3161 3688 3276 3738 hth
3320 3684 3565 3749 objicit:
3598 3703 3618 3736 ι
3659 3686 3779 3740 Scio

2194 3755 2520 3817 nonnullos,
2572 3763 2834 3823 quantum
2876 3754 2944 3806 ad
2988 3753 3301 3822 allegoriam
3354 3754 3629 3821 pertinet,
3683 3757 3777 3811 Lot

2194 3825 2426 3879 traxisse
2454 3826 2522 3878 ad
2553 3824 2771 3879 Domini
2801 3837 3119 3892 personam,
3151 3833 3205 3879 et
3235 3825 3377 3877 tilias
3423 3825 3549 3892 ejus
3582 3828 3650 3879 ad
3680 3832 3779 3880 duo

2193 3902 2543 3949 testamenta.
2575 3895 2683 3949 Sed
2714 3895 2825 3948 bace
2865 3894 2958 3963 qui
3005 3896 3143 3948 sciat
3173 3894 3304 3963 quid
3335 3898 3405 3947 de
3440 3898 3776 3951 Ammonius

2192 3977 2247 4015 ct
2298 3964 2580 4029 Moabitis,
2616 3966 2707 4034 qui
2739 3981 2805 4017 ex
2850 3979 3047 4033 genere
3078 3964 3180 4018 Lot
3223 3966 3593 4029 descendunt,
3633 3970 3778 4021 Scri-

2188 4048 2346 4102 ptura
2376 4036 2508 4093 dicit
2533 4036 2714 4106 (Deut.
2736 4043 2886 4103 uin)
2920 4035 3105 4088 nescio
3139 4037 3182 4089 si
3206 4034 3441 4106 libenter
3470 4038 3726 4104 accipiat.
3757 4056 3773 4088 ι

2260 4105 2456 4159 Statua
2512 4104 2640 4159 satis
2689 4120 2892 4171 seraper
2950 4121 3189 4159 manens.
3255 4104 3335 4157 ita
3388 4114 3448 4158 et
3528 4110 3780 4161 Ueniens

2193 4174 2435 4247 ltoin.in
2475 4173 2651 4247 Epist.
2695 4183 2762 4228 ad
2792 4173 3054 4247 Corinth.
3095 4186 3363 4247 memorat
3420 4176 3633 4247 στήλην
3660 4180 3778 4239 ἁλὸς

2189 4245 2293 4318 ἕως
2328 4246 2427 4316 τῆς
2458 4246 2675 4318 ἡμέρας
2702 4246 2925 4316 ταύτης.
2956 4249 3132 4315 Atque
3168 4262 3244 4318 ea,
3268 4244 3477 4300 Judans
3507 4244 3778 4317 Iosephus

2191 4316 2284 4368 lib.
2315 4332 2331 4368 ι
2361 4316 2714 4386 Antiq.,cap.
2744 4319 2832 4375 l2.
2860 4330 2924 4371 de
2946 4320 3137 4371 eadeut
3171 4316 3301 4370 salis
3334 4325 3521 4371 statua
3552 4316 3775 4373 scribit:

2201 4386 2483 4459 Ὶσῖόρηκο.
2515 4387 2559 4440 δ’
2592 4388 2760 4459 αὑτήν
2779 4403 2792 4416 °
2828 4387 2909 4439 ἔτι
2936 4386 3045 4458 γὰρ
3087 4388 3180 4439 καὶ
3209 4386 3303 4439 νῦν
3329 4387 3605 4458 διαμένει.

2266 4456 2371 4509 Per
2397 4456 2691 4522 naturalia,
2717 4456 2777 4511 ea
2807 4474 2923 4527 qua:
2948 4456 3067 4509 sunt
3091 4456 3496 4511 consuetudinis
3527 4460 3776 4512 hominis.

2120 4498 2164 4553 θ
2197 4498 2777 4590 ιιῶιέὶιοὶὶῖιίπὸἱίἓίιῆἶ
2807 4498 3067 4581 ’ἔιῖιᾟίὲᾘέῐ
3091 4498 3780 4583 ἒὲἓῖιῖ’ὶῖιῖιὶῖἐεῖιέὗι”ἱὶῖιιῖζ

2195 4599 2369 4667 gitare
2422 4600 2656 4657 videtur.
2698 4609 2881 4668 utpote
2914 4613 3074 4665 quem
3128 4599 3285 4653 uxori
3336 4597 3462 4662 Lot,
3505 4601 3641 4653 licet
3667 4602 3777 4669 jam

2196 4685 2248 4722 tu
2295 4678 2529 4722 statuant
2581 4670 2714 4724 salis
2763 4685 2952 4733 versae,
2979 4669 3244 4736 quosdam
3287 4671 3646 4739 ascripsisse.
3699 4672 3777 4722 vel

2196 4738 2468 4811 allinxisse
2494 4741 2655 4793 docct
2692 4750 2879 4794 auctor
2924 4740 3186 4811 carminis
3218 4741 3285 4792 de
3317 4738 3585 4802 Sodoma.
3636 4743 3775 4811 quod

2196 4809 2335 4881 inter
2361 4810 2678 4865 Tertulliani
2707 4820 2879 4881 atque
2902 4810 3154 4879 Cypriani
3190 4823 3359 4875 opera
3406 4822 3627 4877 exstat,
3657 4809 3779 4881 post

2194 4880 2427 4933 medium
2463 4882 2537 4934 ita
2571 4882 2637 4935 de
2667 4895 2835 4934 uxore
2862 4879 2963 4933 Lot
3003 4895 3202 4935 canens
3231 4896 3245 4931 :

2265 4950 2475 5020 [dicitur
2497 4960 2547 5004 et
2580 4953 2751 5004 vivens
2781 4952 2889 5005 alio
2909 4953 3024 5020 jam
3055 4966 3273 5017 corpore
3304 4966 3465 5005 sexus

2263 5019 2546 5089 illuni/icos
2582 5024 2738 5074 solita
2772 5019 3085 5091 dispungcre
3115 5023 3375 5089 sanguine
3400 5039 3635 5079 menses.

2262 5092 2398 5141 Dum
2445 5108 2583 5161 sirpe
2632 5094 2975 5160 auferuntur,
3025 5100 3130 5146 etc.
3185 5097 3393 5146 Auctor
3430 5098 3603 5150 modo
3653 5098 3778 5151 dicti

2188 5162 2451 5217 cat-minis
2484 5168 2552 5217 de
2583 5174 2762 5218 statua
2795 5164 2924 5216 salis
2954 5179 2968 5214 :

2260 5233 2563 5296 Quinetiam
2594 5234 2636 5287 si
2666 5234 2784 5302 quis
2814 5233 3133 5287 mutilaverit
3168 5233 3367 5286 advena
3402 5234 3672 5301 formant,

2262 5303 2512 5357 Protinus
2536 5321 2600 5358 ex
2629 5321 2743 5357 sese
2776 5318 3019 5372 suggestu
3043 5309 3259 5357 vulnera
3288 5307 3536 5371 complet.

2186 5373 2240 5428 ld
2280 5375 2513 5429 lrcnteus
2551 5379 2616 5428 ad
2646 5376 2966 5446 Ecclesium
2992 5376 3263 5444 applicat;
3298 5377 3365 5428 de
3410 5390 3522 5445 qua
3558 5380 3779 5446 gemina

2186 5461 2401 5517 quoque
2437 5448 2600 5501 habet
2632 5462 2752 5515 cap.
2785 5444 2853 5498 64
2882 5444 3040 5513 bojus
3079 5447 3223 5500 libri.

2336 5546 2716 5618 Adnotationes
2758 5559 2857 5615 Fr.
2901 5559 3250 5615 Feuardentii
3282 5563 3339 5614 in
3379 5578 3500 5630 cap.
3539 5562 3632 5616 52.

2262 5655 2390 5723 l’ag.
2445 5655 2569 5710 ἒϐη.
2635 5653 2959 5725 Hujusmodi
2990 5670 3214 5724 quoque.
3257 5652 3562 5725 Utriusque
3604 5665 3777 5712 test»
