3970 6378
412 352 541 409 1771

1701 350 2062 406 VARIORUM
2102 350 2309 406 NOTE

3491 349 3640 405 177!

409 478 695 531 barbaram
728 484 779 528 et
809 473 1030 543 impiam
1072 474 1435 537 condemnat;
1467 480 1520 525 et
1562 472 1614 524 in
1645 473 1812 525 verbo
1840 474 1972 543 snb-
2003 477 2045 532 Α
2152 468 2304 543 (ἓιηιιΔ
2327 466 2499 543 angeli
2530 478 2958 537 transgressores.
2991 466 3155 543 Vetus
3199 467 3299 521 fuit
3330 466 3636 543 multorum

405 548 641 602 stantivo
675 566 689 595 ι
719 555 821 601 est.
858 564 875 596 ι
913 560 1006 613 per
1042 561 1058 592 ι
1094 543 1363 612 signiﬁcat
1397 561 1415 593 ι
1454 542 1958 611 reddendum,ﬁgit.

408 617 623 670 Viretns
643 617 693 668 in
726 632 820 666 suo
845 612 1049 683 prolixo
1076 615 1344 666 volumine
1371 612 1794 665 sacramentario
1822 614 1961 666 scri-

406 687 486 741 bit
516 687 738 739 verbum
765 705 781 733 ι
807 694 930 737 ests
976 683 1383 750 relinquendum
1416 696 1537 735 esse
1562 684 1785 735 verbum
1823 683 1961 735 veri-

406 757 538 809 tntis
567 766 619 810 et
649 756 1010 817 exsistentiar;
1065 770 1084 803 ι
1135 768 1332 821 corpus
1363 771 1380 803 ι
1420 767 1547 805 vero
1575 768 1679 820 pro
1716 752 1958 819 corporis

406 827 576 896 ﬁgura
638 837 692 878 et
749 825 1144 896 signiﬁcatione
1194 822 1538 896 capiendum.
1584 822 1779 875 Contra
1833 836 1960 876 vero

364 946 367 949 γ
405 892 605 951 Ben“
632 895 824 947 asserit
848 902 1057 960 tropum
1092 908 1230 950 esse,
1256 907 1358 945 non
1394 892 1447 944 in
1485 907 1616 945 voce
1652 909 1670 942 ι
1702 907 1899 960 corpus
1934 910 1952 943 ι

405 968 501 1020 sed
546 968 598 1020 in
644 965 807 1017 verbo
846 982 862 1013 ι
901 974 1017 1028 est;
1057 984 1073 1017 i
1103 961 1261 1016 Laski
1306 971 1483 1016 autem
1514 977 1617 1015 non
1672 962 1724 1015 in
1755 963 1958 1026 verbis,

404 1037 496 1090 sed
530 1037 580 1089 in
615 1045 721 1086 tota
765 1035 975 1087 actione
1000 1048 1167 1088 ccenae
1204 1032 1315 1084 vult
1345 1032 1572 1101 ﬁguram
1601 1047 1719 1086 esse
1752 1048 1954 1101 ponen-

405 1110 545 1159 dain.
581 1104 855 1173 Zuinglius
878 1104 919 1134 “
954 1105 1149 1158 iterum
1182 1118 1321 1155 nunc
1355 1121 1372 1150 i
1413 1116 1607 1170 corpus
1642 1120 1660 1152 ι
1694 1119 1788 1170 pro
1826 1119 1842 1151 ι
1874 1104 1956 1155 di—

404 1176 633 1229 vinitate
672 1192 689 1225 i
720 1175 829 1226 vult
860 1188 983 1227 esse
1012 1173 1448 1241 intelligendum;
1472 1188 1591 1224 mox
1624 1186 1721 1239 pro
1748 1190 1765 1223 ι
1788 1182 1959 1225 morte

403 1256 459 1299 et
483 1246 765 1313 passione;
808 1264 827 1296 ι
864 1245 1007 1297 illico
1046 1259 1144 1312 pro
1184 1261 1201 1292 i
1242 1243 1344 1295 ﬁde
1373 1241 1426 1295 in
1458 1242 1767 1313 Christum;
1808 1261 1825 1294 i
1860 1244 1955 1295 de—

402 1312 567 1384 nique
611 1331 707 1384 pro
749 1331 767 1364 ι
812 1313 1328 1368 commemoratione
1374 1312 1645 1384 passionis
1678 1321 1734 1365 et
1768 1315 1959 1384 mortis

400 1381 722 1451 Doininicte;
764 1404 781 1435 ι
810 1386 960 1452 quasi
988 1384 1187 1451 aliquid
1206 1398 1389 1435 eorum
1424 1382 1678 1452 traditum
1703 1391 1757 1436 et
1776 1381 1955 1436 fusum

400 1466 547 1509 esset
575 1471 672 1521 pro
706 1450 877 1514 nobis.
901 1454 985 1505 vel
1019 1450 1198 1507 inara
1232 1453 1409 1521 crucis
1431 1450 1703 1505 conﬁxum
1756 1467 1957 1521 pepen-

398 1520 587 1579 disset.
616 1526 921 1580 Germanus
953 1524 1212 1587 Bavarns,
1244 1524 1295 1574 in
1332 1520 1620 1585 Examina,
1647 1522 1725 1577 ait
1754 1520 1954 1576 Statum

397 1598 713 1663 quaestionis
759 1596 1058 1648 consistere
1114 1594 1164 1645 in
1198 1593 1361 1646 verbo
1392 1593 1687 1659 «accipite;
1723 1612 1741 1644 ι
1772 1592 1953 1647 Clein-

401 1666 621 1719 witzius
647 1674 833 1719 contra
863 1664 1207 1726 Hesliusium,
1228 1666 1280 1715 iii
1307 1664 1472 1717 verbo
1495 1678 1513 1711 ι
1542 1663 1891 1727 iuaiidiicate;
1932 1680 1949 1714 i

402 1735 678 1791 Tossanus
711 1736 762 1789 in
798 1750 894 1788 suo
923 1732 1288 1788 Consolatori‘o
1316 1733 1462 1801 jurat
1504 1752 1522 1783 ι
1558 1747 1662 1785 non
1689 1746 1807 1787 esse
1837 1747 1956 1785 cer-

404 1816 581 1861 tamen
608 1808 673 1860 de
704 1806 900 1860 Christi
937 1805 1135 1868 verbis,
1166 1804 1258 1857 sed
1283 1802 1348 1855 de
1379 1803 1554 1856 verbis
1582 1813 1635 1856 et
1673 1802 1957 1856 additioni-

2073 548 2125 592 et
2156 539 2601 608 gravissimorum
2636 547 2915 592 auctorum
2944 540 3125 607 opinio
3148 578 3163 599 ,
3201 538 3420 608 angelos
3458 540 3640 595 malos

2063 607 2244 677 specie
2279 607 2560 661 mulierum
2596 609 2839 671 allectos,
2871 612 3162 676 assumptis
3190 607 3470 662 hominum
3506 624 3639 665 cer—

2063 680 2310 749 poribus,
2343 694 2464 749 cum
2491 678 2621 749 ipsis
2654 694 2765 732 rem
2802 678 3055 749 habuisse
3084 678 3404 749 prolemque
3441 694 3639 735 susce-

2063 746 2223 814 pisse,
2259 764 2415 815 quam
2452 748 2501 800 in
2535 746 2792 816 Gigantes
2814 792 2827 813 ,
2858 746 3101 813 Faunos,
3130 749 3303 803 Panas
3320 746 3341 809 ί.
3371 747 3636 803 Silvanus

2064 830 2117 873 et
2146 819 2196 871 id
2229 834 2395 889 genus
2425 828 2791 889 monstrorum
2816 820 2998 887 partiti
3035 830 3180 873 sunt.
3207 820 3491 873 Enoclitini
3523 822 3636 889 pri-

2061 885 2437 961 nium'feriint
2490 885 2971 961 hujus‘opinionis
3015 899 3327 961 auctorem;
3378 885 3634 961 Moyst

2060 958 2254 1011 deinde
2282 960 2468 1010 volunt
2499 957 2575 1011 rei
2603 957 2759 1025 hujus
2787 961 3097 1013 meminisse
3118 1002 3132 1025 ,
3165 959 3367 1013 Genes.
3399 957 3500 1026 Vi;
3534 958 3634 1015 Jo-

2060 1028 2258 1096 sepliiis
2292 1044 2305 1080 ι
2340 1029 2513 1095 Aniiq.
2545 1038 2598 1097 et
2630 1029 2869 1097 plerique
2895 1031 2985 1083 alii
3021 1030 3368 1085 Hebraaoruin
3404 1030 3628 1084 ranbini

2060 1096 2209 1151 illam
2255 1108 2527 1151 asserunt.
2561 1096 2707 1152 Inter
2749 1098 2968 1154 Gramos
2996 1100 3324 1154 orthodoxos
3358 1100 3449 1154 his
3498 1102 3633 1153 sub-

2061 1168 2328 1239 scribunt,
2349 1166 2595 1239 Justinus
2628 1179 2832 1238 martyr
2866 1171 2918 1223 in
2950 1173 3130 1239 priore
3157 1170 3338 1238 Apol.;
3369 1170 3632 1224 Clemens

2059 1237 2213 1306 Alex.
2266 1238 2359 1291 lib.
2410 1254 2467 1291 ιιι
2514 1235 2824 1306 Ριιεάιιρορἰ,
2875 1235 2994 1306 cap.
3044 1240 3115 1301 2,
3158 1235 3213 1293 et
3243 1239 3335 1296 lib.
3370 1256 3431 1295 ιιι
3490 1252 3549 1295 et
3596 1254 3634 1291 ν

2060 1305 2299 1379 Strom.;
2338 1309 2715 1377 Athenagoras
2741 1305 2792 1379 in
2820 1305 2971 1374 Apol.
3007 1327 3101 1379 pro
3122 1311 3481 1373 Christianis;
3516 1310 3633 1363 Me-

2060 1377 2274 1449 t‘hodius
2307 1389 2510 1449 martyr
2536 1393 2700 1432 serm.
2734 1377 2801 1433 de
2831 1377 3058 1443 Ilcsnrl;
3091 1380 3350 1449 Origenes
3383 1391 3628 1437 tractat"

2059 1444 2137 1500 De
2166 1448 2358 1517 singul.
2387 1444 2693 1519 clericorum
2726 1451 2865 1518 apud
2900 1444 3255 1519 Cyprianum,
3297 1452 3341 1505 si
3376 1451 3528 1506 illius
3554 1452 3631 1504 sit

2058 1528 2248 1590 auctor
2271 1534 2286 1583 ;
2318 1518 2539 1590 Proclus
2559 1528 2612 1572 et
2636 1517 2844 1574 Psellus
2866 1517 3168 1590 philusophi
3194 1521 3519 1577 Christiani.
3545 1521 3632 1575 Ex

2058 1585 2265 1660 [satinis
2290 1589 2652 1660 scriptoribus
2697 1603 2813 1642 eam
2843 1585 3225 1660 amplexantur
3257 1592 3493 1648 Tertull.
3528 1591 3626 1646 lib.

2060 1656 2135 1727 De
2157 1659 2386 1712 velandis
2409 1659 2695 1727 virginibus
2718 1699 2734 1721 ,
2767 1670 2823 1713 et
2862 1656 2958 1718 lib.
2985 1662 3059 1714 De
3086 1661 3265 1715 habitu
3298 1661 3590 1716 mulierum
3608 1679 3631 1723 ;

2056 1726 2221 1796 Cypr.
2250 1737 2464 1781 tractat.
2492 1726 2566 1780 De
2590 1730 2822 1784 vanitate
2844 1731 3065 1788 idolon:
3094 1731 3413 1787 Laclantius
3446 1733 3540 1785 lib.
3562 1750 3629 1797 ii,

2057 1798 2298 1869 90.15,
2338 1808 2393 1852 et
2423 1798 2658 1852 Severus
2704 1800 2963 1869 Snipitius
3009 1803 3103 1858 lib.
3161 1818 3175 1856 t
3227 1802 3375 1859 Hist.
3428 1820 3629 1857 sacrit.

397 1876 497 1931 hiis
529 1877 840 1940 hominum;
890 1895 906 1925 ι
943 1876 1076 1928 Beza
1096 1865 1136 1903 η
1175 1888 1302 1925 vero
1344 1873 1668 1943 auctoritate
1694 1887 1787 1925 sua
1826 1890 1957 1925 con-
1988 1882 2029 1935 Β
2059 1865 2293 1943 [illirium
2324 1868 2452 1943 hinc
2474 1870 2597 1943 inde
2628 1865 2911 1943 suo‘m‘ore
2926 1887 3161 1943 versans
3184 1873 3528 1943 Augustinus
3558 1889 3631 1925 xv

397 1947 586 2011 cludit,
625 1966 641 1996 ι
679 1947 838 1998 verba
863 1944 1176 1999 comedendi
1207 1953 1260 1995 et
1284 1942 1497 1997 bibendi
1534 1943 1583 1995 in
1608 1957 1763 1996 sacro
1787 1958 1956 1996 caena}

398 2032 524 2082 usu,
553 2033 656 2070 non
693 2018 931 2083 proprie,
964 2015 1057 2069 sed
1095 2013 1353 2083 ﬁgurate,
1397 2013 1717 2083 translatitie
1760 2024 1814 2065 et
1846 2022 1955 2066 tro-

398 2088 519 2154 pice
552 2081 894 2153 iiitelligcndzi
919 2099 1073 2148 esse;
1114 2102 1131 2134 ι
1176 2081 1475 2154 Pincierins
1494 2084 1729 2154 denique
1766 2083 1817 2136 in
1848 2084 1956 2136 An-

398 2152 561 2208 iidoto
588 2159 700 2208 vult
731 2152 749 2205 ἆ
788 2154 1059 2208 Christum
1091 2154 1141 2206 in
1175 2166 1330 2207 cmna
1364 2152 1539 2220 inopia
1574 2152 1956 2207 vocabulorum

395 2241 594 2295 panem
627 2226 829 2295 dixisse
863 2239 1085 2292 corpus,
1117 2223 1633 2295 sicqueimproprie
1661 2232 1717 2295 et
1751 2222 1949 2290 imper-

394 2292 539 2349 l'ccte
570 2295 715 2362 loqui
749 2293 1001 2351 voluisse.
1052 2314 1069 2344 ι
1106 2295 1280 2361 Atque
1316 2293 1404 2345 hic
1434 2293 1650 2346 modum
1688 2292 1955 2361 ﬁnemque

393 2366 663 2434 ponimus.
694 2376 919 2418 cunctos
938 2379 1032 2431 per
1057 2362 1219 2416 Deum
1241 2368 1488 2434 rogantes
1505 2371 1557 2415 et
1580 2362 1950 2434 obsecrantes,

391 2432 452 2489 iit
482 2435 565 2488 vel
600 2450 663 2488 ex
692 2435 776 2489 bis
803 2434 1134 2503 perspiciant
1165 2432 1367 2485 nullam
1411 2446 1533 2503 esse
1586 2433 1735 2486 inter
1774 2442 1953 2486 secta-

387 2506 502 2558 rios
531 2506 665 2559 istos
694 2508 744 2558 in
779 2504 1007 2558 summis
1042 2503 1202 2556 rebus
1232 2502 1611 2571 concordiam,
1636 2516 1697 2555 ac
1729 2504 1953 2571 proinde

388 2575 592 2629 nullam
617 2576 923 2636 veritatem,
969 2573 1171 2626 nullam
1218 2567 1449 2639 denique
1491 2567 1950 2625 conscientiarum

388 2647 762 2708 securitatem,
805 2644 886 2698 vel
921 2645 1190 2708 salutem;
1230 2651 1283 2696 et
1328 2643 1448 2696 ideo
1484 2643 1535 2694 in
1579 2644 1785 2696 unitate
1824 2641 1949 2695 ﬁdei

386 2716 693 2779 catholicae,
735 2731 855 2783 qua:
883 2730 1097 2782 semper
1123 2715 1312 2767 eadem
1353 2712 1481 2771 fuit,
1516 2715 1600 2764 vel
1636 2720 1951 2783 constanter

386 2782 781 2855 permaneant;
816 2784 897 2837 vel
926 2785 992 2837 ad
1022 2784 1168 2855 illam
1188 2783 1295 2836 cito
1323 2784 1561 2842 redeant,
1588 2783 1629 2835 si
1662 2782 1950 2855 aliquando

385 2852 457 2910 ab
490 2858 680 2909 eadem
716 2855 1112 2908 aberravei'iiit.
1137 2852 1267 2919 Quae
1298 2855 1363 2905 ad
1407 2867 1583 2905 veram
1619 2854 1947 2904 sententiain

386 2925 454 2983 de
481 2925 812 2980 eucharistia
842 2925 1146 2994 pertinent,
1174 2924 1405 2977 diximus
1452 2925 1502 2976 iii
1549 2938 1669 2992 cap.
1699 2921 1768 2976 52
1796 2933 1848 2976 et
1879 2923 1948 2977 54

386 2996 548 3067 hujus
576 2996 721 3067 libri.

666 3064 918 3135 Ejusdem
953 3064 1320 3117 adnotationes
1352 3064 1404 3115 in
1423 3079 1537 3135 cap.
1573 3063 1662 3115 70.

456 3137 585 3206 Pag.
626 3132 751 3190 277.
794 3135 959 3200 Quem
1004 3136 1142 3187 enim
1196 3150 1298 3186 non
1352 3134 1614 3206 confiunt.
1679 3132 1942 3206 Parabola

385 3210 451 3262 de
484 3202 637 3285 vinea
670 3206 846 3285 palam
885 3208 1252 3285 demonstrat,
1298 3204 1543 3285 eumdem
1581 3202 1943 3283 Deuinbujus
1971 3228 2013 3285 ο

384 3279 571 3332 innndi
604 3270 962 3339 conditorem,
1001 3276 1274 3329 Christum
1308 3275 1498 3327 Filium
1524 3289 1678 3326 suum
1709 3274 1941 3340 misisse,

385 3351 477 3417 qui
507 3348 633 3400 olim
663 3346 955 3417 prophetas
985 3345 1051 3397 ad
1084 3345 1334 3417 p0puluin
1372 3344 1587 3417 lsraelis
1611 3344 1940 3417 destinarat;

383 3412 743 3486 eamdemque
767 3412 816 3467 7a
847 3412 1048 3468 Judteis
1081 3425 1135 3467 et
1164 3414 1412 3481 gentibus
1462 3414 1583 3466 ﬁdei
1624 3424 1677 3466 et
1726 3413 1943 3481 pietatis

380 3488 591 3541 fructus
607 3486 727 3554 jure
754 3499 852 3539 suo
888 3499 1189 3554 reposcere.
1228 3487 1342 3537 Vet.
1380 3486 1499 3554 cod:
1520 3494 1732 3537 auctor.
1760 3501 1778 3535 ι
1801 3498 1944 3554 _con-

382 3558 521 3610 futat
555 3576 573 3608 ι
610 3552 710 3624 pro
744 3575 760 3605 ι
789 3553 1080 3609 conﬁtetur
1119 3571 1136 3603 ι
1174 3552 1417 3621 legimus.
1453 3552 1579 3606 Vult
1608 3554 1752 3624 enim
1785 3552 1943 3607 Chri-

381 3639 567 3691 stum,
597 3623 679 3680 vel
707 3641 769 3680 ea
800 3624 970 3678 solum
1003 3624 1291 3693 parabola,
1343 3634 1567 3678 cunctas
1603 3623 1938 3676 Valentinia-

382 3714 575 3753 noruni
606 3698 955 3749 deliratioues
998 3698 1198 3747 diserte
1222 3694 1501 3761 solideque
1530 3693 1795 3748 refellere.

454 3768 581 3836 Pag.
612 3766 736 3820 278.
769 3765 872 3819 Sed
894 3780 1175 3833 expansum
1223 3764 1276 3817 in
1319 3767 1617 3836 universum
1664 3764 1936 3836 mundum.

379 3833 684 3893 Ecclesium
710 3852 806 3906 per
837 3838 1119 3889 universas
1158 3836 1336 3888 mundi
1370 3836 1551 3902 plagas
1573 3833 1760 3906 Irenmi
1801 3845 1937 3888 tem-

377 3911 602 3978 poribus
627 3904 741 3974 jaiii
773 3906 1050 3959 dilatatam
1083 3906 1278 3978 luisse,
1302 3909 1476 3965 variis
1507 3904 1790 3973 exemplis,
1822 3906 1936 3978 liis-

380 3975 536 4032 toriis
583 3988 638 4031 et
689 3978 1002 4030 auctoribus
1047 3976 1225 4028 citatis
1272 3978 1669 4038 adnotavimus,
1724 3991 1849 4043 cap.
1878 3975 1933 4039 5,

378 4051 472 4103 lib.
509 4065 547 4102 i.
587 4047 685 4101 llic
720 4056 922 4100 tantum
952 4047 1370 4107 observaiiiluiii,
1394 4048 1637 4099 eamdem
1675 4060 1813 4098 vera:
1837 4045 1937 4099 Ec-

375 4120 554 4172 clesia:
581 4128 763 4171 notaui
793 4118 992 4169 Irenaeo
1024 4118 1304 4169 etcunctis
1332 4116 1578 4169 l’atribus
1603 4116 1786 4177 fuisse,
1816 4131 1935 4184 qua:

376 4190 621 4242 iiunc'est
652 4188 949 4251 catholica;
978 4196 1030 4239 et
1072 4189 1138 4238 ad
1170 4186 1419 4238 universa
1454 4188 1569 4238 loca
1597 4229 1611 4252 ,
1649 4198 1889 4252 tempora
1914 4227 1927 4250 ,

376 4259 658 4314 hominum
710 4271 931 4325 genera,
966 4258 1033 4310 ad
1078 4259 1322 4308 nationes
1370 4258 1600 4325 denique
1655 4272 1842 4310 omnes
1878 4268 1931 4309 et

376 4330 590 4399 linguas
627 4329 890 4396 pertinet;
941 4337 995 4382 et
1021 4326 1351 4399 instarsolis
1372 4364 1387 4389 ,
1421 4326 1586 4380 fontis
1617 4339 1670 4380 et
1696 4327 1929 4390 radicis,

375 4396 558 4453 radius
587 4400 795 4463 Vibrat,
841 4400 985 4451 rivos
1012 4396 1267 4449 dill'uudit
1310 4409 1364 4451 et
1405 4413 1583 4450 ramos
1614 4413 1742 4449 suos
1774 4399 1929 4450 unica

378 4472 431 4522 in
464 4469 588 4523 ﬁdei
614 4468 959 4523 confessione
985 4478 1563 4535 sacraineiitorumque
1586 4469 1931 4535 perceptione

375 4540 490 4607 ipsa
528 4553 776 4601 manens,
804 4538 859 4591 in
887 4552 1074 4591 omnes
1099 4540 1359 4591 extendit.
1406 4535 1529 4592 llaec
1570 4539 1733 4591 variis
1777 4537 1931 4591 Scri-

370 4619 651 4680 pturarum
682 4610 1073 4680 testimoniiset
1096 4608 1439 4662 Validissiinis
1461 4609 1753 4662 rationibus
1773 4612 1927 4661 docet

370 4679 726 4748 Augustinus,
770 4680 953 4732 eadem
987 4679 1071 4731 via
1096 4679 1368 4741 evinceiis,
1398 4680 1554 4731 nullis
1575 4682 1799 4733 nomino
1824 4682 1925 4732 Ine-

374 4761 666 4803 reiicuruin
705 4750 867 4802 sectis
900 4764 1096 4801 nomen
1142 4749 1463 4801 catholicum
1508 4753 1681 4817 aptari
1737 4764 1909 4816 posse,

372 4821 532 4887 epist.
567 4819 657 4883 48,
696 4821 816 4884 ibi,
843 4819 981 4881 170;
1027 4818 1301 4871 Breviculo
1338 4820 1514 4871 collat.
1549 4834 1665 4870 cum
1704 4822 1925 4871 Donati-

374 4894 489 4951 stis,
515 4890 805 4943 collatione
839 4890 980 4942 tertii
1009 4892 1148 4953 diei;
1186 4890 1279 4942 lib.
1310 4888 1383 4941 De
1421 4906 1584 4957 agone
1608 4890 1924 4951 Christiano,

374 4975 493 5030 cap.
531 4960 634 5023 29;
666 4960 760 5014 lib.
791 4959 866 5011 De
892 4960 1161 5030 symbolo,
1207 4974 1328 5028 cap.
1366 4962 1461 5017 ili;
1498 4961 1586 5012 lib.
1628 4976 1685 5012 ιιι
1732 4960 1930 5012 Contra

376 5028 752 5095 Gaudentium,
812 5028 931 5097 cap.
963 5033 1026 5090 1,
1075 5040 1129 5084 et
1171 5030 1263 5084 lib.
1305 5031 1380 5083 De
1434 5039 1630 5082 unitate
1660 5030 1931 5095 Ecclesiar,

374 5114 492 5168 cap.
516 5102 570 5165 5,
598 5102 652 5165 6,
689 5102 740 5161 7,
774 5102 807 5154 8
839 5112 891 5153 et
917 5101 971 5154 9.

436 5170 790 5231 .Superducet.
815 5169 1189 5240 Expunximus
1217 5189 1236 5223 ι
1265 5172 1596 5240 superducit,
1634 5190 1652 5223 ι
1679 5180 1784 5226 vet.
1812 5170 1932 5225 cod.

372 5250 519 5293 auct.

445 5308 593 5364 Unus
624 5322 673 5364 et
697 5312 833 5365 idem
856 5328 976 5366 cum
1010 5327 1211 5381 semper
1232 5312 1299 5365 sit
1354 5310 1575 5364 Verbum
1606 5311 1719 5366 Dei.
1773 5311 1938 5366 Vetus

372 5382 496 5432 cod.
536 5398 555 5431 ι
584 5398 749 5435 unum
783 5393 836 5436 et
863 5384 1028 5449 idem,
1068 5400 1088 5435 ι
1125 5386 1265 5450 quod
1308 5383 1477 5451 magis
1507 5382 1761 5436 Latinum
1811 5391 1933 5445 est;

372 5464 584 5513 verum,
619 5467 740 5504 cum
771 5453 885 5507 fere
925 5468 1140 5522 semper

374 5522 425 5571 in
467 5523 768 5575 masculino
806 5536 1003 5592 genere
1052 5525 1275 5591 dixerit,
1328 5539 1514 5578 vocem
1542 5523 1710 5593 Λόγος
1761 5528 1931 5592 respi—

372 5607 544 5658 tiens,
579 5595 867 5665 itiiiiiutare
896 5596 1189 5649 noluimus.

442 5732 485 5763 ³⁸
515 5729 673 5787 Colit.
703 5732 867 5786 llesh.

368 5820 539 5861 erant.
620 5804 659 5834 ”
713 5805 846 5859 Cen.
890 5818 963 5868 vi,
995 5807 1046 5857 2.

1173 5452 1401 5507 Verbum
1444 5456 1573 5516 Dei,
1627 5468 1723 5520 pro
1774 5452 1973 5515 Filio,c

970 5734 1006 5765 “
1038 5734 1209 5789 lnstit.
1246 5734 1308 5789 de
1332 5745 1486 5787 cmna
1512 5733 1759 5801 Domini;
1785 5746 1836 5788 et
1862 5732 2026 5801 Resp.
2058 5733 2122 5786 ad
2164 5733 2449 5801 quemdam
2503 5732 2663 5785 antic.

2060 1936 2135 2014 De
2157 1938 2363 2014 civitate
2387 1938 2513 2000 Dei,
2537 1955 2662 2014 cap.
2687 1940 2757 2014 2}
2791 1952 2851 2014 et
2872 1942 2978 2008 24,
3018 1944 3083 1997 de
3117 1944 3219 1999 hac
3255 1936 3631 2014 disputatione

2059 2009 2193 2059 nihil
2220 2019 2420 2062 temere
2447 2011 2605 2062 audet
2635 2010 2884 2073 dillinire,
2909 2025 3016 2067 etc.

2134 2076 2357 2152 Verum,
2381 2079 2484 2152 ista
2516 2079 2717 2152 Moysis
2747 2085 3009 2136 sententia
3041 2102 3054 2137 :
3080 2103 3095 2135 ι
3120 2083 3377 2139 Videntes
3405 2082 3503 2136 ﬁlii
3532 2084 3625 2136 Dei

2058 2146 2194 2222 ﬁlias
2251 2149 2527 2222 hominum
2582 2146 2724 2219 quod
2757 2162 2937 2222 essent
2971 2155 3240 2220 pulchrae,
3292 2163 3631 2222 acceperunt

2056 2218 2158 2292 sibi
2192 2220 2469 2292 uxores",
2512 2239 2530 2271 ι
2571 2218 2705 2281 etc.,
2739 2221 2829 2292 icui
2873 2218 3126 2276 innititur
3159 2218 3485 2292 prmceiiens
3510 2228 3628 2292 opi-

2058 2288 2166 2361 nio,
2192 2288 2371 2361 longe
2398 2291 2598 2361 rectius
2622 2291 2866 2346 redditur
2888 2308 2914 2344 a
2944 2288 3199 2348 Chaldaeo
3230 2288 3629 2361 iiiterprete'et

2055 2356 2668 2424 Patribus'orthodoxis,
2707 2362 2784 2415 sic
2812 2373 2869 2414 ut
2898 2378 2993 2431 per
3025 2365 3166 2417 lilios
3194 2365 3286 2418 Dei
3319 2356 3427 2416 non
3458 2364 3627 2431 spiri-

2056 2436 2140 2503 tus
2172 2430 2420 2503 angelici‘
2447 2430 2843 2503 signiﬁcentur,
2875 2434 2970 2486 sed
3029 2435 3120 2487 lilii
3171 2430 3506 2503 principum,
3554 2450 3623 2487 ea

2054 2498 2232 2563 pbrasi
2265 2514 2369 2566 qua
2401 2498 2633 2572 judices,
2667 2502 3013 2570 magistratus
3037 2544 3052 2565 ,
3085 2498 3363 2572 principes
3412 2505 3625 2572 aliique

2052 2579 2370 2643 praestantes
2422 2570 2519 2643 viri
2548 2581 2603 2624 et
2630 2572 2704 2643 d_ii
2739 2582 2792 2624 et
2844 2573 2937 2626 lilii
2969 2575 3063 2627 Dei
3093 2576 3145 2627 in
3178 2570 3350 2628 sacris
3381 2570 3626 2643 persaepe

2052 2640 2410 2712 appellantur.
2459 2641 2769 2695 Abeii-Elra
2816 2657 3029 2711 quoque
3064 2660 3162 2712 per
3194 2664 3212 2697 ι
3266 2640 3411 2697 ﬁlios
3462 2640 3619 2697 Deis

2052 2707 2299 2781 homines
2323 2710 2487 2764 Deum
2511 2707 2864 2779 agnoscentes
2894 2707 3167 2781 intelligit,
3195 2715 3450 2767 nimirum
3480 2715 3624 2768 ﬁlios

2051 2775 2210 2856 δραι,
2238 2782 2375 2846 apud
2407 2775 2749 2856 quos'diviiia
2777 2781 2961 2853 religio
2986 2784 3053 2856 ab
3070 2775 3237 2856 initio
3265 2793 3317 2838 et
3351 2784 3621 2856 deinceps

2050 2850 2323 2919 viguerat;
2377 2850 2467 2919 qui
2524 2853 2762 2916 tandem,
2823 2850 2946 2906 cum
3005 2853 3341 2908 Cainitarum
3404 2850 3625 2908 ﬁliabus

2048 2918 2337 2995 commisti,
2398 2918 2702 2975 didicerunt
2746 2936 2909 2995 opera
2960 2939 3146 2995 earum
3176 2936 3230 2979 et
3259 2927 3310 2977 in
3337 2939 3620 2995 summam

2049 2989 2380 3062 impietatem
2427 3001 2755 3055 evaserunt,
2783 2989 3019 3062 'dempta
3050 2992 3164 3048 Noe
3186 2996 3346 3048 unica
3379 2992 3617 3048 familia.

2047 3054 2225 3132 Atque
2267 3059 2409 3113 banc
2442 3054 2771 3132 sententiam
2825 3074 2881 3116 ut
2933 3054 3201 3132 aptiorem
3241 3076 3295 3120 et
3338 3067 3619 3119 saniorem

2048 3128 2430 3204 amplexantur
2472 3130 2869 3204 Hieronymus,
2916 3128 3337 3204 Clirysostomus
3362 3174 3379 3197 ,
3416 3137 3623 3202 aliique

2048 3196 2285 3276 plurimi.
2312 3199 2644 3269 Augustinus
2671 3196 2918 3272 denique,
2958 3196 3345 3269 Quiestionibus
3368 3196 3433 3258 in
3451 3196 3623 3260 Gene-

2048 3270 2167 3345 sini,
2205 3270 2256 3322 in
2287 3276 2532 3325 eamdem
2561 3276 2730 3342 magis
2767 3270 3032 3329 ill—Cllllalls
3076 3278 3271 3330 scribit
3302 3277 3484 3345 justus
3513 3280 3617 3329 lio-

2048 3351 2223 3412 mines
2256 3355 2409 3415 posse
2442 3345 2604 3415 etiam
2649 3347 2961 3412 angelorum
3013 3347 3232 3400 nomine
3270 3349 3575 3415 nuncupari
3599 3387 3615 3409 .

2046 3410 2784 3487 sicutetJoaniiesBaptista
2828 3432 2852 3487 ι
2887 3418 3106 3485 angelus
3146 3434 3163 3467 ι
3211 3418 3265 3471 iii
3305 3410 3480 3473 sacris
3510 3435 3615 3472 no-

2046 3482 2302 3549 minatur,
2344 3483 2571 3535 Malacli.
2607 3500 2690 3549 Ill,
2722 3484 2786 3549 1;
2825 3482 2982 3538 δοθιιῖ
3010 3503 3048 3541 ι.

2116 3548 2484 3605 Douaiionem.
2543 3556 2618 3608 Ita
2657 3548 2927 3621 vet.cod;
2959 3557 3169 3621 excusi,
3208 3574 3227 3608 ι
3281 3556 3612 3613 dominatio-

2044 3631 2165 3671 nem
2203 3639 2221 3671 i
2264 3622 2559 3677 habebant.

2112 3689 2193 3741 Ad
2234 3707 2340 3770 nos.
2393 3693 2762 3770 Exponit-imus
2795 3714 2814 3747 ι
2863 3710 2995 3762 eos;
3046 3717 3065 3750 ι
3099 3695 3297 3752 deinde
3334 3715 3354 3749 ι
3404 3698 3553 3752 dices
3582 3715 3609 3750 ν

2042 3773 2141 3827 pro
2172 3780 2187 3809 ι
2220 3763 2399 3836 dicas;
2432 3781 2450 3814 ι
2488 3773 2539 3817 et
2570 3785 2588 3817 ι
2632 3768 2748 3822 voci
2783 3785 2800 3817 ι
2838 3783 2937 3836 pro
2976 3788 2994 3820 ι
3032 3782 3243 3834 vocem,
3282 3786 3301 3819 ι
3341 3778 3453 3823 vel.
3484 3770 3610 3823 cod.

2044 3838 2186 3883 auct.
2221 3834 2574 3890 reslituimus.

2112 3898 2430 3980 §uper‘nos.
2464 3902 2772 3980 Delevimus
2810 3930 2828 3963 ι
2860 3925 2979 3965 vos.
3017 3929 3035 3963 i

2042 4039 2053 4049 _
2110 3970 2391 4025 Distribuit
2440 3978 2709 4033 adversus.
2759 3983 2986 4037 Codices
3038 3978 3260 4045 excusi,
3306 3996 3325 4031 ι
3358 3980 3611 4033 attribuit

2041 4048 2130 4099 iii;
2166 4051 2220 4093 et
2252 4059 2355 4125 non
2392 4048 2557 4100 multo
2590 4061 2709 4118 post
2744 4070 2762 4102 ι
2812 4064 3077 4106 terrarum
3118 4069 3137 4103 ι
3175 4065 3276 4120 pro
3311 4069 3328 4101 ι
3378 4060 3541 4104 terra:
3586 4070 3607 4101 ι

2043 4125 2441 4178 supposuimus,
2471 4132 2612 4172 auct.
2642 4131 2747 4176 vet.
2774 4126 2897 4177 cod.

2107 4181 2244 4263 Boni
2275 4189 2465 4253 aperis.
2487 4189 2607 4263 Non
2638 4191 2816 4262 inepta
2848 4202 2933 4246 est
2960 4190 3162 4244 veteris
3192 4190 3314 4244 cod.
3357 4188 3529 4263 lectio
3554 4189 3607 4243 in

2037 4251 2203 4331 dandi
2238 4251 2394 4331 casu,
2424 4260 2623 4331 abono
2647 4251 2820 4331 operi,
2843 4263 2938 4315 sed
2971 4263 3129 4322 malo,
3164 4280 3182 4313 ι
3224 4276 3348 4313 cum
3378 4262 3612 4329 quidam

2035 4320 2205 4400 βιωσί
2231 4327 2348 4378 cod.
2383 4328 2615 4403 habeant
2645 4320 2722 4402 τῷ
2740 4320 2930 4403 ἀγάθῷ
2955 4320 3125 4403 ἔργῳέ
3149 4340 3201 4384 et
3228 4320 3607 4403 Chrysosiomi

2035 4399 2303 4473 interpres
2354 4399 2647 4454 reddiderit
2674 4399 2704 4465 ,⁷
2734 4422 2750 4453 ι
2792 4399 3081 4471 principes
3126 4405 3263 4456 bene
3323 4399 3609 4470 agentibus

2038 4470 2232 4535 ter_r_ori
2263 4482 2366 4519 non
2402 4480 2548 4535 sunt,
2585 4474 2675 4524 sed
2703 4470 2865 4526 male.
2898 4492 2916 4524 i

2116 4531 2336 4588 Vocans.
2369 4531 2594 4595 Codices
2623 4546 2831 4607 excusi,
2865 4561 2882 4593 ι
2910 4550 3098 4607 vocat;
3137 4559 3155 4591 ι
3183 4539 3379 4593 deinde
3417 4556 3436 4589 ι
3467 4548 3613 4593 stan-

2036 4610 2115 4655 tes
2140 4608 2408 4662 erasinius
2436 4648 2451 4671 ,
2488 4622 2540 4662 et
2573 4630 2590 4662 ι
2640 4614 2821 4667 statim
2861 4614 3201 4682 reposuimus
3241 4611 3446 4663 Veteris
3481 4612 3608 4663 cod.

2033 4684 2177 4728 auct.

2106 4745 2366 4800 Similiter
2406 4760 2577 4803 autem
2627 4761 2677 4805 et
2708 4768 2904 4807 merces
2957 4772 3084 4808 una.
3128 4754 3183 4810 Si
3239 4751 3609 4806 aeternitatem

2034 4819 2182 4895 regni
2219 4821 2475 4886 etelestis,
2494 4821 2962 4895 immortalitatem
2991 4840 3301 4895 corporum,
3332 4838 3397 4875 ac
3427 4824 3608 4890 ipsum

2041 4890 2204 4962 Deum
2234 4906 2450 4943 unicum
2487 4893 2646 4962 180
2687 4893 2961 4949 beatitatis
2996 4890 3268 4961 obiectum
3313 4904 3608 4959 spectave-

2038 4962 2489 5037 l'lllll‘ls,‘0ll!ll‘ibll_s
2519 4978 2666 5015 certe
2690 4966 2910 5037 aeriuaiis
2931 4976 3014 5019 est
3045 4979 3284 5026 merces;
3315 4964 3457 5037 alias
3476 4978 3610 5015 non.

2113 5027 2177 5078 Et
2219 5032 2629 5099 inscriptionem.
2687 5027 2987 5089 Deleviiiius
3044 5051 3064 5087 ι
3116 5034 3547 5097 discretionem,
3585 5052 3607 5081 ι

2041 5108 2148 5148 vet.
2174 5103 2292 5153 cod.
2333 5115 2476 5155 auct.

2118 5169 2185 5220 Et
2217 5173 2514 5239 pwniletur.
2556 5173 2786 5228 Verbum
2815 5174 3174 5245 iinpersonale
3190 5173 3359 5245 focis
3392 5181 3611 5245 tantum

2044 5244 2252 5314 acting.
2293 5258 2421 5296 voce
2451 5247 2663 5311 passiva
2696 5243 2939 5314 usurpat.
2972 5245 3162 5300 Graeca
3188 5243 3469 5311 Evengelii
3506 5244 3609 5294 iia-

2041 5308 2169 5386 beiil.
2198 5310 2421 5384 ὕστερον
2451 5308 2507 5365 δὲ
2540 5308 2961 5386 μεταμεληθείςε
2984 5316 3208 5385 Vulgata
3237 5308 3371 5369 edit:
3400 5314 3606 5374 reddit,

2045 5396 2063 5429 ι
2098 5382 2295 5467 Postea
2315 5382 2845 5467 ati'teiiilpwniientia
2880 5382 3128 5467 motum}

2148 5450 2232 5504 Ex
2262 5452 2317 5507 J.
2345 5453 2475 5507 Ern.
2496 5450 2679 5508 Gratiii
2716 5458 3145 5510 adnotationibus
3166 5455 3220 5509 in
3245 5470 3365 5523 cap.
3403 5450 3496 5523 ῖς).

2109 5519 2236 5591 Pag.
2262 5525 2385 5577 277.
2418 5524 2621 5578 Filium
2666 5542 2819 5579 suum
2862 5528 3071 5579 unicum
3093 5566 3109 5590 ,
3142 5519 3321 5578 dicens
3348 5540 3367 5577 :
3411 5520 3605 5576 Forte.

2044 5590 2239 5648 Vocem
2275 5595 2371 5648 ἕνα
2395 5612 2459 5650 ex
2487 5596 2653 5651 Marc.
2690 5612 2783 5664 xii,
2812 5595 2867 5661 6,
2890 5607 2944 5650 et
2970 5594 3098 5663 ῐσως
3126 5612 3193 5651 ex
3218 5596 3349 5649 Luc.
3385 5609 3477 5655 xx,
3508 5592 3607 5653 15,

2742 5732 2785 5763 ¹³
2821 5730 3041 5786 Summa
3075 5732 3219 5787 doct.
3278 5734 3345 5785 de
3399 5745 3458 5785 re
3506 5742 3605 5785 sa—
