3970 6378
378 377 517 446 tm‘

1633 382 1698 437 IN
1738 382 1864 437 LIB.
1906 384 1946 440 V
1984 380 2043 439 S.
2080 378 2354 435 IRENJEI.

3462 373 3600 428 “89.

375 501 633 573 Virginis,
670 476 760 574 qui
797 505 991 560 fortem
1026 513 1290 560 armatum
1324 500 1463 557 atrio
1488 498 1701 574 deiecit.
1736 500 1934 554 diaboli
1967 507 2010 563 Α
2043 500 2132 561 tis.
2155 498 2333 574 qualia
2357 490 3191 574 sunt_0pera,_denotare‘dncet,
3220 488 3312 543 sed
3338 488 3595 574 quiddam

372 570 534 639 opera
568 570 831 639 dissolvit,
864 587 920 631 et
952 577 1171 631 Satana:
1223 581 1387 645 caput
1421 572 1521 626 sub
1552 570 1776 641 pedibus
1816 587 1936 625 suo-

376 657 436 697 t'u
446 660 495 696 ιιι
536 656 794 701 ςοιιιετιι.

449 713 597 769 lianc
648 716 933 770 lectionem
963 716 1200 770 Irena'us
1236 713 1486 782 sequitur
1531 721 1583 764 et
1627 711 1929 781 Cyprianus

370 780 470 854 lib.
505 798 541 837 ιι
592 786 847 840 Adversus
868 787 1108 851 Judtros,
1142 799 1263 854 cap.
1291 780 1361 847 9—;
1394 780 1933 854 probatiuqua'stio-

371 853 524 927 uilius
548 854 694 927 _I_le_b.
723 855 1034 927 Hieronym.
1066 872 1080 917 ;
1114 851 1357 927 imitatur
1381 851 1930 927 Chrysologus__serin.

375 922 497 977 175.
548 924 758 979 Hebrzei
803 921 1004 980 habent
1033 936 1151 988 wn,
1204 921 1504 977 relativum
1552 921 1933 983 masculinum,

371 997 518 1065 quod
539 1005 644 1057 νηῒ
664 1010 817 1062 aeque
844 996 1125 1049 masculini
1150 995 1367 1065 generis
1392 1007 1583 1065 nomen
1601 993 1786 1054 refert;
1811 1006 1929 1065 qiue

369 1060 662 1133 {ouatham
717 1060 1003 1119 Chaldaeus
1053 1060 1437 1133 paraphrastes
1501 1063 1573 1116 ita
1622 1061 1929 1133 expressit,

375 1130 541 1184 Paulo
570 1134 739 1200 Fagio
768 1130 1097 1200 interprete:
1138 1154 1156 1184 ι
1188 1130 1529 1188 Inimicitiam
1562 1146 1757 1196 ponam
1789 1130 1933 1200 inter

373 1209 424 1271 te
444 1210 494 1253 et
508 1198 963 1268 inter'mnlierem,
978 1201 1116 1256 inter
1133 1201 1299 1255 tilium
1313 1214 1528 1271 quoque
1545 1210 1693 1254 tuum
1711 1207 1775 1271 et
1789 1198 1932 1271 inter

372 1268 541 1341 lilium
578 1272 753 1325 illius:
797 1273 910 1340 ipse
963 1286 1177 1341 memor
1225 1268 1345 1325 erit'
1378 1268 1552 1341 istius,
1584 1269 1724 1337 quod
1754 1268 1928 1323 fecisti

368 1337 419 1391 ei
448 1340 601 1405 olim,
635 1358 654 1391 ι
681 1352 789 1395 etc.
816 1337 894 1395 'De
930 1337 1031 1395 hoc
1057 1343 1220 1395 etiam
1263 1356 1421 1408 supra
1456 1340 1717 1395 diximus.

650 1410 903 1478 Ejusdem
932 1412 1298 1465 adnotationes
1325 1414 1376 1463 in
1412 1426 1527 1477 cap.
1560 1409 1647 1463 79.

439 1475 568 1549 Pag.
614 1475 739 1536 283.
787 1478 918 1533 Cum
972 1482 1152 1549 igitur.
1188 1481 1416 1545 Diaboli,
1464 1475 1521 1533 et
1554 1478 1701 1549 itnpii
1740 1494 1929 1532 omnes

369 1548 461 1613 qui
489 1563 678 1602 eorum
724 1550 894 1603 nuntii
931 1548 1107 1604 et’tilii
1149 1561 1276 1605 sunt
1312 1551 1636 1611 imitatione,
1690 1565 1795 1603 non
1822 1567 1923 1600 na—

370 1625 494 1669 tura
521 1656 537 1681 ,
587 1619 937 1688 sibimetipsis
967 1636 1129 1675 causa
1183 1631 1313 1674 sunt
1358 1618 1709 1675 discessiOnis
1740 1636 1766 1670 a
1822 1618 1928 1671 Deo

367 1697 679 1758 nescieram
710 1692 1048 1758 perditionis.
1081 1690 1369 1752 Cmterum,
1398 1700 1455 1743 ut
1478 1690 1548 1757 pii
1582 1688 1685 1742 viri
1721 1690 1927 1742 ratione

363 1755 527 1810 oﬂicii
566 1755 942 1826 aliquandoin
993 1760 1289 1827 Srriptnris
1341 1755 1656 1825 angelorum
1712 1760 1924 1812 nomina

365 1828 691 1890 sortiuntur,
736 1830 835 1884 lsa.
892 1846 971 1894 rx,
1022 1831 1210 1885 Malae.
1272 1847 1307 1885 ll
1337 1870 1352 1894 ,
1392 1830 1582 1885 Matth.
1626 1845 1679 1882 XI
1706 1869 1721 1891 ,
1762 1830 1831 1882 ita
1874 1839 1928 1882 et

311 1931 315 1933 -
366 1897 514 1970 impii
546 1899 635 1970 lilii
663 1889 1083 1970 Belialetangeli
1114 1889 1922 1967 Salautcvrectenuncupantur.
1960 1889 1999 1943 Β

437 1967 661 2030 Quidam
692 1980 812 2023 ante
843 1987 933 2024 nos
958 1967 1116 2025 dixit.
1154 1971 1306 2031 Mihi.
1340 1972 1511 2023 fateor
1536 1971 1787 2038 ingenue,
1821 1986 1923 2038 non

360 2037 510 2110 subit
536 2039 659 2110 quis
689 2041 760 2093 sit
801 2041 925 2106 iste,
968 2042 1124 2110 cujus
1169 2041 1331 2095 verba
1371 2042 1751 2103 adducantur;
1812 2037 1926 2092 for-

361 2106 525 2180 tussis
568 2108 615 2161 is
651 2120 757 2173 est,
790 2111 944 2178 eujus
989 2106 1095 2164 ta'm
1127 2126 1266 2180 saepe
1299 2112 1351 2163 iu
1382 2110 1761 2171 superioribus
1793 2124 1924 2180 ine-

360 2178 540 2250 minit,
574 2194 733 2244 quem
784 2176 888 2233 sibi
921 2182 1160 2250 ignotum
1201 2176 1423 2248 scripsit
1451 2180 1741 2233 Eusebius.
1788 2176 1925 2232 Sen-

363 2247 545 2301 tentia:
597 2263 759 2315 porro
816 2247 964 2304 illius
1013 2266 1118 2306 non
1179 2252 1333 2303 valde
1386 2250 1700 2303 dissimilem
1764 2251 1926 2303 habet

357 2315 549 2389 beatus
582 2318 839 2386 lgnatius,
874 2319 1043 2387 Epist.
1078 2326 1145 2373 ad
1170 2320 1564 2389 Magnesianos.
1618 2319 1922 2373 Nazianze-

356 2402 462 2439 nus
494 2388 545 2460 in
578 2389 820 2460 carmine
846 2393 911 2444 de
941 2388 1276 2460 virginitate.
1305 2391 1488 2443 multis
1514 2399 1639 2459 post
1663 2389 1922 2443 Imitatum

355 2456 590 2520 SéBCllllS,
625 2459 766 2512 idem
800 2461 967 2513 tradit
1001 2456 1084 2514 his
1127 2460 1335 2514 verbis:

391 2548 587 2618 Αὐτὰρ
610 2550 740 2620 ἐμοὶ
770 2552 972 2617 τοκέες
996 2551 1112 2621 μὲν
1140 2555 1265 2606 ὅσοι
1291 2552 1481 2605 καλὸν
1514 2550 1882 2620 ἑξεδίδαξαν,

709 2622 924 2687 Παῖδες
950 2621 1000 2675 δ’
1033 2622 1142 2689 οὓς
1164 2623 1429 2687 ἐδίδαξα.

351 2710 405 2763 id
440 2720 563 2767 est:

423 2780 529 2837 Sed
554 2782 684 2836 mihi
717 2794 893 2854 patres
924 2794 1068 2848 sunt,
1119 2796 1368 2855 quotquot
1423 2787 1661 2855 virtutem
1697 2802 1776 2837 me
1820 2786 1921 2837 do-

1601 2852 1618 2924 [
1642 2866 1859 2908 ruerunt
1885 2872 1900 2909 :

426 2918 555 2973 Filii
588 2931 761 2976 autem
785 2940 914 2993 quos
943 2924 1052 2992 ipse
1084 2926 1266 2977 docui.

423 3013 566 3088 Licet
598 3016 667 3068 sit
693 3017 994 3085 (ii/ferentia
1020 3018 1156 3072 inter
1196 3028 1375 3071 nolunt
1402 3029 1447 3071 et
1496 3020 1714 3088 factum.
1746 3019 1919 3072 Atha-

350 3084 543 3138 nasius
574 3101 739 3139 serm.
767 3084 799 3139 5
835 3096 1025 3140 contra
1065 3088 1315 3145 Ariauos.
1366 3084 1630 3158 genitum,
1672 3090 1787 3142 sive
1818 3106 1917 3142 un-

350 3166 462 3207 tum
488 3172 632 3220 esse,
663 3173 767 3210 non
790 3168 1107 3211 extraneum
1134 3159 1385 3227 quiddam
1415 3179 1443 3212 a
1479 3172 1671 3213 natura
1694 3160 1927 3230 gignen-

358 3309 2786 3334 _—-————————__——._—_—__—__——___

2037 559 2337 637 proprium,
2366 566 2507 632 quod
2540 559 2607 618 de
2638 563 2935 617 substantia
2964 562 3137 637 Patris
3161 559 3601 637 διμναῖα-ψευ-

2035 628 2364 708 que-Filium
2386 628 2488 690 'Dei
2513 645 2840 708 natumuseu
2865 633 3110 708 genitum
3143 646 3170 683 a
3204 629 3363 682 Patre
3395 628 3598 708 ubique

2035 698 2087 763 ill
2124 709 2297 763 sacris
2335 706 2555 761 Litteris
2593 698 2897 771 praedicari.
2934 702 3158 755 Factum
3183 714 3323 765 esse,
3352 715 3445 771 seu
3480 698 3598 771 fieri

2034 790 2089 832 et
2121 779 2314 843 creari,
2347 777 2475 829 illttd
2523 768 2650 839 dici,
2683 776 2825 836 quod
2864 789 2891 825 a
2927 784 3119 843 natura
3173 770 3421 843 facientis
3467 768 3603 843 alie-

2036 866 2160 902 num
2214 837 2317 909 est,
2377 856 2433 900 et
2500 837 2713 899 essendi
2766 843 3047 897 exordium
3100 841 3289 899 habet,
3351 837 3599 909 quodque

2034 919 2237 973 creatis
2272 918 2525 971 omnibus
2550 922 2602 967 et
2640 914 2768 967 solis
2804 913 2963 968 rebus
2994 912 3280 973 convenit;
3308 918 3361 961 et
3383 924 3500 959 eam
3530 910 3601 962 ob

2036 1005 2147 1041 rem
2186 988 2497 1055 Scripturas
2536 987 2757 1039 dicere:
2799 1003 2814 1033 ι
2875 984 2952 1055 In»
2989 980 3257 1055 principio
3296 979 3425 1031 fecit
3458 977 3599 1055 [lens

2031 1058 2228 1111 C(Blllm
2255 1048 2541 1111 et'lerram
2571 1055 2615 1085 ³³
2648 1074 2666 1106 ι
2722 1069 2827 1107 non
2879 1072 2896 1103 ι
2942 1048 3001 1105 itt
3031 1050 3294 1119 principio
3329 1048 3535 1119 genuit2
3574 1068 3594 1098 ι

2030 1127 2215 1197 Neque
2254 1145 2268 1181 :
2296 1144 2337 1197 At
2370 1125 2556 1180 Manus
2582 1116 3041 1197 tutergcnuerunt‘
3073 1136 3185 1185 me,
3209 1116 3238 1170 ἰ
3268 1119 3360 1173 sed
3394 1134 3408 1169 :
3440 1136 3457 1168 ι
3486 1116 3601 1173 Ma-

2032 1195 2263 1254 nus—tute
2288 1195 2531 1249 fecerunt
2564 1210 2647 1248 me
2680 1195 2755 1256 ³³,
2799 1213 2817 1245 ι
2863 1203 2969 1247 etc.

2306 1265 2552 1334 Ejusdem
2586 1265 2951 1317 adnotatione:
3002 1262 3055 1313 in
3094 1278 3209 1334 cap.
3241 1262 3328 1314 80.

2101 1336 2228 1406 Pag.
2264 1330 2390 1391 9.88.
2428 1333 3087 1406 Quentadntodutn__enint.
3123 1330 3325 1384 Omnes
3378 1330 3596 1398 quidem

2029 1422 2126 1475 per
2161 1403 2369 1460 natura}
2399 1406 2765 1475 conditionem
2824 1403 2915 1455 lilii
2956 1403 3045 1455 Dei
3085 1411 3381 1475 Δδιιιιμιιοιι
3414 1410 3595 1475 autem

2031 1470 2126 1545 per
2143 1478 2375 1545 gratiam
2403 1486 2458 1528 et
2486 1473 2885 1545 obedientiam;
2916 1472 3353 1545 quandoquidetn
3380 1470 3594 1536 plurimi

2029 1541 2192 1600 etiam
2253 1561 2377 1600 cum
2438 1543 2628 1598 belluis
2659 1584 2673 1609 ,
2724 1542 2856 1596 feris
2909 1551 2963 1594 et
2998 1541 3344 1609 serpentibus
3382 1551 3600 1610 propter

2032 1616 2215 1670 varias
2244 1617 2542 1683 pravitates
2568 1612 2690 1681 jure
2726 1622 3136 1683 comparantur.

2103 1686 2191 1739 Ira
2221 1681 2317 1740 eis.
2360 1685 2588 1740 Codices
2613 1684 2822 1742 excusi,
2858 1701 2879 1733 ι
2911 1682 3060 1749 ejus,
3101 1700 3117 1731 ι
3158 1681 3299 1751 quod
3335 1683 3604 1743 expunxi-

2030 1773 2147 1809 tuus
2175 1767 2384 1810 auctor.
2439 1763 2545 1808 vet.
2578 1753 2700 1808 cod.
2740 1752 3089 1821 Septuaginta
3116 1791 3131 1816 ,
3164 1751 3333 1821 Ουμδς
3369 1751 3551 1815 αὐτοῖς
3580 1794 3598 1818 ,

2036 1844 2053 1876 ι
2094 1825 2244 1879 furor
2276 1826 2427 1894 ipsis.
2458 1844 2476 1875 ι

2102 1897 2247 1949 Dixit
2272 1891 2567 1965 progeniem
2592 1894 2912 1965 viperarum.
2943 1891 3197 1945 Homines
3226 1902 3445 1960 prpptcr
3470 1893 3601 1944 mul-

2033 1968 2243 2034 tiplices
2272 1963 2621 2034 cupiditates.
2667 1963 2864 2032 quibus
2913 1980 2940 2015 a
2971 1970 3112 2016 recta
3150 1966 3360 2016 ratione
3417 1974 3599 2016 trans-

2030 2038 2174 2091 versi
2224 2046 2479 2105 aguntur,
2528 2035 2828 2105 belluarunt
2863 2034 3179 2105 nominibus
3222 2034 3420 2105 passim
3455 2035 3600 2105 «lesi-

2028 2110 2177 2177 guari
2195 2102 2413 2173 scripsit
2432 2104 2833 2177 quoquetllem.
2858 2104 3147 2177 Alexandr.
3174 2104 3225 2153 in
3252 2102 3599 2177 Protreptico,

2031 2174 2087 2229 ut
2126 2177 2425 2237 volucrum,
2456 2192 2549 2228 eos
2580 2175 2668 2242 qni
2703 2184 2827 2227 sunt
2858 2174 3034 2237 leves;
3070 2185 3416 2239 Serpentum,
3442 2175 3600 2226 decc-

2030 2256 2248 2314 ptores;
2280 2248 2517 2305 leonum.
2546 2245 2633 2311 qui
2680 2244 2853 2297 caedes
2891 2254 2945 2297 et
2980 2244 3153 2295 minas
3184 2245 3443 2295 continuo
3480 2244 3597 2309 spi-

2031 2328 2185 2380 rant;
2224 2331 2541 2386 porcorum,
2583 2315 2674 2383 qui
2716 2315 2767 2366 in
2812 2316 3146 2381 voluptatum
3220 2327 3379 2386 cinno
3443 2318 3596 2367 volu-

2028 2382 2248 2449 tantur;
2275 2397 2329 2439 et
2374 2382 2651 2455 luporum,
2680 2386 2769 2455 qui
2802 2399 3027 2451 rapaces
3052 2392 3206 2455 sunt.
3235 2382 3500 2455 Caeterum
3532 2386 3599 2438 de

2027 2458 2227 2525 vipera:
2267 2453 2461 2509 natura
2495 2466 2550 2509 et
2580 2453 2861 2508 affectibus
2889 2495 2905 2519 ,
2957 2454 3120 2525 multa
3146 2469 3261 2525 non
3306 2454 3596 2525 injucunda

2026 2528 2368 2595 scripserunt
2417 2526 2627 2577 Plinius
2687 2526 2779 2577 lib.
2821 2541 2885 2586 ιι,
2937 2540 3056 2591 cap.
3096 2524 3198 2585 62;
3257 2524 3594 2595 Athanasius

2025 2592 2216 2663 quaest.
2249 2596 2318 2650 56
2350 2597 2415 2648 ad
2446 2596 2812 2656 Antiochum;
2841 2597 3159 2647 Ambrosius
3194 2595 3267 2645 lib
3323 2610 3349 2644 ν
3383 2592 3597 2653 Hexae-

2024 2683 2227 2730 meron,
2266 2682 2387 2733 cap.
2420 2668 2448 2718 7
2475 2706 2488 2730 ,
2536 2667 2737 2733 quibus
2787 2666 2875 2734 qui
2919 2666 3175 2733 eguerit,
3234 2665 3357 2717 inde
3413 2676 3592 2733 petat,

2026 2738 2167 2790 lzcet.
2201 2736 2414 2801 Videat,
2448 2738 2491 2790 si
2525 2736 2675 2799 velit,
2708 2733 3060 2799 Nicandrum,
3093 2733 3355 2788 Galerium
3389 2746 3441 2787 et
3472 2736 3599 2793 Diu-

2024 2807 2313 2860 souridem.

2096 2877 2307 2932 Similes
2359 2877 2520 2932 enint.
2569 2874 2686 2929 Vel.
2732 2876 2852 2930 cod.
2919 2893 2937 2925 ι
2998 2874 3231 2927 similem
3292 2874 3597 2945 Sodomitis

2027 2949 2540 3015 transgreSsionem,
2591 2955 2644 3000 et
2690 2947 2882 3000 eadem
2916 2962 3033 3015 qua:
3074 2945 3183 3000 illis
3214 2945 3432 3000 fuerunt
3463 2960 3591 3015 pec.

2019 3031 2162 3073 sata.
2199 3037 2217 3069 ι

2096 3090 2223 3158 l‘ag.
2256 3088 2382 3143 286.
2436 3087 2811 3141 Prwbebimus.
2850 3087 2922 3141 Ita
2970 3098 3126 3143 vetus
3157 3089 3328 3149 codex
3356 3127 3370 3152 ,
3408 3088 3593 3143 excusi

2029 3178 2046 3210 ι
2082 3161 2491 3227 praeveniamus.
2532 3180 2548 3211 ι

2790 3326 2936 3337 .-

1351 3485 1542 3601 VA
1561 3485 2109 3602 RIORUM
2189 3486 2619 3600 NOTAE

764 3722 885 3809 IN
964 3722 1426 3812 LIBRUM
1504 3723 2073 3829 QUINTUM
2148 3726 2564 3816 SANCTI
2648 3730 3151 3818 IRENIEI'.

443 4080 823 4135 Adnotationes
860 4078 959 4137 Fr.
984 4079 1333 4137 Feuardentii
1363 4084 1417 4136 in
1448 4085 1813 4152 prie/titionem

960 4153 1084 4205 libri
1117 4153 1307 4221 quinti.

410 4219 542 4289 Pag.
563 4220 689 4276 291.
714 4220 866 4276 IIunc
885 4222 1084 4277 librum
1114 4219 1360 4292 Quintum
1398 4224 1515 4279 sine
1540 4223 1644 4277 ttlla
1665 4223 1910 4280 sectione

339 4292 614 4364 incapita
650 4292 909 4364 hactenus
964 4294 1300 4361 reliquerunt
1361 4295 1396 4347 ii
1454 4297 1545 4364 qui
1600 4294 1910 4364 superiores

337 4362 517 4430 primo
568 4362 985 4417 distribuerunt.
1037 4364 1202 4417 Vetus
1240 4362 1485 4432 quoque
1514 4362 1685 4420 codei
1725 4377 1911 4418 noster

338 4447 440 4485 nec
470 4433 682 4504 signata
714 4433 890 4499 capita
922 4434 1129 4504 habuit,
1157 4449 1256 4487 nec
1283 4434 1563 4497 signandis
1585 4447 1903 4504 argumenta

339 4502 725 4574 suppeditavit.
778 4503 1138 4567 Quamobrem
1194 4504 1364 4556 visum
1399 4517 1480 4559 est
1525 4502 1669 4560 eum
1694 4521 1909 4574 quoque

335 4571 513 4624 instar
537 4573 876 4639 superiorum
901 4575 1140 4627 dividere
1166 4574 1217 4627 in
1239 4575 1611 4641 praefationem
1627 4585 1680 4629 et
1703 4571 1905 4642 capita,

336 4642 536 4715 hisque
575 4643 803 4715 singulis
848 4644 1092 4715 singulas
1126 4645 1253 4698 item
1287 4659 1527 4701 smnmas
1557 4646 1807 4715 alligere;
1853 4649 1904 4699 id

333 4714 477 4784 quod
503 4712 626 4765 boni
657 4723 710 4764 et
735 4714 872 4779 atqui
902 4714 973 4781 pii
1030 4728 1239 4780 onmcs,
1291 4716 1362 4768 uti
1390 4732 1571 4784 spero,
1598 4712 1904 4771 consulent.

331 4782 571 4849 Apparet
603 4783 845 4850 profecto
883 4786 1258 4853 pratiatiouem
1308 4782 1599 4853 quamdam
1645 4801 1763 4840 esse
1798 4786 1906 4838 inin

340 4853 471 4904 tium
512 4852 670 4921 hujus
705 4853 852 4919 libri,
882 4852 1022 4922 quod
1053 4864 1107 4907 et
1138 4852 1611 4921 ἀνακεφαλαίωσιν
1660 4856 1906 4911 continet

333 4924 779 4993 priecedentium,
810 4937 863 4977 et
892 4927 1232 4993 sequentiqu
1262 4926 1535 4986 ὑπόθεσιν.

405 4988 473 5044 Et
530 4996 758 5047 ratione.
797 4988 1160 5049 Vetus—codex
1218 5014 1234 5045 ι
1266 5013 1329 5049 ex
1374 5000 1603 5051 ratione.
1637 5019 1653 5050 ι
1696 4998 1903 5053 Existi-

332 5078 475 5117 ntein
508 5060 767 5116 Irrita-um
799 5066 1021 5117 inlinere
1067 5067 1205 5120 velle
1231 5084 1288 5120 se
1329 5069 1558 5121 haereses
1592 5070 1723 5122 istas
1744 5085 1901 5122 ever-

329 5134 487 5208 gisse,
515 5134 722 5208 partim
757 5135 1076 5208 Scripturis,
1113 5138 1310 5208 partim
1347 5138 1647 5192 ratiOnibns
1677 5142 1745 5194 ab
1773 5140 1903 5208 ipsis

327 5202 634 5258 haeresibus
672 5202 895 5272 petitis;
927 5202 1145 5274 quando
1190 5207 1308 5261 illas
1341 5209 1485 5261 inter
1521 5224 1660 5272 sese,
1694 5220 1747 5263 et
1777 5202 1902 5262 eum

327 5274 565 5347 veritate
632 5289 859 5347 prorsus
912 5292 1156 5347 pugnare
1214 5278 1267 5330 in
1325 5278 1692 5345 superioribus
1751 5279 1904 5335 libris

328 5344 539 5397 centies
576 5346 834 5399 ostendit.

401 5413 670 5490 Quqniam
703 5428 750 5467 et
784 5416 840 5468 in
885 5415 1366 5490 administratione.
1410 5418 1542 5472 Cum
1603 5419 1893 5490 episc0pus

322 5493 470 5538 esset
496 5483 795 5539 Galliarum
830 5488 1129 5555 primarius
1182 5496 1234 5540 et
1291 5498 1543 5543 cerneret
1598 5483 1889 5545 Gnosti'cos

323 5569 518 5626 gr_avcs
546 5564 600 5608 et
633 5556 972 5623 perniciosos
1006 5558 1164 5626 lupos
1194 5557 1387 5613 ovibus
1424 5559 1537 5612 suis
1581 5560 1889 5626 imminere,

324 5622 487 5678 oﬂcii
520 5626 600 5679 sui
634 5622 842 5692 putavit
870 5641 989 5681 esse
1021 5622 1140 5683 illos
1174 5630 1381 5681 erroris
1411 5630 1495 5683 sui
1522 5629 1811 5684 admonere
1839 5622 1895 5683 et

323 5694 670 5762 convincere,
702 5694 1115 5767 antidotumth
1168 5699 1432 5755 adversus
1466 5716 1560 5758 eos
1613 5700 1735 5759 aliis
1764 5700 1894 5757 sub-

391 5837 435 5868 ³³
484 5838 686 5907 Genu,
736 5842 785 5897 ι.
882 5842 923 5873 ³⁸
959 5841 1058 5898 Job
1116 5860 1170 5911 Χ,
1200 5843 1251 5897 8.

1943 3933 2009 3951 ἠ

2013 4085 2353 4148 ministrare;
2380 4082 2536 4151 cujus
2558 4082 2888 4152 diligentiam
2918 4088 2972 4137 et
3002 4080 3341 4136 sedulitatem
3372 4082 3583 4138 utinam

1934 4133 1978 4192 (ἶ
2012 4133 2358 4209 imitarentur:
2392 4133 2758 4208 sriecessoi-Jes.

2080 4225 2157 4277 Ab
2207 4225 2449 4277 Ecclesia
2492 4231 2823 4290 acceperunt.
2884 4222 3052 4276 Docet
3084 4220 3240 4275 fidem
3281 4221 3379 4275 niti
3417 4226 3583 4278 verbo

2010 4295 2126 4357 Dei.
2158 4294 2300 4362 quod
2326 4293 2440 4346 sola
2465 4292 2706 4348 Ecclesia
2732 4293 2998 4346 catholica
3025 4295 3286 4352 custodit.
3314 4292 3505 4360 probat
3528 4307 3583 4346 et

2010 4365 2298 4432 intelligit;
2343 4364 2569 4432 ideoque
2599 4380 2626 4415 a
2669 4362 2837 4415 Paulo
2878 4363 3359 4432 diciturcolunma
3392 4374 3447 4415 et
3487 4363 3582 4415 lir-

2010 4430 2345 4489 mameutum
2379 4430 2643 4488 veritatis.
2674 4433 2905 4488 Consule
2934 4448 3051 4501 cap.
3084 4430 3119 4485 4
3162 4432 3255 4486 lib.
3311 4447 3391 4497 ut,
3424 4444 3479 4487 et
3510 4433 3587 4496 45,

2008 4505 2104 4559 lib.
2142 4521 2215 4560 tv.

2026 4570 2029 4573 ’
2082 4575 2350 4641 Oportebit
2383 4585 2580 4626 autem.
2614 4570 2783 4627 Vetus
2813 4575 3005 4639 codex,
3063 4590 3082 4625 ε
3118 4572 3394 4642 oportebit
3424 4582 3477 4627 et
3506 4582 3578 4640 te,

2007 4658 2273 4704 etomnes
2304 4646 2553 4703 lectores.
2598 4663 2615 4693 ι
2651 4653 2758 4697 etc.

2211 4714 2372 4785 184
2410 4715 2659 4785 Iz‘jitsdent
2688 4714 3054 4767 adnotationes
3078 4712 3133 4765 in
3162 4730 3281 4781 cap.
3313 4714 3365 4768 1.

2076 4783 2384 4854 Ρςιεζῶδῐξ.
2437 4783 2557 4836 Non
2587 4784 2721 4836 enim
2759 4785 2931 4839 aliter.
2965 4788 3203 4854 Apparet
3239 4785 3323 4836 hic
3378 4799 3578 4839 novum

2009 4849 2384 4924 argumentum
2427 4855 2682 4907 tractari:
2713 4871 2835 4922 quae
2875 4849 3062 4907 causa
3084 4849 3209 4916 fuit,
3246 4864 3303 4907 ιιι
3335 4854 3458 4908 inde
3482 4870 3578 4908 ca-

2006 4938 2100 4996 put
2127 4930 2356 4995 primum
2387 4925 2771 4992 inciperemus,
2792 4929 2955 4978 etiam
2989 4932 3320 4992 repugnante
3348 4926 3583 4979 rationis

2006 4997 2268 5064 particula
2302 5014 2320 5045 ι
2358 4997 2522 5049 enim.
2557 5011 2577 5045 ι
2614 4996 2833 5047 Certum
2864 5002 2947 5047 est
2973 5003 3153 5046 autem
3179 5005 3458 5048 auctorem
3486 5011 3579 5047 su-

2004 5069 2249 5135 periores
2282 5066 2452 5118 libros
2487 5081 2614 5118 suos
2648 5080 2993 5133 nequaquam
3029 5065 3358 5131 partivisse:
3395 5066 3578 5132 itaque

2004 5138 2248 5189 eamdem
2279 5138 2408 5189 mihi
2441 5136 2654 5188 veniam
2690 5136 2774 5188 bic
2801 5136 2915 5187 dari
2965 5135 3198 5202 postulo,
3244 5150 3363 5200 qua:
3412 5150 3578 5202 supe-

2008 5208 2243 5261 tioribus
2292 5221 2550 5260 concessa
2581 5214 2694 5259 est:
2725 5205 2818 5274 qui
2850 5203 2978 5258 dum
3030 5204 3186 5271 primi
3222 5220 3414 5259 saxum
3470 5208 3576 5261 hoc

2006 5278 2310 5337 volverent.
2339 5277 2565 5330 forsitan
2595 5279 2748 5328 oneri
2774 5277 3205 5329 succubuerunt.

2110 5346 2234 5400 Non
2268 5362 2383 5398 cum
2440 5345 2509 5414 ci.
2552 5344 2645 5398 llis
2703 5345 2874 5400 lucem
2923 5343 3154 5397 silerent
3188 5345 3477 5415 Augustini
3520 5356 3577 5400 et.

2003 5418 2205 5473 Leonis
2246 5418 2439 5479 verba;
2504 5415 2646 5469 illius
2680 5431 2775 5470 xm
2832 5416 2909 5469 De
2934 5414 3184 5468 Trinitat.
3216 5458 3229 5481 ,
3282 5432 3402 5482 cap.
3462 5416 3571 5473 15.:

2006 5508 2023 5539 ς
2063 5488 2272 5541 Placuit
2306 5486 2413 5539 Deo
2444 5496 2662 5555 prepter
2691 5487 2991 5539 eruendum
3044 5484 3320 5540 hominem
3358 5488 3421 5541 de
3450 5488 3574 5541 dia-

2003 5558 2113 5613 boli
2148 5566 2417 5625 potestate
2442 5598 2455 5618 ,
2490 5573 2593 5610 non
2627 5558 2867 5625 potentia
2891 5594 2907 5619 ,
2960 5555 3052 5609 sed
3077 5555 3293 5622 justitia
3325 5557 3575 5611 diabolus

2005 5629 2344 5687 vinceretur;
2374 5629 2634 5695 atqucita
2687 5636 2743 5680 et
2791 5627 3040 5680 homines
3088 5627 3367 5681 imitantes
3417 5627 3577 5683 Chri-

2004 5709 2183 5765 stum,
2229 5697 2435 5768 justitia
2485 5706 2791 5764 quatrerent
2846 5697 3117 5760 diabolum
3179 5698 3425 5765 vomere,
3464 5713 3587 5775 non;
