3970 6378
448 367 583 423 4783

1754 364 2105 423 VANORUM
2140 364 2350 422 ΝΟΤᾹί

3540 359 3689 415 i783

445 494 708 558 putentia.
754 517 771 545 ι
809 493 905 548 llic
933 510 1095 547 serm.
1156 499 1220 547 de
1254 495 1475 549 Nativit.
1515 509 1703 561 magna
1757 493 2011 555 a-qnitate
2038 493 2081 547 Α
2114 488 2281 561 nostri
2322 486 2445 540 Jcsn
2474 486 2673 561 Clu-isti
2698 489 2897 561 factum
2930 485 3219 561 dicebant;
3252 485 3625 561 Valentiniani
3657 503 3686 539 ,ι

447 561 730 618 llntninnm
770 574 1013 616 nostrum
1077 582 1202 618 cum
1254 567 1552 619 saevissimo
1608 567 1765 619 hoste
1819 571 2008 617 nostro

441 646 793 689 t-ottccrtasse
846 635 1070 695 scribit,
1117 638 1258 700 quod
1296 652 1399 688 non
1435 636 1486 687 itt
1530 650 1625 689 sua
1687 633 2004 701 majestate,

441 704 534 757 sed
569 705 619 757 in
657 717 839 758 nostra
873 705 1177 756 humilitate
1228 720 1556 771 congressus
1590 705 1684 758 sit.

516 774 623 827 Sun
652 776 815 845 igitur
844 776 1114 842 sanguine.
1146 774 1515 828 Theodoretus
1558 775 1768 845 dialogo
1797 775 1831 828 5
1867 775 2005 829 hanc

445 847 765 898 sententiam
785 846 1089 899 transeribit
1108 861 1275 912 usque
1294 847 1356 898 ad
1378 846 1504 898 illud
1535 865 1546 899 :
1575 866 1591 896 ι
1620 844 1682 896 Et
1702 845 2007 898 ell'undente

446 915 729 983 Spiritum,
766 934 782 965 ›
839 925 966 980 etr.,
1007 916 1208 969 docens
1245 915 1518 967 Christum
1559 917 1713 983 juxta
1756 916 2003 969 deitatem

444 985 797 1043 inmatibilem
827 995 881 1040 et
906 986 1293 1038 immutabilem
1327 996 1584 1051 perpetuo
1616 985 1897 1039 mansisse.

524 1051 652 1107 Vani
678 1056 811 1105 enim
842 1064 982 1103 sunt.
1012 1052 1165 1106 Hune
1190 1069 1404 1120 quoque
1432 1054 1607 1105 locum
1637 1068 1805 1120 usque
1835 1054 1900 1105 ad
1934 1053 2010 1106 id:

446 1145 461 1172 ι
500 1122 564 1176 Et
594 1124 882 1192 reprobent
918 1122 1326 1185 plasmationem
1361 1123 1453 1175 Dei
1482 1164 1495 1181 .
1531 1142 1551 1175 ι
1587 1123 1724 1176 idem
1761 1123 2009 1176 Theodo-

445 1204 592 1249 retus
646 1195 807 1246 habet
869 1192 1082 1258 dialogo
1120 1193 1173 1252 2,
1210 1210 1315 1258 quo
1368 1194 1525 1246 decet
1576 1192 1852 1246 Christum
1888 1193 2007 1245 sine

441 1265 545 1315 ulla
604 1275 927 1317 naturarum
975 1263 1297 1317 confusione
1349 1262 1517 1317 Deum
1549 1264 1710 1317 simul
1742 1272 1795 1317 et
1829 1262 2007 1317 homi-

440 1350 561 1386 ltt'lll
601 1350 739 1386 9599,.

512 1405 779 1458 Abraham
811 1415 854 1455 et
892 1402 1078 1467 reliqui
1117 1403 1400 1469 propheta'.
1436 1402 1531 1456 llis
1555 1404 1776 1456 omnino
1805 1403 2005 1457 similia

439 1487 583 1531 mut.
620 1491 739 1541 qum
770 1474 929 1525 habet
962 1474 1226 1527 EnSebius
1278 1474 1374 1528 lib.
1428 1489 1442 1527 t
1509 1473 1777 1526 Dentonst.
1824 1490 2004 1542 evang.

440 1560 559 1612 inp.
588 1544 643 1598 5.
675 1543 767 1595 Dei
795 1542 935 1595 enim
966 1542 1223 1612 Verbum,
1251 1558 1408 1612 quem
1427 1543 1701 1597 Christum
1734 1542 2007 1610 appellare

440 1611 824 1667 totusuevimus
847 1653 862 1677 ,
896 1613 1149 1674 Ahrabaa,
1185 1611 1413 1675 Iacobo,
1465 1612 1605 1666 Jobo
1655 1622 1709 1666 et
1741 1614 1865 1666 aliis
1916 1628 2009 1680 pa-

443 1685 722 1747 triarcbis,
753 1698 859 1737 non
894 1688 1071 1735 minus
1120 1683 1396 1752 cognitqu
1430 1683 1599 1736 fuisse
1628 1699 1788 1751 quam
1822 1683 2005 1744 nobis,

438 1770 721 1807 sacrarum
782 1753 1109 1806 Litterarum
1166 1753 1491 1806 testimoniis
1540 1753 1857 1816 contendit,
1888 1767 2008 1807 eos-

2112 558 2433 623 l)emiurgo;
2467 559 2556 608 alii
2592 572 2720 610 vero
2756 557 2996 612 Gnostici
3044 559 3112 610 ab
3145 557 3389 626 angelis;
3421 559 3688 622 proinde-

2109 645 2215 693 qne
2271 627 2550 680 Dominum
2586 638 2829 680 nostrum
2863 643 2966 682 non
3017 628 3069 680 in
3100 642 3217 690 sua,
3273 630 3368 681 sed
3406 629 3461 681 in
3494 628 3685 680 alit-na

2107 698 2342 750 venisse.
2380 698 2501 750 llaec
2529 699 2801 763 cepiosius
2832 698 2923 752 lib.
2975 713 3056 759 tu,
3090 712 3139 753 c.
3178 698 3264 751 ll.

2182 766 2328 822 Nihil
2360 770 2494 821 enim
2526 782 2643 819 ante
2671 769 2927 821 dedimus.
2967 767 3093 821 Vult
3119 769 3277 822 nullis
3315 770 3686 837 pracedemi-

2109 838 2209 891 bus
2238 838 2519 907 hominum
2550 838 2777 903 meritis,
2813 841 2909 891 sed
2930 838 3041 892 sola
3066 840 3298 907 gratuita
3336 841 3427 892 Dei
3459 840 3688 893 miscri-

2109 909 2290 962 cordia
2321 906 2567 962 effectum
2594 924 2738 969 esse,
2769 918 2821 957 ut
2848 908 3013 962 Filius
3040 906 3130 962 Dei
3156 909 3315 962 homo
3345 910 3528 962 factus
3553 926 3686 964 cor-

2110 993 2210 1045 pus
2244 980 2296 1031 in
2328 993 2419 1029 ara
2453 980 2629 1031 (‘l‘llClS
2661 978 2948 1034 obtulerit.
3001 990 3057 1033 et
3104 980 3423 1047 sanguinem
3472 981 3683 1033 fuderit

2109 1062 2207 1113 pro
2261 1049 2569 1113 expiatione
2627 1059 2971 1115 peccatorum
3042 1050 3210 1101 totius
3262 1050 3475 1103 mundi.
3529 1048 3683 1103 Idem

2109 1126 2291 1185 aperte
2320 1117 2552 1171 Paulus:
2594 1135 2613 1169 ι
2642 1117 2773 1171 Cum
2804 1118 2979 1172 adhuc
3020 1119 3224 1172 inimici
3254 1134 3528 1184 essemus,
3581 1122 3683 1177 ait.

2111 1188 2445 1240 reconciliati
2476 1204 2661 1241 smnus
2690 1186 2800 1241 Deo
2840 1205 2935 1255 per
2957 1189 3229 1242 Christum
3262 1189 3325 1240 ³⁷.
3364 1207 3383 1240 ι
3440 1188 3507 1241 Et
3550 1190 3684 1244 alibi

2110 1266 2272 1325 negat
2297 1258 2435 1311 idem
2466 1274 2529 1310 ex
2568 1259 2820 1327 operibus
2847 1259 3071 1326 justitia!
3102 1273 3220 1326 qua?
3265 1258 3500 1313 ferimus
3536 1276 3640 1313 nos
3666 1303 3683 1320 .

2112 1338 2316 1379 tantum
2343 1327 2667 1381 beneﬁcium
2697 1329 3010 1395 contigisse.
3039 1328 3329 1382 Zacharias
3355 1345 3585 1397 quoque
3611 1334 3685 1383 vi-

2109 1397 2352 1469 sceribus
2381 1397 2577 1469 divinae
2603 1399 2987 1451 misericordia;
3020 1400 3247 1469 imputat
3277 1404 3421 1467 quod
3461 1416 3566 1455 nos
3597 1403 3684 1454 rio

2111 1466 2291 1519 sitarit
2321 1466 2515 1521 Oriens
2544 1484 2608 1521 ex
2645 1469 2774 1521 alto.
2811 1470 2982 1521 Acme
3014 1480 3067 1521 et
3097 1466 3287 1523 diﬂuse
3319 1471 3435 1524 lucc
3458 1482 3682 1536 pertra-

2111 1545 2220 1609 ctat
2254 1537 2586 1609 A_i_igustinns
2613 1537 2814 1594 ill).Xl|l
2852 1539 2928 1593 De
2960 1537 3236 1605 Trinitate,
3265 1556 3383 1609 cap.
3411 1542 3477 1593 ιϐ
3499 1552 3559 1596 et
3590 1541 3677 1607 t9,

2110 1608 2243 1677 etin
2276 1604 2614 1670 Enchiridio,
2646 1623 2767 1677 cap.
2803 1610 2892 1663 56.

2181 1674 2247 1728 1η
2272 1679 2467 1729 sinum.
2499 1677 2571 1730 Ita
2609 1674 2765 1733 vetns
2789 1681 2994 1741 codex;
3021 1680 3232 1741 excusi,
3271 1699 3289 1729 ι
3319 1682 3371 1733 in
3405 1680 3559 1735 sinu.
3599 1700 3619 1735 ι

2185 1745 2419 1819 Dicentes
2470 1764 2571 1799 non
2598 1764 2713 1800 eam
2737 1766 2977 1813 capacem
2995 1767 3105 1802 esse
3127 1752 3676 1819 incorruptibilitatis.

437 1826 671 1892 demque
708 1824 870 1875 vitam
924 1838 986 1876 ac
1020 1838 1207 1892 mores
1226 1837 1353 1875 suos
1390 1823 1758 1891 composuisse
1792 1815 1858 1875 ad
1889 1822 2005 1889 ejus
2036 1829 2079 1883 Β
2110 1815 2286 1869 Varia“
2306 1818 2689 1892 pridemsectze
2711 1819 2937 1892 inbujps
2953 1822 3222 1892 opinionis
3238 1815 3395 1874 coeno
3417 1824 3678 1878 volutata:

440 1890 660 1959 pietatis
689 1909 956 1956 normam,
987 1908 1147 1960 quam
1181 1890 1431 1945 Christus
1473 1890 1573 1961 per
1597 1906 1790 1947 omnes
1816 1908 2005 1957 gentes

440 1976 624 2028 postea
654 1962 1067 2022 disseminavit;
1097 1974 1151 2016 et
1176 1964 1244 2013 ob
1272 1963 1320 2013 id
1352 1961 1554 2015 Christi
1588 1962 2003 2030 appellationem

439 2035 557 2088 illos
585 2035 863 2087 nobiscum
893 2047 1232 2085 communem
1268 2033 1489 2096 habere,
1517 2032 1668 2098 juxta
1695 2033 1745 2084 id
1775 2036 1914 2099 quod
1939 2034 2006 2088 de

440 2104 547 2157 illis
593 2106 644 2157 in
681 2103 895 2155 Psalmo
940 2102 1180 2155 dicitur:
1240 2121 1257 2151 ε
1294 2099 1468 2154 Nolite
1500 2113 1720 2171 tangere
1772 2100 2005 2157 cbristos

441 2190 588 2227 tuens
632 2173 698 2226 ³⁸.
732 2191 750 2223 ι
790 2171 1100 2226 Subscribit
1140 2173 1188 2225 ei
1244 2173 1510 2239 Origenes
1540 2171 1686 2225 hom.
1729 2172 1763 2224 5
1793 2181 1847 2225 et
1890 2173 1922 2227 8
1950 2175 2004 2227 in

438 2245 604 2308 Gen,
634 2257 931 2309 omnesque
960 2241 1073 2295 fere
1095 2242 1256 2310 prisci
1294 2243 1597 2310 scriptores
1622 2242 2003 2309 ecclesiastici,

439 2314 575 2366 utin
613 2312 986 2377 superioribus
1027 2326 1169 2380 smpe
1206 2312 1589 2366 indicavimus.

516 2386 637 2451 l’ag.
676 2383 801 2437 295.
830 2382 933 2447 Qui
981 2392 1224 2452 operatus
1271 2391 1364 2452 esti
1391 2382 1810 2436 incarnationem
1862 2383 2000 2452 ejus.

441 2454 603 2506 ltocet
648 2455 819 2506 solum
851 2453 1068 2521 quidem
1098 2451 1291 2521 Filium
1340 2451 1434 2504 Dei
1470 2453 1812 2509 incarnatum
1848 2451 2003 2517 esse,

437 2526 532 2575 sed
577 2523 713 2575 hanc
743 2520 1170 2575 incarnationem
1205 2520 1452 2575 effectam
1487 2522 1649 2575 etiam
1700 2538 1729 2575 a
1763 2524 1924 2577 Patre
1954 2534 2007 2578 et

438 2594 678 2660 Spiritu;
743 2594 883 2660 quod
934 2603 989 2645 et
1021 2593 1365 2661 Augustinus.
1413 2593 1775 2661 apertioribus
1827 2596 2007 2649 verbis

438 2665 558 2717 istis
615 2665 901 2730 exprimit:
957 2681 975 2712 ς
1014 2661 1183 2715 Natus
1228 2672 1313 2715 est
1360 2676 1425 2716 ex
1476 2661 1695 2732 Yirgiue
1754 2678 1860 2717 non
1901 2666 2003 2718 nisi

436 2733 637 2797 Felius;
681 2745 733 2785 ct
762 2750 859 2787 vox
892 2734 957 2786 de
994 2734 1168 2786 nube:
1207 2751 1225 2783 ι
1260 2732 1336 2784 Ta
1369 2747 1428 2786 es
1473 2731 1642 2785 Filius
1677 2748 1827 2787 meus
1867 2734 2004 2789 dile-

436 2814 555 2857 ctus
586 2804 662 2869 ³⁶;
700 2822 719 2854 ι
755 2804 817 2857 ad
856 2804 1025 2856 solius
1050 2818 1333 2869 personam
1363 2804 1595 2869 pertinet
1620 2802 1829 2869 Patris;
1864 2814 1917 2857 et
1952 2805 2004 2859 in

436 2874 617 2942 specie
666 2874 932 2942 corporali
977 2874 1237 2926 Columba:
1277 2874 1421 2928 solos
1469 2874 1718 2940 apparuit
1770 2872 2005 2942 Spiritus

437 2955 692 3006 sanctus;
728 2955 901 2997 tamen
929 2954 982 2996 et
1015 2943 1157 2995 illam
1180 2960 1395 2997 carnem
1424 2944 1589 2996 solius
1616 2942 1758 3007 Filii,
1781 2956 1836 2996 et
1863 2944 2006 2999 illaut

436 3028 624 3067 vocem
656 3015 820 3067 solius
848 3014 1044 3076 Patris,
1070 3023 1124 3067 et
1150 3014 1294 3066 illam
1319 3016 1551 3082 speciem
1580 3012 1746 3083 solius
1775 3013 2007 3083 Spiritus

438 3086 634 3147 μωιιιτιὶ,
682 3086 934 3138 universa
976 3084 1214 3137 Trinitas
1248 3093 1472 3151 operata
1517 3094 1619 3136 est.
1661 3102 1678 3134 ι
1723 3082 1887 3140 Libro
1926 3084 2004 3138 De

438 3152 699 3207 Triuitate
728 3166 774 3207 et
829 3156 1031 3207 unitate
1085 3152 1199 3216 Dei,
1253 3170 1371 3221 cap.
1416 3154 1467 3208 9.
1504 3152 1571 3206 Et
1614 3155 1751 3207 idem
1785 3170 1999 3209 rursum
2031 3162 2071 3219 c

434 3225 595 3295 alibi:
636 3244 654 3274 ι
689 3224 854 3278 Filius
875 3226 1092 3295 quidem
1124 3240 1227 3277 non
1254 3223 1433 3289 Pater,
1464 3234 1620 3295 natus
1640 3225 1811 3295 estde
1836 3226 2002 3279 Maria

438 3293 697 3361 Virgine;
760 3296 853 3348 sed
890 3293 1058 3362 ipsam
1094 3295 1432 3347 nativitatem
1483 3293 1604 3347 Filii
1653 3305 1707 3347 et
1754 3294 1916 3350 Pater
1948 3305 2003 3350 et

436 3362 605 3418 Filius
638 3376 896 3430 operatus
928 3375 1030 3417 est.
1067 3383 1085 3415 ι
1129 3367 1307 3417 Serm.
1338 3364 1405 3418 65
1434 3364 1503 3417 de
1543 3365 1723 3419 verbis
1748 3364 1926 3431 Dom.,
1950 3376 2005 3421 et

436 3433 530 3487 lib.
568 3449 599 3487 ι
653 3435 1023 3496 llomiliarum,
1059 3434 1202 3488 hom.
1240 3434 1311 3490 52
1345 3445 1398 3488 et
1432 3434 1522 3490 45.
1812 3468 1819 3469 ί

532 3502 820 3569 Ιηεμξταιὶο
888 3506 1026 3557 vitw.
1084 3503 1250 3559 Vetus
1301 3506 1423 3559 cod.
1466 3522 1485 3555 ι
1526 3504 1818 3571 aspiratio;
1856 3525 1874 3559 ›
1926 3507 2003 3563 sic

435 3573 581 3625 enim
625 3585 784 3626 vocat
817 3577 1049 3627 animam
1092 3575 1436 3637 rationalem,
1467 3590 1630 3643 quam
1660 3577 1803 3631 Deus
1836 3578 1886 3629 in
1918 3578 2001 3630 fa-

435 3643 573 3713 ciem
614 3648 855 3710 corporis
889 3645 1107 3698 humani
1141 3648 1397 3713 spirando
1435 3647 1641 3698 creavit
1690 3658 1746 3699 et
1784 3648 1999 3704 inludit.

506 3712 695 3782 Effecit
730 3717 1010 3768 hominem.
1046 3712 1416 3784 ESpuuximus
1447 3733 1467 3766 ι
1501 3716 1663 3770 allicit
1697 3735 1716 3768 ι
1751 3730 1853 3773 vet.
1879 3719 2002 3776 cod.

434 3795 580 3836 attrt.

504 3851 590 3926 Et:
619 3853 920 3926 Joan.Ern.
952 3853 1139 3926 Grabii
1167 3855 1597 3926 adnotationibus
1643 3857 1697 3909 in
1725 3874 1843 3926 cap.
1877 3861 1929 3915 l.

506 3922 641 3996 Pag.
670 3924 795 3978 2‘92.
824 3922 1042 3992 Δόντοξ
1068 3925 1185 3994 τὴν
1218 3925 1449 3996 ψυχήν,
1484 3938 1593 3981 etc.
1621 3928 1773 3982 Adde
1790 3922 1869 3982 "ex
1902 3931 2006 3984 La-

439 3993 550 4073 tino
584 3995 925 4073 TjVAéGUTOD
952 4035 966 4059 ,
1001 3993 1159 4073 sicuti
1213 3993 1342 4073 [nos
1363 3999 1671 4073 subjungit
1695 3999 1873 4070 σάρκα
1906 4002 2005 4073 τὴν

434 4063 650 4118 ἑαυτοῦζ
682 4064 952 4119 Caeterum
988 4078 1039 4119 et
1074 4066 1315 4120 Hilarius
1342 4063 1605 4122 diaconus
1641 4063 1917 4125 Romanus
1948 4063 2004 4125 i'n

434 4134 454 4187 ι
490 4134 733 4208 Cor._xt,
770 4138 910 4204 apud
938 4139 1190 4191 Ambros.
1225 4156 1242 4187 ‹
1276 4138 1436 4201 Caro,
1470 4140 1665 4208 inquit,
1703 4140 2005 4195 Salvatoris

435 4221 533 4278 pro
565 4204 739 4260 salute
768 4208 1036 4276 corporis,
1072 4209 1294 4278 sanguis
1323 4225 1450 4263 vero
1481 4204 1579 4278 pro
1604 4212 1783 4262 anima
1818 4220 2003 4265 nostra

432 4276 643 4352 eti‘usus
662 4287 772 4352 est,
790 4280 928 4352 sicut
953 4280 1103 4345 prius
1123 4276 1519 4348 prietiguratum
1549 4282 1724 4352 fuerat
1748 4298 1776 4333 a
1803 4280 2004 4352 Moyse.

434 4345 526 4399 Sic
561 4347 701 4399 enim
726 4349 830 4400 ait:
854 4348 995 4402 Caro
1017 4366 1111 4415 pro
1125 4345 1361 4417 corpore
1388 4359 1567 4404 vestro
1592 4350 1850 4415 olfertttr;
1876 4345 2008 4405 san-

432 4417 553 4490 guis
568 4431 698 4471 vero
718 4433 813 4490 pro
833 4419 1012 4472 anima
1035 4435 1048 4471 :
1075 4419 1300 4490 ideoque
1319 4437 1421 4474 non
1442 4423 1870 4477 inanducandmn
1889 4438 2009 4475 san-

2109 1895 2269 1950 sunt;
2303 1902 2423 1958 nam
2452 1889 2591 1939 inter
2620 1886 3145 1944 Judteos’Sadduczei
3174 1902 3443 1958 negarunt
3492 1895 3677 1946 carnis

2110 1956 2588 2013 resurrectionem.
2619 1958 2766 2011 Illam
2795 1958 2908 2025 jatn
2948 1958 3141 2012 factam
3167 1956 3357 2021 fuisse,
3390 1977 3494 2014 nec
3532 1962 3673 2015 ultra

2108 2027 2523 2098 exspectandam
2552 2065 2598 2098 ,4
2631 2030 2882 2082 dixerunt
2936 2028 3257 2098 Hyutenaaus
3300 2040 3357 2084 et
3396 2031 3672 2087 Philetas.

2109 2098 2315 2170 Simoni
2345 2095 2522 2170 Mago.
2560 2096 2863 2170 Valentino.
2894 2095 3091 2165 Apelli,
3134 2099 3386 2165 Cerdoni,
3419 2100 3674 2170 Cajauis,

2108 2165 2438 2228 Severianis,
2480 2169 2822 2223 Archonticis
2861 2178 2913 2223 et
2945 2171 3294 2225 Proclianitis
3335 2172 3480 2225 hunc
3499 2165 3673 2225 'erroé

2107 2252 2225 2309 rem
2260 2237 2909 2309 Augustinusimpingit;
2939 2241 3095 2294 sicuti
3124 2240 3367 2302 Basilidi,
3406 2240 3674 2297 Marciani

2106 2317 2161 2361 et
2186 2306 2398 2374 Ophitis
2422 2305 2647 2360 Tertull.
2676 2305 2961 2363 Consentit
2979 2312 3026 2364 ei
3048 2312 3111 2363 de
3137 2310 3408 2364 Marciane
3432 2314 3677 2367 lrenzus

2108 2379 2205 2431 lib.
2235 2393 2276 2441 ι,
2306 2390 2425 2448 cap.
2464 2377 2553 2431 24.
2588 2378 2643 2432 Si
2672 2394 2831 2447 quem
2863 2392 3042 2435 autem
3073 2382 3305 2434 delectat
3339 2395 3544 2448 praeter
3575 2384 3675 2437 hos

2110 2447 2468 2521 lreumilocos
2499 2448 2917 2521 evidentissimis
2955 2452 3247 2520 Scriptnris
3279 2447 3566 2521 probatam
3599 2454 3676 2506 le-

2108 2532 2235 2587 gere
2280 2518 2437 2570 tidem
2489 2530 2726 2572 nostram
2767 2520 2835 2574 de
2867 2518 3293 2585 resurrectione,
3344 2521 3672 2576 Tertulliani

2108 2587 2358 2660 Consulat
2408 2587 2504 2660 lib.
2538 2587 2612 2660 De
2642 2606 2839 2655 resuta,
2887 2590 3286 2660 Athenagoram
3316 2590 3395 2644 De
3431 2609 3677 2646 resurre-

2108 2660 2303 2727 ctione,
2325 2658 2669 2712 Ambrosium
2726 2660 2821 2712 lib.
2860 2660 2933 2714 De
2964 2662 3067 2727 ﬁde
3105 2658 3158 2713 re
3187 2662 3524 2716 urrectionis.

2180 2726 2267 2782 Sic
2302 2740 2479 2782 autem
2530 2732 2818 2782 secundant
2866 2726 2976 2785 lucc
3027 2732 3283 2784 videlicet.
3338 2731 3457 2786 Vet.
3517 2733 3672 2796 cod.,

2113 2819 2132 2851 σ
2164 2798 2223 2851 Si
2268 2810 2447 2869 autem
2499 2814 2603 2851 non
2639 2800 2878 2853 salvetur
2923 2803 3064 2863 hinc,
3098 2821 3116 2854 ι
3164 2815 3271 2856 etc.
3314 2801 3453 2869 Quia
3494 2812 3671 2855 totum

2108 2872 2251 2923 hunc
2284 2868 2468 2941 lremei
2500 2868 2676 2923 locum
2718 2873 2785 2924 ab
2817 2870 3321 2941 OEcolampadianis
3343 2868 3671 2940 corruptio-

2107 2942 2269 2993 nibus
2304 2939 2541 2992 vindicat
2585 2951 2641 2994 et
2673 2941 2905 2996 dilucide
2950 2939 3185 3009 explicat
3229 2945 3418 2995 doctus
3457 2939 3673 2995 et’san-

2110 3021 2232 3063 ctus
2272 3011 2353 3062 vir
2380 3011 2664 3079 episcopus
2690 3011 2981 3077 liotl'ensis,
3013 3014 3108 3066 lib.
3136 3028 3185 3064 tv
3220 3012 3292 3064 De
3314 3013 3669 3074 eucharistia,

2115 3096 2234 3149 cap.
2265 3080 2356 3143 23,
2390 3080 2480 3145 ΞΑ,
2503 3082 2592 3151 25,
2621 3082 2785 3134 verba
2819 3083 2960 3135 illius
2990 3083 3211 3151 singulis
3259 3085 3546 3135 sententiis
3570 3086 3675 3135 ad-

2105 3152 2235 3221 dere
2266 3149 2605 3207 commodtim
2634 3165 2739 3206 eSI.
2777 3172 2795 3204 ι
2830 3154 2934 3208 Eos
2961 3149 3182 3208 incessit
3210 3152 3465 3219 lrettwus,
3491 3153 3672 3221 inquit

2106 3220 2215 3283 ille,
2246 3223 2335 3289 qui
2362 3223 2813 3277 resurrectionem
2841 3224 3073 3277 futuram
3098 3238 3201 3277 non
3227 3226 3476 3286 credunt,
3495 3220 3674 3291 quan-

2104 3293 2395 3361 doquidem
2429 3293 2609 3347 sciunt
2642 3303 2696 3346 et
2728 3294 3000 3348 Christum
3035 3309 3135 3348 suo
3166 3293 3431 3362 sanguine
3455 3311 3554 3346 nos
3583 3309 3672 3347 re—

2104 3364 2381 3426 demisse,
2438 3373 2494 3417 et
2544 3365 2791 3417 eumdem
2842 3368 3163 3433 sanguinem
3218 3365 3271 3415 in
3330 3364 3669 3417 eucharistiam

2104 3433 2262 3486 nobis
2280 3435 2729 3497 communicasse,
2758 3434 2959 3503 pariter
2980 3447 3035 3488 et
3064 3450 3220 3489 suum
3250 3435 3423 3502 ipsius
3444 3448 3666 3502 corpus;

2104 3519 2167 3556 ex
2221 3504 2416 3571 quibus
2472 3508 2873 3573 apertissimum
2913 3517 3038 3571 est,
3096 3521 3195 3558 nos
3226 3505 3528 3571 aliquando
3570 3520 3661 3558 re-

2104 3585 2469 3639 surrecturus,
2526 3576 2981 3643 quemadmodum
3016 3587 3072 3629 et
3124 3577 3237 3643 ipse
3272 3574 3594 3627 resurrexit.
3642 3593 3662 3626 ι

2104 3643 2170 3697 Et
2197 3643 2477 3715 aliquanto
2511 3658 2663 3713 post:
2728 3666 2745 3695 ι
2778 3647 2876 3711 Qui
2930 3657 3130 3715 negant
3174 3645 3406 3697 salutem
3460 3645 3667 3707 carnis,

2105 3714 2206 3768 hoc
2239 3728 2321 3767 est
2374 3718 2827 3770 resurrectionem
2878 3714 3063 3771 carnis
3097 3717 3163 3770 ad
3200 3716 3437 3769 futuram
3478 3718 3667 3769 incor—

2106 3784 2517 3853 ruptibilitatem
2543 3825 2559 3849 ,
2589 3797 2643 3839 ct
2672 3789 2724 3839 bi
2752 3789 3213 3856 regenerationem
3246 3786 3490 3850 ejusdem
3519 3800 3672 3856 sper-

2105 3867 2264 3919 nunt,
2293 3856 2599 3909 universam
2630 3855 3041 3925 diSpositionetn
3071 3856 3163 3910 Dei
3197 3865 3578 3925 contenmunt.
3608 3855 3673 3909 Et

2104 3925 2230 3978 vani
2282 3935 2407 3979 sunt
2455 3923 2798 3991 omnimodo;
2847 3930 3101 3995 quoniam
3150 3928 3221 3979 ita
3277 3939 3378 3979 nec
3406 3923 3672 3979 Dominus

2104 3998 2367 4064 sanguine
2396 4012 2492 4050 suo
2517 3998 2765 4061 redemit,
2788 4012 2959 4066 neque
2980 3998 3120 4050 calix
3147 3998 3494 4050 eucharistiam
3522 4011 3672 4049 com-

2106 4067 2400 4120 municatio
2454 4066 2737 4134 sanguinis
2773 4067 2892 4134 eius
2924 4080 3049 4130 est,
3081 4082 3255 4134 neque
3290 4070 3450 4132 panis
3508 4081 3670 4134 quem

2105 4135 2408 4204 frangimus
2458 4140 2882 4193 communicatio
2934 4137 3179 4208 corporis
3205 4136 3457 4208 ejusgest.
3492 4140 3673 4201 Quare

2106 4220 2225 4258 cum
2249 4222 2407 4260 verus
2431 4209 2499 4260 sit
2530 4211 2768 4277 sanguis,
2802 4225 2959 4278 quem
2985 4204 3082 4276 pro
3104 4209 3257 4262 nobis
3287 4204 3540 4267 effundit,
3573 4222 3674 4258 nos

2107 4279 2291 4329 eodem
2350 4293 2478 4333 vero
2507 4281 2767 4347 Sanguine
2793 4319 2807 4343 ,
2856 4295 3092 4349 veraque
3117 4291 3280 4331 carne
3310 4292 3408 4329 sua
3438 4288 3669 4343 pascat;

2105 4351 2478 4415 consequitur,
2507 4359 2565 4401 ut
2589 4351 2782 4418 quisic
2813 4352 3071 4420 redempti
3097 4362 3305 4410 sumus,
3326 4349 3674 4420 regenitique

2107 4428 2161 4471 et
2194 4422 2355 4487 pasti,
2388 4435 2514 4472 vere
2552 4417 2765 4474 tandem
2796 4422 2965 4475 simus
2993 4417 3058 4472 ad
3083 4417 3564 4488 immortalitatem
3588 4432 3675 4469 re-

433 4487 678 4560 gninem.
700 4508 720 4540 ι
754 4489 884 4553 Quae
913 4490 1156 4560 citantur
1182 4486 1401 4558 quoque
1429 4508 1457 4545 a
1485 4492 1645 4546 Petro
1669 4492 1998 4559 Louibardo,
2031 4502 2078 4560 Ῑ)
2107 4486 2428 4560 surrecturl.
2483 4490 2635 4544 lianc
2695 4490 3071 4546 collectionem
3125 4486 3244 4543 istis
3300 4488 3489 4541 verbis
3541 4486 3677 4541 facit

434 4558 528 4607 tib.
562 4571 614 4609 tv
647 4558 909 4623 Sentent,
944 4557 1273 4624 dist.“,lit.
1301 4560 1365 4616 F.

514 4625 643 4694 Pag.
672 4628 797 4681 295.
828 4627 1121 4694 Reprobant
1158 4631 1333 4698 itaque
1374 4633 1427 4685 lii
1458 4632 1866 4686 commistionem
1894 4633 2002 4686 vini

445 4698 689 4763 caelestia,
720 4708 768 4749 et
800 4702 910 4750 sola
936 4715 1091 4765 aqua,
1124 4711 1230 4754 etc.
1259 4701 1462 4755 Allndit
1488 4707 1553 4754 ad
1584 4706 1810 4756 abusmn
1844 4702 2004 4756 Ebio-

440 4783 704 4830 meorum,
728 4768 842 4822 sola
873 4786 1009 4836 aqua
1041 4771 1091 4823 in
1124 4774 1485 4825 eucharistico
1510 4773 1680 4827 calice
1708 4774 1998 4837 utentium,

433 4846 570 4912 teste
604 4838 904 4912 Epiphanio
941 4843 1133 4912 haeres.
1175 4841 1279 4905 50,
1337 4841 1364 4912 ς
1423 4844 1509 4904 16,
1543 4844 1711 4911 cujus,
1755 4844 1917 4896 verba
1954 4846 1999 4897 si

429 4909 684 4981 evolvere
725 4910 969 4981 placeat,
989 4910 1176 4965 confer
1204 4909 1362 4965 simul
1391 4929 1510 4981 quae
1539 4909 1623 4966 dei
1655 4928 1841 4967 eorum
1874 4929 1996 4966 ver-

429 4978 585 5052 sione
615 4982 798 5052 nota_vi
834 4979 1181 5052 ad‘Spicileg.
1216 4978 1439 5052 Patrum
1485 4999 1611 5038 saec.
1650 4999 1689 5047 ι,
1718 4999 1840 5052 pag.
1872 4983 1997 5042 544.

501 5048 695 5103 Manus
724 5049 844 5103 Dei.
878 5050 979 5104 Hic
1023 5061 1078 5104 et
1104 5048 1233 5105 alibi
1267 5051 1459 5106 Filium
1494 5067 1545 5107 et
1593 5048 1855 5121 δριιτῐιιῖιη
1904 5054 1998 5110 Dei

430 5118 609 5173 Patris
663 5139 682 5171 ι
718 5136 909 5174 manus
946 5140 965 5174 ι
1022 5133 1180 5176 vocat
1216 5122 1448 5177 Irenazus
1478 5167 1493 5189 ,
1545 5118 1755 5178 ratione
1792 5125 2001 5179 scilicet

427 5192 724 5245 creatiouis
749 5192 931 5245 tnundi
956 5208 1018 5246 ac
1052 5193 1319 5262 praecipue
1352 5197 1609 5249 heminis.
1634 5194 1999 5261 Quemadmo-

428 5266 554 5313 dum
603 5265 746 5333 enim
798 5278 899 5316 nos
931 5278 1032 5331 ope
1064 5280 1318 5315 manuum
1354 5275 1539 5317 nostra
1575 5281 1739 5333 opera
1776 5270 1996 5333 perlici—-

429 5346 584 5405 mus,
623 5332 695 5385 ita
732 5342 786 5405 et
816 5334 988 5405 Pater
1009 5349 1105 5405 per
1133 5333 1326 5386 Filium
1358 5346 1412 5389 et
1447 5332 1712 5403 Spiritum
1745 5332 1992 5389 sanctum

431 5400 533 5452 sibi
566 5400 1055 5457 consubstantiales
1081 5406 1389 5458 inacltinam
1418 5400 1575 5474 hujus
1605 5407 1841 5459 universi
1866 5420 1997 5459 con-

428 5473 585 5533 uidit,
624 5488 688 5524 ac
719 5474 991 5526 hominem
1014 5476 1075 5544 in
1112 5492 1177 5544 ea
1222 5478 1517 5544 perfectum
1547 5478 1774 5531 creavit.

590 5545 970 5596 Adnotationes
1001 5542 1098 5596 Fr.
1137 5542 1481 5600 Fcuuraentii
1521 5548 1575 5599 in
1621 5564 1739 5611 cap.
1767 5545 1826 5601 Ξ.

498 5610 625 5681 Pag.
661 5613 784 5666 294.
805 5612 934 5665 Vani
959 5627 1131 5667 autent
1152 5626 1195 5666 et
1230 5618 1397 5684 quiin
1428 5616 1625 5670 aliena.
1661 5617 1993 5675 Marcionita:

428 5681 571 5736 hunc
598 5684 855 5735 mundum
909 5687 976 5738 ab
1022 5686 1129 5740 alio
1170 5681 1279 5740 Deo
1315 5703 1476 5755 quam
1530 5701 1559 5741 a
1588 5689 1750 5743 Patre
1782 5690 1994 5744 Domini

494 5844 539 5878 ⁸⁸
571 5844 711 5900 δἐ-υι.
754 5861 860 5911 etv.
901 5848 982 5903 15.

1064 5848 1106 5882 "
1141 5848 1329 5905 Matth.
1372 5867 1453 5917 in,
1498 5853 1591 5919 l7;
1630 5852 1796 5911 Marc.
1825 5872 1862 5923 t,
1900 5855 1991 5924 ll;
2020 5856 2153 5913 Luc.
2196 5873 2279 5922 in,
2306 5858 2393 5911 Ἦ.

2105 4558 2356 4614 lrena-ns.
2398 4580 2418 4612 ι

2178 4630 2409 4700 Sanguis
2441 4631 2599 4684 enim.
2641 4632 2948 4687 Buffettsis:
2985 4652 3004 4686 ‹
3039 4632 3207 4687 Docet
3240 4648 3347 4687 non
3387 4646 3512 4685 esse
3537 4632 3679 4700 figu-

2109 4709 2283 4753 ratum
2319 4702 2664 4771 sanguinem,
2692 4706 2784 4758 sed
2815 4720 3024 4765 verum,
3058 4704 3235 4772 qualis
3263 4703 3316 4755 in
3351 4704 3484 4770 ipsis
3520 4706 3678 4757 venis

2108 4774 2126 4840 (
2154 4786 2273 4838 quae
2302 4784 2357 4825 et
2397 4788 2522 4825 vasa
2556 4774 2835 4843 sanguinis
2870 4774 3170 4898 dicunturel
3201 4774 3539 4827 continetur.
3574 4791 3594 4823 ι

2179 4840 2297 4898 Qua
2340 4859 2451 4896 vere
2485 4843 2681 4898 factum
2723 4843 2944 4898 Verbum
2982 4844 3100 4898 Dei.
3178 4853 3299 4898 etus
3328 4845 3479 4898 cod..
3516 4863 3535 4893 ι
3564 4858 3594 4898 a

2179 4840 2297 4907 Qua
2340 4859 2451 4896 vere
2483 4840 2683 4911 factum
2723 4843 2944 4905 Verbum
2982 4844 3100 4898 Dei.
3134 4840 3299 4899 Vetus
3328 4845 3479 4909 cod.,
3516 4863 3535 4893 ι
3564 4858 3677 4913 qua

2103 4929 2229 4968 vere
2269 4914 2471 4968 factum
2505 4926 2587 4967 est.
2618 4914 2845 4969 Verbum
2890 4917 3008 4970 Dei.
3048 4933 3067 4966 ι

2173 4984 2240 5038 Et
2267 4986 2513 5053 quoniam
2541 4990 2770 5039 membra
2806 5004 3007 5040 sumus.
3040 4985 3345 5041 Rolfensis:
3380 5004 3398 5037 ι
3426 4984 3680 5057 Diligen-

2107 5056 2209 5109 tius
2242 5058 2459 5108 atteude
2489 5072 2610 5123 quae
2643 5058 2787 5109 dicat
2826 5060 3083 5112 Irentens.
3134 5057 3427 5124 Quoniam,
3466 5056 3675 5127 inquit,

2102 5129 2219 5195 ejus
2254 5128 2495 5179 membra
2526 5140 2713 5179 sumus
2740 5166 2755 5190 ,
2788 5131 2988 5182 idcirco
3029 5129 3200 5182 noluit
3251 5128 3547 5190 sanguinis
3590 5131 3675 5182 sui

2101 5212 2221 5251 esse
2253 5198 2526 5263 expertia;
2579 5199 2673 5250 sed
2727 5200 2868 5253 sicut
2914 5200 3081 5252 solem
3112 5211 3166 5253 et
3210 5198 3450 5268 pluviam
3514 5201 3679 5254 nobis

2104 5268 2368 5336 impertit,
2408 5268 2481 5320 ita
2516 5282 2701 5321 verum
2734 5270 2904 5337 ipsius
2932 5273 3252 5339 sanguinem
3286 5269 3337 5320 iu
3371 5270 3573 5334 calice,
3622 5282 3679 5322 et

2102 5353 2290 5391 verum
2325 5353 2523 5407 corpus
2554 5342 2607 5392 in
2640 5344 2823 5408 specie
2875 5343 3032 5409 panis
3072 5358 3130 5394 se
3178 5339 3396 5394 dedisse
3436 5350 3677 5393 testatus

2100 5419 2201 5463 est.
2242 5427 2259 5458 ι

2171 5478 2338 5532 Suum
2363 5480 2673 5548 sanguinem
2694 5482 2784 5552 qui
2807 5481 3005 5550 e/fusus
3036 5491 3132 5535 est.
3164 5481 3357 5535 Decem
3382 5488 3436 5532 et
3460 5491 3677 5547 septem

2100 5549 2200 5604 has
2255 5566 2414 5604 voces
2444 5590 2459 5615 ,
2500 5567 2634 5619 quas
2664 5549 2925 5607 hactenus
2986 5555 3425 5607 desideraverant
3481 5564 3678 5604 attines

2099 5623 2289 5674 excusi
2324 5623 2561 5685 codices,
2583 5638 2647 5676 ex
2682 5624 2847 5677 veteri
2878 5624 3231 5677 restituimus.
3259 5622 3395 5688 Quia
3424 5636 3559 5674 vero
3587 5621 3677 5674 hic

2102 5693 2234 5745 nihil
2272 5692 2495 5746 oninino
2533 5698 2599 5747 de
2631 5694 2807 5762 signo,
2838 5696 3027 5763 tigura,
3059 5694 3459 5764 metonymiave
3487 5691 3677 5745 carnis

2471 5855 2511 5887 ετ
2550 5856 2704 5910 liam.
2740 5873 2789 5923 ν,
2829 5858 2909 5913 llh
