3970 6378
387 369 524 428 1789

1653 372 1720 429 ΙΝ
1756 371 1881 430 LIB.
1926 371 1966 427 ν
2008 373 2064 427 S.
2107 372 2360 432 IRENAZI

3487 383 3625 443 1790

370 488 578 569 quibus
606 489 931 559 astipulatur
960 489 1336 569 Athenagoras
1368 493 1546 569 libello
1568 495 1642 569 De
1669 509 1945 569 τοίω-νει.
1980 500 2023 557 Α
2054 498 2227 569 pluris
2261 497 2460 569 divinis
2488 498 2646 553 tidem
2679 514 2783 554 non
2815 500 3018 557 habent
3047 520 3062 569 ;
3091 517 3154 556 ex
3184 501 3396 556 Illorum
3428 515 3621 558 aucto—

379 561 580 623 carnis;
622 572 817 631 ornate
848 571 902 615 et
927 564 1142 631 copiose
1179 577 1289 629 prze
1316 564 1529 618 caeteris
1560 566 1813 621 Clemens
1846 568 1953 623 Ro-

378 644 530 709 rnan.
578 631 672 685 lih.
706 629 1282 709 v_CoiiAstit.'apostol.,
1323 649 1440 703 cap.
1492 635 1564 703 8,
1617 644 1671 692 et
1716 640 1951 709 (lyrillus

374 696 437 750 Je
448 716 554 754 ros.
587 702 801 756 catecb.
832 701 919 756 18.

450 769 577 838 Pag.
604 772 730 827 296.
774 771 1021 825 Nondum
1054 771 1399 840 frictus.0clo
1425 775 1558 830 istas
1589 778 1852 835 dieiiones
1882 796 1947 835 ex

373 843 543 894 veteri
575 844 759 896 codice
788 842 1147 895 restiluimus.

451 909 606 988 ρειαξ⁸
632 922 805 966 autem
849 913 1128 988 sapientiq.
1168 915 1330 988 Vetus
1373 918 1518 980 coil.,
1551 936 1570 969 ί
1609 934 1726 988 quae
1762 930 1941 974 autem

372 984 698 1053 sapientiam
726 982 1053 1053 participant
1084 985 1319 1038 Domini.
1358 1005 1377 1037 ι

442 1049 576 1115 Qua:
595 1054 709 1121 jam
727 1049 993 1105 'meditdta
1023 1063 1068 1106 et
1095 1066 1305 1107 assireta
1337 1056 1423 1107 sit.
1446 1055 1501 1108 Id
1525 1067 1625 1117 est,
1658 1075 1775 1119 qum
1797 1074 1854 1114 se
1888 1060 1940 1114 in

366 1134 435 1174 eo
472 1124 777 1210 exercuerit
820 1134 875 1174 et
924 1122 1290 1205 assuefecerit.
1336 1124 1465 1178 Nam
1490 1126 1942 1210 θελεςτῆοςᾳιηθβι

362 1193 638 1268 meditari
663 1206 717 1268 et
747 1193 1023 1268 exerceri,
1077 1195 1191 1268 sive
1240 1193 1529 1265 praeparai‘i
1581 1202 1645 1250 ad
1689 1193 1936 1268 aliquid;

370 1261 512 1315 unde
557 1263 785 1332 μελέτας
816 1261 1316 1318 declamationeset
1354 1261 1938 1325 exercitationes-rho;

371 1339 565 1411 torum.
598 1335 895 1411 appellant2
944 1332 1194 1411 Fortasse
1238 1337 1455 1411 scripsit
1495 1338 1729 1391 Irena'ns
1769 1358 1936 1411 μεμε-

364 1396 646 1476 ξετημέντί
673 1396 777 1458 ’καὶ
820 1402 1118 1476 εἰθισμένη,
1172 1396 1465 1460 exercitata
1516 1418 1568 1461 et
1611 1396 1932 1465 assueizicta.

366 1468 742 1536 Exp’rinxiinns
783 1492 800 1525 r
837 1468 1101 1549 assueseit
1124 1513 1139 1539 ,
1176 1494 1195 1526 ›
1230 1486 1283 1530 et
1308 1492 1370 1530 ex
1403 1487 1509 1531 vet.
1540 1479 1659 1535 cod.
1697 1483 1937 1549 reposui-

362 1556 489 1594 mus
523 1561 542 1592 ι
579 1555 797 1599 assueta
826 1544 916 1598 sit.
962 1562 980 1595 ι

436 1609 693 1673 Quoniam
742 1622 917 1667 autem
949 1614 1316 1681 participatrix
1359 1616 1496 1671 vitro.
1547 1617 1800 1684 Quaedam
1830 1621 1933 1677 hoc

362 1677 483 1732 loro
510 1684 693 1756 adjicit
724 1694 830 1738 vet.
857 1684 977 1738 cod.
1006 1677 1319 1753 qttzetextui
1356 1677 1596 1743 inserere
1626 1690 1926 1756 noluimus,

358 1753 616 1823 quoniam
657 1756 873 1823 plenum
905 1769 1120 1808 sensum
1162 1772 1266 1809 non
1298 1758 1543 1818 reddant,
1584 1760 1677 1813 sed
1705 1760 1807 1814 alia
1836 1753 1931 1815 de;

2054 568 2203 620 ribus
2231 568 2598 641 producamus
2634 571 2937 635 nonrmllos,
2967 568 3103 641 quos
3135 573 3506 635 longissimam
3541 578 3624 629 vi-

2055 646 2163 709 tam
2194 639 2394 709 vixisse
2421 655 2619 706 negare
2657 656 2759 693 non
2803 639 3076 706 poterunt.
3128 641 3336 697 Plinius
3364 643 3477 709 ipse
3516 644 3622 697 Va-

2051 705 2184 759 lerio
2212 708 2446 777 Corvino
2473 705 2527 761 et
2566 709 2775 762 Metello
2810 711 2909 763 100
2943 728 3115 765 annos
3150 713 3337 766 tribuit
3375 705 3421 745 5°
3455 728 3469 777 ;
3516 712 3622 767 Te-

2050 777 2244 854 rentiae.
2267 776 2564 854 Eiceronis
2600 780 2718 854 _117_
2739 798 2752 854 ;
2773 781 3156 854 _Arg_anlhonio
3182 783 3305 854 regi
3352 784 3487 845 150;
3515 783 3622 854 Cy-

2048 848 2180 899 nira:
2226 847 2365 912 160;
2410 846 2650 915 IEgimio
2692 850 2798 903 200
2833 846 3132 915 {Pietoreo
3179 846 3282 907 500
3320 869 3333 915 ;
3378 846 3616 907 Dandoiii

2047 915 2188 981 500;
2223 917 2379 971 alteri
2414 933 2475 971 ex
2507 918 2875 984 Xenophontis
2910 923 3234 975 auctoritate
3267 922 3390 977 800.
3420 922 3615 975 Lucia-

2046 988 2391 1060 rluslibello,
2431 989 2513 1060 cui
2551 991 2738 1044 titulus
2765 1001 2846 1043 est
2874 1031 2889 1054 ,
2920 991 3057 1058 Περὶ
3080 993 3417 1060 μακροϐίων
3439 994 3525 1060 ,Πὶ.
3563 1008 3613 1047 e.

2042 1053 2121 1130 D_e
2152 1057 2214 1109 iis
2250 1058 2340 1124 qui
2371 1058 2439 1108 ad
2472 1058 2767 1130 rlongrcvam
2800 1053 3011 1113 (elaterii
3054 1053 3617 1130 p'erve'neririrt,'Tire-

2042 1126 2174 1195 siam
2210 1138 2385 1179 vatem
2415 1129 2479 1179 ad
2515 1126 2604 1181 sex
2637 1144 2805 1195 usque
2830 1126 3063 1195 aetates,’
3089 1131 3370 1185 Nestorem
3401 1126 3467 1186 ad
3500 1143 3611 1187 tres

2042 1194 2205 1272 vitam
2253 1198 2572 1272 primori-isse
2601 1194 2805 1272 scribit
2850 1217 2865 1266 ;
2917 1194 3519 1272 NuniamPampilium
3559 1214 3613 1257 et

2042 1263 2294 1341 Servium
2332 1265 2562 1341 Tullium
2594 1268 2663 1341 8}}
2689 1285 2701 1333 ;
2732 1263 3084 1337 Tarquinium
3120 1270 3189 1324 90
3215 1288 3228 1335 ;
3254 1263 3607 1341 Agathoclem

2038 1345 2093 1388 et
2126 1334 2410 1390 Hieronem
2452 1338 2521 1392 9"2
2557 1355 2571 1402 ;
2601 1338 2798 1407 Cyrum
2832 1334 2932 1395 100
2964 1357 2977 1405 ;
3009 1334 3332 1394 Mnascirem
3356 1343 3423 1397 ($9
3450 1360 3463 1406 ;
3494 1343 3611 1395 Ma-

2038 1420 2275 1479 noniein,
2308 1407 2405 1479 11§
2432 1424 2445 1471 ;
2486 1407 2851 1479 Democritum
2881 1452 2895 1473 ,
2925 1412 3044 1465 101.
3078 1409 3435 1479 Xenophilum
3466 1414 3568 1466 105
3594 1430 3608 1477 ;

2038 1474 2312 1547 Solonem,
2366 1476 2670 1540 Thaletem,
2720 1478 3067 1543 Pittaehum,
3116 1474 3607 1547 100‘;Ctesibium,

2036 1544 2138 1620 124
2175 1562 2347 1620 annos
2376 1548 2452 1601 vel
2482 1548 2729 1614 attigisse
2761 1550 2842 1604 vel
2883 1566 3204 1620 superasse,
3246 1544 3293 1605 et
3324 1544 3612 1620 quamplué

2036 1615 2201 1669 rimos
2231 1616 2365 1673 alios
2401 1619 2706 1672 macrobios
2732 1615 3012 1674 asseverat
3044 1634 3097 1674 et
3132 1615 3461 1685 dinumerat,
3491 1615 3607 1676 IIo-

2035 1701 2205 1751 mero,
2231 1685 2522 1752 Herodoto,
2558 1688 2906 1744 Anacreonte
2932 1701 2985 1745 et
3010 1692 3193 1744 multis
3222 1691 3340 1744 aliis
3371 1692 3608 1745 laudatis

2033 1758 2364 1828 auctoribus.
2397 1759 2648 1813 Valerius
2699 1759 2966 1814 Maﬁmus
3009 1759 3295 1828 Ethiopes
3340 1760 3607 1828 ludosque

350 1819 605 1899 uider-are
646 1819 966 1899 {ridea_ntur_,
997 1833 1052 1877 et
1081 1838 1144 1877 ea
1192 1837 1317 1899 sunt
1351 1842 1365 1879 :
1400 1846 1417 1877 ι
1449 1827 1713 1893 Quoniam
1749 1843 1926 1884 ante.“
1960 1844 2001 1898 Β
2033 1823 2322 1899 130_annos
2346 1828 2672 1898 transgredi,
2695 1819 3215 1899 Epirotasquosdani
3239 1829 3345 1883 200
3362 1819 3601 1899 explere,

357 1891 733 1967 participatrix
761 1897 883 1949 vitm
908 1894 984 1967 sit
1001 1909 1148 1967 caro,
1172 1912 1237 1949 ex
1269 1898 1367 1950 hoc
1390 1891 1529 1963 quod
1565 1900 1719 1967 juvat
1742 1909 1925 1955 osten-

358 1960 528 2040 ditur,
555 1960 817 2040 rei_v_itar_n
839 1965 1186 2040 manifestum
1212 1978 1324 2033 est;
1354 1960 1443 2021 illo
1467 1960 1609 2023 enim
1637 1982 1926 2040 prmstante

356 2027 526 2088 vitam
561 2035 718 2091 nobis
746 2037 997 2098 vivimus,
1033 2052 1052 2085 ι
1087 2045 1194 2089 etc.

641 2107 894 2173 Ejusdem
938 2105 1300 2159 adnotatione:
1340 2107 1393 2159 in
1430 2125 1544 2174 cap.
1576 2110 1628 2163 4.

352 2220 355 2221 ν
428 2174 534 2245 Pag
582 2178 703 2232 197.
736 2175 937 2229 Praeter
968 2174 1325 2245 Dentiurgum.
1357 2177 1491 2231 Tres
1518 2180 1616 2233 has
1648 2195 1807 2235 voces
1834 2197 1925 2236 co-

354 2244 732 2301 dices’omnes
782 2245 963 2299 excusi
1019 2244 1279 2298 hactenus
1326 2248 1718 2307 desiderarent.
1752 2249 1921 2307 Porro

356 2313 452 2390 lib.
483 2332 683 2390 i,A_cap.
728 2315 753 2369 1
784 2356 799 2377 .
829 2317 902 2390 Δ15
925 2354 938 2375 ,
971 2314 1195 2390 1_6,_19,
1224 2315 1326 2390 ἓξ,
1358 2318 1455 2377 55,
1494 2321 1627 2373 satis
1656 2336 1924 2390 superque

354 2384 476 2439 illos
507 2386 888 2451 dinumeravit,
922 2386 1011 2454 qui
1042 2384 1205 2440 alium
1242 2386 1409 2440 Deum
1451 2405 1479 2442 a
1522 2391 1706 2445 mundi
1724 2384 1923 2447 con-di-

354 2465 474 2508 tore
503 2459 919 2511 constituerunt.

428 2524 533 2602 Per
558 2530 855 2602 prophetas.
891 2524 1194 2602 Notissima:
1217 2526 1617 2602 et_ce_rt_issir_na3
1641 2541 1769 2585 sunt
1795 2548 1922 2602 pro-

354 2597 551 2670 phetiae
564 2597 844 2670 _de_earnis
864 2598 1259 2670 resurrectione
1281 2599 1330 2650 in
1360 2597 1499 2670 libro
1519 2600 1639 2663 Job,
1662 2597 1920 2670 capfxtx,

350 2665 423 2718 25
450 2678 503 2720 et
526 2667 613 2719 9.7.
643 2664 775 2720 Item
804 2667 1103 2721 Ezechielis
1141 2683 1349 2728 xxxvn,
1379 2667 1432 2731 5,
1460 2668 1516 2732 4,
1546 2681 1650 2723 etc.
1678 2687 1691 2735 ;
1729 2664 1923 2728 Danie;

354 2735 421 2809 lis
450 2753 545 2799 xli,
574 2738 648 2801 ἒς
684 2737 1016 2809 Isaiteirxw,
1052 2739 1151 2803 19;
1187 2753 1249 2790 ex
1289 2738 1485 2809 quibus
1531 2740 1921 2809 'I'ertullianus,

347 2807 704 2869 Ambrosius,
734 2805 969 2873 Cyrillus
1002 2816 1053 2862 et
1091 2809 1214 2865 alii.
1248 2804 1369 2876 post
1394 2804 1653 2862 Irenzcum
1688 2804 1920 2867 futuram

350 2876 766 2944 generale-mque
790 2889 1033 2931 nostrum
1067 2878 1305 2932 omnimn
1337 2881 1791 2936 resurrectionem
1828 2886 1924 2937 ad-

350 2958 543 3000 Versus
578 2948 757 3002 hostes
782 2947 899 3014 ejus
923 2948 1264 3003 conﬁrmant.

423 3015 625 3080 Quibus
679 3036 708 3071 a
752 3034 869 3071 sua.
918 3017 1121 3071 Novem
1172 3019 1269 3072 has
1317 3019 1581 3074 dictiones
1634 3036 1697 3074 ex
1748 3024 1919 3078 veteri

348 3088 471 3207 eiut.
533 3089 870 3158 adjecimus,
931 3098 986 3143 et
1052 3105 1156 3143 non
1220 3090 1291 3143 ita
1361 3090 1528 3144 multo
1585 3101 1750 3159 post,
1809 3102 1920 3150 tres

348 3169 501 3207 nias.

346 3169 501 3212 (Illas.

656 3226 908 3294 Ejusdem
936 3229 1301 3285 adnotationes
1338 3232 1390 3283 in
1422 3248 1536 3297 cap.
1568 3230 1622 3287 5.

421 3293 737 3373 Ρειιζη-Ξξὶὸζ
778 3298 971 3373 Legati}
1020 3293 1620 3373 §cripturrzstGeuesis
1666 3321 1699 3358 ν
1743 3305 1919 3373 capite

344 3366 517 3438 Adam
548 3368 671 3438 930,
707 3366 992 3431 80111012,
1026 3368 1167 3424 Eoos
1194 3371 1316 3435 905,
1348 3372 1551 3425 Cainan
1579 3372 1714 3438 910,
1750 3366 1917 3429 Iilala-

345 3434 447 3489 Ieel
482 3437 618 3502 895,
654 3439 958 3493 Mathusnla
1008 3440 1110 3494 969
1159 3443 1313 3496 annis
1347 3443 1544 3495 vixisse
1582 3434 1915 3500 referuntur.

341 3507 677 3580 augustinus
706 3524 768 3561 xv
803 3509 874 3562 De
905 3510 1134 3573 civitate,
1164 3527 1284 3580 cap.
1316 3511 1414 3576 12,
1446 3512 1591 3565 ιιιιΙΙυ
1623 3520 1781 3568 modo
1814 3531 1915 3567 att-

342 3575 569 3630 diendos
619 3589 826 3641 censet,
857 3580 945 3648 qui
996 3590 1187 3647 putant
1233 3575 1408 3635 aliter
1438 3598 1608 3636 annos
1661 3586 1780 3638 illos
1810 3586 1915 3639 illis

345 3648 678 3714 temporibus
704 3659 1066 3716 computatos,
1116 3651 1148 3702 i.
1185 3666 1237 3704 e.
1291 3662 1451 3705 tanta:
1506 3654 1807 3719 brevitatis,
1858 3667 1914 3710 ut

342 3730 483 3768 unus
510 3734 687 3771 annus
718 3722 1103 3773 nosterdeeem
1125 3722 1333 3773 illorum
1362 3722 1615 3775 habuisSe
1641 3726 1910 3780 credatur.

342 3784 578 3857 irenmus
612 3803 824 3857 quoque
856 3791 993 3842 idem
1028 3805 1127 3857 pro
1149 3786 1298 3845 cei-to
1326 3792 1508 3855 habet,
1539 3792 1677 3849 alias
1703 3796 1910 3848 nullum

340 3854 465 3928 inde
499 3854 1167 3928 traheretargumentum.

415 3924 611 3979 Verum
641 3929 766 3997 quia
800 3924 950 3981 niulti
986 3930 1084 3982 hoe
1115 3939 1220 3981 tam
1255 3930 1420 3984 breve
1450 3928 1631 3983 vivere
1667 3942 1908 3989 nostrum

336 4011 517 4067 secum
561 4010 893 4067 reputantes,
931 4010 985 4051 et
1031 4002 1327 4067 Scriptura:
1364 4001 1744 4054 auctoritatem
1772 4022 1908 4057 con-

337 4066 537 4138 Veliere
559 4086 663 4121 non
693 4071 978 4133 audentes,
1009 4066 1175 4123 annos
1207 4070 1324 4122 illos
1355 4086 1457 4122 non
1486 4070 1618 4123 solis
1651 4072 1906 4138 circuitu,

334 4138 430 4189 sed
460 4137 600 4192 luna:
628 4141 780 4193 senio
807 4141 996 4193 Conlici
1028 4150 1309 4207 putarunt,
1345 4148 1400 4192 ut
1431 4156 1526 4206 pro
1564 4144 1720 4194 annis
1754 4137 1907 4198 inené

334 4221 423 4258 ses
457 4207 758 4262 habeantur
793 4226 807 4274 ;
842 4210 1135 4263 Varronem
1170 4225 1384 4278 quoque
1415 4208 1779 4265 Romanorum
1809 4216 1907 4268 do-

332 4278 636 4342 etissimum
663 4321 678 4341 ,
709 4288 871 4348 atque
922 4280 1190 4341 Plinium.
1228 4281 1530 4344 incertum,
1579 4281 1905 4348 fabulosum,

334 4356 430 4419 aut
480 4348 531 4399 id
563 4351 728 4402 etiam
778 4352 1109 4418 impossibile
1159 4352 1523 4413 existimasse,
1555 4354 1694 4419 quod
1734 4355 1907 4408 fertur

333 4415 400 4468 de
433 4426 578 4471 tanta
616 4415 915 4485 priscorum
949 4422 1254 4484 vivacitate,
1291 4430 1476 4487 totque
1504 4415 1770 4476 aIIIIOI‘llIII
1808 4441 1907 4478 sa:-

331 4487 473 4540 colis
506 4499 840 4563 compertum
872 4492 1095 4545 habeam
1123 4510 1137 4556 ;
1172 4492 1374 4544 idcirco
1408 4509 1517 4544 rem
1552 4493 1711 4545 istam
1744 4496 1903 4563 paulo

2031 1905 2085 1947 et
2131 1894 2392 1951 Litorium
2445 1894 2752 1966 quemdam'
2797 1894 3236 1954 trecentesimum
3298 1894 3605 1956 cumulasse

2031 1966 2184 2038 testis
2211 1976 2313 2038 est.
2348 1969 2483 2033 Quid
2520 1970 2685 2036 igitur
2716 1970 2781 2023 de
2835 1972 3033 2024 nostris
3067 1974 3333 2037 garriunt,
3386 1986 3524 2038 quos
3573 1988 3605 2024 e

2030 2035 2330 2108 scripturis
2361 2035 2662 2107 nongentos
2684 2040 2926 2108 attigisse
2958 2035 3213 2094 docemus
3237 2042 3261 2093 ἲ
3286 2035 3604 2094 Concedant

2028 2106 2216 2158 saltem
2251 2106 2491 2169 homini,
2524 2109 2608 2161 cui
2643 2108 2756 2171 uni,
2792 2106 2857 2162 ‘ut
2894 2108 3087 2163 scribit
3136 2109 3345 2163 Plinius
3384 2109 3452 2172 ⁸¹,
3501 2110 3604 2163 im-

2028 2189 2215 2228 mensa
2247 2177 2459 2230 vivendi
2514 2179 2730 2246 cupido,
2778 2180 2919 2245 quod
2975 2179 3285 2233 cornicibus
3331 2188 3386 2232 et
3423 2181 3602 2233 cervis

2028 2259 2133 2296 non
2164 2246 2448 2317 denegant.
2477 2248 2737 2303 Cornices
2767 2264 2959 2303 novem
2994 2249 3191 2302 sarcula
3236 2249 3416 2301 vivere
3442 2264 3601 2317 posse

2026 2315 2508 2389 concedunt187
2543 2317 2827 2382 Hesiodus,
2873 2319 3155 2389 Virgilius,
3179 2320 3423 2384 Ovidius,
3443 2315 3599 2372 Mar-

2028 2384 2187 2438 tialis.
2222 2384 2441 2441 llesio’u'i
2470 2384 2791 2442 versiculum
2818 2390 2883 2442 de
2910 2384 3087 2443 ceivis
3120 2388 3381 2459 Virgilius
3422 2389 3599 2445 inter-

2026 2464 2267 2521 pretalur
2291 2474 2303 2509 :

2167 2521 2237 2598 Et
2277 2538 2460 2595 quater
2488 2529 2748 2598 egreditur
2778 2529 3001 2582 cornicis
3027 2529 3221 2583 swcula
3244 2544 3446 2583 cervus.

2028 2592 2308 2665 Satyricus
2340 2592 2687 2665 etiam'poeta
2717 2616 2731 2651 :

2164 2663 2544 2734 Jam‘jueenem‘
2575 2677 2773 2737 torquet
2800 2669 2957 2736 longa
2974 2679 3021 2722 et
3041 2670 3249 2724 cervina
3265 2678 3500 2724 senectus
3520 2670 3589 2724 ".

2026 2734 2130 2789 Sed
2165 2738 2230 2788 de
2269 2737 2350 2788 his
2378 2752 2472 2803 pro
2504 2734 2789 2791 neeasione
2824 2734 2976 2793 satis.

2096 2804 2275 2858 Euoch
2321 2805 2533 2873 placens
2581 2807 2708 2860 Deo.
2754 2807 2903 2862 Hunc
2940 2808 3125 2864 Irenaai
3169 2811 3344 2865 locum
3378 2810 3456 2863 sic
3490 2826 3587 2863 ex-

2026 2878 2212 2945 primit
2251 2874 2613 2930 Tertnllianns
2641 2892 2654 2930 :
2686 2896 2703 2927 (
2742 2880 2894 2944 Quod
2936 2880 3096 2934 hodie
3141 2881 3323 2934 Enoeh
3360 2888 3412 2934 et
3442 2880 3589 2934 Elias

2026 2949 2261 3020 nondum
2297 2949 2693 3000 resurrectione
2741 2949 3036 3015 dispuncti,
3091 2956 3214 3020 quia
3274 2966 3372 3004 nec
3415 2960 3589 3004 morte

2026 3017 2218 3089 functi,
2247 3031 2349 3089 qua
2383 3026 2589 3089 tantum
2624 3020 2688 3089 de
2721 3021 2851 3071 urbe
2898 3017 3168 3083 translaii,
3218 3031 3272 3075 et
3318 3023 3418 3075 hoc
3471 3020 3587 3089 ipso

2020 3086 2132 3155 jam
2165 3087 2485 3139 :eternitatis
2507 3087 2775 3140 candidati
2807 3091 2874 3141 ab
2904 3092 3050 3144 omni
3088 3091 3237 3151 vitio,
3264 3101 3316 3145 et
3341 3092 3407 3143 ah
3437 3086 3585 3142 omni

2026 3161 2246 3219 damno,
2278 3165 2331 3209 et
2358 3157 2423 3209 ab
2453 3157 2596 3208 omni
2643 3158 2835 3226 injuria
2872 3168 2925 3211 et
2959 3162 3285 3215 contumelia
3324 3159 3582 3213 immuni-

2026 3235 2186 3279 tatem
2236 3228 2417 3280 carnis
2465 3227 2740 3291 ediscunt;
2789 3229 3002 3280 cuinam
3051 3228 3172 3284 Iidéi
3218 3231 3583 3284 testimonium

2021 3296 2258 3366 signant,
2286 3296 2388 3348 nisi
2429 3296 2551 3364 quia
2587 3298 2734 3349 credi
2756 3305 2972 3368 oportet
3002 3302 3111 3353 inec
3134 3300 3326 3354 futurae
3358 3298 3583 3368 integri-

2024 3370 2151 3439 tatis
2177 3381 2297 3419 esse
2338 3368 2660 3439 documenta
2692 3368 2772 3420 “l
2815 3386 2832 3418 ›
2861 3367 3193 3437 Epiphanius
3233 3384 3471 3439 quoque,
3529 3368 3581 3422 in

2019 3436 2343 3499 Anc/torulo,
2375 3446 2531 3491 vocat
2568 3436 2847 3490 Enoehnm
2894 3448 2947 3490 et
3004 3440 3171 3491 lilium
3212 3436 3584 3504 diros—primo-

2018 3506 2456 3578 genitosnostrze
2502 3509 2923 3578 resurrectionis
2960 3524 2972 3559 :
3018 3519 3072 3562 et
3101 3510 3248 3562 illum
3284 3511 3500 3578 quidem
3526 3509 3580 3561 in

2015 3577 2278 3643 praeputio
2308 3585 2361 3628 et
2393 3577 2657 3643 conjugali
2711 3578 3061 3641 contumelia,
3112 3580 3254 3632 hunc
3298 3577 3475 3632 autem
3524 3578 3579 3632 in

2017 3647 2431 3700 circumcisione
2458 3659 2512 3699 et
2544 3648 2868 3715 virginitate.
2915 3649 3107 3713 quibus
3138 3650 3433 3702 subserihit
3459 3649 3576 3702 Au-

2015 3717 2260 3781 gustinus
2279 3733 2345 3768 xv
2370 3716 2445 3769 De
2462 3718 2601 3770 civit.
2625 3718 2739 3779 Dei,
2765 3733 2885 3784 cap.
2914 3718 2999 3772 19.
3024 3718 3319 3772 Clementis
3350 3718 3579 3771 Romani

2015 3786 2175 3855 verba
2224 3794 2372 3847 sunt,
2428 3786 2522 3840 lib.
2564 3800 2599 3835 vr
2626 3786 2868 3847 Constil.,
2904 3804 3021 3855 cap.
3056 3789 3089 3842 8
3120 3808 3133 3841 :
3171 3807 3190 3838 r
3234 3787 3287 3841 Si
3322 3787 3579 3840 voluisset

2015 3853 2156 3926 Deus
2187 3855 2435 3908 homines
2462 3857 2793 3926 immortales
2826 3853 3063 3921 manere,
3099 3861 3240 3926 quod
3273 3858 3372 3912 hoc
3400 3856 3578 3909 facere

2014 3925 2185 3997 potuit
2208 3926 2443 3978 ostendit
2475 3926 2525 3977 in
2551 3925 2734 3978 Euoch
2763 3936 2815 3979 et
2834 3926 2969 3992 Elia,
2991 3925 3130 3997 quos
3152 3938 3380 3981 mortem
3411 3942 3577 3993 expe-

2013 3993 2105 4045 riri
2139 4009 2241 4046 non
2271 3996 2535 4061 permisit.

2080 4063 2221 4135 Illuc
2266 4066 2549 4116 translatos
2586 4082 2713 4121 esse.
2762 4066 3193 4135 Di~putationem
3250 4068 3314 4121 de
3366 4067 3482 4120 loco
3515 4065 3571 4119 in

2010 4149 2168 4201 quem
2201 4134 2341 4206 Deus
2376 4139 2737 4197 transtulerit,
2766 4150 2818 4192 et
2860 4134 3138 4206 hucusque
3173 4141 3412 4191 viventes
3442 4152 3572 4189 con-

2008 4205 2240 4257 servarit
2286 4204 2566 4258 Enochum
2606 4216 2662 4259 et
2697 4208 2894 4271 Eliam,
2936 4204 3270 4275 Augustinus
3306 4206 3576 4275 judicavit

2009 4277 2074 4327 ad
2108 4276 2264 4346 iidem
2301 4291 2404 4327 non
2436 4278 2729 4346 pertinere.
2765 4278 2860 4330 lin.
2889 4292 2925 4331 it
2957 4278 3033 4330 De
3056 4289 3267 4346 peccato
3296 4276 3570 4345 originali,

2008 4360 2128 4409 cap.
2161 4344 2252 4399 25.
2297 4347 2366 4397 At
2402 4361 2522 4398 cum
2564 4344 2650 4400 hic
2688 4346 2922 4401 Irenaeus
2964 4344 3155 4402 doceat
3201 4344 3572 4415 apostatarum

2008 4416 2384 4488 discipuloset
2434 4418 2734 4488 auditores,
2782 4418 2904 4472 illos
2953 4418 3006 4470 in
3060 4419 3367 4488 paradisum
3399 4428 3572 4469 terre-

2008 4497 2196 4549 strenu,
2231 4487 2535 4554 ubicunque
2562 4487 2648 4539 ille
2670 4491 2758 4553 sit,
2789 4487 3078 4543 translatos
3110 4490 3299 4548 fuisse,
3337 4488 3570 4554 indeque

333 4545 652 4633 accuratius
675 4572 933 4615 excutere
961 4579 1063 4615 non
1093 4545 1195 4615 erit
1225 4563 1595 4628 injneundum.
1626 4565 1702 4616 Ac
1732 4545 1899 4633 i'npri;

2026 4559 2096 4623 [ui
2151 4545 2408 4608 adversus
2449 4545 2848 4633 '.\iitielirisit_irii
2899 4545 3565 4633 prmlientur,_venturos_;

333 4627 436 4678 mis
468 4644 571 4682 non
608 4632 786 4692 video,
818 4648 915 4684 cur
948 4627 1392 4702 primigenioi'um
1426 4633 1700 4684 hominum
1730 4627 1895 4689 vitam

336 4705 615 4766 tantopere
669 4703 949 4766 miremur,
997 4719 1116 4755 cum
1160 4714 1339 4755 nostra
1390 4704 1692 4754 diuturnior
1731 4706 1821 4766 sit,
1850 4707 1894 4759 si

330 4765 472 4841 trime
491 4765 794 4824 menstruis
826 4782 879 4823 et
930 4788 1032 4825 non
1070 4774 1200 4827 solis
1234 4773 1455 4841 periodo
1482 4788 1653 4825 annos
1682 4765 1893 4828 illorum

326 4839 617 4911 metiamur
646 4857 660 4906 ;
687 4846 1123 4909 quandoquidem
1152 4844 1194 4895 si
1227 4839 1314 4911 Qui
1344 4855 1588 4895 nostrum
1616 4844 1681 4895 ad
1710 4858 1894 4898 cente-

325 4907 523 4981 simum
553 4907 794 4979 pervenit
824 4907 1045 4976 annum,
1076 4924 1182 4965 tum
1209 4907 1294 4965 ille
1322 4914 1455 4968 1200
1480 4913 1696 4965 lunares
1723 4930 1894 4981 annos

328 4977 512 5052 vivere
542 4977 749 5034 certum
787 4992 888 5045 est,
925 4984 1064 5052 quod
1100 4983 1226 5036 nulli
1260 5000 1495 5052 unquam
1534 4997 1771 5035 veterum
1802 4977 1895 5038 da-

326 5057 442 5100 tum
492 5047 607 5102 fuit.
643 5054 724 5104 Ad
771 5054 907 5115 htee,
941 5047 1227 5121 'Josephns
1264 5047 1403 5107 libIt
1448 5055 1627 5123 Antiq.
1661 5055 1894 5109 rationes

323 5131 432 5170 non
463 5126 886 5177 contemnendas
918 5126 1218 5188 reddit,eur
1252 5126 1323 5177 illi
1362 5127 1412 5177 in
1450 5136 1524 5177 tot
1551 5123 1744 5177 Siccula
1770 5127 1894 5179 vitae

323 5203 439 5239 sua:
476 5201 716 5262 tempora
747 5209 1041 5262 prorogare
1073 5196 1367 5262 potuerint.
1402 5195 1475 5247 Illi
1504 5195 1757 5246 nimirum
1786 5197 1893 5250 lien

322 5260 511 5323 amici,
548 5273 603 5314 et
649 5262 717 5315 ab
750 5260 882 5331 ipso
919 5260 1161 5333 prorsus
1205 5266 1477 5333 producti,
1518 5276 1572 5316 et
1602 5265 1893 5332 integriore

323 5338 541 5385 utentes
597 5332 882 5398 alimento;
929 5332 1397 5402 praeterea’etiam
1442 5336 1654 5387 virtutis
1696 5339 1888 5403 gratia,

322 5409 383 5450 ut
413 5410 467 5473 et
496 5418 583 5456 res
612 5406 848 5470 posteris
874 5407 1136 5473 perutiles
1178 5407 1483 5459 invenirent
1511 5414 1565 5458 et
1596 5410 1887 5472 traderent,

322 5472 392 5521 ob
418 5471 466 5523 id
491 5489 595 5526 non
636 5475 829 5540 injuria
859 5471 1041 5531 multis
1065 5491 1329 5529 annorum
1352 5478 1891 5532 chiliadibusvixisse

323 5542 541 5607 putandi
578 5553 723 5598 sunt.

392 5612 463 5665 At
489 5622 547 5666 ut
572 5616 808 5670 ethnicis
834 5632 896 5672 os
928 5618 1301 5679 obstruanius.
1329 5618 1419 5672 aui
1456 5618 1556 5672 hac
1581 5618 1633 5672 in
1660 5633 1717 5673 re
1743 5617 1889 5672 Scri-

393 5750 604 5826 ῗ⁶,,ιιίΡ·
632 5766 727 5813 νην
760 5766 877 5821 03p.
912 5753 1004 5819 48,
1041 5753 1279 5811 Valerius
1315 5754 1408 5813 lib.
1439 5772 1551 5820 vm,
1586 5771 1699 5826 Cap.
1742 5755 1825 5811 11.

319 5824 366 5858 ⁸³
393 5823 511 5877 Lib.
542 5822 613 5876 De
642 5837 815 5877 resur.
851 5839 999 5878 carn.

1942 5753 1983 5784 ⁸¹
2034 5753 2149 5811 Lib.
2182 5771 2296 5823 vni,
2344 5770 2462 5825 cap.
2521 5756 2604 5810 14.

2006 4628 2088 4678 cui
2116 4628 2393 4679 sententiae
2413 4642 2599 4681 omnes
2622 4628 2732 4681 fere
2755 4628 2926 4682 Graeci
2952 4640 3006 4681 et
3033 4629 3206 4682 Latini
3233 4627 3420 4680 Patres
3440 4627 3569 4680 asti»

2007 4698 2286 4763 palantur,
2312 4696 2438 4749 mihi
2465 4712 2649 4764 parum
2670 4709 2841 4751 tutum
2863 4699 3072 4752 videtur
3093 4699 3250 4751 aliter
3283 4712 3425 4750 nunc
3443 4714 3568 4751 scn-

2008 4770 2127 4819 tire.
2160 4766 2379 4818 Patrum
2407 4770 2618 4821 nomina
2648 4769 2898 4835 locosque
2928 4768 2979 4821 in
3014 4770 3211 4838 quibus
3235 4769 3285 4820 id
3316 4768 3567 4833 legimus,

2005 4848 2201 4902 praeter
2236 4853 2328 4889 eos
2360 4854 2500 4905 quos
2523 4839 2577 4913 in
2607 4854 2725 4907 cap.
2756 4839 2834 4913 Sd
2858 4840 2980 4892 libri
3006 4837 3185 4907 quarti
3218 4837 3563 4913 aridusimus,

2005 4910 2092 4960 hic
2119 4909 2334 4970 signare
2365 4924 2416 4959 in
2444 4905 3060 4977 graiiani'studiosornni
3081 4923 3110 4960 e
3130 4922 3185 4960 re
3208 4918 3310 4961 est.
3339 4905 3567 4977 Nicode-

2003 4993 2123 5030 Inus
2162 4977 2360 5032 llistor.
2411 4975 2472 5030 de
2523 4980 2897 5030 resurrectione
2938 4979 3182 5041 Domini;
3214 4979 3450 5031 Isidorus
3487 4975 3565 5030 De

2003 5049 2107 5100 vita
2140 5059 2186 5120 et
2222 5049 2366 5120 obitu
2388 5061 2726 5111 sanctorum;
2762 5050 3306 5120 llippolytusuiartyr
3329 5050 3562 5101 Orat.Ue

1999 5119 2344 5181 Antichristo,
2381 5120 2695 5172 Ambrosius
2732 5121 2783 5171 in
2818 5118 3046 5187 cap.‘tv
3091 5118 3355 5181 Romam;
3399 5120 3564 5169 Atha-

2000 5191 2184 5242 nasius
2216 5190 2305 5239 lib.
2341 5187 2490 5252 Quod
2540 5188 2761 5241 Nicrena
2808 5191 3060 5257 synodus,
3092 5203 3223 5251 etc.,
3267 5188 3563 5255 Gregorius

2001 5258 2054 5311 in
2096 5275 2249 5320 xviii.
2280 5274 2401 5327 Cap.
2432 5258 2531 5314 Job
2560 5271 2613 5311 et
2645 5262 2787 5312 hom.
2815 5261 2881 5312 1:2.
2902 5263 2952 5313 in
2984 5260 3267 5325 Ezechiel;
3302 5258 3564 5328 Ilrerony-

1998 5346 2115 5381 mus
2146 5338 2304 5397 epist.
2332 5334 2397 5381 ad
2428 5330 2833 5383 Pammachium
2868 5333 3127 5383 adversus
3157 5345 3372 5383 errores
3401 5327 3557 5381 .loan.

1993 5400 2167 5454 Jeros.
2200 5400 2565 5454 Damascenns
2606 5402 2699 5454 lib.
2737 5415 2785 5453 tv
2813 5403 2932 5468 cap’.
2963 5400 3050 5464 28,
3082 5400 3327 5454 Justinus
3355 5412 3561 5467 martyr

1993 5484 2183 5540 quaest.
2222 5471 2290 5523 85
2333 5472 2398 5522 ad
2432 5474 2670 5537 ortliod.,
2704 5474 2893 5525 Arelas
2933 5473 3223 5540 Cappadox
3260 5473 3311 5525 in
3341 5485 3394 5523 χι
3438 5484 3557 5539 cap.

1991 5544 2238 5607 Apoeal.,
2300 5540 2597 5609 Procopius
2646 5543 2868 5597 Gazzeus
2916 5544 2971 5597 in
3014 5560 3062 5597 tv
3119 5540 3317 5597 Cenes.
3372 5540 3560 5596 Plures

1995 5614 2130 5666 alios
2158 5614 2381 5684 legendo
2409 5626 2564 5667 notes
2596 5613 2740 5667 licet.

2707 5753 2965 5811 "Juven.
3022 5768 3121 5814 sat.
3180 5770 3380 5826 MV,\'.
3432 5753 3556 5811 9.51.
