3970 6378
238 363 375 420 1797

1535 364 1600 418 IN
1643 363 1771 419 LIB.
1807 363 1849 419 ν
1888 364 1943 420 S.
1983 364 2267 430 lBEN/Ek

3358 362 3383 420 ί
3394 364 3495 421 798

229 490 311 549 ex_
338 475 429 529 illo
462 475 690 545 allegata
748 484 933 531 contra
981 478 1234 533 eumdem
1267 492 1608 547 nequaquam
1664 477 1808 530 mili-
1838 484 2013 540 Anes
2065 478 2116 532 in
2176 477 2515 533 confessione
2556 477 2764 546 peccati
2815 486 3038 549 agentes
3090 478 3489 549 paenitentiam.
3532 514 3541 543 ς

235 546 450 602 labant.

311 615 765 680 Quemadmodum
803 618 947 670 ατί-ἱ.
999 616 1075 671 Ex
1113 618 1394 672 miraculis
1436 633 1599 687 super
1642 633 1816 672 caco-

239 698 389 756 ruiu,
432 688 732 749 aridorum,
762 688 1100 754 aliorumque
1129 688 1466 741 iulirmorum
1493 689 1813 756 corporibus

238 770 269 807 a
312 754 540 811 Domino
577 757 758 823 factis,
806 757 1081 812 c0ncludit
1138 773 1201 812 ea
1249 759 1361 813 Deo
1390 774 1535 813 cura:
1580 754 1705 814 esse
1750 775 1814 813 ac

234 828 467 895 proinde
487 828 612 880 olim
646 831 1039 884 resurrectura.

384 894 469 949 Ex
490 896 546 950 Ι.
576 896 705 953 Ern.
740 896 921 951 (ἔται)ὶὶ
941 898 1365 952 adnotationibus
1388 899 1441 953 in
1463 916 1577 966 cap.
1611 898 1702 952 12.

309 965 444 1037 Pag.
494 967 618 1022 507.
658 967 759 1021 Sed
796 967 1158 1032 spoliatione":
1190 971 1426 1035 pristina!
1459 965 1649 1021 nostra:
1693 987 1815 1023 con-

240 1038 850 1092 versationis.Similiter
865 1037 1111 1091 Clemens
1128 1039 1281 1093 Alex.
1301 1040 1393 1095 lib.
1444 1054 1499 1093 lll
1529 1038 1812 1105 Stromnt.,

239 1120 368 1176 pag.
404 1107 533 1171 466,
590 1108 678 1161 ubi
729 1110 991 1161 citaverat
1052 1111 1214 1162 verba
1249 1111 1489 1177 Apostoli
1526 1128 1542 1159 ι
1568 1132 1579 1163 ;
1608 1109 1817 1165 induite

241 1191 441 1231 novum
469 1179 763 1239 hominem,
795 1181 885 1247 qui
910 1180 1207 1231 secundum
1251 1179 1415 1232 Deum
1448 1199 1465 1230 ι
1497 1189 1713 1232 creatur
1742 1180 1809 1244 δ’,

248 1248 402 1302 addit
438 1266 453 1304 :
503 1248 735 1302 Παλαιὸν
768 1248 822 1303 δὲ
862 1248 922 1300 οὐ
965 1248 1100 1317 πρὸς
1132 1249 1343 1317 γένεσιν
1376 1251 1468 1303 καὶ
1502 1249 1815 1317 ἀναγένεσίν

241 1333 429 1393 φησιν,
458 1319 592 1372 ἀλλὰ
625 1320 761 1393 nec;
789 1319 878 1372 τὸν
912 1318 1022 1388 βίον
1045 1319 1136 1371 τόν
1164 1337 1219 1393 τε
1253 1323 1311 1393 ἐν
1338 1323 1610 1393 παρακοῇ,
1642 1320 1731 1393 τόν
1755 1337 1814 1373 τε

240 1386 618 1461 ᾄνὺπακοῇεε
652 1386 922 1443 Veteretn
949 1399 1125 1442 autem
1174 1392 1327 1453 dixit,
1362 1386 1467 1445 non
1520 1386 1814 1458 respiciens

242 1457 297 1512 iu
349 1457 752 1531 generationem
788 1469 842 1513 et
871 1462 1357 1530 regenerationem,
1398 1462 1491 1515 sed
1516 1462 1584 1513 ad
1612 1457 1814 1528 ivitam,

241 1544 367 1599 qua:
397 1541 479 1584 est
509 1531 561 1584 in
593 1531 953 1585 inobedientia
982 1542 1033 1584 et
1065 1531 1392 1586 obedientia.
1440 1550 1458 1583 ι

322 1598 531 1654 Placuit
580 1600 707 1653 Deo.
743 1602 908 1655 Docet
941 1603 1188 1654 eumdem
1233 1601 1324 1669 qui
1354 1600 1555 1655 veteris
1596 1600 1813 1665 Adami,

243 1669 299 1742 id
321 1680 407 1742 est
430 1672 701 1725 communi
725 1672 998 1742 hominum
1036 1686 1185 1724 more
1210 1674 1260 1725 in
1292 1683 1447 1726 utero
1499 1682 1812 1742 conceptus,

240 1740 481 1809 indeque
520 1751 679 1795 natus
730 1740 924 1807 fuerat,
973 1741 1173 1794 factum
1226 1758 1346 1796 esse
1400 1740 1702 1809 apostolum
1753 1756 1817 1795 ac

1914 549 2031 604 Jam
2059 558 2445 617 processerunt
2488 563 2515 599 a
2554 560 2761 612 morte;
2803 548 2925 602 nam
2957 565 3060 602 non
3096 548 3500 617 conﬁterentur

1918 620 2019 672 nisi
2060 616 2453 687 procederent.
2510 620 2682 685 Ipsum
2732 619 3003 678 conﬁteri.
3051 618 3119 671 ab
3161 616 3378 671 occulto
3416 626 3492 687 iet
3556 662 3559 665 λ

1920 686 2211 742 tenebroso
2260 691 2551 758 procedere
2574 699 2674 743 est.
2714 689 2817 743 Sed
2836 690 2966 757 quid
3007 689 3267 743 Dominus
3300 686 3497 758 Eccle-
3540 730 3545 736 .

1917 760 2010 813 sim
2033 776 2142 813 sua:
2196 757 2410 827 inquit?
2445 778 2463 809 ι
2496 758 2626 826 Qua:
2659 761 2927 813 solvet-itis
2989 761 3040 811 in
3082 769 3247 817 terra,
3309 757 3495 827 soluta

1918 840 2079 882 erunt
2115 830 2165 882 in
2199 826 2341 883 caelo
2365 829 2428 882 ⁸⁸.
2471 849 2489 881 ι
2538 830 2773 893 Auditis,
2808 831 2909 882 viri
2949 827 3275 889 Calviniani,
3312 826 3494 880 Laza-

1919 914 2036 951 rum
2062 899 2365 968 symbolum
2393 900 2555 953 fuisse
2579 901 2814 953 hoiniuis
2837 901 3208 968 pmnitentiam
3244 896 3500 967 agentis?

1917 968 2221 1038 lntelligitis
2247 971 2669 1033 confessionem,
2696 972 2880 1038 procul
2916 970 3076 1022 dubio
3100 968 3492 1029 auricularem,

1918 1042 2264 1108 processioue
2280 1056 2309 1092 e
2331 1044 2616 1094 tenebroso
2642 1042 2892 1106 sepulcro
2911 1040 3182 1107 designari
3197 1039 3218 1091 ?
3233 1038 3490 1091 Ecclesiae

1918 1111 2479 1178 deniquepasmribus
2514 1111 2581 1163 ab
2606 1111 2879 1177 ipsoFilio
2905 1111 3219 1161 mandatum
3261 1123 3399 1166 esse.
3439 1114 3499 1160 ut

1917 1182 2158 1248 peccatis
2212 1182 2411 1250 ligatos
2448 1180 2691 1235 solvant?
2734 1181 3009 1233 Atlendite
3038 1190 3253 1234 caetera.
3294 1197 3313 1229 ι
3352 1178 3489 1250 Cum

1918 1253 2096 1316 audis,
2125 1249 2299 1319 inquit
2347 1254 2483 1304 idem
2512 1252 2865 1320 Augustinus,
2913 1249 3185 1303 hominem
3226 1249 3497 1317 paenitere

1917 1332 2287 1386 peccatorum,
2324 1320 2435 1388 jam
2462 1322 2681 1383 revixit;
2716 1336 2836 1375 cum
2860 1321 3015 1373 audis
3056 1320 3326 1373 hominem
3364 1333 3497 1373 con-

1918 1390 2122 1445 ﬁtendo
2194 1390 2438 1459 proferre
2488 1392 2901 1453 conscientiam,
2942 1392 3053 1458 jam
3123 1393 3188 1443 de
3248 1392 3496 1458 sepulcro

1917 1462 2144 1515 eductus
2196 1473 2308 1524 est,
2342 1465 2435 1515 sed
2477 1464 2712 1515 nondum
2766 1462 2975 1515 solutus
3008 1469 3110 1513 est.
3146 1460 3397 1525 Quando,
3440 1466 3499 1510 et

1919 1544 1947 1582 a
2001 1533 2197 1599 quibus
2227 1532 2491 1586 solvitur?
2542 1533 2672 1597 Quae
2704 1533 2974 1586 solveritis
3017 1532 3071 1584 iu
3109 1546 3276 1596 terra,
3321 1528 3499 1599 inquit

1917 1601 2187 1665 Christus,
2212 1613 2373 1657 erunt
2402 1603 2577 1656 soluta
2613 1614 2667 1665 et
2698 1605 2751 1655 in
2784 1603 2920 1655 coelo
2940 1601 3005 1653 ⁶⁷.
3044 1620 3062 1652 s

1990 1670 2108 1725 Non
2158 1689 2254 1726 vos
2307 1678 2506 1742 pigeat,
2557 1688 2767 1741 quieso,
2830 1672 3074 1725 homines
3130 1670 3377 1725 curiosos
3441 1678 3500 1725 et

1920 1743 2124 1796 sciendi
2152 1744 2360 1809 avidos,
2379 1744 2633 1797 emndem
2661 1744 2926 1811 insignem
2953 1743 3267 1810 magistrum
3297 1742 3494 1795 iterum

242 1810 591 1886 Evangeliqu
624 1811 971 1880 praedicasse,
997 1813 1356 1886 eumdemque
1382 1813 1539 1866 istam
1567 1827 1812 1886 carnem,
1848 1831 1891 1886 Β
1921 1813 1985 1866 de
2018 1816 2117 1865 hac
2142 1829 2200 1867 re
2221 1815 2493 1886 dicentem
2520 1816 2748 1867 audire:
2774 1810 2806 1863 No
2838 1812 3100 1886 Dominus
3132 1812 3393 1886 Lazarum
3428 1814 3496 1886 de

241 1895 407 1949 quam
460 1882 515 1936 in
569 1891 713 1934 statu
766 1892 1019 1949 corrupto
1058 1882 1185 1935 olim
1236 1884 1522 1946 habuerat,
1566 1883 1619 1935 in
1674 1890 1818 1935 statu

241 1954 434 2019 gratia:
463 1952 778 2024 retinuisse;
826 1954 969 2007 unde
1006 1953 1134 2007 etin
1169 1962 1314 2007 statu
1348 1952 1530 2024 gloria:
1573 1967 1692 2006 eam
1735 1967 1820 2007 re-

248 2031 527 2076 tenturum
567 2022 793 2093 Colligit.

321 2092 491 2155 Quam
519 2094 657 2145 enim
692 2090 903 2147 causam
942 2092 1182 2154 habebat,
1214 2102 1325 2148 etc.
1372 2092 1446 2146 Ita
1491 2100 1546 2146 et
1574 2090 1821 2147 Justinus

242 2160 315 2214 Μ.
351 2164 441 2215 lib.
489 2162 566 2216 De
627 2164 1029 2228 resurrectione,
1084 2172 1212 2217 tom.
1252 2165 1270 2218 Ι
1314 2161 1560 2231 Spicileg.
1598 2162 1820 2215 Patrum

246 2233 429 2305 saeculi
460 2249 525 2305 ii,
563 2249 683 2303 pag.
709 2234 840 2289 19οε
877 2234 940 2286 Εἰ
961 2234 1039 2297 εἰς
1071 2233 1233 2304 μηδὲν
1252 2233 1449 2305 ἐχρηζε
1473 2236 1571 2304 τῆς
1598 2232 1819 2305 σαρκὸς,

241 2302 296 2356 τί
332 2304 425 2356 καὶ
453 2302 812 2374 ἐθεράπευσεν
841 2302 1088 2375 αὑτήν;ὰ
1122 2302 1179 2359 Si
1223 2302 1352 2360 caro
1374 2302 1448 2358 ad
1505 2302 1637 2358 nihil
1673 2302 1822 2357 utilis

243 2385 351 2443 est,
382 2390 481 2429 cur
532 2392 650 2428 eam
679 2375 926 2443 sanavii?
956 2393 975 2425 ι

424 2446 803 2499 Adnotationes
834 2442 932 2499 Fr.
958 2442 1304 2500 Feuardentii
1323 2445 1377 2498 in
1409 2463 1523 2515 cap.
1554 2444 1639 2498 l5.

321 2512 452 2584 Pag.
492 2516 615 2571 508.
643 2515 838 2569 Dicant
879 2516 1015 2568 enim
1073 2519 1242 2569 nobis.
1295 2512 1668 2569 Tertullianus
1724 2514 1819 2568 lib.

247 2584 326 2657 De
366 2603 564 2639 resurr.
595 2602 743 2640 carn.
782 2586 883 2640 hoc
898 2586 1084 2654 paucis
1116 2587 1186 2639 ita
1207 2588 1549 2657 perstringit:
1574 2604 1591 2634 ι
1624 2584 1824 2639 Exem-

247 2656 337 2725 pla
391 2668 731 2711 mortuorum
785 2671 815 2708 a
848 2657 1073 2710 Domino
1132 2656 1515 2711 suscitatoru’m
1551 2671 1825 2710 commen-

247 2729 455 2780 dabant
516 2727 699 2782 carnis
732 2734 786 2780 et
831 2728 1026 2779 anima:
1069 2728 1548 2789 resurrectionem,
1610 2740 1677 2778 ne
1733 2726 1820 2779 cui

245 2797 569 2852 substantia
636 2806 926 2866 uegaretur
952 2798 1053 2850 hoc
1107 2798 1329 2866 donum.
1361 2815 1379 2847 ι
1418 2795 1544 2849 llaec
1597 2809 1817 2864 quoque

245 2866 482 2948 largiore
508 2882 667 2921 utanu
702 2865 1023 2948 {Ambrosius
1045 2866 1137 2921 lib.
1171 2865 1368 2948 biﬁda
1402 2875 1681 2948 γρεατ-νεα.

319 2935 386 2991 Et
417 2937 677 2991 Lazarus.
711 2936 975 2991 Lazarum
1027 2947 1185 2991 vocat
1232 2936 1597 2991 'l‘ertulliauus
1622 2935 1823 3003 praci-

246 3024 416 3078 puum
458 3008 870 3078 resurrectionis
900 3010 1228 3075 exemplum.

322 3078 438 3132 Hoc
456 3076 767 3147 symbolum.
796 3077 911 3131 Non
938 3078 1084 3133 solus
1124 3079 1215 3133 hic
1235 3076 1655 3146 apostolicorum
1692 3087 1823 3133 tem-

245 3164 442 3228 perem
470 3150 573 3212 vir,
598 3152 691 3228 sed
721 3160 775 3201 et
818 3148 1029 3228 plurimi
1063 3148 1449 3228 etdoctissimi
1470 3159 1550 3228 σοι
1584 3150 1816 3228 sanctis-
1846 3171 1889 3228 ρ

242 3217 373 3272 simi
396 3230 579 3288 postea
601 3217 790 3271 Patres
803 3222 1103 3273 docuerunt
1122 3219 1274 3272 istius
1295 3217 1483 3271 Lazari
1498 3218 1812 3287 syn'tbolica,

244 3304 373 3342 vera
412 3302 588 3343 tamen
646 3288 953 3358 alligatione
1005 3298 1060 3344 et
1116 3290 1411 3352 solutione,
1484 3288 1815 3343 insinuatam

243 3360 416 3432 [uisse
438 3360 555 3432 eam
598 3370 946 3427 peccatorum
984 3360 1370 3432 pteuitentium
1395 3358 1812 3432 absolutionem,

244 3429 353 3497 Qua
381 3438 499 3499 post
524 3429 839 3483 delictorum
866 3431 1265 3483 confessionem
1303 3429 1608 3482 ministerio
1631 3444 1815 3483 sacer-

243 3498 431 3554 dotuin
463 3500 813 3552 absolvuntur
846 3500 895 3553 in
917 3500 1159 3555 Ecclesia
1182 3498 1526 3553 Christiana:
1552 3500 1816 3567 quemad-

244 3572 462 3624 modum
487 3570 576 3624 illc
605 3570 1002 3637 sepulcralibus
1023 3571 1203 3625 linteis
1228 3570 1499 3623 involutus
1519 3579 1566 3622 et
1590 3571 1810 3637 ligatus,

241 3650 300 3693 et
324 3642 573 3694 manibus
600 3642 965 3708 apostolorum
996 3641 1204 3695 solutus
1228 3652 1281 3693 et
1317 3639 1455 3692 liber
1478 3641 1668 3693 evasit.

318 3708 658 3779 Perspieiens
675 3720 854 3764 autem
879 3711 1135 3765 Calvinus
1162 3727 1257 3780 per
1273 3709 1627 3780 hocdivinum
1658 3708 1815 3779 plane

242 3796 309 3851 ac
334 3781 695 3835 clarissimum
718 3782 1013 3849 exemplar,
1042 3779 1314 3851 paradoxa
1348 3795 1441 3833 sua
1466 3779 1530 3832 de
1564 3782 1674 3834 sola
1706 3782 1814 3836 tide

236 3850 587 3919 justiﬁeante
611 3850 1074 3905 sacramentorum
1098 3852 1496 3913 iuellicacitate,
1512 3851 1812 3905 etclavium

242 3938 275 3975 ει
319 3924 534 3976 Christo
555 3921 809 3975 Ecclesiae
835 3922 1155 3976 traditarum
1183 3922 1443 3991 inanitate
1466 3920 1622 3987 plane
1661 3922 1810 3974 dam-

244 3995 367 4047 nari
392 4005 442 4046 et
465 3992 728 4056 c0nvelli;
780 3991 954 4047 Sieviit
995 3994 1152 4062 ineps
1194 3993 1691 4062 animi,tot_umque
1728 3992 1813 4043 in—

242 4076 440 4118 census
464 4079 559 4132 per
584 4063 793 4126 orbem,
821 4064 872 4115 in
897 4064 1053 4130 hujus
1070 4060 1533 4130 interpretationis
1558 4072 1813 4115 auctores

241 4132 540 4188 bacchatus
567 4145 647 4188 est
670 4133 736 4195 ⁶³,
766 4134 1044 4201 appellans
1070 4150 1163 4186 eos
1186 4152 1203 4183 t
1235 4132 1490 4199 papistas.
1514 4141 1594 4184 ter
1622 4132 1814 4184 ridicu-

243 4205 345 4263 los,
375 4207 467 4271 qui
501 4200 894 4258 confessionem
940 4204 1297 4257 auricularem
1333 4204 1457 4256 hinc
1473 4200 1729 4254 eliciunt:
1786 4219 1806 4252 ι

247 4274 409 4345 19o
427 4277 662 4344 insuper,
684 4291 703 4324 ι
728 4284 778 4325 et
792 4276 1004 4345 mentiri
1019 4290 1112 4328 eos
1126 4274 1217 4343 qui
1231 4274 1512 4345 al'lirmant
1529 4272 1810 4325 Dominum

240 4342 519 4414 discipulis
550 4342 808 4411 'jussisse,
845 4356 900 4398 ut
931 4342 1194 4399 Lazarum
1224 4343 1406 4397 faselis
1437 4342 1738 4414 solverent.
1786 4360 1805 4392 ι

314 4412 421 4470 Sed
453 4419 824 4479 attendamus,
862 4431 997 4484 quos
1025 4418 1165 4470 viros
1195 4414 1286 4467 hic
1326 4427 1498 4465 novus
1534 4412 1812 4479 apostolus

241 4489 359 4542 suis
384 4487 644 4540 convicds
668 4495 721 4539 et
765 4483 976 4554 probris
1000 4494 1184 4551 vexet;
1220 4498 1355 4553 quos
1391 4496 1486 4551 pro
1524 4483 1807 4554 tuimstrali

243 4574 339 4611 sua
374 4560 664 4620 modestia,
715 4553 794 4609 ter
820 4556 1079 4610 ridiculos
1121 4565 1175 4609 et
1224 4555 1512 4607 mendaces
1554 4553 1806 4621 appellet.

242 4627 399 4685 Hunc
458 4627 707 4696 inprimis
783 4627 1217 4696 antiquissimum
1268 4624 1435 4688 Petri,
1477 4622 1804 4696 Joamiiset

240 4699 392 4754 Pauli
422 4694 813 4767 discipulorum
842 4694 1166 4761 auditorem,
1197 4696 1555 4749 fortissimum
1603 4694 1805 4747 Christi

242 4780 540 4841 martyrem
578 4779 632 4821 et
661 4769 1120 4841 sapientissimum
1159 4773 1431 4841 haereseon
1470 4778 1808 4841 expugnaui-

242 4835 690 4905 remfdocentem
717 4835 983 4892 Lazarum
1006 4840 1167 4891 fuisse
1194 4850 1375 4907 typqu
1396 4836 1631 4907 hominis
1655 4835 1806 4887 colli-

240 4912 352 4981 gati
391 4921 444 4966 et
473 4926 503 4963 a
526 4909 1094 4981 Christotraditialiis
1121 4910 1185 4961 ad
1212 4911 1548 4981 solvendum.
1600 4906 1809 4981 Quibus

241 4978 423 5035 autem
448 4982 688 5044 tradidit,
720 4980 821 5032 uisi
847 4979 1148 5047 discipulis,
1201 4978 1294 5046 qui
1345 4986 1539 5046 praesto
1568 4980 1801 5029 cireum-

239 5053 480 5118 stabant,
536 5053 602 5105 ad
637 5064 797 5104 oume
851 5060 1179 5119 praeceptum
1224 5058 1278 5103 et
1312 5049 1626 5116 obsequium
1687 5047 1804 5115 ejus

238 5122 666 5193 promptissimi?

311 5186 578 5247 Lsimium
615 5193 806 5247 deinde
840 5191 1133 5266 antistitem
1151 5199 1205 5245 et
1253 5186 1807 5266 theologumAugu‘s-

241 5263 434 5327 tinum,
479 5278 637 5333 quem
662 5267 725 5318 de
763 5266 845 5317 his
892 5265 965 5317 ita
1008 5265 1360 5316 disserentem
1392 5257 1803 5333 subiicimus“:

244 5351 264 5384 ι
302 5330 569 5388 Domitius
595 5335 908 5389 clamavitzt
935 5333 1159 5397 Lazare,
1180 5333 1296 5385 veni
1334 5334 1484 5384 loras
1504 5330 1569 5383 ⁸⁸.
1597 5348 1616 5382 s
1635 5331 1810 5382 Cessnt

242 5407 360 5458 voci
414 5406 798 5460 misericordiae
840 5408 1006 5459 moles
1059 5404 1379 5473 sepultum;
1438 5403 1604 5473 cessit
1665 5414 1810 5451 mors

240 5476 400 5544 vitae;
438 5478 603 5531 cessit
633 5476 880 5530 infernus
897 5470 1149 5545 superno.
1175 5474 1426 5527 Elevatus
1443 5482 1524 5525 est
1550 5470 1808 5535 Laurus,

240 5547 503 5618 processit
558 5548 799 5612 tumulo;
823 5559 879 5601 et
902 5549 1096 5617 ligatus
1118 5558 1253 5609 erat,
1286 5548 1429 5600 sicut
1461 5555 1588 5597 sunt
1633 5548 1811 5595 honu-

310 5764 358 5797 ⁸⁸
382 5763 585 5835 Ephes.
611 5778 686 5835 I_v,
707 5760 797 5816 24.

1837 4515 1889 4577 ι)

878 5762 921 5795 ⁸³
958 5761 1105 5831 Virg.
1130 5759 1344 5815 Eneid.
1379 5774 1457 5823 ix,
1492 5774 1546 5831 v.
1568 5754 1835 5824 299,500.

1923 1895 2273 1937 monumento
2298 1884 2406 1952 jam
2460 1886 2782 1938 suscitatum
2821 1883 3015 1936 obtulit
3069 1884 3350 1951 discipulis
3381 1882 3495 1936 sol-

1922 1954 2186 2020 vendum,
2243 1970 2340 2022 per
2380 1956 2485 2008 hoc
2532 1958 2832 2007 ostendens
2882 1961 3197 2021 potestatem
3251 1953 3497 2007 solvendi

1922 2038 2239 2078 concessam
2275 2026 2668 2079 sacerdotibus.
2703 2024 2845 2077 Dixit
2867 2024 3009 2076 enim
3034 2041 3045 2075 :
3075 2041 3093 2073 t
3126 2022 3497 2091 Quodcunque

1922 2094 2194 2149 solveritis
2250 2110 2413 2164 super
2461 2106 2659 2149 terram
2685 2095 2748 2157 ⁸⁸,
2794 2114 2812 2145 ι
2876 2104 2980 2146 etc.
3032 2093 3098 2146 Et
3155 2110 3221 2147 ne
3278 2093 3498 2148 levioris

1924 2167 2177 2219 momenti
2201 2163 2525 2220 existimetis
2552 2169 2694 2219 hunc
2716 2167 2913 2226 locum,
2936 2163 3163 2216 alterum
3182 2165 3495 2232 expendite,

1923 2251 2030 2304 quo
2073 2237 2261 2304 paucis
2296 2245 2575 2290 contracta
2610 2238 2766 2304 hujus
2783 2234 3031 2287 suscitati
3063 2232 3252 2287 Lazari
3301 2248 3495 2304 narras

1925 2303 2091 2369 tione,
2138 2307 2434 2376 quemlibet
2478 2303 2830 2375 pmniteutem
2888 2306 2966 2357 sic
3004 2304 3143 2357 idem
3177 2304 3367 2358 beatus
3402 2303 3523 2358 Dei.

1922 2392 2113 2430 servus
2160 2378 2483 2444 alloquitur:
2549 2395 2565 2425 ι
2604 2377 2775 2444 Surge
2808 2381 2858 2427 in
2904 2378 3067 2427 corde
3103 2385 3225 2438 tuo,
3265 2376 3500 2443 procede

1923 2448 1986 2500 de
2019 2446 2265 2514 sepulcro
2294 2458 2402 2508 tuo,
2424 2449 2475 2500 id
2506 2456 2608 2513 est,
2637 2448 2772 2499 mala
2809 2446 3067 2513 peccandi
3097 2446 3497 2500 consuetudine

1923 2533 2027 2585 qua
2053 2517 2326 2586 gravaris,
2376 2518 2559 2579 crede,
2593 2525 2645 2570 et
2676 2518 2956 2571 conlitere.
2989 2516 3092 2581 Qui
3126 2517 3269 2570 enim
3297 2516 3496 2579 credit,

1923 2590 2194 2649 surrexit,
2240 2588 2330 2655 qui
2376 2588 2685 2653 conlitetur,
2733 2588 2998 2651 surrexit;
3041 2589 3167 2655 quia
3203 2596 3497 2655 antequam

1922 2658 2291 2718 conliteretur,
2314 2657 2555 2711 occultus
2581 2669 2719 2710 erat.
2748 2656 2813 2710 Et
2842 2672 2963 2710 cum
2995 2658 3278 2711 confessus
3308 2656 3496 2718 fuerit,

1922 2729 2052 2795 quid
2107 2728 2315 2781 dicetur
2347 2728 2642 2780 ministris?
2671 2729 2825 2793 Quod
2873 2730 3074 2780 dietmn
3103 2737 3190 2781 est
3219 2732 3287 2780 ad
3334 2729 3500 2779 funus

1924 2796 2147 2852 Lazari:
2199 2799 2405 2851 Solvite
2456 2799 2624 2860 illum,
2682 2809 2737 2852 et
2790 2796 2949 2850 sinite
2982 2795 3169 2862 abire;
3221 2799 3494 2866 quomodo

1923 2869 2123 2921 dictum
2157 2878 2241 2922 est
2274 2868 2558 2937 apostolis:
2588 2868 2717 2934 Quae
2739 2868 3013 2923 solveritis
3037 2869 3090 2920 in
3124 2868 3498 2936 terra,'soluta

1921 2950 2085 2991 erunt
2131 2951 2185 2992 et
2216 2938 2272 2991 in
2302 2939 2439 2994 coelo
2466 2937 2530 2991 ".
2558 2956 2577 2989 ι

1994 3008 2071 3062 Ne
2100 3025 2228 3063 vero
2277 3010 2502 3062 illudant
2535 3009 2687 3063 vobis
2716 3010 2843 3064 cazci
2902 3010 3064 3065 duces
3096 3008 3261 3064 vestri
3293 3010 3497 3079 praedi-

1923 3089 2133 3147 cantes,
2176 3080 2479 3148 garrientes
2507 3091 2565 3131 ut
2586 3080 2782 3144 solent,
2812 3095 2933 3133 cum
2969 3080 3118 3133 omni
3173 3080 3342 3133 solida
3412 3095 3498 3134 re—

1923 3152 2216 3220 Spousione
2239 3158 2365 3203 sunt
2388 3150 2654 3209 destituti,
2682 3150 3043 3219 Augustinum
3077 3150 3284 3203 varium
3311 3153 3363 3202 in
3393 3150 3497 3204 hac

1922 3221 2192 3276 sententia
2225 3234 2329 3273 non
2365 3220 2697 3288 perstitisse;
2745 3222 2996 3273 eumdem
3027 3221 3072 3274 si
3102 3220 3263 3273 saluti
3303 3230 3496 3274 vestra:

1918 3291 2057 3352 bene
2076 3292 2378 3344 consultum
2406 3289 2607 3356 velitis,
2635 3304 2851 3343 rursum
2878 3292 3065 3343 eadem
3086 3298 3495 3346 asseverantem

1919 3361 2078 3431 legite
2106 3368 2334 3416 tractatu
2351 3358 2418 3414 49
2435 3357 2946 3431 iuJoanuem,_libro
2969 3359 3047 3412 De
3069 3362 3295 3413 utilitate
3322 3365 3497 3429 pumi-

1917 3429 2114 3494 lentior,
2132 3444 2248 3498 cap.
2269 3431 2323 3494 3,
2343 3431 2640 3484 sermoue8
2657 3440 2710 3482 et
2732 3429 2803 3482 44
2821 3432 2885 3483 de
2903 3431 3083 3486 verbis
3100 3431 3331 3485 Domini.
3348 3433 3501 3485 Acut

1918 3503 1969 3554 in
1996 3516 2093 3554 ore
2127 3501 2357 3553 duorum
2379 3502 2459 3554 vel
2493 3501 2652 3552 trium
2699 3510 2805 3553 Stet
2833 3515 2994 3553 oume
3046 3502 3298 3564 verbum,
3356 3518 3492 3555 con-

1916 3572 2076 3625 sulite
2106 3573 2512 3625 sanctissimum
2546 3572 2853 3638 poutilicem
2882 3570 3224 3639 Gregorium,
3271 3572 3495 3626 homitia

1915 3641 1983 3695 26
2014 3642 2064 3693 in
2093 3642 2383 3710 Evangelia
2408 3651 2463 3693 et
2491 3644 2585 3693 lib.
2616 3656 2727 3693 χχιι
2764 3638 3073 3695 Moralium.
3107 3657 3227 3710 cap.
3250 3641 3334 3707 15,
3366 3644 3496 3695 item

1916 3712 2282 3767 clarissimum
2322 3713 2609 3781 praesulem
2644 3713 2862 3763 beatum
2911 3712 3281 3774 Ambrosium,
3324 3714 3418 3765 lib.
3458 3726 3496 3764 ιι

1916 3783 1995 3837 De
2036 3784 2362 3848 paenitentia,
2392 3796 2513 3850 cap.
2533 3781 2587 3841 7,
2614 3789 2668 3833 et
2691 3781 3020 3834 Calvinianze
3054 3782 3401 3849 impudentes:
3431 3796 3498 3836 ac

1919 3853 2311 3906 maledicentia:
2341 3867 2435 3904 vos
2460 3852 2675 3903 tandem
2711 3850 2909 3916 pudeat
2937 3861 3099 3919 atque
3124 3852 3323 3919 pigeat.

1984 3922 2077 3976 Uti
2105 3923 2239 3989 ejus.
2273 3924 2349 3974 lta
2388 3933 2541 3974 vetus
2580 3922 2775 3982 codex;
2806 3922 3019 3983 excusi,
3056 3938 3076 3971 ι
3111 3922 3188 3973 uti
3211 3923 3284 3973 ei.
3322 3939 3342 3972 ι

1987 3992 2195 4061 Nolim!
2224 3995 2539 4060 conspicere.
2564 3991 2792 4061 Codices
2822 3994 3033 4061 excusi,
3062 4006 3082 4041 ε
3114 3992 3415 4061 intelligere
3442 4004 3491 4045 ι.

1986 4054 2284 4116 Secundum
2317 4054 2574 4129 tragicum
2613 4058 2959 4129 (Edipodem.
2994 4060 3072 4113 lla
3102 4072 3255 4116 vetus
3281 4054 3494 4126 Codex;

1915 4135 2123 4194 excusi,
2157 4151 2176 4182 ι
2201 4135 2494 4186 secundum
2544 4135 2811 4198 tragicos;
2851 4150 2869 4182 ι
2903 4134 3051 4202 unde
3085 4146 3309 4202 apparet
3351 4136 3495 4200 ejus-

1915 4209 2035 4259 dem
2066 4214 2175 4257 vet.
2208 4205 2414 4256 codicis
2460 4206 2631 4254 ttuStrt
2679 4203 2833 4255 Iides.
2880 4201 3071 4271 Tangit
3103 4201 3246 4256 enim
3287 4204 3397 4269 illa,
3432 4215 3494 4255 ut

1916 4288 2072 4339 reor,
2103 4289 2222 4343 qua:
2262 4274 2509 4339 leguntur
2560 4276 2701 4341 apud
2730 4274 3079 4342 Sophoclem,
3106 4272 3377 4343 (Edipode
3409 4284 3497 4345 ty-

1914 4362 2105 4409 ranno,
2144 4347 2231 4398 his
2264 4346 2473 4398 Verbis:

1996 4460 2388 4528 Ἀποσπὰσας
2415 4462 2524 4531 γὰρ
2554 4460 2804 4531 εἱμάτων
2830 4460 3253 4531 χρυσηλάτους

1981 4536 2247 4603 Περόνας
2275 4535 2374 4588 dx‘
2401 4530 2613 4603 αὐτῆς,
2646 4530 2810 4586 αῖσιν
2846 4532 3259 4603 ἐξεφ-τέλλετο,

1992 4607 2165 4675 Ἀρὰς
2198 4608 2449 4660 ἔπαισεν
2476 4603 2662 4674 ἄρθρα
2691 4604 2807 4657 τῶν
2831 4602 3029 4657 αὐτῶν
3053 4604 3312 4669 κύκλων,

1980 4698 2046 4752 Ει
2063 4701 2333 4768 deinceps,
2362 4700 2413 4751 id
2444 4710 2560 4752 est:

1983 4790 2127 4844 Nam
2149 4809 2265 4845 cum
2294 4792 2569 4844 arulsissel
2599 4806 2630 4841 α
2662 4787 2885 4841 vestibus
2916 4802 3107 4840 aureas

1980 4860 2225 4925 Fibulas,
2261 4864 2450 4932 quibus
2481 4861 2573 4913 illa
2602 4861 2788 4911 induta
2813 4866 2965 4932 erat;

1983 4932 2150 5001 prit
2176 4935 2241 4987 iis
2270 4926 2494 4994 arreptis
2520 4940 2789 4982 oculorum
2821 4926 3205 5001 orbesfodere.

1984 4998 2083 5059 Sic
2098 5003 2296 5067 dicens,
2320 5021 2372 5057 se
2405 5020 2508 5055 non
2541 5003 2765 5067 amplius
2799 4999 2993 5052 intueri
3019 4998 3165 5051 illaut
3196 4999 3463 5071 (matrem)

3286 5088 3398 5124 0888

3286 5088 3314 5122 o

1986 5144 2170 5215 Neque
2200 5144 2340 5198 mala
2364 5158 2482 5210 sua,
2511 5158 2601 5195 nec
2626 5139 2822 5194 scelera
2869 5155 2986 5211 qua:
3007 5071 3420 5215 μετρία-ἐξελεῖ,

1966 5214 2096 5279 ,Sed
2119 5218 2315 5269 lumine
2358 5220 2597 5267 orbatum
2625 5214 2865 5280 posthac,
2912 5227 3076 5280 neque
3102 5228 3232 5280 quos
3260 5214 3356 5280 jus
3387 5229 3492 5266 mus

2166 5320 2169 5321 ν
3258 5295 3414 5335 Iesset

1987 5356 2239 5412 Visurum
2293 5370 2421 5420 esse,
2458 5370 2549 5407 nec
2576 5356 2768 5423 quious
2804 5352 3059 5422 indigeret
3088 5352 3415 5422 agnittt‘rum.

1981 5473 2189 5538 Quibus
2235 5479 2293 5525 et
2326 5470 2447 5524 aliis
2490 5468 2673 5522 multis
2720 5468 2852 5524 locis
2904 5479 3149 5536 apparet,
3186 5472 3303 5538 pios
3354 5470 3487 5523 istos

1910 5542 2100 5598 Patres
2133 5560 2161 5596 a
2183 5544 2417 5597 lectione
2458 5550 2743 5610 poetarum
2774 5556 2884 5594 non
2909 5541 3275 5603 abhorruisse,
3311 5544 3405 5594 sed
3432 5543 3486 5594 iu

1914 5755 1958 5788 “
1982 5753 2099 5809 Lib.
2121 5771 2151 5809 ι,
2179 5756 2353 5824 hom.,
2382 5751 2638 5822 hom.l27.
2715 5751 2759 5784 “
2783 5748 3142 5816 ἔσθων,ιᾶ
3179 5774 3187 5781 ο
3221 5749 3267 5824 f‘
3289 5747 3482 5824 Malm.

239 5819 519 5903 xvut,r't8.
596 5833 638 5867 "
669 5819 838 5892 Cone.
867 5849 903 5888 η
941 5834 989 5887 iu
1016 5819 1213 5888 Psalm.
1266 5846 1338 5885 Ct.
1418 5819 1461 5861 δέ
1487 5830 1604 5885 Lib.
1637 5819 1703 5885 de
1730 5844 1852 5885 vera
1897 5838 1950 5884 et
2001 5827 2134 5883 falsa
2182 5819 2361 5917 pastu,
2404 5819 2546 5893 cap.’
2579 5824 2661 5879 10.
2754 5825 2797 5856 ⁶⁹
2829 5824 3013 5879 Tract.
3064 5836 3173 5876 ιλιι
3224 5822 3276 5876 in
3318 5819 3476 5876 Joan.
