3970 6378
283 375 426 433 1805

1567 369 1630 422 1N
1668 368 1794 423 LIB.
1837 367 1877 421 V
1918 367 1976 422 S.
2016 366 2294 423 ΙΒΕΝᾸΞΙ.

3404 370 3541 425 1805

361 491 423 544 In
455 490 567 559 lege
589 506 620 543 a
645 487 932 557 proiiltetis.
970 487 1088 541 Vet.
1124 486 1268 554 cod.,
1303 505 1321 538 ι
1366 502 1394 539 a
1432 486 1547 555 lege
1575 496 1628 540 et
1668 498 1697 539 a
1739 500 1867 555 pro-
1901 491 1940 546 Α
1974 483 2719 559 fl’ertiillia_nns_lib.Adversus
2743 486 2983 559 Indicos.
3011 501 3132 555 cap.
3158 487 3221 551 2;
3247 486 3545 557 Cyprianus

319 562 479 615 lietis.
532 580 550 612 ι

278 576 479 633 poetis.
532 580 550 612 ι

356 628 643 699 Pag.’5H._
668 628 743 679 Ab
784 641 842 679 eo
881 626 969 699 qui
1029 634 1140 699 est.
1198 642 1230 679 a
1268 642 1391 695 quo.
1433 625 1551 678 Vet.
1584 627 1730 687 cod.,
1778 644 1796 675 i
1840 640 1868 676 a

279 716 392 772 qao
431 696 589 752 {non
632 697 815 758 habet,
851 696 943 750 sed
974 712 995 746 ί
1031 696 1121 764 qtti
1152 704 1274 749 est:
1314 714 1333 747 ι
1366 705 1654 765 utrumque
1684 710 1869 750 serva-

281 775 482 827 Vinius.

363 840 550 892 Fiebat
581 834 896 888 remissioni.
933 832 1026 887 Sic
1055 833 1216 888 habet
1240 842 1396 889 vetus
1425 832 1632 899 codex;
1661 833 1869 899 excusi,

291 929 313 965 σ
348 912 440 963 liat
471 906 868 960 remissionem.
899 922 917 955 ι

366 979 433 1033 Et
473 979 736 1045 quomodo
766 973 931 1026 Deus.
962 972 1080 1045 Yet.
1107 972 1262 1039 cod.,
1292 990 1313 1024 ί
1351 973 1808 1045 quoniamWDeus,
1847 991 1864 1024 ι

288 1051 343 1105 id
376 1043 568 1103 est—in
618 1052 900 1111 quantum.
960 1043 1161 1111 Eadem
1206 1057 1325 1110 qua:
1380 1044 1488 1111 hic,
1523 1044 1713 1097 scribit
1766 1043 1874 1096 lre-

293 1134 464 1180 uirus,
487 1109 729 1185 graviter
747 1122 1041 1180 pertractat
1068 1109 1241 1177 Tert.,
1268 1112 1359 1166 lib.
1385 1128 1436 1166 iv
1455 1109 1655 1167 Contra
1674 1111 1869 1177 Mam,

293 1205 445 1243 num.
484 1183 547 1239 l5
576 1193 628 1237 et
664 1183 751 1236 14.
870 1236 879 1242 ,

364 1256 550 1311 Debita
583 1263 784 1308 nostra.
818 1249 940 1305 Vet.
984 1252 1130 1315 cod.,
1165 1270 1184 1303 ι
1224 1252 1390 1307 debiti
1436 1253 1631 1310 nostri.
1668 1272 1686 1305 ι
1718 1251 1873 1306 Grae-

288 1344 389 1382 cus
413 1323 563 1379 Pauli
605 1332 895 1376 contextus
924 1325 1034 1384 τοῖς
1062 1322 1348 1391 δόγμασιν,
1378 1326 1521 1391 quod
1557 1322 1869 1389 Aitgttstin..

288 1398 452 1463 epist.
481 1395 571 1457 59,
609 1409 627 1442 ι
662 1392 718 1463 in
755 1393 1018 1463 decretis;
1056 1409 1077 1443 ι
1132 1392 1327 1457 llilar.,
1371 1394 1466 1447 lib.
1494 1410 1549 1448 Ix
1589 1392 1666 1445 De
1699 1392 1872 1455 Trin.,

296 1462 402 1519 «in
439 1462 728 1518 sententiis
764 1480 782 1511 ι
822 1462 1077 1517 reddidit.

368 1534 472 1588 Per
501 1532 854 1599 operationem
883 1536 1183 1585 ostendente
1203 1532 1476 1599 propheta.
1511 1530 1681 1584 Paulo
1709 1544 1871 1599 aper-

295 1607 404 1659 tius
431 1603 582 1657 Tert.
610 1599 706 1653 lib.
734 1600 928 1653 Contra
954 1600 1083 1655 Jud.
1110 1620 1121 1654 :
1151 1619 1168 1651 ι
1202 1602 1435 1664 Eliseus,
1460 1610 1680 1669 accepto
1704 1602 1872 1669 ligno,

295 1686 351 1730 et
392 1677 557 1726 misso
586 1672 638 1722 in
671 1684 790 1721 enni
824 1670 999 1722 locum
1039 1672 1126 1724 tibi
1164 1671 1509 1724 submersum
1556 1669 1735 1724 fuerat
1765 1672 1871 1724 fer-

297 1760 444 1806 rum,
475 1742 658 1795 statim
688 1741 1085 1807 supernatavit.
1138 1740 1277 1804 Quid
1325 1740 1670 1807 manifestius
1720 1741 1875 1805 hujus

1974 554 2110 609 libro
2144 570 2181 609 Il
2212 553 2534 620 Testimon.,
2592 571 2712 623 cap.
2770 557 2872 618 20;
2924 553 3237 612 Lactantius
3289 553 3427 611 libro
3471 576 3543 623 iv,

1972 639 2093 692 Cap.
2137 626 2235 687 l8;
2284 627 2616 694 Augustinus
2665 626 2807 679 libro
2878 642 2961 677 xvi
3008 627 3203 680 Contra
3247 626 3547 690 Faustum,

1972 707 2094 760 eap.
2119 695 2213 767 2‘2,
2243 704 2297 749 et
2332 696 2691 765 alii,quornm
2722 696 3067 750 meminimus
3098 702 3149 750 iii
3175 713 3293 767 cap.
3323 696 3395 750 25
3423 698 3547 754 libri

1972 766 2171 830 quarti.

2042 834 2347 905 devocavit.
2378 833 2545 887 Vetus
2567 834 2730 905 codex
2770 849 2864 903 per
2901 833 3138 889 futurum
3171 835 3299 905 legit
3332 856 3350 887 ε
3385 837 3551 892 advo-

1974 903 2144 969 cabit,
2174 923 2192 954 ι
2239 913 2399 970 atque
2432 904 2501 956 ita
2539 922 2600 958 cx
2632 904 2858 958 llehrrco
2892 906 3164 957 transtulit
3190 903 3443 962 Sfiiictes.

2263 973 2509 1035 Eiusdem
2542 974 2907 1026 adnotationes
2929 975 2982 1026 in
3016 991 3131 1042 cap.
3177 976 3262 1029 19.

2048 1042 2177 1114 Pax.
2203 1044 2328 1097 316.
2360 1042 2606 1114 Veniente
2636 1042 2880 1114 Domino.
2900 1042 3100 1114 Omnes
3126 1044 3413 1110 dictiones,
3431 1062 3552 1114 quae

1976 1113 2066 1166 hie
2099 1113 2352 1186 leguntur
2382 1113 2433 1165 in
2473 1113 2731 1166 ablativis
2761 1112 3055 1186 absolutis,
3101 1124 3210 1186 vet.
3255 1118 3375 1172 cod.
3422 1112 3553 1186 tegi.

1976 1198 2072 1251 per
2100 1184 2441 1237 accusativos
2477 1196 2672 1242 casus.
2720 1183 2976 1235 nimirum
3018 1201 3035 1233 i
3078 1184 3394 1238 venientem
3441 1183 3552 1238 Dii-

1977 1254 2203 1312 minum,
2244 1251 2591 1320 bajulantem,
2616 1252 2907 1306 facientem
2931 1291 2946 1317 ,
2983 1260 3038 1306 et
3072 1254 3441 1310 seductionem
3492 1257 3553 1309 il-

1978 1322 2081 1374 lam
2119 1321 2372 1373 solutam.
2409 1340 2428 1373 ι

2047 1389 2113 1443 Et
2148 1391 2282 1443 sicut
2310 1390 2401 1443 illa
2423 1390 2637 1444 seducta
2670 1398 2766 1444 est.
2795 1390 2960 1447 Vetus
3009 1393 3203 1458 codex,
3239 1411 3258 1445 ί
3289 1393 3388 1451 etsi
3429 1409 3552 1449 eum

1976 1461 2298 1514 obaiidierat
2334 1459 2460 1526 Deo,
2500 1461 2594 1514 sed
2625 1462 2738 1513 haec
2764 1475 2791 1512 a
2832 1477 2926 1515 sua
2957 1472 3039 1517 est
3060 1465 3305 1519 obedire.
3351 1482 3369 1514 ι

2053 1529 2139 1582 Uti
2190 1530 2408 1600 virginis
2442 1530 2589 1600 ἒΕυω
2653 1528 2809 1597 Virgo
2856 1531 3031 1586 Maria
3073 1534 3220 1600 ﬁeret
3276 1533 3553 1591 advocata.

1980 1599 2607 1673 liinc_evide_ntissinium
2645 1601 2959 1673 estpriscos
2991 1602 3181 1673 Patres
3204 1613 3257 1656 et
3284 1614 3556 1673 martyies

1982 1670 2227 1741 proxime
2257 1668 2485 1741 abipsis
2534 1670 2902 1737 apostolorum
2950 1672 3319 1740 temporibus,
3364 1668 3557 1741 Deipa-

1982 1755 2097 1792 ram
2135 1738 2407 1811 Virgil)?!"
2446 1740 2748 1811 invocasse.
2772 1738 3095 1811 czcterisqne
3120 1752 3174 1794 ut
3200 1738 3559 1808 implorarent

292 1798 444 1885 ligni
469 1798 825 1885 sacro,_quod
853 1809 1055 1885 dtin'tia
1085 1798 1246 1885 huius
1264 1798 1445 1885 ξτες-εἱ.ιὶ
1473 1824 1647 1863 iners:i
1674 1798 1880 1885 inpro-
1910 1824 1952 1877 Β
1983 1798 2434 1885 ειιιοιονρέςβυίεεθ
2457 1824 2492 1885 ;_
2512 1824 2615 1876 qua
2653 1810 2705 1861 in
2817 1798 3061 1885 profecio
3096 1798 3401 1885 apostolos,
3425 1827 3559 1885 quo-

294 1879 469 1937 fiindo
496 1880 722 1941 erroris,
752 1888 855 1931 eta
887 1879 1034 1945 ligno
1076 1880 1301 1943 Christi,
1364 1879 1415 1932 id
1468 1890 1551 1932 est
1610 1881 1880 1946 passionis

291 1953 414 2021 ejus
455 1953 508 2005 iii
537 1949 804 2021 baptismo
833 1948 1098 2021 liberatur
1128 1966 1140 2001 :
1171 1958 1228 2001 ut
1280 1949 1421 2017 quod
1464 1948 1708 2021 perierat
1748 1949 1876 2005 olim

294 2017 393 2092 per
429 2017 718 2092 lignnniin
764 2017 962 2092 Adam,
993 2018 1043 2071 id
1089 2020 1471 2092 restitueretur
1526 2033 1622 2086 per
1658 2018 1879 2092 _li_g_iinin

292 2087 538 2147 Christi?
570 2108 588 2141 ο
628 2087 781 2142 lltmc
813 2088 1096 2143 imitantur
1144 2089 1399 2157 AngusL,
1435 2102 1601 2141 sertn.
1653 2088 1761 2140 210
1814 2091 1880 2144 de

296 2172 563 2230 tempore,
593 2167 648 2212 et
674 2158 975 2230 Eucherius
1006 2158 1387 2230 Lugdunensis
1425 2158 1476 2210 in
1516 2157 1579 2210 IV
1608 2157 1705 2230 lib.
1739 2157 1875 2230 Reg.

369 2225 640 2297 Bipenm's.
700 2228 814 2281 Vox
866 2225 1110 2279 Hebraea
1155 2227 1294 2297 apud
1351 2225 1577 2297 Jerems
1609 2226 1884 2297 significat

304 2320 325 2354 ι
362 2296 638 2363 malleum,
674 2315 693 2347 ι
735 2305 897 2364 atque
925 2298 998 2350 ita
1033 2311 1155 2351 cum
1191 2296 1407 2364 vulgata
1450 2296 1692 2350 editione
1722 2299 1885 2352 vertit

299 2373 569 2427 Sanctes:
638 2365 1031 2435 Septuaginta,
1095 2379 1233 2434 quos
1297 2367 1543 2433 sequitur
1616 2365 1882 2433 lrenmus,

299 2442 505 2494 habent
534 2435 723 2501 πέλυξ,
757 2436 899 2503 quod
936 2436 1172 2491 securim
1224 2435 1341 2488 sive
1390 2436 1678 2504 bipennem
1711 2436 1882 2506 signi-

298 2511 447 2565 licat.

374 2579 492 2632 Hoc
514 2593 637 2645 ergo
669 2575 901 2629 verbum.
936 2574 1055 2628 Vel.
1083 2574 1229 2638 cod.,
1274 2592 1292 2625 ι
1332 2574 1420 2628 hic
1450 2574 1553 2628 erit
1582 2575 1829 2629 verbum.
1860 2595 1879 2626 ι

300 2649 508 2703 Deinde
539 2644 642 2699 nini
673 2645 835 2699 habet
866 2664 883 2695 i
924 2659 1021 2712 per
1054 2644 1280 2712 lignum,
1310 2662 1329 2695 ι
1367 2660 1465 2697 nec
1487 2645 1631 2697 enim
1663 2660 1888 2701 necesse

299 2719 534 2799 videtur.
566 2715 734 2768 Paulo
763 2726 887 2785 post
905 2729 975 2768 ex
1016 2725 1125 2767 vet.
1171 2715 1293 2768 cod.
1334 2714 1574 2784 quinque
1603 2729 1766 2769 voces
1793 2723 1885 2767 aJ-

322 2802 559 2843 CCImUS.

297 2804 909 2923 1ec.l‘|.!tnt;):iemadntodunt
940 2854 1096 2908 dixit.
1132 2854 1365 2923 Elegans
1396 2860 1450 2906 et
1477 2851 1563 2920 pia
1596 2852 1885 2906 admodum

300 2937 387 2982 est
414 2926 528 2978 haec
548 2926 776 2994 mySIica
806 2925 989 2991 figurae
1011 2993 1014 2994 ν
1034 2924 1327 2977 Dominicze
1352 2925 1531 2976 crucis
1572 2924 1887 2994 explicatio,

302 2939 387 2982 est
415 2939 528 2978 haec
548 2939 776 2994 mysuca
806 2939 989 2991 ngnrte
1035 2939 1327 2977 uomnncze
1352 2939 1531 2976 crueis
1572 2939 1887 3044 explicatio,

302 3011 529 3066 quama
556 2996 795 3066 sortiere,
820 2994 977 3064 193
996 2993 1346 3066 Polycarputn
1365 3002 1516 3060 puto,
1538 2992 1619 3045 vel
1687 2994 1887 3066 apiant,

302 3063 645 3133 accepit.Qui
670 3063 918 3132 pluribus
933 3065 1170 3116 animum
1188 3063 1813 3133 oblectareconeiipierit
1836 3074 1891 3115 et

302 3130 595 3198 similibus,
630 3130 878 3187 consulat
928 3132 1126 3187 Justini
1165 3130 1758 3201 niartyi-isApologiam
1789 3147 1887 3200 po-

305 3207 618 3264 sterioretn,
652 3203 923 3257 Lactantii
953 3203 1045 3255 lib.
1082 3217 1155 3267 iv,
1211 3200 1331 3269 cap.
1371 3200 1441 3253 26
1483 3210 1532 3252 et
1578 3200 1682 3269 εἵς
1734 3200 1882 3253 lliiti-

306 3291 433 3329 ntini
465 3278 516 3328 in
551 3269 748 3343 Expos.
778 3272 1052 3342 Symboli;
1079 3268 1358 3343 Ambros,
1380 3284 1544 3343 scrip.
1578 3268 1684 3343 55;
1717 3271 1889 3323 Atha-

306 3346 521 3399 nasium
562 3338 653 3397 lib.
715 3343 791 3396 De
822 3338 1188 3395 incarnatione
1240 3338 1435 3399 Verbi;
1485 3338 1888 3392 Nazianzciiuin

309 3416 482 3481 prima
513 3422 652 3466 orat.
688 3413 931 3481 apolog.;
966 3410 1415 3481 Clirysostoniuni
1469 3409 1642 3481 tribus
1696 3410 1884 3460 homil.

307 3478 378 3535 ite.
408 3498 605 3548 cruce;
636 3478 915 3536 Seduliuin
947 3481 1040 3532 lib.
1072 3496 1097 3529 v
1123 3478 1466 3543 Carmiuum;
1497 3480 1886 3531 Daiiiasceiiuni

310 3552 407 3606 lib.
443 3567 520 3616 iv,
548 3568 666 3616 cap.
699 3550 788 3615 12,
816 3559 921 3605 etc.

636 3621 862 3688 :jusdem
893 3619 1260 3671 adnotationes
1286 3617 1343 3670 in
1376 3633 1493 3685 cap.
1530 3615 1617 3671 18.

393 3691 525 3759 Pag.
554 3687 680 3745 515.
718 3689 1079 3750 Conditiones,
1123 3689 1173 3740 id
1203 3699 1305 3750 est,
1336 3700 1617 3741 creaturas
1645 3687 1888 3759 aAseipso

314 3756 648 3830 propriaque
691 3760 891 3811 virtute
924 3761 1235 3826 productas,
1267 3772 1387 3824 quae
1423 3756 1887 3830 nntibiisCreato-

317 3826 395 3884 i-is
424 3826 692 3899 perpetuo
720 3830 1069 3881 subservinnt
1093 3844 1106 3891 ;
1157 3842 1221 3879 eo
1246 3830 1390 3899 enim
1429 3841 1590 3899 setisu
1619 3826 1766 3899 hanc
1792 3840 1888 3877 vo-

314 3893 442 3954 reai'
466 3893 779 3968 frequenter
812 3908 1033 3965 usurpat
1067 3895 1353 3968 _Ang._l_ib.
1400 3893 1570 3968 ii_,_De
1618 3894 1810 3968 'l'rin.,_
1835 3908 1886 3968 c.

316 3970 494 4032 6,11.
528 3963 617 4032 13,
647 3976 703 4021 et
728 3967 823 4020 lib.
860 3963 1018 4029 iti,'c.
1060 3965 1160 4027 10,
1192 3964 1280 4020 ubi
1326 3966 1393 4015 de
1437 3965 1520 4016 his
1568 3963 1890 4032 conquisitis

319 4031 622 4093 rationibus
653 4048 707 4091 et
736 4034 1057 4104 Scripturis,
1093 4042 1147 4088 et
1190 4031 1467 4086 subtiliter
1512 4042 1565 4085 et
1601 4031 1749 4098 large
1777 4032 1889 4085 dis-

316 4110 469 4162 serit.

392 4176 573 4247 Neque
611 4170 1303 4247 enim_iniquus._‘Terttil_l-.
1363 4171 1549 4247 procul
1609 4168 1771 4247 dubio
1820 4167 1887 4221 ad

319 4248 465 4303 hunc
489 4234 500 4247 ’
523 4250 703 4301 trentet
759 4234 936 4297 locuin
988 4242 1176 4296 alludit
1228 4241 1324 4293 lib.
1364 4234 1391 4291 ἰ
1422 4239 1624 4295 Contra
1656 4234 1831 4291 Marc.
1866 4254 1884 4290 :

324 4336 345 4368 ε
382 4318 493 4377 Ille,
530 4328 548 4361 ι
577 4314 672 4372 ait,
709 4310 937 4378 loquens
975 4313 1041 4366 de
1092 4312 1198 4363 Deo
1248 4311 1483 4362 conticto
1514 4324 1542 4359 a
1590 4305 1885 4378 Mart-ioue,

326 4404 345 4437 ε
372 4395 728 4451 usquenunc,
766 4376 867 4431 nec
889 4393 1103 4451 aquam
1135 4379 1445 4445 reprobavit
1466 4376 1760 4451 Creatoris,
1780 4392 1886 4451 qua

321 4447 687 4513 suos'abluit;
724 4463 824 4501 nec
850 4449 1055 4514 oleum,
1086 4464 1192 4517 quo
1222 4462 1348 4517 suos
1381 4448 1571 4516 ungit;
1611 4461 1707 4499 nec
1735 4447 1889 4517 laetis

1986 1894 2104 1932 rum
2145 1878 2423 1949 auditores
2469 1877 2711 1949 fuerant,
2756 1879 3007 1949 doctores
3052 1877 3379 1934 habuerunt.
3424 1882 3556 1935 Tam

1981 1956 2224 2016 apertum
2276 1947 2437 2014 hujus
2482 1947 2557 1999 rei
2619 1947 2803 2001 Irenzei
2852 1950 3219 2003 testimonium
3268 1965 3391 2003 cum
3449 1966 3555 2005 nan

1982 2017 2287 2098 potuissent
2314 2030 2662 2098 corrumpere
2686 2016 3554 2098 Magdlebiirgenses,censuerunt

1986 2086 2382 2139 ineonnnodmn
2415 2086 2619 2139 dictum
2650 2100 2795 2139 esse.
2827 2086 3102 2142 Gallasius
3137 2089 3241 2141 illis
3268 2089 3551 2154 impuden-

1984 2157 2089 2210 tior
2118 2154 2454 2209 vociferatur
2485 2170 2731 2218 magnam
2765 2156 2889 2209 inde
2915 2155 3134 2211 Christo
3180 2158 3461 2211 conciliari
3505 2170 3561 2211 et

1987 2226 2172 2279 inferri
2228 2223 2506 2290 injuriam.
2551 2224 2730 2293 Fingit
2791 2234 2974 2293 postea
3034 2227 3205 2280 bonus
3243 2227 3331 2279 ille
3369 2229 3452 2280 vir
3502 2243 3560 2281 se

1985 2307 2320 2363 stnpesccre,
2344 2303 2399 2347 et
2424 2304 2609 2347 mente
2632 2295 2758 2363 fere
2786 2295 3037 2361 alienari,
3086 2296 3215 2348 dum
3261 2297 3561 2350 admiratur

1987 2366 2052 2418 ad
2080 2362 2294 2435 tantam
2325 2362 2901 2435 Satanzecllicaciain,
2954 2367 3335 2435 serpentisque
3370 2368 3559 2435 panta-

1988 2434 2084 2487 tiiii
2117 2433 2461 2502 subrepentis
2494 2432 2868 2486 calliditatem.

2059 2504 2127 2556 At
2168 2502 2255 2556 hic
2287 2503 2591 2575 illustratur
2622 2502 2823 2575 Christi
2855 2503 3049 2575 gloria,
3086 2504 3362 2575 Vigilantii
3397 2506 3563 2559 satel-

1987 2574 2090 2635 les,
2116 2582 2305 2644 etnon
2327 2573 2673 2644 obscuratur,
2711 2574 3045 2644 quisibiipsi
3078 2573 3195 2629 ﬁeri
3243 2579 3563 2644 pronuntia-

1988 2646 2065 2697 vit
2091 2641 2348 2711 quidquid
2378 2641 2635 2695 membris
2663 2645 2774 2695 suis
2791 2642 3115 2697 fecerimus:
3144 2641 3362 2713 qui'iion
3386 2645 3561 2697 solum

1990 2729 2049 2768 sc
2077 2721 2298 2766 sanctos
2324 2726 2471 2780 suos,
2504 2725 2640 2777 quos
2687 2712 2895 2767 amicos
2920 2752 2935 2778 ,
2986 2712 3226 2780 fratres,
3278 2715 3517 2766 membra
3545 2753 3561 2775 ,

1989 2781 2327 2846 colimredes,
2353 2779 2434 2834 sal
2467 2789 2646 2844 terrae,
2681 2780 2851 2834 lucem
2880 2785 3063 2835 mandi
3122 2779 3276 2837 vocat
3304 2824 3318 2848 ,
3374 2786 3467 2837 sed
3508 2796 3564 2837 et

1992 2853 2209 2905 Patrem
2238 2865 2398 2903 suum
2437 2851 2489 2903 in
2540 2851 2694 2903 costis
2738 2851 3006 2906 honorare
3038 2855 3313 2915 erudivit;
3349 2855 3564 2919 quando

1992 2921 2441 2991 intercedentiutn
2474 2927 2528 2973 et
2559 2920 2945 2991 advocatorum
2976 2930 3157 2991 partes
3207 2923 3565 2991 Sllbi(iltrl510

1992 2992 2124 3060 ipsis
2165 2989 2488 3060 tribuimus,
2536 3003 2674 3057 quos
2713 2989 3057 3059 jndieatnros
3102 2992 3274 3045 tribus
3324 2990 3560 3053 lsraelis,

1994 3059 2102 3114 imo
2142 3068 2195 3114 et
2220 3059 2439 3126 angelos
2466 3073 2529 3112 ex
2577 3064 2754 3112 Sacris
2794 3060 3016 3114 Litteris
3051 3062 3353 3117 didicimus.
3392 3062 3565 3129 Virgi-

1989 3145 2116 3183 nem
2168 3129 2359 3199 itaque
2387 3129 2660 3197 piissimus
2714 3140 2918 3199 martyr
2974 3139 3029 3183 et
3085 3130 3430 3184 doctissimus
3479 3132 3567 3183 hic

1997 3200 2267 3259 antistes,
2334 3198 2593 3251 decenter
2666 3198 2986 3253 advocatam
3047 3200 3170 3253 Eva:
3226 3201 3566 3267 aliorumque

1997 3269 2220 3335 proinde
2256 3276 2600 3335 peccatorum
2638 3268 2942 3322 rectissime
2995 3270 3282 3334 nominat;
3323 3270 3411 3322 cui
3451 3284 3566 3321 nia-

1994 3353 2098 3403 gno
2153 3351 2427 3390 consensu
2467 3335 2921 3406 subscripserunt
2965 3348 3230 3406 quotquot
3270 3340 3338 3393 de
3366 3338 3566 3405 pietate

1994 3407 2304 3461 Christiana
2338 3408 2402 3458 ab
2432 3405 2546 3473 ejus
2578 3413 2738 3460 aetate
2762 3418 2952 3460 sanete
2984 3405 3225 3476 pureque
3244 3418 3566 3470 senserunt;

1994 3492 2224 3546 quorum
2256 3476 2462 3544 aliquot
2491 3476 2795 3529 testimonia
2833 3476 2937 3529 huc
2968 3479 3314 3544 producenda
3342 3487 3492 3529 sunt.

2065 3548 2242 3613 Atque
2261 3554 2324 3614 ut
2355 3556 2691 3613 praeteream,
2730 3561 2849 3612 qnze
2873 3547 3116 3613 impense
3145 3546 3352 3614 Virgini
3385 3547 3566 3599 devoti

1994 3617 2223 3670 suadent
2259 3613 2561 3667 Bernartius
2589 3652 2602 3676 ,
2636 3614 2870 3668 homiliis
2907 3628 3071 3683 super
3119 3634 3136 3666 ‹
3174 3613 3371 3669 blaesus
3405 3625 3509 3676 est,
3544 3633 3564 3664 ι

1993 3684 2336 3738 sermonibus
2366 3684 2425 3736 in
2476 3684 2615 3736 festo
2650 3684 3055 3752 Asstimptionis
3103 3696 3158 3738 et
3211 3683 3568 3747 Nativitatis;

1993 3765 2048 3807 et
2077 3755 2365 3806 Anselinns
2396 3753 2533 3805 libro
2580 3753 2654 3804 De
2694 3753 3002 3805 excellentia
3061 3752 3335 3820 Virginis;
3389 3769 3417 3805 a
3445 3753 3571 3805 Ful-

1993 3824 2196 3892 geniio,
2225 3821 2317 3892 qui
2348 3822 2534 3892 multis
2571 3823 2786 3875 saeculis
2819 3832 3108 3892 utrumque
3138 3822 3436 3892 praecessit,
3467 3822 3555 3874 in-

1992 3890 2212 3959 cipiani.
2248 3890 2339 3952 ls,
2389 3890 2619 3958 eleganti
2663 3903 2912 3943 sermone
2963 3890 3029 3943 de
3078 3890 3324 3944 laudibus
3365 3890 3567 3957 Maria;

1995 3958 2166 4029 ipsam
2200 3970 2358 4012 vocat
2394 3958 2686 4029 feiiesti'aiii
2722 3959 2869 4022 caeli,
2918 3960 3123 4012 sealam
3155 3962 3454 4026 t-(eicsteni,
3485 3977 3571 4013 re-

1992 4027 2383 4082 staurationem
2421 4027 2765 4099 feminarum,
2796 4031 2860 4082 ad
2888 4042 3118 4097 eamque
3150 4033 3409 4099 virgines,
3434 4046 3567 4084 (0.1-

1993 4100 2275 4166 cipientes,
2312 4098 2695 4165 parturientes,
2734 4107 2957 4165 matres,
2996 4098 3568 4165 lactantes,juvencu-

1993 4169 2097 4230 las,
2123 4167 2417 4236 conlugere
2455 4168 2791 4224 cohortatur.

2064 4236 2284 4302 N'JI'SGS,
2313 4237 2588 4290 exercitus
2616 4237 2840 4291 Romani
2872 4238 3171 4307 imperator
3200 4239 3301 4292 sub
3325 4237 3568 4294 Iustino.

1994 4322 2269 4374 nunquam
2310 4308 2362 4359 in
2399 4307 2569 4360 aciein
2604 4307 2787 4376 copias
2818 4310 3027 4372 eduiut,
3065 4310 3167 4362 nisi
3208 4310 3365 4362 beata
3398 4309 3568 4361 Maria

1999 4377 2240 4446 Virgine,
2274 4392 2435 4445 quam
2468 4376 2555 4444 pie
2580 4386 2879 4444 sancteque
2908 4378 3121 4432 colebat
3155 4390 3210 4431 et
3254 4379 3566 4439 invocabat,

1998 4451 2146 4517 prius
2176 4450 2476 4517 revelante,
2504 4447 2667 4500 sicuti
2713 4447 2869 4501 docet
2914 4446 3253 4517 Nicepliorus
3298 4448 3393 4501 liti.
3458 4464 3570 4502 xvii

318 4530 373 4573 et
406 4520 577 4572 mellis
613 4505 949 4581 societatem,
980 4505 1242 4587 qtia'suos
1265 4505 1516 4580 infamat,
1550 4505 1568 4567 ἰ
1603 4526 1707 4569 etc.
1748 4515 1885 4568 liur-
1920 4505 1964 4557 Ι)
1996 4505 2162 4579 Hist.,
2192 4529 2311 4584 cap.
2343 4516 2431 4570 13.

320 4605 413 4642 sus
447 4589 539 4641 lib.
567 4603 620 4641 iv
670 4596 856 4639 contra
883 4589 1155 4640 eumdem.

393 4657 454 4712 Si
487 4657 799 4726 ignorantia.-
832 4667 878 4709 et
902 4657 1055 4708 labis.
1084 4656 1204 4710 ναι.
1230 4656 1349 4712 cod.
1377 4672 1390 4709 :
1422 4672 1440 4708 t
1474 4654 1531 4710 Si
1562 4653 1703 4725 quod
1732 4655 1886 4722 igno-

324 4732 519 4781 rantia:
552 4737 607 4778 et
639 4726 778 4778 labis
814 4739 952 4791 erat,
992 4728 1189 4779 emisit.
1224 4744 1241 4777 ι

395 4793 635 4848 Portavi’t
667 4792 977 4847 Ecclesium.
1012 4795 1085 4846 Ita
1124 4796 1459 4864 reposuimus
1492 4809 1558 4848 ex
1597 4802 1705 4848 vet.
1741 4795 1887 4858 cod;

320 4867 530 4929 excusi,
562 4882 580 4914 ι
611 4879 773 4927 enin;
816 4882 835 4915 ι
869 4880 993 4918 mox
1019 4880 1231 4931 quoque
1259 4881 1357 4933 pro
1392 4880 1411 4915 ι
1445 4865 1654 4918 visibile
1683 4882 1700 4913 ι
1735 4870 1893 4918 resti-

329 4937 532 4989 tuiinus
561 4951 579 4985 ι
616 4934 1006 4987 visibilitatem.
1044 4951 1064 4983 ι
1110 4934 1247 4987 l’uto
1285 4950 1349 4988 ex
1396 4945 1503 4988 vet.
1547 4936 1670 4987 cod.
1715 4936 1890 5001 aliqua

322 5006 504 5058 adhuc
538 5005 747 5066 deesse,
781 5018 902 5072 quae
936 5021 1040 5057 non
1072 5006 1344 5072 potuimus
1372 5005 1678 5057 restituere.

397 5074 551 5137 Quod
593 5082 672 5126 est
712 5075 1046 5127 conditionis.
1102 5073 1239 5127 Tres
1281 5076 1381 5128 tias
1420 5075 1688 5128 dictiones
1741 5083 1895 5129 vetus

326 5148 497 5196 codex
532 5144 825 5197 desiderat.

404 5224 463 5265 tu
496 5216 691 5265 mundo
713 5222 847 5266 erat.
887 5212 1003 5267 Vet.
1032 5213 1146 5267 eod
1192 5229 1211 5263 ι
1248 5214 1301 5266 in
1337 5214 1441 5267 hoc
1473 5213 1674 5266 mundo
1704 5223 1844 5267 erat.
1871 5231 1889 5265 ι

397 5280 464 5333 In
491 5299 585 5334 sua
615 5284 851 5350 propria.
898 5282 974 5336 Ita
1020 5283 1335 5352 frequenter
1373 5283 1498 5353 legit
1539 5284 1767 5351 August.
1792 5324 1805 5346 ,
1839 5294 1897 5337 ut

325 5353 461 5423 alias
490 5353 914 5423 observavimus.
962 5421 970 5423 Ξ
1078 5422 1083 5423 ν
1290 5421 1301 5423 _
1616 5421 1625 5423 _
1685 5415 1742 5423 -ε

401 5422 528 5491 l’ag.
561 5420 686 5474 516.
721 5420 927 5489 Moyses
952 5421 1048 5475 hoc
1068 5422 1258 5490 ipsum.
1288 5421 1364 5477 Ita
1391 5430 1494 5475 vet.
1530 5421 1651 5475 eod.
1684 5420 1895 5490 Eiipun-

328 5490 506 5543 ximus
546 5507 567 5542 ι
606 5491 680 5542 uti
715 5493 1010 5555 universa;
1055 5509 1075 5542 ι
1118 5503 1171 5545 et
1210 5494 1368 5562 paulo
1418 5506 1579 5562 supra
1632 5510 1649 5542 ι
1693 5498 1839 5545 venit
1872 5511 1890 5543 ι

326 5576 427 5629 pro
455 5577 474 5611 ι
511 5564 667 5631 ponit
692 5579 712 5611 ι
750 5563 1104 5631 restituimus.
1139 5560 1250 5617 Hoc
1283 5575 1447 5629 porro
1493 5560 1692 5630 Moysis
1743 5566 1895 5615 testi-

328 5630 521 5702 monio
545 5632 863 5702 mysterium
906 5630 1198 5702 Dominicis
1221 5631 1491 5702 passionis
1524 5643 1579 5685 et
1605 5634 1654 5683 in
1677 5645 1897 5685 crucem

331 5699 611 5754 allixionis
629 5700 942 5768 praedictum
970 5699 1158 5764 fuisse,
1176 5699 1425 5769 quamvis
1447 5704 1735 5754 admodum
1764 5710 1901 5754 tecte

328 5785 381 5821 ei
414 5777 669 5835 obscure,
704 5785 824 5823 cum
864 5769 1064 5825 Irenaeo
1113 5771 1201 5842 pie
1246 5786 1309 5825 ac
1358 5772 1514 5826 docte
1562 5772 1896 5825 contendunt

2060 4586 2407 4641 Theodorum
2436 4584 2670 4640 lleraclii
2698 4585 3049 4656 imperatoris
3077 4587 3323 4653 fratrem,
3375 4588 3572 4639 barba-

1994 4671 2176 4709 rorum
2214 4657 2514 4709 exercitum
2551 4668 2715 4724 parva
2743 4673 2904 4709 manu
2934 4659 3258 4723 concidisse,
3310 4661 3416 4709 Deo
3467 4673 3565 4725 per

1994 4726 2637 4797 intercessionesbeatie
2702 4726 2886 4797 Maria:
2957 4727 3192 4797 Virginis
3237 4727 3569 4797 opitulante,

1996 4797 2164 4848 tradit
2197 4795 2395 4850 Paulus
2422 4793 2694 4849 Diaconos
2729 4795 2821 4847 lib.
2854 4812 2987 4850 xvnt
3031 4793 3180 4852 Hist.

2066 4867 2165 4931 Qui
2200 4865 2285 4918 his
2318 4866 2649 4937 auctoritate
2677 4876 2731 4919 et
2757 4875 2918 4920 uitale
2965 4868 3214 4937 superior
3244 4865 3344 4920 ftiit
3384 4866 3570 4935 Augu-

1994 4937 2193 4998 stinus,
2225 4948 2479 4989 sermone
2504 4934 2540 4987 2
2569 4936 2635 4989 de
2680 4934 3110 4991 Aniiuntiatioiie
3134 4976 3150 4999 ,
3196 4937 3568 4992 ecclesiastica

1997 5006 2096 5058 ista
2122 5018 2280 5072 prece
2313 5005 2583 5072 Virginem
2617 5004 2909 5073 alloquitur
2937 5008 3035 5060 sub
3054 5008 3213 5061 linem
3247 5008 3531 5060 concionis
3556 5023 3568 5057 :

2002 5091 2021 5125 ς
2056 5076 2255 5145 Sancta
2284 5073 2474 5145 Maria,
2510 5089 2771 5128 succurre
2823 5076 3060 5142 miseris,
3108 5079 3234 5144 iuva
3285 5076 3575 5145 pusillani-

1997 5160 2135 5208 iiies,
2174 5143 2355 5198 refove
2383 5141 2623 5215 ﬂebiles,
2656 5162 2675 5195 ι
2707 5153 2813 5198 etc.
2851 5145 2914 5197 Et
2943 5141 3200 5215 quoniam
3252 5141 3396 5201 h—unc
3444 5147 3574 5198 iusi-

1996 5231 2155 5283 gnein
2189 5216 2493 5282 theologum
2526 5224 2576 5266 et
2606 5213 2821 5267 Patrem
2856 5213 2973 5281 prie
3003 5218 3217 5269 caeteris
3269 5216 3456 5269 mirari
3510 5230 3573 5268 se

1998 5295 2163 5351 atque
2190 5286 2503 5354 doctrinam
2530 5283 2647 5351 ejus
2672 5285 2948 5354 suscipere
2972 5286 3129 5339 aiunt
3149 5286 3386 5349 sectai-ii,
3414 5287 3572 5352 paulo

1999 5353 2270 5421 copiosius
2302 5353 2355 5405 in
2386 5354 2618 5406 citandis
2651 5353 2771 5419 eius
2822 5353 3146 5409 testimoniis
3184 5357 3568 5409 inhaereamus.

2002 5425 2055 5477 In
2088 5423 2381 5489 postremis
2439 5421 2871 5476 Meditatiombus
2924 5426 3002 5478 sic
3054 5433 3353 5479 orationem
3408 5440 3570 5479 unam

2001 5494 2204 5546 claudit
2233 5510 2249 5546 :
2288 5509 2305 5542 ι
2336 5492 2431 5546 Pie
2460 5501 2507 5547 et
2550 5494 3055 5549 niisericordissinie
3088 5498 3344 5558 Domine,
3396 5512 3462 5548 ne
3493 5495 3573 5548 ef-

2001 5563 2203 5617 llciaris
2238 5563 2374 5616 mihi
2407 5564 2757 5616 inexorabilis
2794 5573 3013 5633 propter
3046 5579 3268 5632 peccata
3301 5580 3443 5628 mea,
3477 5565 3573 5619 sed

2000 5642 2221 5701 propter
2242 5634 2553 5703 bonitatem
2607 5643 2748 5685 tuam
2788 5637 3001 5702 suscipe
3037 5648 3224 5703 preces
3269 5637 3411 5688 servi
3461 5637 3571 5695 tui,

2000 5713 2055 5755 et
2084 5707 2149 5755 da
2182 5702 2312 5756 mihi
2344 5703 2598 5757 ell'ectuin
2624 5704 2899 5771 petitionis
2924 5702 3077 5767 mere,
3105 5706 3492 5766 inteicedente,
3520 5714 3575 5756 et

2001 5781 2213 5842 orante,
2266 5781 2322 5828 et
2378 5775 2703 5843 inipetrantc
2750 5775 2988 5844 gloriosa
3048 5776 3267 5846 Virgine
3308 5776 3574 5845 genitrice
