3970 6378
455 362 587 421 18H

1718 350 1719 353 ‘
1798 366 2157 423 vxmonun
2190 366 2401 423 nom:

3571 365 3721 421 181?.

512 480 622 549 Ipsi
661 468 794 534 enim
829 480 1161 548 conﬁtentur.
1193 480 1479 536 Gnosticos
1521 481 1755 551 serpenti
1795 497 2019 551 compa-
2051 487 2097 543 Α
2126 492 2380 551 parentes
2416 474 2757 549 commisere,
2789 480 2915 536 dum
2961 496 3070 537 non
3120 481 3291 541 solum
3343 497 3373 534 a
3419 480 3530 537 Deo
3574 498 3725 536 con-

440 562 549 613 rat,
580 552 781 620 quippe
811 553 900 620 qui
933 566 1145 605 omnem
1189 552 1311 604 boni
1347 560 1401 605 et
1435 550 1559 603 mali
1595 551 1876 604 scientiam
1919 550 2020 607 Sibi

442 630 780 688 arrogantes.
815 631 869 674 et
909 621 1028 676 aliis
1076 621 1535 689 repromittentes,
1571 634 1783 675 omnem
1809 622 2023 676 excita-

444 702 549 743 tem
583 692 861 744 inducunt.
902 691 973 743 De
1010 692 1111 743 hoc
1144 698 1198 741 ct
1230 691 1437 759 praefat.
1469 689 1522 743 in
1552 690 1645 743 lib.
1687 706 1762 745 tv.

513 759 685 825 Quam
714 768 911 823 oportet
937 775 1136 823 sapere.
1167 759 1240 812 lla
1272 776 1337 813 ex
1362 768 1468 815 vet.
1503 760 1624 814 cod.
1652 759 2019 825 restituimns;

439 831 647 891 excusi,
678 849 695 879 ι
727 844 886 898 quam
912 838 1178 898 oporteat.
1210 846 1227 879 ι
1263 829 1413 895 Quod
1458 839 1637 883 autem
1696 845 1818 883 mox
1857 831 2023 884 vertit

444 899 565 969 cad
611 897 987 969 prudentiam,
1025 916 1045 949 ι
1074 897 1270 969 βιςῐξῡο
1316 908 1419 969 est,
1466 901 1547 962 εἰς
1594 898 1654 950 τὸ
1701 902 2018 969 σωφρονεῖν.

442 966 801 1036 Hieronymus
851 966 944 1021 lib.
993 983 1008 1021 ι
1060 967 1256 1021 Contra
1304 968 1571 1022 Jorinian.
1624 966 1857 1021 reddidit
1896 988 1914 1021 ι
1954 969 2021 1022 ad

440 1038 788 1103 pudicitiam;
820 1056 838 1089 ι
875 1036 1125 1105 Origenis
1158 1037 1443 1104 interpres,
1468 1056 1487 1089 ι
1521 1038 1963 1104 temperantiam;
1997 1056 2015 1087 ι

436 1105 757 1172 Ambrosius
780 1123 905 1160 cum
934 1112 1147 1174 vulgata
1174 1107 1432 1169 editione,
1458 1126 1475 1157 ι
1506 1108 1571 1161 ad
1595 1107 1973 1171 sobrietatem,
1995 1126 2015 1159 ι

437 1189 626 1229 omnes
658 1177 723 1230 ad
753 1191 983 1245 unguem
1023 1176 1353 1242 quuirenti,
1383 1176 1571 1244 probe.

722 1288 973 1358 Ejusdem
1007 1292 1371 1345 adnotatione:
1407 1294 1459 1345 in
1498 1309 1612 1359 cap.
1645 1288 1739 1343 21.

510 1398 638 1467 Pag.
685 1400 810 1470 5l8.
858 1400 1248 1470 Recapitulans.
1305 1403 1505 1456 Allndit
1554 1402 1620 1455 ad
1671 1400 1800 1455 illud
1845 1399 2019 1470 Pauli.

437 1471 738 1538 quodocet
773 1468 1119 1538 Patrem‘per
1158 1471 1352 1525 Filium
1398 1472 1576 1525 ontuia
1612 1468 2023 1538 ἀνακεφαλαιώ-

438 1536 657 1599 σασθαι,
690 1537 739 1589 id
767 1547 847 1591 est
880 1536 1210 1605 instaurare,
1238 1550 1298 1595 nt
1325 1541 1629 1594 communis
1661 1536 1823 1593 habet
1856 1540 2021 1592 editio

438 1620 542 1657 una
575 1621 695 1658 cum
725 1607 1017 1661 Ambrosio
1052 1619 1105 1661 et
1150 1608 1443 1674 Primasio;
1496 1609 1584 1661 vel
1636 1608 2017 1673 recapitulare,

438 1684 497 1725 nt
546 1675 745 1729 Irentco
793 1684 846 1728 ct
899 1675 1226 1748 Hieronymo
1274 1679 1469 1745 placet,
1511 1679 1563 1731 id
1607 1690 1689 1733 est
1743 1678 2018 1748 Christum

437 1757 603 1814 urunn
658 1753 819 1812 caput
866 1746 1182 1814 angelorum
1240 1758 1294 1802 et
1340 1749 1615 1801 hominum
1665 1747 2016 1809 constituere,

436 1813 827 1886 hominumque
861 1813 1111 1869 naturam
1144 1817 1550 1879 incorruptione
1596 1819 1753 1870 beata
1786 1814 2013 1886 donare,
2050 1832 2090 1886 Β

434 1883 584 1934 οιιιιιί
622 1883 833 1938 sublato
869 1887 1059 1940 mortis
1102 1887 1313 1941 aculeo.
1368 1886 1535 1940 Docet
1571 1896 1750 1939 autem
1789 1885 1876 1939 hic
1908 1884 2017 1937 Ire—

436 1966 587 2024 naeus
629 1952 916 2024 _Christum
953 1955 1010 2008 Β.
1053 1954 1233 2011 Maria:
1266 1955 1504 2023 Virginis
1535 1965 1589 2008 et
1632 1955 1928 2024 Demiurgi,
1962 1953 2015 2007 id

434 2031 517 2092 est
548 2022 639 2092 _Dfei
672 2022 831 2090 hujus
863 2025 1045 2077 mundi
1079 2022 1576 2089 Creatoris’ﬁlium,
1610 2034 1771 2092 caput
1795 2022 2017 2091 serpen-

436 2090 507 2142 tis
547 2090 667 2145 ideo
705 2095 1053 2159 contrivisse,
1082 2104 1138 2147 ut
1171 2107 1225 2148 et
1258 2096 1489 2147 liomiuis
1528 2090 1689 2147 antea
1716 2094 1840 2148 victi
1872 2090 2016 2161 iuste

435 2170 751 2229 censeretur
780 2163 1004 2217 victoria
1055 2172 1110 2217 et
1158 2164 1340 2217 mundi
1387 2176 1565 2216 rector
1603 2172 2011 2229 agnosceretur.

511 2227 828 2304 Observabit
855 2243 1031 2300 caput.
1084 2233 1458 2304 Septuaginta,
1489 2227 1714 2304 mpﬁast
1752 2232 2013 2301 κεφαλήν,

434 2312 666 2371 quorum
709 2300 991 2355 lectionem
1041 2300 1171 2357 cum
1206 2300 1408 2355 Ire-meo
1454 2300 1753 2370 sequuntur
1788 2300 2015 2371 Cypria-

435 2368 680 2441 nusilib.
723 2387 760 2424 ιι
808 2371 1070 2425 Adversus
1108 2371 1267 2435 Jud.,
1293 2388 1413 2441 cap.
1445 2368 1881 2441 9;_Ambrosius'
1919 2372 2012 2424 lib.

436 2439 513 2491 De
538 2440 906 2511 fttgausa’t‘nli,
950 2458 1068 2509 cap.
1118 2443 1184 2508 7;
1238 2439 1464 2511 August.
1511 2442 1605 2495 lib.
1642 2456 1676 2494 ιι
1715 2442 1789 2495 De
1825 2439 2010 2496 Genes.

432 2518 616 2561 contra
651 2509 993 2574 .llanichteos,
1027 2528 1144 2577 cap.
1178 2512 1264 2565 18.

506 2580 807 2632 Secundum
851 2581 1272 2636 similitudinem.
1324 2582 1397 2637 lta
1448 2591 1555 2640 vet.
1609 2582 1733 2638 cod.
1788 2580 2010 2645 Excusi,

438 2665 457 2697 ι
491 2650 787 2703 secundum
822 2653 1245 2705 multitudinem.
1282 2672 1299 2704 ι

504 2716 597 2770 Uti
618 2723 1078 2783 quemadmodum.
1120 2721 1187 2774 Et
1223 2724 1323 2778 hoc
1352 2723 1514 2777 etiam
1556 2722 1673 2777 loco
1703 2719 1886 2777 multis
1916 2718 2013 2773 de-

434 2787 734 2861 scriptum‘
771 2784 939 2861 habes
1004 2800 1288 2860 peccatum
1368 2793 1655 2861 originale,
1688 2807 1795 2861 quo
1824 2805 2013 2843 omnes

432 2856 487 2909 in
534 2856 1030 2933 nteroinﬁcimur;
1069 2856 1506 2933 quandoquidem
1555 2856 1650 2931 per
1696 2856 1826 2916 illud
1870 2873 2010 2929 pra:-

432 2928 622 2999 sertim
677 2929 874 2982 victum
928 2931 979 2984 in
1032 2928 1261 2985 mortem
1307 2928 1597 2987 descendit
1642 2946 1805 2987 omne
1846 2928 2013 2999 genus

432 2996 748 3072 humanum.
792 2999 869 3054 De
915 3001 1101 3055 eodem
1154 3018 1367 3072 quoque
1414 3018 1576 3071 supra
1627 2996 1872 3072 scripsit,
1916 3014 2013 3051 nos

432 3079 528 3133 per
554 3067 788 3134 priorem
822 3067 1228 3136 generationem
1268 3067 1496 3127 mortem
1538 3067 1918 3135 hmrediiasse;
1958 3077 2013 3121 ct

431 3150 527 3220 per
572 3138 861 3220 altimalem
902 3140 1173 3220 hominem
1221 3157 1318 3197 nos
1361 3158 1551 3220 omnes
1581 3151 2007 3220 mortuos-csse,
2039 3162 2081 3220 ο

398 3214 539 3281 ⁷υιο.
590 3206 821 3281 Tantmn
865 3212 1018 3264 abest
1051 3211 1118 3265 ab
1155 3226 1345 3265 eorum
1381 3212 1725 3277 deliratione,
1762 3210 1851 3281 qui
1882 3223 2013 3281 par-

431 3276 584 3331 vulos
616 3278 849 3333 ﬁdelium
883 3295 950 3334 ex
982 3280 1149 3335 uteris
1180 3281 1553 3337 sanctiﬁcatos
1596 3276 1713 3336 sine
1746 3276 2013 3349 baptismo

431 3359 589 3400 serva
602 3349 642 3400 ri
675 3349 885 3404 dicunt.

508 3416 707 3470 Deinde
731 3429 904 3472 autem
935 3428 990 3472 ut
1016 3419 1248 3474 haberet.
1278 3420 1401 3475 lstis
1448 3435 1552 3475 non
1600 3418 1883 3476 dissimilia
1920 3434 2007 3473 co-

431 3485 670 3561 pioseict
699 3487 978 3557 eleganter
1007 3500 1205 3545 tractat
1239 3491 1477 3561 lgnatius
1517 3503 1743 3561 martyr,
1774 3489 2012 3558 Epistula

429 3555 500 3606 ad
518 3554 909 3625 _l’ltilippetises.

505 3623 626 3677 Non
678 3623 735 3679 in
783 3645 915 3696 pone
966 3639 1168 3683 tantum
1212 3630 1360 3685 rivet.
1391 3629 1512 3684 Vet.
1566 3631 1711 3695 cod.,
1743 3648 1761 3680 ι
1798 3630 1948 3696 vivit,
1988 3649 2007 3683 ι

430 3696 768 3770 sicut‘editio
794 3698 1039 3768 vulgata;
1068 3702 1161 3755 sed
1189 3712 1295 3754 tam
1322 3699 1509 3754 Graace
1535 3716 1695 3770 quam
1725 3699 2009 3760 Hebraiee.

432 3782 529 3840 per
583 3764 822 3840 futurum
872 3764 1081 3839 tctnpus
1128 3771 1323 3840 legitur
1352 3790 1369 3821 ‹
1412 3764 1576 3837 vivet,
1628 3791 1645 3823 ι
1694 3782 1751 3825 ut
1810 3770 2013 3824 habent

431 3838 619 3889 lrenaci
650 3838 865 3894 codices
895 3843 1098 3893 excusi.

504 3905 798 3961 Exca'cavit
839 3918 1172 3965 autem'enm
1196 3911 1420 3965 hominis
1468 3909 1809 3978 confessione.
1840 3908 2010 3976 Quiu-

430 3991 535 4044 que
565 3978 663 4029 has
708 3993 867 4033 voces
907 3995 1011 4033 non
1056 3981 1217 4036 habet
1267 3991 1419 4035 vetns
1469 3982 1660 4042 codex,
1698 3980 1791 4034 sed
1830 3997 1848 4030 ι
1886 3994 2012 4032 usus

429 4056 513 4099 est
541 4046 641 4100 hac
672 4062 802 4119 qua:
840 4052 1135 4105 exczccavit
1176 4066 1298 4105 eum
1326 4066 1423 4119 per
1460 4050 1692 4105 hominis
1718 4048 2014 4103 confessio-

430 4131 587 4181 nem;
614 4134 633 4167 ι
652 4118 842 4172 deinde
861 4119 947 4172 ubi
965 4122 1149 4176 excusi
1169 4118 1383 4176 codices
1402 4140 1419 4171 ι
1438 4136 1533 4187 per
1555 4130 1835 4187 paternam
1854 4119 2013 4173 ditio-

432 4202 577 4260 nem,
612 4205 631 4239 ι
655 4199 810 4260 vetus
837 4190 999 4244 habet
1028 4208 1048 4241 ι
1076 4206 1171 4260 per
1195 4200 1472 4260 paternam
1497 4190 1813 4260 dictionem.
1845 4206 1865 4239 ι

502 4254 837 4312 Mendacium
882 4254 1208 4315 abscondens
1240 4277 1330 4325 per
1373 4259 1721 4326 Scripturam.
1755 4258 2013 4326 Apposite

430 4327 811 4382 ltmreticorum
854 4330 1006 4383 dolos
1037 4345 1159 4384 cum
1210 4330 1426 4385 Satanae
1474 4329 1672 4382 astutia
1705 4338 2010 4396 comparat.

427 4396 562 4469 Nam
594 4400 775 4469 omnis
812 4398 1099 4455 haereticus
1142 4402 1194 4454 in
1235 4415 1301 4453 eo
1334 4400 1474 4469 quod
1519 4397 1686 4469 Deum
1725 4396 2012 4469 defendere

429 4467 643 4548 nititur,
668 4468 881 4552 veritati
915 4470 1031 4550 ejus
1072 4466 1421 4552 adversatur,
1452 4468 1616 4552 veluti
1656 4468 1845 4522 scribit
1868 4466 1996 4522 Gre-
2041 4493 2083 4552 Β

429 4538 632 4604 gorius,
661 4538 979 4605 pricfatione
1013 4540 1065 4593 in
1099 4540 1293 4594 librum
1324 4538 1631 4592 Moralium.

501 4607 630 4688 Pag.
662 4608 791 4695 5319ἱ
826 4607 1031 4689 satana
1062 4611 1200 4695 enim
1236 4611 1461 4695 _cerbulm
1491 4607 1831 4695 Hebraiclunt.
1852 4615 2008 4695 quia

426 4679 651 4746 proprie
695 4676 938 4732 Hebrzcis
984 4679 1254 4746 signiﬁcat
1288 4700 1307 4731 ι
1347 4678 1651 4742 adversari,
1696 4676 2002 4744 detrah'ere,

429 4747 788 4812 calumniari;
824 4766 841 4799 ι
876 4750 1018 4803 unde
1040 4747 1284 4803 διάϐολον
1313 4747 1482 4803 Graeci
1514 4748 1683 4816 ipsum
1720 4758 2002 4804 vocarunt.

428 4817 657 4890 Quodsi
697 4820 870 4890 magis
900 4817 1085 4873 lremei
1130 4820 1504 4890 interpretatio
1545 4819 1803 4890 arrideat,
1838 4819 2005 4871 dedu—

425 4888 653 4940 crudum
680 4888 786 4942 erit
814 4905 842 4942 a
874 4889 1052 4953 ἤιεν,
1082 4890 1222 4957 quod
1255 4888 1287 4941 «⁷
1316 4889 1553 4942 deﬁcere
1587 4897 1643 4942 et
1675 4889 1947 4943 divertere
1978 4907 1997 4939 ι

425 4958 716 5028 signiﬁcat.
747 4957 991 5013 Justinus
1028 4961 1081 5012 in
1124 4959 1343 5028 Dialogo
1375 4973 1393 5010 :
1428 4977 1445 5008 ι
1482 4957 1674 5021 Satan,
1696 4957 2003 5012 indecorum

427 5024 801 5098 Sirornmque
862 5029 1078 5096 lingua,
1133 5024 1464 5083 desertorem
1526 5029 1838 5097 signiﬁcat;
1893 5028 2008 5082 haec

425 5106 606 5151 autem
637 5114 740 5152 vox
780 5111 905 5163 nas,
936 5108 1263 5167 serpentem,
1290 5108 1344 5152 et
1374 5099 1446 5152 ita
1481 5112 1544 5151 ex
1585 5110 1811 5166 utroque
1841 5113 2005 5151 unum

426 5167 745 5221 vocabulum
772 5172 1117 5237 componitur
1146 5169 1396 5223 Satanas.
1419 5188 1439 5220 ι

500 5237 605 5288 Illa
632 5239 847 5293 vincula
893 5238 1181 5306 relinquens
1204 5280 1219 5304 ,
1260 5256 1351 5307 per
1388 5256 1523 5306 qua}.
1555 5238 1672 5292 Vet.
1702 5237 1843 5302 cod.,
1882 5256 1899 5289 ι
1932 5237 2008 5291 illi

427 5306 645 5359 vincula
674 5310 1004 5377 relinquens,
1036 5324 1128 5377 per
1157 5306 1342 5377 (ptem,
1373 5327 1391 5360 ι
1422 5318 1553 5373 ctc.,
1584 5320 1641 5362 ut
1667 5311 1733 5363 de
1763 5312 2007 5362 daemone

426 5392 607 5429 sermo
640 5378 923 5432 habeatur.

424 5515 460 5569 b
497 5445 621 5499 Jam
650 5464 739 5515 per
764 5449 994 5502 verbum.
1021 5448 1188 5504 Vetus
1232 5452 1423 5514 codex,
1457 5468 1475 5502 ι
1514 5462 1699 5518 postea
1736 5449 1848 5519 jam
1886 5463 2006 5502 ver-

465 5531 575 5569 usu.
608 5534 627 5567 ι

465 5531 575 5570 ιιςιι.
608 5534 627 5567 ι

513 5609 597 5663 [ἐκ
630 5610 716 5663 Jo.
753 5609 883 5664 Ern.
928 5612 1111 5666 Grabii
1146 5612 1572 5667 adnotationibus
1602 5613 1657 5665 in
1687 5629 1801 5682 cap.
1829 5612 1919 5666 21.

466 5686 467 5689 Ἴ
498 5702 627 5774 Pag.
659 5703 782 5759 518.
808 5701 1036 5771 Repletio
1083 5705 1306 5759 hominis
1331 5722 1421 5774 per
1458 5704 1717 5774 duplicem
1754 5705 2009 5774 gustatio-

428 5790 566 5827 ncm.
618 5772 689 5825 lta
739 5783 893 5827 vocat
930 5788 1211 5829 excessum
1261 5772 1589 5841 in'cdendo,
1642 5772 1803 5844 qucin
1847 5775 2007 5844 primi

2124 568 2299 617 cessa,
2338 552 2432 608 sed
2459 562 2528 622 Aet
2555 552 2754 622 _vetitze
2787 552 3163 620 arboris.qu:e
3205 562 3323 607 erat
3375 553 3720 622 cognitionis

2123 622 2249 676 boni
2286 632 2341 676 et
2367 620 2513 687 mali,
2545 620 2777 675 fructum
2803 622 3199 688 degustarunL.

2192 691 2541 759 Legaliter....
2593 689 2841 758 legitime.
2897 691 2952 744 ld
3007 702 3112 757 est,
3164 691 3398 761 allegato
3446 691 3583 760 legis
3623 688 3715 745 vel

2126 759 2424 829 Scriptura:
2453 773 2623 813 sacra:
2660 761 2821 813 dicto.

2194 827 2459 893 Quantum
2498 838 2670 881 autem
2709 830 2779 881 ad
2813 827 2983 895 illum,
3008 838 3114 886 etc.
3153 831 3206 885 ln
3238 830 3340 884 hoc
3385 828 3510 884 colo
3547 830 3710 897 paulo

2122 899 2421 968 obscuriori
2474 913 2568 968 per
2598 916 2615 947 ι
2652 898 2795 951 illum
2840 919 2859 950 ι
2893 900 3231 968 designatum
3289 908 3420 967 puto
3452 916 3473 949 ι
3517 900 3709 951 diabo—

2122 966 2255 1031 ltnn,
2289 986 2309 1018 ι
2333 966 2505 1035 deque
2526 981 2591 1021 eo
2618 968 2842 1026 dictum.
2868 966 3319 1036 qnodDom‘inum
3348 969 3522 1022 Deum
3547 982 3705 1022 suum

2123 1038 2175 1090 in
2213 1037 2444 1089 humana
2494 1051 2661 1091 carne
2698 1037 2952 1090 latentem
3005 1053 3108 1092 non
3164 1048 3379 1092 tentare
3432 1038 3703 1091 debuerit.

2124 1106 2360 1159 Verbum
2388 1106 2531 1160 enim
2562 1122 2580 1156 ι
2610 1105 2765 1159 debet
2800 1125 2818 1156 ι
2850 1122 2915 1160 ex
2954 1108 3275 1175 prmcedenti
3316 1106 3439 1161 colo
3482 1108 3708 1160 omnino

2124 1176 2473 1245 repetendum
2501 1184 2605 1238 est,
2646 1176 2692 1227 si
2722 1176 3019 1230 inﬁnitivus
3050 1195 3069 1227 ι
3107 1186 3314 1231 tentare
3342 1194 3362 1226 ν
3392 1177 3627 1243 legatur.

2287 1264 2667 1317 Adnotationes
2692 1262 2789 1316 Fr.
2816 1262 3159 1318 Feuardentii
3204 1266 3259 1318 in
3292 1282 3411 1331 cap.
3442 1264 3535 1318 22.

2192 1357 2323 1425 Pag.
2351 1354 2478 1411 519.
2512 1353 2597 1407 Sic
2624 1356 2807 1424 igitur.
2825 1355 2981 1423 Legis
3006 1357 3202 1410 veteris
3229 1372 3293 1409 ac
3310 1356 3593 1425 Evangelii
3612 1372 3709 1410 au-

2126 1434 2247 1480 ctor
2268 1440 2406 1478 unus
2431 1433 2515 1478 est
2546 1440 2704 1478 verus
2737 1426 2877 1479 Dens
2904 1441 2985 1480 ac
3030 1426 3306 1495 Dominus,
3336 1441 3502 1495 supra
3546 1441 3708 1494 quem

2122 1496 2384 1564 aliusnon
2403 1495 2762 1564 quaerendus;
2790 1504 2845 1549 et
2873 1497 2917 1549 is
2947 1494 3252 1564 perFilium
3276 1510 3435 1548 suum
3465 1496 3709 1563 omnipo-

2123 1572 2322 1634 tentem
2341 1563 2468 1634 vici_t
2491 1563 2699 1634 hostem
2730 1563 3145 1628 nostrum,etab
3176 1565 3293 1634 ejus
3319 1564 3616 1634 tyrannide
3650 1565 3711 1616 li-

2120 1633 2280 1687 beros
2302 1648 2400 1687 nos
2430 1631 2577 1686 fecit.
2606 1631 2833 1701 ideoque
2853 1649 2973 1687 cum
3000 1634 3144 1688 omni
3181 1631 3513 1688 demissione
3544 1644 3601 1687 et
3625 1634 3708 1688 sui

2122 1704 2417 1769 mundique
2446 1710 2754 1770 contemptu
2789 1718 2912 1756 eum
2942 1707 3171 1759 adorare
3207 1713 3261 1757 et
3307 1706 3577 1757 invocare
3613 1706 3708 1758 de-

2121 1781 2236 1835 cet;
2273 1771 2411 1825 nihil
2437 1781 2613 1825 autem
2641 1787 2670 1823 a
2712 1775 2911 1842 Satana
2947 1773 3207 1827 mendacii
3243 1784 3473 1842 parente
3511 1773 3706 1842 exqui-

2122 1842 2345 1896 rendam
2377 1848 2469 1893 aut
2497 1841 2845 1909 sperandum.

2190 1909 2244 1962 11
2250 1927 2348 1964 unc
2379 1911 2617 1977 Spiritus
2643 1912 2864 1966 ostendit
2899 1909 3133 1967 Patrem.
3152 1910 3352 1966 Vocem
3371 1931 3388 1962 ι
3419 1912 3662 1979 Spiritus
3679 1932 3701 1965 ι

2119 1980 2329 2052 ignorat
2360 1990 2520 2052 vetus
2536 1983 2728 2052 codex,
2759 1990 2814 2033 ut
2856 1983 2921 2035 de
2961 1982 3179 2036 Christo
3224 1982 3308 2036 vel
3352 1983 3472 2052 lege
3502 1985 3707 2038 mentio

2119 2050 2230 2114 ﬁat,
2261 2064 2365 2103 non
2397 2050 2462 2102 de
2493 2050 2698 2119 Spiritu
2719 2058 2942 2106 'sancto.

2191 2140 2516 2195 Diabolicam
2563 2143 2913 2211 ignorantiam
2968 2143 3250 2198 absolvere.
3292 2144 3463 2199 Vetus
3509 2145 3708 2210 codex,

2123 2228 2143 2261 ι
2178 2212 2442 2265 diabolica
2474 2212 2777 2282 ignorantia
2803 2214 3037 2268 solvere.
3076 2233 3097 2265 ι

2187 2300 2316 2371 Pag.
2346 2302 2471 2357 ⁸520.
2497 2302 2867 2359 Charismatis.
2905 2303 3208 2361 Delevimus
3237 2324 3256 2357 ι
3295 2305 3644 2360 chrismatis.
3682 2322 3703 2355 ι

2119 2373 2215 2445 Est
2241 2381 2423 2445 autem
2454 2372 2721 2445 χάρισμα,
2757 2374 2955 2445 donum
2987 2374 3203 2443 aliquod
3233 2376 3564 2445 gratuitum,
3597 2375 3709 2427 sive

2117 2444 2170 2497 in
2212 2444 2443 2511 gratiam
2478 2444 2773 2511 pr0priam,
2802 2443 2913 2495 sive
2947 2445 3177 2499 aliorum
3210 2443 3277 2497 ab
3308 2445 3399 2497 illo
3440 2447 3530 2498 cui
3571 2458 3705 2497 con-

2116 2513 2313 2575 fertur,
2352 2511 2515 2582 quale
2557 2521 2639 2566 est
2667 2512 2988 2582 prophetiae,
3033 2516 3417 2569 miraculorum
3473 2525 3572 2567 aut
3609 2512 3709 2566 liuv

2123 2580 2617 2652 guargutn_’do_num.

2222 2650 2308 2703 Ea:
2337 2649 2395 2703 J.
2433 2648 2562 2720 Ern.
2596 2648 2780 2705 Grabii
2810 2654 3239 2708 adnotationibus
3264 2653 3318 2707 in
3355 2670 3474 2720 cap.
3508 2652 3603 2707 22.

2184 2719 2315 2787 Pag.
2345 2719 2471 2773 520.
2514 2719 2581 2774 1η
2639 2723 2959 2777 sublimitate
3007 2734 3179 2778 autem
3220 2719 3427 2790 positos
3472 2723 3706 2777 universi

2113 2790 2564 2862 charismata...)
2589 2808 2913 2862 nequaquam
2944 2795 3144 2847 extolli.
3176 2794 3335 2862 itaet
3366 2791 3423 2862 S.
3452 2792 3706 2846 Clemens

2116 2859 2385 2945 infamat.“
2403 2859 2882 2945 ad'Corin;lhios,~§
3067 2863 3163 2945 Mil
3197 2861 3533 2945 διξᾷυχάέμξγ,
3565 2862 3701 2945 μηδὲ

2118 2928 2435 3017 ἱνδαλλέσρω
2473 2929 2696 3052 uti»)in
2742 2928 2901 3016 apii!
2942 2935 3033 2987 ἐπὶ
3074 2928 3192 2997 ταῖς

2118 3001 2207 3052 καὶ
2231 2998 2458 3052 ὲνδόςοις
2565 3004 2714 3052 θεαῖς
2741 3018 2924 3052 αυτου.

2113 3001 2207 3052 καὶ
2231 2998 2458 3063 ἐνδόξοις
2485 2998 2714 3071 octipedis;
2741 2998 2924 3055 ἀὺτοῦ.

2185 3072 2387 3122 Deinde
2412 3074 2755 3138 quoniam...
2783 3083 2829 3124 et
2870 3072 2918 3125 ei
2947 3073 3043 3140 ipsi
3079 3071 3237 3126 Deus.
3287 3074 3411 3129 "1'6
3464 3072 3701 3126 secunda

2118 3140 2256 3192 ratio
2286 3150 2391 3203 est,
2423 3155 2528 3207 qua
2565 3142 2758 3209 probat
2795 3151 2986 3197 auctor
3029 3144 3169 3196 haud
3216 3144 3269 3195 in
3319 3143 3523 3199 diaboli
3554 3153 3706 3210 pote-

2117 3215 2257 3281 state
2287 3223 2429 3281 esse,
2461 3219 2517 3263 ut
2548 3226 2609 3265 ea
2650 3220 2866 3280 praestet
2904 3227 3024 3281 quae
3058 3212 3275 3268 Christo
3310 3214 3365 3268 in
3395 3213 3706 3269 teutatione

2114 3277 2491 3346 pollicebatur.

2290 3370 2669 3425 Adnotationes
2696 3369 2793 3426 Fr.
2824 3371 3170 3429 Feuardentii
3192 3376 3249 3429 in
3276 3392 3396 3445 cap.
3425 3376 3522 3431 23.

2185 3461 2312 3531 Pag.
2339 3461 2477 3535 Δ320.
2510 3462 2758 3535 Assuetns
2798 3467 2933 3518 enim
2965 3478 3099 3521 erat.
3142 3467 3218 3521 De
3270 3468 3450 3535 pravis
3502 3467 3702 3521 diaboli

2114 3532 2572 3605 suggestionibus.
2605 3534 2842 3604 quidque
2868 3551 2983 3605 per
3016 3552 3109 3591 eas
3150 3532 3339 3605 primis
3382 3539 3703 3603 parentibus

2118 3604 2323 3685 nostris
2362 3603 2673 3673 contigerit,
2702 3603 2767 3661 de
2799 3604 2990 3660 Adami
3032 3603 3207 3676 lapsu,
3240 3613 3417 3661 morte
3450 3619 3510 3661 et
3543 3622 3700 3675 repa-

2116 3683 2342 3726 ratione.

2189 3740 2313 3795 Non
2343 3742 2753 3797 manducabitis.
2790 3742 2957 3801 Vetus
2986 3744 3152 3799 codex
3194 3744 3342 3799 addit
3379 3763 3401 3796 ι
3433 3745 3508 3797 ab
3552 3760 3640 3811 eo,
3677 3763 3697 3795 ι

2114 3826 2241 3864 mox
2292 3826 2507 3883 quoque
2535 3831 2552 3863 ι
2591 3828 2695 3883 qua
2726 3813 2870 3883 _hora
2922 3815 3382 3869 manducaveritis
3431 3816 3503 3868 ab
3549 3830 3641 3880 eo,
3673 3832 3697 3866 ι

2113 3896 2232 3950 qua:
2278 3882 2557 3949 particula:
2605 3881 2669 3936 ex
2719 3881 3069 3953 Septuaginta
3130 3894 3361 3953 sumpta:
3399 3894 3567 3949 sunt;
3608 3898 3700 3953 eas

2112 3953 2274 4003 etiam
2306 3961 2629 4023 conservant
2654 3953 2887 4023 Cyrillus
2918 3965 2972 4009 et
2994 3952 3290 4022 Procopius
3332 3970 3550 4008 sacram
3592 3952 3698 4009 Gc-

2114 4023 2285 4073 nesim
2318 4021 2670 4088 explicantes.

2184 4088 2251 4143 Et
2277 4106 2393 4143 cum
2424 4090 2515 4143 illa
2544 4092 2857 4146 traduxisset
2885 4093 3233 4148 mendacium.
3260 4092 3445 4146 Primo
3466 4093 3693 4148 mentita

2113 4168 2196 4233 est
2227 4160 2611 4233 dicens_l)_egum
2653 4162 2993 4229 prohibuisse
3037 4177 3107 4233 ne
3151 4170 3440 4232 tangerent
3492 4165 3693 4233 lignum

2113 4228 2283 4293 illud;
2313 4230 2609 4297 prohibitio
2639 4228 2769 4286 vero
2798 4239 3007 4286 tantum
3057 4232 3193 4286 facta
3246 4228 3431 4285 fuerat
3474 4228 3692 4295 de'esu,

2114 4313 2220 4372 non
2269 4300 2335 4351 de
2387 4307 2555 4372 tactu.
2600 4300 2711 4372 Hoc
2742 4316 2871 4370 ergo
2900 4302 3105 4355 addidit
3141 4316 3476 4372 exaggerans
3514 4303 3693 4372 probi.

2114 4366 2374 4441 bitiouem
2429 4370 2575 4441 velut
2611 4370 2785 4441 _nimis
2808 4366 3056 4441 'gravem
3104 4379 3158 4425 et
3208 4366 3692 4441 niorosamfinde

2113 4437 2433 4510 Ambrosius
2467 4439 2560 4493 lib.
2599 4439 2677 4493 De
2712 4437 2985 4510 paradiso,
3021 4456 3139 4509 cap.
3176 4440 3263 4504 l2,
3297 4441 3418 4495 ait:
3450 4461 3469 4494 ι
3507 4441 3693 4495 Μυιίθι

2112 4507 2317 4580 addidit
2349 4528 2360 4561 :
2391 4507 2469 4580 [Ve
2505 4507 2850 4579 tangeremus
2881 4525 2948 4563 ex
2990 4507 3314 4578 eo.‘Lapsus
3353 4512 3549 4580 incipit
3577 4526 3694 4565 esse

2114 4576 2347 4650 initium.
2391 4576 2661 4650 Secundo,
2697 4581 3010 4634 mentiendo
3044 4576 3283 4644 invertit,
3316 4576 3696 4650 imminuitque

2115 4646 2351 4702 divinam
2380 4649 2874 4713 comminationem,
2914 4651 3114 4703 addens
3148 4650 3215 4704 de
3262 4665 3402 4704 suo:
3438 4650 3517 4705 Ne
3560 4646 3696 4704 forte

2116 4718 2435 4790 moriamur.
2464 4719 2601 4771 Dens
2622 4720 2765 4790 enim
2790 4734 2979 4790 magna
3008 4720 3415 4774 asseveratione
3441 4723 3651 4775 dixerat
3678 4732 3693 4771 :

2115 4785 2287 4841 Morte
2330 4790 2610 4851 morieris;
2642 4789 2834 4843 mulier
2872 4785 3051 4843 autem
3091 4791 3191 4843 sub
3224 4790 3567 4845 dubitatione
3611 4806 3693 4843 re—

2114 4855 2221 4909 fert
2251 4874 2265 4910 :
2302 4857 2380 4912 Ne
2403 4858 2564 4922 forte,
2591 4869 2695 4913 etc.
2738 4859 2945 4924 Tertio,
2982 4860 3202 4911 mentita
3231 4868 3315 4913 est
3348 4861 3540 4916 dicens
3567 4878 3583 4914 :
3617 4860 3693 4914 Ex

2114 4926 2279 4994 ligno,
2301 4928 2443 4996 quod
2472 4940 2557 4982 est
2596 4928 2648 4981 in
2680 4930 2859 4982 medio
2896 4930 3154 4997 paradisi,
3192 4938 3297 4982 etc.
3333 4929 3471 4983 Nam
3525 4940 3585 4985 et
3637 4931 3698 4983 li-

2114 5012 2277 5068 gnum
2309 5000 2430 5051 vitze
2473 5008 2592 5052 erat
2635 4999 2916 5068 inmedio
2949 4998 3209 5067 paradisi,
3240 5002 3383 5068 quod
3437 5001 3700 5055 Dominus

2113 5081 2215 5119 non
2248 5067 2620 5123 interdixerat.
2650 5086 2668 5119 ι
2696 5067 2894 5139 Sicque
2926 5070 3095 5122 tribus
3125 5067 3319 5132 modis,
3354 5081 3410 5123 ut
3442 5083 3567 5139 post
3596 5070 3699 5123 lre-

2110 5150 2285 5209 metum
2315 5138 2568 5192 observat
2606 5138 2893 5209 liupertus,
2936 5140 3043 5193 Eva
3078 5140 3392 5193 mentiendo
3425 5138 3694 5209 peccavit,

2111 5207 2307 5280 divinis
2330 5210 2509 5262 verbis
2539 5208 2699 5280 196
2723 5210 2988 5276 addendo,
3005 5211 3303 5279 eademque
3322 5207 3697 5264 imminueudo

2110 5284 2164 5328 et
2199 5277 2553 5332 immutando.

2183 5345 2513 5415 Disputabat.
2552 5350 2667 5403 Vet.
2711 5351 2833 5405 cod.
2878 5360 3021 5404 auct.
3065 5349 3425 5419 expunximus
3461 5368 3480 5401 ι
3513 5350 3694 5419 dispu-

2114 5424 2212 5481 tat,
2260 5436 2279 5468 ι
2326 5428 2385 5471 ιιι
2440 5432 2625 5488 postea
2675 5438 2694 5471 ι
2740 5422 3046 5476 asciverunt
3088 5440 3108 5472 ι
3151 5436 3251 5489 pro
3296 5439 3314 5471 ι
3353 5421 3634 5475 ascieruut
3668 5440 3687 5473 ο

2114 5490 2472 5555 reposuimus.

2186 5557 2600 5627 Magnitudinem
2632 5562 2768 5614 enim
2798 5563 3072 5631 ignorabat
3105 5561 3217 5615 Dei.
3246 5560 3502 5615 Crassam
3540 5562 3693 5630 igno-

2116 5631 2347 5684 rantiam
2377 5633 2563 5684 tribuit
2598 5634 2983 5696 cacodaamoni,
3013 5635 3258 5686 videlicet
3296 5632 3440 5701 quod
3484 5633 3689 5686 nescie-

2118 5702 2187 5754 rit
2220 5701 2384 5753 Deum
2423 5718 2517 5755 sua
2568 5703 2930 5757 iuunensitate
2985 5705 3184 5771 ubique
3231 5702 3597 5771 pre-sentem!
3629 5703 3689 5755 Et

2119 5785 2302 5826 revera
2352 5787 2456 5827 non
2506 5783 2584 5828 cst
2637 5774 3021 5843 ambigendum
3062 5773 3305 5829 diabolos
3338 5785 3565 5843 peccato
3597 5788 3688 5829 suo
