3970 6378
388 313 529 372 {SB

1656 311 1723 366 1N
1764 310 1890 365 LIB.
1932 309 1977 365 Υ
2018 308 2076 364 S.
2110 306 2383 366 ΙΒΕΝᾸΕΙ.

3499 304 3637 361 ιθιι

384 429 439 484 in
481 431 781 484 horrendas
816 430 1020 485 mentis
1068 429 1321 485 tenebras
1375 428 1669 492 incidisse;
1711 429 1958 497 quando-
1987 428 2034 487 Α
2064 426 2131 479 ad
2169 425 2256 480 illa
2287 424 2590 497 Caesaribus
2621 424 2949 497 praestanda,
2982 420 3323 497 Christianos
3352 435 3454 497 _su_a
3496 431 3637 497 tem-

380 499 598 568 qnidem
631 510 685 553 et
712 501 971 554 divinitus
1002 500 1101 554 sibi
1128 507 1252 553 ante
1281 499 1488 568 lapsum
1516 499 1751 552 infusam
1777 499 1955 561 ﬁdem,

382 584 487 620 una
528 584 649 621 cum
686 570 920 635 propria:
968 570 1156 623 salutis
1204 583 1297 637 spe
1354 568 1591 621 funditus
1623 568 1955 637 amiserunt;

377 645 439 708 et
488 638 686 691 divinis
736 639 1029 708 mysteriis,
1078 639 1275 706 quibus
1321 638 1709 708 collustrantur
1756 636 1959 704 iugiter

378 706 522 777 beati
564 706 1037 773 angeli,‘omnino
1086 708 1439 777 frustrantur.
1491 706 1567 760 De
1608 708 1693 760 his
1742 708 1957 777 copiose

378 775 616 839 disputat
645 777 975 845 Augustinus
1004 778 1095 831 lib.
1122 790 1176 829 lx
1203 775 1274 830 De
1307 777 1471 839 civii.,
1500 790 1617 843 cap.
1650 777 1740 829 21.

452 845 627 898 Tertio
673 847 1000 898 mendacium
1057 847 1290 915 loquens.
1347 846 1589 915 l‘lurima
1623 861 1727 898 non
1778 846 1952 899 solum

375 915 682 980 mendacia,
708 917 805 968 sed
841 923 895 968 et
941 916 994 969 in
1034 916 1200 969 Deum
1245 916 1407 983 impia
1446 927 1501 968 et
1544 914 1851 983 blaSphema
1898 915 1951 968 in

375 984 646 1053 serpentis
715 986 967 1038 oratione
1041 985 1615 1049 comprehenduntur.
1672 983 1951 1049 Primum,

372 1052 542 1105 omn
589 1067 707 1107 esse
756 1053 1252 1107 mendacem:Non
1299 1062 1381 1108 est
1422 1067 1630 1116 verum,
1674 1055 1772 1116 ait,
1807 1057 1952 1122 quod

372 1123 513 1177 dixit
547 1122 739 1177 vobis:
774 1141 795 1174 ‹
835 1123 1003 1176 Morte
1040 1122 1381 1187 moriemini;
1423 1143 1442 1174 ι
1476 1138 1539 1177 ac
1577 1125 1803 1192 proinde
1844 1139 1949 1179 non

373 1202 457 1246 est
487 1192 534 1246 ei
566 1191 915 1245 credendum.
956 1192 1283 1257 Secundum,
1319 1193 1485 1245 Deum
1524 1191 1643 1247 esse
1688 1193 1947 1257 invidum,

370 1263 516 1326 quod
549 1260 808 1316 noluisset
846 1276 939 1315 eos
980 1277 1101 1315 esse
1145 1264 1285 1315 sicut
1322 1262 1416 1324 dii,
1460 1262 1762 1330 sapientes,
1806 1266 1949 1330 quod

369 1339 553 1383 tamen
606 1330 745 1385 facili
800 1331 1014 1398 negotio
1066 1340 1317 1398 poterant
1377 1331 1519 1385 ﬁeri.
1562 1331 1825 1399 Tertium,
1874 1333 1947 1388 illi

370 1400 554 1454 arbori
607 1407 806 1453 tantam
846 1400 952 1452 vim
998 1401 1237 1461 insitam,
1272 1410 1339 1453 ut
1370 1416 1465 1455 eos
1516 1401 1870 1465 immortales,
1893 1411 1949 1458 et

365 1484 578 1522 summa
607 1469 908 1539 :equalique
940 1484 1061 1522 cum
1096 1469 1204 1523 Deo
1244 1469 1504 1539 sapien'ia
1551 1472 1803 1538 praeditos
1836 1471 1949 1525 eiii-

367 1552 491 1591 cere
523 1548 726 1607 posset.
753 1538 1037 1604 Quartum,
1086 1541 1308 1593 deorum
1366 1538 1669 1607 pluritatem
1716 1554 1838 1595 esse
1893 1543 1944 1597 in

367 1621 551 1660 rerum
608 1616 797 1660 natura
848 1607 1181 1675 possibilem.
1226 1607 1514 1673 Quintum,
1560 1610 1829 1663 hominem
1879 1614 1945 1665 de

362 1676 630 1731 vilissimo
681 1686 839 1731 terrae
887 1678 1013 1731 limo
1060 1680 1265 1741 lictum,
1295 1692 1451 1745 posse
1500 1680 1767 1733 industria
1815 1695 1943 1747 pro-

2062 504 2267 560 pestate
2296 496 2537 550 omnium
2574 491 2775 563 primos
2799 504 2853 563 et
2878 492 3309 563 promptissimos
3346 491 3531 563 fuisse.
3563 492 3637 548 De

2061 565 2339 633 hisinuper
2362 564 2521 619 latius
2553 561 2783 633 egimus,
2810 561 3012 616 Comm.
3043 561 3244 615 nostris
3274 561 3574 633 in_Esther.

2130 631 2294 703 Cujus
2331 636 2465 687 enim
2490 631 2669 703 jussu.
2696 634 2831 686 llinc
2860 633 3029 703 liquet
3058 641 3256 700 quanta
3298 631 3519 699 pietate,
3550 646 3641 684 ve-

2058 702 2355 767 neratione,
2400 702 2502 757 ﬁde
2544 712 2597 757 et
2639 702 2940 757 obedientia
2981 703 3359 767 imperatores,
3402 714 3558 766 reges
3582 709 3637 753 et

2057 773 2681 842 magistratus'politicos
2717 772 3023 839 exceperint
3067 770 3312 842 primarii
3359 768 3634 842 religiOnis

2058 838 2256 898 nostra:
2299 842 2623 897 Christianae
2658 838 2950 905 antistites,
2982 841 3193 894 etiamsi
3239 839 3381 892 illius
3418 838 3638 907 pietatis

2055 911 2130 966 illi
2173 913 2349 978 ignari
2391 921 2612 975 essent;
2652 913 2758 966 imo
2804 920 2859 964 et
2899 908 3193 963 acerrimos
3238 917 3638 977 oppugnatores

2054 996 2149 1036 eos
2176 982 2469 1045 haberent;
2502 997 2638 1049 quos
2668 981 2870 1034 utinam
2897 980 2981 1033 vel
3024 981 3087 1049 in
3118 978 3219 1049 hac
3261 980 3637 1049 saltemparte

2055 1050 2396 1105 imitarentur
2419 1046 2618 1105 nostra:
2656 1051 2829 1104 astatis
2852 1048 3114 1105 Gnostici.
3152 1046 3321 1100 Porro
3354 1046 3529 1115 qualis
3566 1047 3635 1100 il-

2054 1119 2226 1174 lorum
2272 1120 2554 1187 disciplina
2601 1121 2670 1175 de
2715 1120 3033 1188 magistratu
3082 1116 3463 1188 civilil'uerit,
3509 1131 3634 1171 cum

2052 1189 2254 1244 Irenaeo
2306 1186 2551 1258 pluribus
2603 1186 2863 1244 enarrant
2912 1186 3176 1258 Justinus,
3231 1187 3633 1258 Athenagoras,

2053 1256 2419 1315 Tertullia'nus
2462 1259 2513 1311 in
2561 1259 2857 1327 Apologiis,
2897 1257 3227 1325 Theophilus
3259 1256 3636 1327 Antiocheutts

2047 1328 2204 1452 'l'ibéu
2240 1338 2295 1384 et
2343 1345 2380 1383 ιι
2434 1328 2513 1381 Ad
2562 1325 2896 1397 Autolycum,
2948 1327 3210 1396 Origenes
3257 1326 3446 1379 homil.
3508 1325 3543 1378 4
3577 1326 3631 1378 in

2085 1415 2112 1450 ιι
2158 1415 2224 1452 lC.

2085 1399 2224 1456 udic.

2118 1469 2249 1539 Pag.
2265 1467 2388 1523 5'22.
2411 1467 2685 1523 Obcwcare
2706 1467 2863 1539 corda
2888 1482 3066 1520 eorum
3086 1466 3531 1539 quiconarentur.
3551 1461 3637 1539 Ita

2048 1534 2386 1593 restituimus
2430 1553 2496 1592 ex
2526 1547 2708 1592 vetere
2749 1538 2965 1601 codice;
3014 1534 3197 1590 excusi
3232 1550 3443 1603 omnes,
3479 1534 3631 1590 rob—

2048 1622 2233 1661 serare
2258 1609 2419 1662 corda
2456 1622 2641 1660 eorum
2674 1616 2918 1668 conatur,
2954 1624 2972 1657 ι
3008 1616 3114 1659 etc.

2117 1676 2364 1731 lnvidens
2390 1678 2607 1730 homini.
2640 1675 2868 1731 Basilius
2901 1675 3101 1728 invidia
3134 1676 3199 1729 ad
3232 1674 3429 1729 bellum
3462 1673 3629 1728 inter-

362 1747 480 1815 pria
539 1747 607 1799 ad
658 1748 851 1800 sunimi
910 1747 999 1799 Dei
1045 1748 1403 1813 :rqualitatem
1449 1745 1938 1815 pertingere,'etc.
1973 1758 2015 1812 Β
2047 1746 2292 1801 necivum
2347 1748 2603 1800 adversus
2657 1747 2927 1800 hominem
2991 1745 3630 1815 impulsunrdaamonem

361 1812 588 1882 Oportet
621 1830 770 1879 ergo.
805 1827 858 1869 ut
902 1825 1045 1870 recte
1076 1812 1227 1869 notat
1272 1812 1745 1884 Augustinus,‘lib.
1778 1832 1831 1870 ιι
1868 1818 1943 1873 De

364 1884 549 1937 Cenes.
587 1888 655 1939 ad
696 1886 800 1951 lit.,
848 1900 969 1955 cap.
1025 1884 1116 1955 '50,
1168 1886 1333 1938 menti
1382 1884 1508 1939 Eva:
1553 1886 1663 1954 jam
1717 1886 1943 1944 inruisse

361 1955 651 2017 quemdam
684 1954 1273 2024 propriaz’excellentiae
1315 1963 1368 2007 et
1396 1955 1633 2010 ambitus
1675 1970 1938 2021 amorem,

357 2026 725 2093 etsuperbam
756 2026 821 2078 de
849 2040 905 2079 se
937 2025 1426 2093 praesumptionem,
1452 2027 1667 2093 quando
1710 2036 1818 2080 tam
1859 2026 1943 2081 [ει-

357 2091 463 2145 cile
492 2092 791 2161 leviterque
830 2093 1068 2159 serpenti
1095 2092 1253 2145 lldem
1282 2094 1450 2146 dedit.

430 2161 498 2214 In
534 2164 648 2233 ipsa
680 2166 852 2233 itaque
895 2164 979 2216 die
1022 2163 1212 2214 mortui
1252 2172 1393 2214 sunt.
1438 2163 1717 2228 Quomodo
1754 2166 1805 2219 in
1852 2168 1938 2223 illa

358 2230 483 2311 ipsa.
522 2232 629 2318 die,
666 2230 789 2286 cum
839 2233 1245 2318 Adam_postea
1294 2236 1587 2318 nongentis
1626 2243 1680 2288 et
1721 2237 1936 2318 triginta

356 2300 536 2371 annis,
557 2301 664 2353 Eva
691 2303 978 2371 nongentis
995 2311 1050 2354 et
1066 2300 1421 2369 quadraginta
1438 2303 1689 2356 dicantur
1705 2300 1939 2361 vixisse?

355 2366 677 2443 Iletpondeo
695 2366 885 2443 primo,
903 2366 1105 2443 mortui
1131 2380 1255 2423 sunt
1274 2366 1443 2443 morte
1458 2372 1705 2441 spiritali,
1723 2377 1937 2443 quando

354 2439 556 2509 amissa
585 2438 793 2506 justitia
832 2440 1079 2509 originali
1111 2448 1165 2493 et
1197 2438 1393 2507 gratia,
1440 2438 1537 2509 per
1578 2438 1754 2508 quam'
1776 2446 1936 2502 homo

350 2507 488 2561 vivit
520 2509 678 2581 Deo,
730 2507 1133 2581 niortui'sunt.
1200 2507 1481 2581 Secundo,
1533 2507 1730 2566 mortui
1784 2525 1930 2581 sunt,

348 2580 566 2644 quando
604 2588 729 2633 tunc
763 2578 1129 2633 inevitabilem
1168 2578 1359 2631 mortis
1380 2593 1665 2648 corporeae
1697 2578 1932 2638 necessi-

352 2654 515 2699 tatem
555 2649 923 2714 incurrerunt,
968 2662 1090 2701 cum
1141 2658 1298 2700 antea
1344 2658 1563 2715 possent
1610 2666 1714 2704 non
1771 2654 1930 2711 mori.

352 2727 377 2766 ι
411 2715 547 2768 Cum
599 2719 1047 2785 enim‘primum,
1083 2734 1102 2767 ι
1138 2717 1313 2786 inquit
1356 2717 1745 2785 Theodoretus,
1782 2740 1800 2772 ι
1840 2723 1931 2779 Dei

346 2786 617 2855 sententia
661 2787 878 2840 obnoxii
917 2787 1131 2840 fuerunt
1182 2786 1446 2855 supplicio
1478 2789 1690 2853 mortis,
1727 2792 1779 2845 in
1819 2792 1933 2845 sin-

346 2853 503 2920 gulos
534 2857 649 2927 dies
680 2866 733 2909 et
759 2856 919 2927 horas
954 2856 1097 2909 velut
1134 2853 1448 2927 reirinortis
1493 2860 1666 2927 ipsam
1699 2872 1928 2916 mortem

345 2924 796 2993 exspectabant’.
838 2943 855 2976 ι
908 2926 1189 2980 Consentit
1213 2924 1545 2993 Augustinus
1581 2928 1663 2982 his
1709 2931 1926 2985 verbis:

347 3010 368 3042 ι
414 2992 489 3044 Eo
519 2994 717 3067 quippe
744 2996 829 3067 die
867 3004 1070 3048 mutata
1125 2992 1462 3067 inadet’erius
1494 2998 1789 3067 vitiataque
1836 3015 1927 3054 na-

340 3069 462 3113 tura
487 3078 501 3126 ;
529 3064 719 3117 mortis
747 3064 909 3118 etiam
938 3064 1238 3131 corporalis
1270 3064 1320 3115 in
1350 3065 1429 3118 eis
1460 3064 1755 3121 necessitas
1784 3068 1922 3124 facta

338 3140 445 3194 est,
473 3146 601 3207 cum
633 3148 735 3207 qua
780 3147 878 3187 nos
912 3134 1235 3207 necessitate
1285 3134 1395 3187 nati
1432 3150 1651 3207 sumus.
1695 3136 1922 3207 Propter

339 3200 484 3267 quod
517 3200 803 3267 Apostolus
839 3216 942 3256 non
972 3204 1044 3256 ait
1075 3220 1089 3255 :
1116 3203 1328 3270 Corpus
1355 3204 1570 3270 quidem
1596 3200 1919 3263 moriturum

334 3278 421 3321 cst
440 3281 659 3338 propter
676 3273 1086 3344 peccatum,sed
1112 3274 1188 3327 ait
1218 3291 1231 3325 :
1262 3272 1472 3341 Corpus
1512 3286 1780 3328 mortuum
1805 3290 1918 3344 est;

334 3348 608 3411 mortuum
638 3341 933 3408 appellans,
970 3343 1093 3411 quia
1139 3344 1251 3410 jam
1302 3344 1566 3397 moriendi
1599 3341 1920 3404 necessitate

334 3408 690 3488 constrictum
721 3420 806 3464 est
840 3413 939 3488 8._D
973 3408 1158 3488 Tertio
1189 3412 1447 3488 denique,
1475 3413 1672 3488 Justini
1715 3428 1920 3488 marty-

334 3477 412 3529 ris
444 3477 497 3530 in
530 3477 771 3550 Dialogo,
805 3490 858 3533 et
889 3480 1075 3550 Irenari
1108 3477 1360 3550 prmsenti
1396 3485 1688 3549 sententia,
1718 3477 1915 3542 mortui

330 3555 462 3621 sunt
487 3548 644 3614 primi
678 3562 929 3616 parentes
959 3549 1046 3603 illa
1100 3548 1211 3618 ipsa
1251 3551 1338 3604 die
1385 3566 1491 3619 qua
1529 3548 1915 3621 peccaverunt,

331 3614 377 3667 si
413 3616 529 3669 dies
553 3614 893 3691 computetur
922 3635 1070 3674 more
1106 3614 1219 3682 Dei,
1254 3614 1582 3691 apud-quem
1615 3623 1761 3677 mille
1791 3614 1912 3682 anni

332 3692 589 3752 tanquam
627 3687 742 3741 dies
765 3704 868 3741 una
898 3704 1021 3757 qua;
1041 3687 1323 3758 praeteriit,
1350 3700 1406 3742 ut
1432 3687 1598 3745 David
1632 3704 1685 3746 et
1718 3694 1915 3751 Petrus

327 3768 725 3831 connumerant
752 3759 802 3831 9g;
839 3774 943 3812 non
987 3770 1164 3812 autem
1204 3759 1288 3831 illa
1326 3761 1438 3831 ipsa
1470 3763 1578 3826 die,
1613 3777 1733 3831 qua:
1763 3780 1913 3820 more

327 3822 567 3878 lnnnano
608 3827 791 3896 viginti
837 3836 889 3880 et
932 3840 1163 3896 quatuor
1221 3822 1366 3882 horis
1421 3822 1726 3886 coniicitur.
1776 3833 1911 3888 Nam

325 3900 556 3970 uterque
618 3895 832 3949 illormn
888 3895 1027 3950 inira
1088 3897 1430 3970 millesimum
1485 3914 1684 3953 annum
1746 3903 1910 3957 vitam

324 3967 487 4014 istam
517 3978 642 4016 cum
680 3978 851 4018 morte
885 3967 1258 4019 commutavit.

395 4028 464 4084 In
514 4032 607 4085 illa
656 4035 760 4087 die.
815 4036 1153 4091 Gaudentius
1211 4036 1500 4092 Brixianus
1558 4047 1801 4093 traCtatu.
1855 4043 1907 4097 in

321 4098 568 4177 Exodum
603 4121 616 4156 :
653 4122 669 4153 ι
711 4102 874 4158 Sexta
906 4106 1036 4160 feria
1060 4122 1167 4174 qua
1210 4107 1484 4162 hominem
1514 4108 1653 4163 Deus
1682 4110 1905 4177 fecerat,

319 4184 421 4237 pro
447 4172 635 4225 eodem
663 4188 853 4250 passus
877 4186 997 4250 est__;
1030 4172 1195 4230 et'die
1224 4178 1519 4245 Dominiea,
1546 4182 1597 4231 in
1623 4194 1730 4250 qua
1757 4172 1906 4236 sum;

317 4250 507 4309 pserat
538 4245 770 4295 mundus
801 4246 1111 4305 exordium,
1141 4250 1464 4309 resurrexit,
1501 4267 1519 4299 ι
1553 4245 1658 4303 θιιςῖ

386 4306 517 4378 Pag.
564 4311 690 4365 ὃῖι.
728 4312 862 4387 Eam
891 4330 1008 4382 qua:
1045 4325 1122 4367 est
1165 4332 1199 4368 α
1242 4330 1426 4371 morte.
1453 4306 1569 4372 Vel.
1613 4322 1758 4387 cod.,
1795 4340 1812 4375 t
1851 4335 1904 4379 et

311 4387 433 4430 eam
460 4395 581 4447 qua:
619 4391 700 4435 est
727 4384 794 4435 ad
822 4392 1068 4436 mortem.
1112 4402 1129 4435 ι

595 4449 848 4525 Ejusdem
880 4453 1244 4525 adnotatione:
1275 4456 1329 4508 in
1367 4473 1484 4525 cap.
1521 4458 1615 4513 24.

382 4513 511 4601 Pag.
546 4513 845 4601 ditamur:
887 4526 1084 4576 omnia.
1143 4523 1339 4579 Decem
1387 4513 1486 4601 has
1541 4545 1733 4596 voces,
1777 4547 1896 4601 qua:

310 4597 503 4656 aperte
545 4591 1020 4656 desiderabantur,
1062 4609 1129 4646 ex
1162 4606 1267 4650 vet.
1310 4599 1431 4651 cod.
1465 4591 1821 4655 restituinius'.

383 4652 501 4740 [feri
521 4674 601 4711 me
626 4661 907 4740 principes.
948 4652 1048 4740 Yet
1085 4665 1248 4717 cod.:
1284 4682 1303 4715 ι
1335 4666 1438 4721 Per
1486 4683 1571 4722 me

303 4726 708 4806 excitabuntur,
731 4726 1021 4806 ettyranni
1048 4746 1254 4806 perme
1281 4746 1501 4806 regnant
1533 4726 1755 4793 terram.
1796 4726 1815 4793 ἱ

378 4792 644 4874 Quotiens
661 4792 1004 4874 potestatibus
1037 4792 1425 4874 ᾆιιὺιὲηιὶονιῖιω
1456 4792 1677 4874 subjecti
1706 4819 1886 4868 estote.

300 4862 379 4945 ita
408 4864 585 4945 locum
636 4862 781 4921 hunc
827 4871 1352 4945 ApostolieVXprimit
1398 4877 1450 4928 in
1487 4862 1889 4935 Commentariis

297 4936 654 5020 Ambrosius;
692 4940 1000 4995 communis
1046 4936 1233 5007 editio,
1271 4960 1299 4994 ι.
1327 4948 1505 5000 omnis
1564 4950 1742 5002 anima
1796 4967 1890 5020 po-

298 5003 607 5060 testatibus.
646 5026 664 5058 ι

369 5070 486 5157 Hoc
524 5088 699 5157 autem
746 5089 796 5157 et
846 5079 1108 5157 Dominus.
1147 5085 1497 5154 conﬁrmavit.
1546 5084 1887 5157 Principibus

292 5145 477 5226 seculi
516 5148 879 5226 obedientiam
937 5145 1256 5221 tribulaque'
1290 5158 1593 5221 praestanda
1634 5145 1884 5215 Christus

292 5217 630 5294 approbavit,
683 5232 861 5294 natus
890 5217 1399 5289 tempore'cenSus,
1448 5228 1663 5281 solvens
1710 5230 1883 5283 didra-

290 5286 471 5363 (fl-tuta,
491 5286 688 5351 jubens
734 5290 962 5345 reddere
994 5286 1192 5347 (ἱέρεαιεῆ
1225 5310 1345 5363 quin
1388 5286 1515 5349 sunt
1544 5298 1795 5361 Ctesaris,
1826 5310 1880 5354 et

292 5350 464 5433 fita-to
496 5350 816 5433 potestatem
858 5363 1093 5429 desuper
1139 5350 1319 5416 datam
1364 5381 1686 5433 agnoscens.
1729 5350 1879 5424 Unde

285 5431 363 5497 u_
389 5420 627 5480 Paulus:
665 5447 682 5479 ι
718 5432 812 5483 Cui
867 5420 1125 5485 tributum
1165 5453 1184 5485 ι
1218 5420 1463 5497 debetuur,
1514 5455 1531 5486 ι
1566 5420 1873 5493 tributum:

287 5491 528 5547 solvatur
569 5497 634 5550 ⁸⁸³.
687 5500 753 5553 Et
792 5498 1042 5557 Justinus
1085 5516 1291 5574 martyr
1324 5507 1376 5559 in
1410 5491 1663 5575 Apologia
1690 5491 1875 5577 rel'crt,

274 5680 277 5681 ν
361 5631 382 5661 ⁷
419 5634 660 5701 ριιπειὶο
701 5640 789 5695 58.

282 5715 516 5774 Luxu,
546 5708 609 5776 et;
652 5711 690 5765 ll
749 5712 895 5767 l'ctr.
949 5729 1029 5783 tu,
1078 5719 1129 5770 8.
1214 5718 1254 5748 ¹⁰
1305 5708 1610 5790 Hom-Am,
1652 5721 1700 5777 7.

894 5643 914 5671 ⁸
1079 5658 1184 5735 lim
1215 5647 1452 5735 Desit,
1480 5665 1527 5704 c.
1560 5649 1630 5704 25
1652 5662 1720 5735 _et
1748 5653 1840 5711 lib.
1874 5672 1908 5710 ιι
1941 5657 2006 5712 dc
2039 5654 2175 5731 Gen.
2221 5659 2287 5714 ad
2334 5657 2435 5727 lit.,
2486 5674 2603 5732 cap.
2651 5660 2754 5730 52;
2810 5663 2963 5720 Rom.
3014 5679 3131 5735 vni,
3161 5664 3243 5729 ιο,

2049 1817 2257 1880 scribit,
2290 1819 2487 1884 quippe
2529 1817 2621 1884 qui
2668 1816 2844 1869 doleat
2882 1815 2951 1870 ob
2993 1814 3251 1883 praeclara
3280 1814 3420 1867 dona
3452 1830 3480 1884 a
3521 1814 3631 1867 Deo

2048 1885 2251 1954 homini
2303 1883 2577 1939 concessa.
2636 1884 2777 1938 Ideni
2828 1898 3064 1954 quoque,
3118 1885 3267 1938 hom.
3299 1884 3373 1954 in
3423 1883 3632 1954 aliquot

2047 1951 2344 2024 Scriptura:
2368 1956 2537 2024 locos,
2566 1954 2758 2009 diﬂ‘use
2798 1951 2863 2008 et
2882 1951 3069 2008 ornate
3095 1951 3546 2024 ostenditipsum
3574 1964 3630 2006 et

2045 2022 2320 2094 proprium
2349 2022 2547 2078 diaboli
2582 2026 2769 2079 vitium
2804 2038 2957 2090 esse;
2992 2038 3056 2079 ea
3091 2022 3159 2078 de
3208 2037 3266 2078 re
3308 2022 3459 2078 illum
3504 2038 3629 2094 μισ-

2045 2092 2139 2147 ἀνθ
2146 2109 2329 2163 ρωπον
2357 2094 2606 2163 appellat.

2324 2204 2577 2275 Ejusdem
2606 2207 2967 2261 adnotationes
3009 2206 3063 2260 in
3103 2222 3219 2275 cap.
3252 2206 3344 2261 25.

2114 2298 2255 2368 Pag.
2276 2298 2399 2352 5'29.
2436 2296 2538 2353 Per
2564 2314 2625 2352 ea
2645 2315 2762 2367 qua:
2800 2300 2941 2352 dicta
2972 2308 3115 2353 sunt.
3161 2298 3325 2353 Multa
3353 2305 3408 2352 et
3438 2305 3623 2368 notato

2039 2365 2448 2437 digna'disserit
2478 2371 2577 2423 hoc
2613 2365 2729 2423 loco
2759 2378 2813 2423 et
2859 2369 2999 2423 infra
3046 2371 3112 2424 de
3148 2368 3482 2423 Anticltristo
3512 2365 3624 2423 Ire-

2038 2453 2225 2494 naeus:
2258 2453 2324 2491 ex
2356 2437 2550 2506 quibus
2578 2439 2679 2493 hoc
2728 2439 2975 2506 inprimis
3000 2438 3401 2493 observandum
3431 2452 3624 2492 occur-

2038 2512 2127 2575 rit,
2159 2508 2300 2576 quod
2332 2522 2514 2560 verum
2551 2516 2602 2562 et
2639 2507 2966 2577 singularem
2998 2509 3269 2562 hominem
3312 2506 3429 2560 l'ore
3469 2507 3621 2577 illum

2036 2580 2211 2657 docet,
2239 2592 2362 2657 eum
2394 2577 2594 2657 tribum
2623 2592 2687 2630 ex
2722 2576 2824 2646 qua
2850 2588 3137 2657 nascetur,
3163 2578 3383 2657 nomina
3423 2576 3623 2657 quibus

2036 2647 2284 2702 fortassis
2313 2646 2689 2715 appellabitur,
2721 2644 2931 2713 tempus
2962 2646 3264 2700 durationis
3303 2644 3453 2714 regni
3476 2644 3617 2713 ejus,

2035 2714 2405 2787 tyrannidem,
2456 2717 2709 2787 astutiam
2757 2717 3012 2787 dolosque
3062 2724 3172 2768 tam
3222 2714 3523 2787 diligenter_
3564 2725 3621 2768 et

2034 2784 2307 2856 sigillatim
2361 2786 2669 2856 testimonio
2711 2794 2764 2839 et
2807 2784 3351 2856 auctoritatesacrae
3408 2784 3617 2855 paginae

2033 2854 2413 2924 persequitur;
2470 2855 2779 2909 inlicientur
2832 2855 2958 2909 licet
3014 2854 3505 2924 Magdeburgenses
3550 2864 3619 2924 get

2031 2923 2293 2993 quotquot
2328 2924 2439 2979 fere
2469 2925 2569 2979 hoc
2600 2925 2798 2979 saeculo
2822 2929 2890 2980 ab
2926 2924 3164 2978 Ecclesia
3196 2923 3438 2977 Romana
3468 2923 3618 2978 defe-

2031 3004 2240 3063 cerunt.
2268 2993 2470 3048 Horum
2513 2995 2761 3051 lueresim
2788 2996 2913 3063 quia
2950 2995 3084 3048 satis
3112 3008 3383 3063 superque
3435 3009 3504 3063 ex
3533 3009 3617 3047 sa-

2029 3066 2138 3119 cris
2179 3062 2401 3118 Litteris
2446 3064 2764 3133 et_Patruiii
2806 3062 3359 3133 ’interpretatiOnibus
3385 3062 3615 3133 _relellit

2029 3134 2113 3186 vir
2165 3134 2454 3202 perdoctus
2488 3130 2743 3189 Nicolaus
2788 3130 3064 3188 Sanderus
3105 3134 3195 3186 lib.
3240 3147 3336 3187 vni
3370 3131 3448 3186 De
3489 3133 3615 3186 visi-

2025 3204 2118 3255 bili
2156 3203 2458 3256 manare/tia
2496 3202 2763 3269 Ecclesia’,
2794 3202 3295 3270 objectionibusque
3333 3203 3612 3256 contradi-

2023 3273 2259 3327 centium
2288 3272 2572 3336 satisfacit,
2604 3274 2673 3326 ob
2700 3273 2750 3326 id
2780 3275 2908 3327 huic
2929 3275 3144 3342 negotio
3168 3273 3609 3340 supersedemus,

2023 3357 2092 3396 ne
2119 3350 2298 3395 actum
2327 3356 2485 3411 agere
2516 3342 2820 3396 videamur.
2897 3378 2904 3390 .

2094 3410 2313 3464 Omnem
2343 3410 2632 3478 suscipiens
2674 3412 2873 3466 diaboli
2918 3413 3179 3465 virtutem.
3213 3410 3357 3465 Cave
3393 3425 3461 3466 ne
3492 3410 3610 3467 dia-

2018 3479 2199 3535 bolum
2229 3482 2401 3550 ipsum
2428 3482 2771 3550 phantastico
2797 3492 2851 3537 et
2878 3481 3086 3535 larvato
3110 3496 3336 3549 corpore
3370 3482 3609 3535 humano

2018 3561 2366 3613 contectum,
2422 3552 2819 3606 Antichristum
2886 3552 3061 3622 ipsum
3134 3567 3257 3605 cum
3318 3550 3607 3621 Hippolyto

2018 3630 2265 3691 martyre
2291 3622 2697 3689 interpreteris;
2725 3622 3160 3691 quandoquidem
3192 3623 3481 3688 Apostolus
3507 3636 3606 3673 no-

2018 3690 2189 3759 minet.
2216 3688 2363 3742 illum
2411 3688 2684 3745 hominem
2733 3688 2976 3759 peccem,—
3008 3692 3201 3759 spiritu
3244 3692 3355 3743 oris
3399 3691 3603 3743 Christi

2016 3757 2475 3812 interliciendum.
2531 3760 2601 3811 Ea
2650 3757 2829 3813 autem
2881 3757 3090 3813 ratione
3141 3774 3355 3811 omnem
3392 3759 3601 3825 diaboli

2014 3830 2271 3896 virtutem
2320 3829 2599 3895 suscipere
2639 3831 2855 3888 dicitur,
2884 3829 3029 3896 quod
3058 3828 3280 3881 omnino
3310 3827 3377 3880 ad
3412 3827 3602 3883 volun-

2016 3905 2178 3950 tatem
2200 3895 2415 3957 Satanae
2443 3913 2501 3951 se
2535 3913 2771 3966 suasque
2804 3895 2948 3951 vires
2965 3906 3019 3950 et
3050 3908 3196 3951 artes
3222 3897 3599 3951 acconnnoda-

2014 3976 2167 4020 turus
2195 3968 2284 4020 sit.
2313 3967 2454 4033 Quin
2493 3976 2547 4021 et
2590 3968 2644 4021 in
2677 3968 3031 4036 conceptione
3066 3968 3256 4035 ipsius,
3293 3968 3371 4021 ait
3409 3976 3599 4036 auctor

2014 4044 2279 4089 tractatus
2306 4038 2381 4091 De
2403 4038 2718 4091 Antichrist.
2748 4035 2887 4102 apud
2913 4038 3195 4104 Augustin.
3231 4054 3244 4089 :
3283 4055 3301 4088 ι
3344 4035 3601 4092 Diabolus

2011 4104 2174 4175 simul
2206 4107 2271 4159 in
2292 4107 2483 4161 matris
2515 4107 2631 4174 ejus
2670 4118 2884 4161 uterum
2922 4107 3164 4173 intrabit,
3197 4116 3248 4161 et
3296 4107 3466 4175 ipsam
3510 4121 3598 4160 rc-

2008 4173 2598 4243 plebit,circumdabit,
2641 4176 3006 4240 obuinbrabit,
3053 4177 3283 4231 interius
3316 4173 3598 4230 exterius-

2008 4259 2113 4312 que
2153 4244 2473 4316 possidebit.
2512 4244 2756 4300 iCOntra
2805 4248 3113 4316 opinionem
3164 4246 3434 4316 Hippolyti
3483 4248 3595 4298 dis-

2009 4313 2201 4383 putant
2230 4313 2590 4385 Hieronymus
2620 4317 2673 4368 in
2713 4332 2783 4371 vn
2826 4313 2948 4385 cap.
2998 4313 3270 4379 Daiiielis;
3303 4313 3593 4369 Damasce-

1932 4419 1977 4474 ο
2008 4401 2118 4474 uua"
2141 4386 2352 4474 libum,
2383 4388 2646 4474 ςιιιιῶιὲξξ
2684 4386 3122 4474 ςῐιιιξοριιγιιιειυε
3152 4399 3204 4440 et
3228 4385 3593 4442 (Ecumenius

2005 4457 2061 4508 in
2087 4470 2216 4524 cap.
2244 4471 2282 4509 ιι
2314 4456 2356 4509 ll
2382 4453 2457 4509 ad
2481 4453 2852 4511 Thessalonic.

2073 4523 2231 4580 [data
2258 4528 2466 4599 quidem
2512 4542 2784 4599 seponens.
2844 4526 3161 4599 Hippolytus
3211 4538 3417 4597 martyr
3470 4536 3593 4599 post

2002 4591 2284 4661 Irenaeum,
2317 4591 2576 4650 oratione
2600 4598 2665 4650 de
2698 4591 3168 4653 cottsutiituatione
3213 4591 3392 4651 sa2culi
3426 4616 3439 4651 :
3470 4591 3490 4647 ξ
3531 4598 3588 4651 ιιι

2002 4666 2315 4732 primordiis
2370 4667 2485 4719 suis
2541 4667 2781 4722 clemens
2833 4671 2959 4732 erit,
3006 4668 3180 4721 factus
3231 4669 3295 4720 ad
3338 4668 3584 4723 dilectio-

2001 4748 2144 4797 nem,
2170 4736 2405 4805 quietus,
2455 4736 2761 4807 religiosus,
2798 4739 3079 4805 pacilicus,
3112 4737 3203 4806 qui
3246 4740 3371 4792 odio
3398 4754 3587 4807 prose-

1999 4814 2199 4872 quatur
2229 4808 2571 4875 injustitiam,
2628 4810 2928 4862 detestetur
2978 4823 3228 4871 munera,
3285 4808 3425 4860 idola
3474 4823 3582 4861 non

1998 4877 2274 4938 admittat,
2318 4886 2463 4930 amet
2506 4878 2839 4945 Scripturas,
2872 4895 2891 4928 ι
2926 4887 3031 4932 etc.
3065 4876 3307 4942 Quorum
3354 4878 3407 4929 in
3452 4892 3581 4931 sen-

1998 4946 2218 5018 tentiam
2243 4948 2570 5000 conveniunt
2597 4950 2828 5018 Lyrillus
2851 4945 3335 5017 Jerosolynntanus
3364 4954 3578 5002 catecli.

1996 5015 2099 5079 15;
2131 5015 2384 5083 Ephrem.
2418 5030 2583 5069 serm.
2626 5015 2691 5071 de
2730 5015 3103 5083 Antichristo;
3133 5020 3575 5086 Chrysostomus,

1994 5087 2392 5150 Theodoretus,
2428 5086 2862 5158 'l‘heophylactus
2896 5090 2947 5140 in
2997 5104 3046 5141 c.
3093 5101 3125 5138 ιι
3161 5086 3198 5138 ll
3236 5089 3303 5139 ad
3339 5088 3573 5154 ’l‘hess.;

1996 5158 2143 5229 llier.
2182 5166 2373 5223 qua-st.
2404 5159 2463 5211 ll
2499 5160 2567 5210 ad
2613 5160 2918 5229 Algasiam;
2960 5160 3322 5229 Damascenus
3365 5158 3457 5211 lib.
3498 5174 3575 5224 tv,

1988 5246 2036 5280 ιι.
2073 5227 2160 5289 28,
2199 5229 2287 5294 qui
2321 5229 2657 5281 arbitrantur
2688 5227 2877 5281 omnes
2921 5230 2972 5281 id
3015 5228 3325 5280 conlirmari
3363 5244 3429 5281 ex
3470 5229 3576 5283 Da-

1990 5300 2148 5351 nielis
2209 5312 2328 5365 cap.
2391 5297 3151 5357 vtttelxt,llad'l‘he58alon.
3208 5312 3246 5350 ιι
3289 5316 3302 5352 :
3348 5316 3367 5349 ι
3422 5299 3573 5353 Istud

1990 5383 2115 5420 vero
2148 5366 2311 5419 faciet
2356 5366 2700 5421 fraudulento
2727 5378 2779 5419 et
2816 5370 3068 5422 simulato
3108 5369 3361 5433 consilio,
3394 5387 3413 5422 ι
3454 5371 3571 5423 inlit

1988 5436 2328 5506 Hippolytus,
2362 5452 2380 5514 ι
2413 5447 2472 5514 ut
2500 5438 2908 5514 ριιοεξιιιιιγᾳιιιιιι
2947 5454 3171 5514 omnes,
3211 5450 3265 5494 ut
3298 5455 3358 5496 se
3384 5455 3568 5514 regem

1987 5518 2197 5572 creent,
2235 5507 2378 5576 quod
2408 5506 2567 5562 facile
2590 5509 2855 5563 obtinebit
2882 5524 2912 5563 a
2942 5506 3164 5565 Judaas.
3201 5529 3221 5562 ι

3324 5667 3372 5737 ,⁸
3411 5665 3559 5724 Psal.
