3970 6378
411 326 549 421 18:5

1757 343 2114 400 VARIORUM
2150 343 2363 401 NOTIE

3536 349 3674 405 i815

480 458 931 536 Abqntinntiones.
975 459 1048 536 l_ta
1081 473 1147 513 ex
1188 458 1361 515 veleri
1396 460 1583 517 codice
1622 464 1995 532 reposuimus;
2029 464 2073 520 Α
2161 460 2454 536 βιῳεηιὸὶι
2486 463 2640 536 alios.
2668 462 3043 536 Septuaginta,
3068 466 3127 529 ὃς
3158 464 3449 536 {impotem
3470 469 3675 529 κακοὺς

410 528 620 589 excusi,
666 547 683 587 ι
732 529 1156 584 (ἱοιιιίιιιιιὶοῑθδ.
1196 549 1214 582 3

482 598 554 650 Et
601 601 846 671 quoniam
891 602 1000 666 ipse
1037 616 1109 671 seu
1140 600 1415 671 tyrannica
1462 616 1624 655 more.
1675 599 1991 671 Hippolytus

410 678 658 739 martyr:
698 687 719 719 ι
753 669 933 722 Elatus
982 669 1161 739 corde
1194 669 1415 737 incipiet
1454 671 1699 727 exaltare
1749 669 1988 739 seipsum

411 750 466 792 et
499 737 809 807 gloriﬁcare
851 748 1104 806 tanquam
1140 737 1328 801 Deum,
1354 741 1729 806 persecutione
1772 737 1992 794 sanetos

411 817 465 860 et
518 808 848 875 blasphemia
896 809 1171 861 Christum
1221 808 1515 863 incessens.
1566 810 1714 862 Dicet
1760 820 1989 864 autem:

411 876 543 943 Quis
566 879 814 945 princeps
848 886 953 929 tam
982 886 1173 945 potens
1202 887 1367 946 atque
1396 879 1535 947 ego?
1559 879 1679 947 quis
1708 879 1847 932 Deus
1876 895 1991 932 ma-

410 962 548 1013 gnns
585 956 778 1011 praeter
806 948 924 999 me?
956 966 974 998 3
1015 959 1120 999 etc.
1154 947 1482 1002 Diahnlicam
1526 950 1663 1003 hanc
1707 949 1991 1003 elationem

410 1014 743 1068 Antichristo
767 1029 980 1085 quoque
1012 1016 1643 1072 tribuuntTheodoretus
1668 1017 1841 1073 inxiet
1872 1017 1995 1071 Hie-

413 1100 669 1155 ronymns
713 1086 764 1139 in
798 1100 889 1155 ivn
938 1102 1057 1155 cap.
1096 1087 1353 1150 Danielis,
1393 1097 1582 1142 auctor
1621 1098 1878 1142 tractatus
1918 1087 1996 1141 De

410 1154 755 1227 Α-ίιζῐεΙιτί.κιρ,
795 1154 1158 1227 Damascenus
1206 1157 1300 1211 lib.
1350 1173 1423 1219 iv,
1468 1173 1588 1227 cap.
1624 1155 1717 1227 28.
1756 1156 1996 1226 Hugonis

411 1221 715 1295 Etheriani
758 1228 922 1279 verba
965 1226 1292 1295 subjiciam:
1331 1245 1350 1279 ι
1384 1221 1549 1280 ΙάοΙίἐ
1592 1224 1796 1281 nullum
1835 1221 1995 1281 obse-

412 1292 598 1363 quium
672 1296 947 1363 priestabit
979 1314 993 1350 :
1031 1292 1134 1350 non
1199 1297 1341 1350 enim
1393 1297 1674 1351 idololatra
1727 1297 1850 1361 erit,
1905 1297 1997 1351 sed

413 1362 523 1434 Deo
553 1362 740 1418 nostro
768 1380 865 1432 per
894 1367 1073 1419 omnia
1110 1367 1438 1431 contrarius,
1480 1381 1671 1421 omnes
1706 1368 1837 1421 deos
1870 1381 2001 1434 gen-

414 1432 638 1506 tium_ut_
676 1447 825 1506 muta
856 1436 1509 1506 simulacraconfringet,
1541 1437 1739 1506 nullius
1784 1432 2001 1504 penitus

418 1501 638 1578 imagini
674 1502 876 1578 cultum
918 1504 1219 1578 exhibebit,
1262 1507 1386 1578 quia
1403 1501 1486 1560 'se
1531 1505 1704 1560 solum
1757 1501 1855 1572 pro
1892 1507 2001 1559 Deo

410 1570 888 1694 jubéb‘igadorari,
926 1591 949 1623 ι
980 1583 1086 1629 etc.
1120 1575 1254 1629 :lib.
1280 1570 1372 1628 ὀε
1402 1591 1637 1646 regressu
1679 1570 1999 1640 animarum,

416 1655 535 1694 can.
569 1681 599 1694 -
641 1678 658 1694 .
1583 1692 1590 1694 .

416 1655 535 1708 cap.
565 1655 658 1696 κο.
1582 1692 1591 1697 -

484 1706 551 1782 In
578 1727 682 1781 quo
717 1713 1053 1768 adversarius
1092 1713 1309 1767 sedebit.
1347 1714 1634 1782 Apostolus
1666 1713 1706 1767 ll
1738 1716 1804 1768 ad
1835 1714 2004 1768 Thcs-

2101 529 2339 594 πάντας,
2380 550 2399 583 ‹
2429 534 2521 601 qui
2574 529 2850 599 superabit
2876 529 3071 589 'malos
3099 529 3309 589 omnes.
3339 554 3358 586 3
3419 534 3670 598 Sani-tes,

2101 618 2118 649 ε
2147 608 2200 652 et
2232 603 2346 668 ipse
2396 600 2567 669 major
2597 604 2702 657 erit
2754 604 3050 671 prioribus.
3076 624 3094 656 3
3136 603 3425 669 Vatablus,
3470 623 3490 656 ι
3522 607 3676 657 diti»-

2095 684 2221 739 rens
2267 686 2295 724 a
2342 672 2634 739 priorilms.
2665 692 2684 724 3
2740 675 3060 727 Communis
3107 673 3295 736 editio,
3336 691 3355 723 ι
3396 678 3675 739 potentior

2095 738 2389 811 prioribus.
2418 758 2437 792 3
2480 739 2645 796 Vetus
2679 743 2852 796 codex
2906 760 2927 793 ε
2954 744 3181 796 subruet
3240 738 3464 796 malos3
3519 743 3673 811 legit,

2098 824 2201 889 non
2238 809 2397 889 male.
2423 811 2641 879 Alioqui
2673 813 2925 868 omnibus
2960 813 3120 867 malis
3164 813 3476 883 pmstabit,
3521 809 3676 882 supe-

2097 887 2209 931 ΐίΟΓ
2240 887 2364 933 erit.

2168 947 2551 1003 Deminorabit.
2597 959 2755 1004 vetus
2793 951 2962 1006 codex
2986 989 3002 1013 ,
3047 968 3065 1001 ι
3093 950 3482 1006 debonorabit.
3512 970 3532 1003 3
3578 950 3676 1005 Se-

2100 1018 2400 1090 ptuaginta,
2421 1018 2781 1090 νταπειηὼσει.
2811 1020 3041 1075 Sanctes
3064 1031 3114 1073 et
3142 1021 3455 1076 communis
3484 1020 3670 1088 editio,

2104 1106 2123 1139 ι
2152 1088 2477 1159 lunniliauit.
2500 1108 2519 1140 3
2548 1088 2834 1159 ivatablus,
2871 1109 2889 1141 ι
2913 1090 3201 1159 opprimet.
3224 1108 3244 1140 3

2172 1156 2304 1226 Pag.
2352 1157 2478 1214 525.
2532 1158 2836 1214 Demutare.
2894 1156 3062 1215 vetus
3109 1160 3321 1226 codex,
3370 1176 3392 1211 ι
3438 1174 3502 1215 se
3558 1174 3676 1213 tnu-

2101 1236 2237 1282 tare.
2271 1244 2290 1278 3

2172 1295 2302 1349 Cum
2335 1306 2507 1351 autem
2538 1299 2675 1352 alius
2702 1298 2913 1351 venerit.
2952 1298 3030 1352 Ex
3075 1298 3177 1351 hoc
3222 1298 3548 1352 testimonio
3593 1312 3684 1351 ve.

2104 1375 2247 1421 teres
2277 1377 2425 1420 recte
2455 1369 2712 1435 colligunt
2745 1369 3097 1421 novissimum
3124 1369 3529 1421 Antichristum
3570 1370 3680 1420 εἰοι-

2103 1437 2346 1506 gularem
2381 1436 2513 1506 fore
2550 1434 2842 1506 hominem,
2875 1437 2965 1505 qui
2997 1438 3074 1490 sic
3099 1437 3318 1489 Christo
3347 1438 3563 1489 directe
3592 1453 3685 1503 op-

2105 1504 2342 1576 ponitur.
2379 1504 2581 1560 Deinde
2627 1505 2843 1561 Judaeos
2893 1504 3047 1561 initio
3099 1509 3443 1559 contentiosa
3499 1508 3686 1559 studio

2104 1576 2281 1630 eidem
2312 1576 2651 1638 adhmsuros,
2695 1584 2955 1643 tanquam
2987 1590 3086 1633 suo
3123 1584 3304 1642 totque
3336 1576 3567 1628 szeciilis
3597 1578 3688 1627 de-

2105 1646 2346 1699 siderato
2379 1644 2607 1699 Messias.
2642 1646 2820 1711 Atque
2853 1647 2954 1700 hoc
2987 1656 3107 1713 post
3136 1643 3397 1697 Irenaeum
3430 1645 3506 1697 ita
3534 1646 3687 1698 coitio

2108 1724 2243 1782 gunt
2286 1713 2894 1784 Hieronynnis,qu_:est.
2922 1716 2978 1767 ll
3028 1715 3093 1767 ad
3141 1715 3459 1778 Algasiam;
3500 1717 3687 1782 Angu-

416 1779 516 1833 sal.
548 1779 611 1842 tt,
644 1783 801 1843 docet
847 1784 1013 1853 lilium
1064 1779 1401 1853 perditionis
1428 1786 1479 1839 in
1526 1784 1725 1853 templo
1765 1785 1857 1839 Dei
1887 1798 2004 1838 ses-
2039 1794 2079 1848 Β
2110 1779 2284 1837 stinns
2315 1779 2543 1838 tractatu
2570 1784 2644 1853 729
2675 1779 2734 1836 in
2759 1779 3061 1845 Joannem;
3095 1784 3442 1846 Ambrosius,
3477 1786 3531 1835 in
3568 1779 3685 1849 cap.

416 1863 605 1911 surum
636 1865 776 1923 esse,
808 1851 949 1920 quod
984 1851 1559 1923 de’Jerosolymitano
1607 1851 1701 1908 illo
1739 1856 1867 1909 olim
1911 1869 2005 1907 ex-

417 1928 628 1993 structo
674 1936 702 1974 a
731 1922 1069 1993 Salomone,
1108 1923 1267 1993 toties
1308 1922 1421 1977 Solo
1458 1934 1676 1993 aequato
1705 1934 1759 1978 et
1799 1925 2007 1993 inStau-r

418 1997 559 2075 pato,
588 1988 841 2075 intelligi
883 1992 1049 2074 voluit
1106 1990 1470 2075 ilierqnymus
1505 1988 1804 2075 (pisatione
1838 1994 1897 2075 il
1937 1991 2002 2045 ad

416 2055 694 2130 @lgasiam
720 2076 734 2124 ;
762 2055 1100 2130 Augustinus
1139 2078 1211 2115 xx
1238 2055 1327 2115 De'
1347 2064 1491 2117 civit.
1522 2055 1637 2124 Dei,
1672 2073 1729 2115 et
1771 2055 2005 2130 tra'ctatu

420 2125 883 2198 venatic/irino}
903 2130 1321 2198 Chrysostomus
1345 2134 1395 2186 in
1422 2133 1459 2186 ιι
1488 2134 1554 2186 ad
1578 2132 1771 2187 Thess.
1794 2147 1857 2186 ιι.
1887 2129 2008 2197 Hip-

420 2194 635 2269 ltOlylus
674 2206 878 2269 martyr
903 2194 1103 2254 Irenaeo
1125 2202 1483 2257 consentiens
1518 2201 1599 2254 ait
1639 2221 1652 2255 :
1701 2218 1720 2252 ι
1758 2194 2007 2256 Christus

421 2266 656 2343 ostendit
676 2266 896 2343 carnem
914 2284 1067 2343 suam
1086 2281 1354 2343 tanquam
1379 2270 1661 2343 templum,
1682 2285 1748 2343 ac
1771 2270 2005 2343 suscita-

418 2337 496 2407 yit
514 2337 675 2407 tertia
694 2337 813 2400 die;
845 2339 924 2392 sic
948 2339 1050 2393 iste
1077 2337 1425 2407 Jerosnlymis
1443 2337 1731 2395 suscitabit
1748 2337 2005 2407 templum

418 2399 738 2478 lapideum.»
757 2424 775 2457 3
802 2399 871 2460 Et
910 2417 1096 2478 postea
1126 2428 1140 2464 :
1169 2399 1327 2478 197
1352 2428 1371 2462 ι
1417 2409 1700 2478 Templum
1731 2399 2011 2478 construct

418 2468 796 2554 {erosolyihnim
830 2468 974 2554 quod
1016 2468 1312 2554 capies-tnui
1345 2468 1640 2554 excitatum
1695 2480 1869 2533 tradet
1903 2476 2010 2554 lIlu-

421 2542 577 2614 dgeis.
616 2542 1021 2600 {Consentium
1075 2545 1443 2603 Damascenus
1487 2550 1580 2603 lib.
1620 2563 1698 2614 tv,
1739 2562 1859 2614 cap.
1901 2546 2004 2611 28;

423 2563 577 2597 naeus.
616 2564 635 2597 3
665 2563 1021 2600 consentiunt
1075 2563 1443 2603 uamascenus
1487 2563 1580 2603 tib.
1620 2563 1698 2614 tv,
1739 2563 1799 2601 ca
1842 2584 1859 2600 .
1901 2563 2004 2611 ze;

423 2608 732 2682 Methodius
758 2615 812 2670 in
847 2615 1300 2682 Revelationibus;
1331 2618 1619 2674 Ansehnus
1645 2619 1700 2672 in
1742 2616 1788 2671 ll
1806 2563 2007 2671 Pl‘hess.

422 2697 465 2758 ti
479 2699 492 2747 ;
521 2681 840 2739 Ambrosius
865 2686 919 2739 in
939 2698 1031 2739 xxi
1061 2685 1237 2741 Lucae.
1259 2681 1359 2741 Alii
1387 2688 1572 2758 templi
1599 2689 1815 2742 nomine
1836 2684 2010 2758 eccle-

421 2753 533 2828 sias
575 2762 859 2828 uetusque
905 2769 1094 2828 omnes
1139 2753 2008 2828 credentium'designariconji-

422 2823 590 2897 ciunt,
614 2823 821 2897 quibus
854 2825 1020 2897 variis
1044 2827 1253 2897 artibus
1292 2828 1522 2883 illudens
1553 2823 1863 2897 imperabit.

422 2922 449 2947 ι.
495 2890 767 2947 Christum
800 2895 1095 2953 ostendere.
1126 2896 1291 2953 Vetus
1340 2898 1513 2953 codex
1555 2890 1745 2951 vocem
1801 2913 1819 2946 ι
1850 2895 2008 2949 Chri-

424 2970 569 3036 stum
596 2981 616 3016 3
649 2978 755 3036 non
794 2964 979 3036 habet.
1010 2967 1276 3021 Caeterum
1306 2968 1640 3036 impietatem
1685 2966 1779 3020 lilii
1823 2965 2007 3036 perdi-

426 3031 977 3105 tionisAntichristi
1053 3038 1281 3101 recitat,
1332 3031 1441 3105 qua
1499 3037 1619 3091 loco
1678 3044 1732 3090 et
1786 3031 2006 3088 nomine

2111 1869 2148 1907 ιι
2181 1853 2431 1907 secundae
2472 1854 2539 1906 ad
2565 1852 2815 1907 'l'hessal.
2847 1870 2863 1918 ;
2904 1853 3275 1906 Theodoretns
3332 1852 3585 1920 Epitome
3619 1854 3693 1904 di-

2108 1923 2347 1976 vinorum
2379 1923 2730 1975 decretorum.
2767 1921 2883 1976 Non
2916 1932 3002 1976 est
3029 1932 3122 1975 aut
3143 1924 3245 1975 erit
3273 1924 3467 1988 itaque
3500 1923 3690 1975 novis-

2108 1994 2281 2046 simus
2306 1992 2679 2046 Antichristus
2705 1990 2921 2059 aliquod
2957 2006 3201 2061 regnum,
3234 2002 3329 2061 aut
3359 1994 3683 2060 imperium,

2109 2076 2217 2115 non
2249 2063 2481 2116 ecetesia
2525 2062 2735 2128 aliqua,
2772 2076 2878 2113 non
2928 2060 3201 2115 successio
3248 2060 3412 2129 longa
3466 2063 3691 2128 pontiti-

2109 2147 2265 2197 cum;
2302 2142 2360 2183 ut
2406 2132 2658 2199 imperite
2698 2130 2855 2198 juxta
2886 2145 2949 2184 ac
2991 2132 3161 2199 impie
3208 2131 3559 2185 contendunt
3597 2144 3696 2183 no-

2108 2200 2317 2255 vissimi
2353 2200 2617 2255 haeretici.

2183 2268 2486 2337 Transierat
2520 2286 2735 2338 regnum
2762 2271 2818 2324 in
2840 2285 2976 2338 eam.
3026 2268 3364 2337 Metropolim
3396 2282 3468 2321 ac
3506 2268 3689 2322 sedem

2112 2340 2283 2408 ipsam
2318 2340 2464 2406 regni
2493 2337 2813 2393 Antichristi
2840 2337 3136 2393 Jerusalem
3175 2340 3290 2392 fore
3318 2353 3446 2391 cum
3485 2338 3689 2408 Irenaeo

2109 2404 2276 2463 sentit
2306 2404 2651 2477 Hippolytus,
2684 2410 2902 2478 quando
2934 2424 3158 2474 regnum
3192 2408 3569 2476 templumque
3595 2404 3691 2458 Ju-

2111 2480 2348 2533 daaornm
2384 2480 2770 2531 suscitaturum
2803 2488 2858 2532 et
2887 2489 3099 2546 gentem
3135 2492 3255 2530 eam
3310 2492 3424 2544 pne
3474 2479 3692 2546 (περιθείς

2110 2549 2331 2602 charam
2362 2546 2674 2599 habiturum
2702 2562 2823 2601 esse
2854 2543 3041 2600 tradit.
3078 2546 3285 2599 Auctor
3313 2543 3591 2599 tractatus
3615 2543 3688 2597 De

2109 2618 2432 2687 Antichristo
2458 2631 2479 2670 :
2508 2634 2527 2667 ι
2551 2615 2943 2687 Jerosolymam
2968 2616 3195 2670 veniens
3223 2631 3380 2670 suam
3412 2617 3604 2669 sedem
3637 2616 3687 2668 in

2113 2686 2319 2754 templo.
2340 2696 2532 2741 sancto
2567 2696 2750 2752 ponet.
2772 2686 2797 2737 '3

2182 2752 2251 2808 Et
2291 2758 2475 2808 datum
2504 2764 2581 2808 est
2623 2758 2677 2808 in
2709 2755 3038 2822 sacriﬁcium
3070 2762 3358 2822 peccatum.
3392 2752 3573 2807 Vetus
3601 2767 3692 2805 co-

2110 2825 2212 2879 dex
2237 2864 2252 2888 ,
2304 2843 2323 2875 ‹
2364 2826 2728 2892 peccantium.
2760 2844 2780 2876 3
2829 2823 3185 2893 Septuaginta
3208 2863 3223 2885 ,
3265 2822 3425 2893 ἐδόθη
3461 2823 3559 2874 ἐπὶ
3593 2822 3692 2893 ψὴν

2110 2894 2301 2947 Θυσίαν
2330 2894 2597 2964 ἁμαρτία,
2629 2910 2646 2942 ι
2675 2897 2858 2946 datum
2896 2898 3271 2964 estpadversns
3299 2893 3543 2964 hostiam
3571 2906 3693 2960 pec.

2110 2975 2315 3018 catum.
2342 2959 2654 3025 3'Saiictes,
2689 2981 2707 3014 ι
2736 2975 2949 3030 tempus
2973 2962 3189 3015 dabitur
3217 2972 3413 3017 contra
3439 2959 3579 3029 jaige
3608 2976 3692 3015 sa-

2112 3034 2403 3098 critieium,
2432 3042 2657 3101 propter
2690 3033 3217 3101 praevaricationem.
3244 3049 3264 3082 3

424 3101 629 3179 Christi
684 3102 986 3179 Salvatoris
1029 3100 1275 3179 seipsum
1331 3100 1562 3179 mutabit
1613 3119 1914 3179 supportare
1948 3114 2001 3157 et
2030 3119 2075 3179 ς
2180 3102 2245 3156 Ει
2274 3100 2594 3179 corrumpet.
2623 3100 2705 3155 Ita
2742 3112 2896 3157 vetus
2926 3103 3135 3166 codex;
3162 3103 3374 3169 excusi,
3415 3119 3436 3154 ς
3466 3109 3525 3157 et
3572 3116 3693 3156 cor-

425 3173 733 3238 venditare,
782 3173 1012 3245 dicens:
1057 3194 1075 3227 ‹
1104 3173 1373 3245 Egorsum
1421 3173 1693 3230 Christus.
1723 3192 1741 3226 3
1788 3173 2003 3245 Judzeos

426 3253 613 3312 autem
668 3244 941 3311 prmeipne
996 3244 1177 3299 mente
1224 3244 1336 3312 jam
1407 3246 1673 3300 alienatos
1739 3244 2001 3306 seducet,

426 3308 648 3366 Christo
670 3308 1046 3379 praeliioneiite
1081 3332 1094 3367 :
1136 3333 1155 3365 ι
1188 3308 1245 3368 Si
1287 3314 1424 3369 alius
1454 3316 1687 3379 venerit,
1738 3313 1886 3366 illum
1922 3327 2008 3365 re-

428 3382 644 3450 cipietis
682 3382 750 3434 “.
799 3399 818 3432 3
868 3379 1215 3438 llurrendum
1265 3384 1369 3437 hoc
1428 3382 1642 3437 facinus
1686 3382 2007 3450 Hippolytus

431 3450 593 3505 latius
644 3452 957 3518 explicans,
1018 3469 1213 3506 novem
1281 3453 1541 3507 articulos
1612 3463 1895 3505 enumerat
1953 3450 2006 3503 in

429 3520 633 3586 quibus
679 3524 936 3574 seductor
987 3523 1077 3577 ille
1108 3522 1388 3579 Christum
1440 3521 1641 3574 imitari
1689 3519 2004 3575 conabitur.

431 3590 826 3660 Augustinqu
885 3607 902 3640 ι
942 3591 1137 3646 Filium
1191 3592 1284 3646 Dei
1342 3591 1733 3660 omnipotentis
1787 3603 1846 3660 se
1889 3601 2010 3641 esse

432 3660 743 3731 mentietur.
775 3658 841 3714 Et
877 3672 1061 3728 postea
1091 3658 1750 3731 Jerosolymam'veniens
1780 3658 2011 3712 circum-

432 3728 579 3800 cidet
613 3744 671 3783 se
718 3731 946 3785 dicens:
982 3732 1095 3800 Ego
1137 3748 1258 3786 sum
1307 3728 1557 3786 Christus
1606 3729 1760 3783 vobis
1797 3741 2008 3800 repro-

430 3798 651 3864 missus,
680 3803 773 3868 qui
806 3800 873 3853 ad
917 3798 1147 3855 salutem
1181 3810 1419 3856 vestram
1464 3801 1608 3853 veni.
1635 3817 1653 3849 3
1688 3798 2011 3868 Ambrosius

431 3869 488 3923 in
520 3884 613 3923 xxi
653 3866 852 3925 Luem:
895 3892 914 3922 «ι
946 3872 1321 3926 Antichristus
1369 3885 1435 3924 ex
1480 3869 1780 3938 Scripturis
1818 3866 2013 3938 dispu-

434 3939 570 3995 tabit
600 3955 657 3996 sc
686 3956 805 3995 esse
825 3942 1121 3996 Christum.
1149 3961 1167 3993 3
1191 3942 1232 3995 Τ
1241 3942 1568 3997 heodoretns
1597 3934 1648 3993 in
1674 3939 1717 3993 ll
1735 3939 1800 3992 ad
1818 3934 2009 3991 Thess.

432 4024 485 4080 ς.
519 4026 598 4077 ii:
637 4030 655 4063 ι
687 4010 936 4080 Seipsum
991 4012 1268 4066 Christum
1319 4011 1643 4065 nominabit.
1694 4028 1713 4060 3
1781 4006 2014 4080 Cyrillus

431 4078 759 4150 Jerosolym.
785 4077 1007 4137 'catech.
1036 4081 1102 4135 15
1127 4101 1142 4136 :
1172 4100 1190 4133 ί
1225 4084 1459 4136 Satanas
1486 4081 1704 4135 inducet
1726 4077 2015 4147 quemdam

434 4151 711 4205 hominem
751 4150 887 4205 falso
923 4154 1163 4220 seipsum
1198 4152 1479 4206 Christum
1532 4150 1919 4219 appellantem,
1952 4159 2017 4198 ac

434 4235 531 4285 per
564 4221 706 4275 banc
737 4222 1154 4290 appellationem
1186 4222 1399 4277 Judtcos
1429 4220 1806 4286 decipientem,
1842 4234 1861 4267 3
1908 4223 2014 4290 e_tc.

435 4283 570 4345 Cum
610 4283 956 4360 itaque'tam
998 4305 1064 4345 ex
1110 4293 1306 4348 divinis
1356 4283 1654 4357 Scripturis
1703 4283 2016 4360 quataPa-

439 4362 614 4415 tribus
659 4356 1013 4417 manifestum
1047 4362 1118 4416 sit
1148 4356 1548 4417 Antichristum
1590 4375 1687 4428 pro
1730 4356 2019 4428 Messiaet

438 4430 726 4487 Salvatore
770 4434 958 4486 mundi
994 4446 1053 4487 se
1084 4433 1516 4502 venditaturuni,
1549 4424 1799 4498 is'tudque
1841 4424 2018 4502 nullus
2049 4448 2093 4502 ι)

439 4515 680 4575 unquam
721 4502 1043 4575 pontiﬁcum
1083 4502 1457 4575 Romanorum
1490 4501 1556 4554 de
1598 4496 1782 4575 seip'so
1826 4496 2020 4575 prdidi.-

438 4568 666 4637 cav'erit,
694 4568 805 4627 toto
833 4572 975 4628 ctelo
999 4573 1252 4626 aberrant
1284 4572 1443 4640 hujus
1475 4572 1736 4639 temporis
1759 4568 2020 4629 lneretici,

438 4657 563 4712 cuui
598 4644 705 4712 hoc
738 4646 995 4712 probrum
1023 4640 1485 4712 apostolica:_sedi
1520 4640 1784 4712 tribuunt.

408 4720 413 4741 ί
509 4708 619 4765 Per
646 4708 940 4765 Danielem.
968 4708 1310 4767 Sic'Graccus
1339 4709 1575 4763 Mattha-i
1602 4717 1910 4774 contextus,
1936 4709 2024 4762 διὰ

438 4782 683 4853 Δανιήλ’
750 4782 1055 4837 communis
1129 4781 1328 4846 editio,
1394 4798 1413 4831 ‹
1461 4796 1490 4833 a
1548 4779 1813 4846 Daniele;
1850 4799 1868 4831 3
1926 4786 2022 4834 sed

439 4854 606 4907 idem.

516 4922 822 4976 Eradicari.
874 4923 1186 4980 Delevimus
1250 4939 1267 4971 σ
1305 4921 1588 4976 eradicare
1629 4939 1648 4971 3
1712 4927 1857 4975 auct.
1913 4931 2023 4975 vet.

440 4994 562 5051 cod.

511 5064 673 5121 Dedit
710 5066 930 5121 sanctis.
964 5064 1196 5120 Codices
1243 5063 1463 5129 excusi,
1503 5082 1521 5113 ί
1552 5061 1701 5116 dedit
1733 5071 1974 5119 sanctus.
2001 5081 2020 5114 3

515 5135 740 5206 Tempus
800 5134 1211 5206 praevenitalta
1270 5136 1457 5206 legunt
1502 5133 1740 5206 “codices
1793 5133 2025 5206 excusi,

442 5203 652 5273 quibus
679 5203 912 5262 concors
959 5217 1046 5260 est
1080 5205 1274 5260 Graeca
1326 5203 1566 5258 Danielis
1622 5204 1805 5267 lectio,
1855 5204 1949 5255 καὶ
1998 5203 2027 5253 ὁ

443 5278 633 5348 nemo;
680 5276 902 5346 ἔφθασε.
961 5276 1361 5345 Hieronymus,
1408 5292 1444 5348 ¢_
1471 5284 1681 5340 tempus
1735 5275 2019 5348 advenit.3_

446 5344 613 5418 Vci'ns
644 5344 838 5414 codex,
876 5367 894 5399 ι
920 5344 1205 5418 pervenit;
1239 5365 1257 5398 3
1304 5345 1449 5415 quod
1480 5345 1753 5399 communi
1797 5344 2021 5398 editioni

447 5416 643 5471 melius
671 5416 925 5486 quadrat.

517 5486 594 5540 De
626 5484 800 5540 decem
836 5490 1103 5542 cornibus.
1136 5486 1301 5542 Vetus
1326 5486 1518 5549 codex,
1555 5504 1573 5536 ι
1603 5492 1657 5539 et
1693 5484 1876 5539 decem
1905 5498 2027 5539 cor-

445 5572 575 5611 nua.
600 5576 620 5609 3
659 5560 1020 5613 Consentium
1053 5558 1315 5613 llebraica
1346 5569 1402 5613 et
1432 5556 1622 5611 Graeca
1659 5555 1843 5623 lectio,
1877 5570 2027 5609 com-

447 5629 739 5698 munisque
768 5627 959 5683 Latina
988 5630 1175 5684 editio.

523 5786 566 5821 “
597 5787 755 5846 Joan.
785 5804 839 5857 v,
867 5787 957 5843 i5.
1034 5786 1257 5861 PBt-at.
1289 5786 1354 5843 de
1388 5785 1712 5844 Antichrist.
1740 5826 1745 5827 ν

2110 3173 2314 3241 rumpit
2335 3182 2387 3225 et
2416 3170 2620 3240 dirigit.
2649 3191 2669 3224 3

2177 3238 2251 3294 Et
2277 3238 2547 3310 quomodo
2577 3256 2683 3295 una
2718 3257 2899 3295 manu.
2942 3238 3108 3295 Vetus
3138 3239 3344 3306 codex,
3382 3258 3402 3293 ι
3434 3256 3543 3295 ova
3582 3254 3696 3310 ma-

2109 3309 2298 3365 nuum.
2323 3329 2341 3362 3
2396 3312 2774 3380 Septuaginta,
2816 3309 2911 3363 καὶ
2950 3311 3026 3372 ὡς
3057 3309 3142 3363 ᾠὰ
3164 3312 3243 3381 γὲν
3278 3313 3430 3381 χειρὶ
3464 3309 3696 3381 συντρι-

2106 3381 2220 3450 ψει,
2250 3399 2268 3431 ι
2293 3381 2446 3449 quasi
2477 3393 2584 3450 ova
2617 3396 2777 3433 manu
2810 3389 3072 3450 conteret.
3098 3398 3117 3430 3
3150 3380 3401 3444 Sanctes,
3435 3380 3698 3435 Vatablus

2109 3448 2165 3504 et
2194 3448 2499 3505 communis
2523 3448 2707 3509 editio,
2751 3467 2769 3498 ι
2799 3449 2918 3503 sine
2953 3449 3202 3503 manibus
3233 3460 3574 3505 conteretur.
3596 3469 3618 3502 3

2185 3521 2291 3583 Qui
2337 3533 2526 3586 purum
2579 3520 2943 3589 sacri/icium.
2998 3518 3318 3589 Hippolytus
3372 3531 3591 3588 martyr
3640 3527 3698 3573 et

2111 3589 2348 3659 Ephrem
2376 3590 2555 3659 Syrus
2576 3588 2618 3618 ¹¹
2644 3590 2751 3659 hoc
2791 3589 2965 3655 ipsum
2997 3588 3066 3643 de
3100 3588 3456 3643 sanctissimo
3489 3591 3699 3642 eucha-

2113 3656 2280 3712 ristize
2326 3656 2597 3712 sacriﬁcio
2646 3656 3116 3725 interpretantur;
3164 3660 3309 3725 quod
3371 3669 3485 3710 tum
3542 3660 3698 3710 Antio

2112 3728 2302 3782 christi
2331 3737 2385 3781 et
2420 3729 2794 3781 ministrorum
2828 3726 2946 3792 ejus
2990 3729 3303 3797 tyrannide,
3348 3728 3436 3780 vel
3478 3729 3701 3794 penitus

2114 3797 2535 3862 intermittetnr,
2577 3797 2663 3849 vel
2699 3797 2750 3849 in
2782 3798 2980 3850 abditis
3014 3810 3069 3851 et
3102 3798 3334 3851 occultis
3378 3798 3516 3851 locis
3559 3799 3701 3850 dun-

2117 3876 2267 3921 taxat
2299 3865 2688 3937 celebrabitur.
2736 3866 3148 3937 Viderintrergo
3181 3865 3522 3927 Lutherani,
3571 3867 3700 3937 Cal-

2115 3938 2358 3999 viniani,
2404 3936 2799 4003 Anabaptistm,
2840 3944 2895 3989 et
2941 3935 3034 3989 alii
3087 3935 3245 4002 huius
3276 3939 3379 3990 invi
3434 3936 3694 3999 seetarii,

2117 4022 2279 4075 quam
2323 4005 2485 4057 latam
2511 4006 2559 4075 ei
2591 4007 2731 4058 viam
2762 4014 2957 4074 parent
2984 4015 3037 4060 et
3064 4010 3465 4060 conimuniant.

2188 4074 2255 4127 Et
2289 4076 2492 4127 libutio.
2520 4072 2598 4128 ιω
2639 4072 2792 4129 vetus
2823 4077 3016 4129 codex.
3054 4078 3439 4143 Septuaginta,
3471 4074 3697 4144 σπονδὴ,

2118 4146 2173 4199 id
2208 4154 2292 4199 est
2329 4163 2347 4194 (
2374 4145 2632 4198 libamen.
2656 4163 2674 4195 3
2720 4146 2946 4198 Sanctes
2973 4154 3029 4199 et
3062 4145 3344 4208 Vatablns,
3379 4164 3401 4199 ι
3421 4146 3649 4198 oblatio.
3671 4161 3693 4195 3

2119 4216 2435 4271 Communis
2461 4215 2649 4281 editio,
2687 4232 2706 4267 ι
2731 4214 3079 4269 sacriﬁcium.
3107 4234 3126 4266 3
3160 4215 3348 4283 Itaque
3389 4216 3697 4269 delevimus

2126 4302 2144 4336 ι
2175 4284 2393 4339 levatio.
2425 4303 2443 4336 3

2341 4352 2394 4407 J.
2425 4353 2557 4406 Ern.
2585 4352 2769 4406 (ἐι-αὺιί
2803 4352 3228 4407 adnotationibus
3260 4355 3313 4407 in
3349 4371 3471 4423 cap.
3498 4353 3594 4407 25.

2194 4423 2322 4493 Pag.
2347 4425 2472 4477 525.
2505 4423 2620 4476 Hoc
2646 4435 2719 4477 est
2759 4425 3042 4475 triennium
3072 4432 3121 4475 et
3155 4439 3246 4477 sea:
3272 4441 3499 4481 menses.
3530 4424 3699 4491 llujtts

2126 4495 2589 4561 interpretationis
2628 4495 2741 4561 ipse
2767 4494 2827 4546 S.
2850 4493 3087 4547 Joannes
3116 4504 3308 4547 auctor
3347 4504 3459 4559 est,
3487 4497 3700 4561 Apoca-

2126 4566 2338 4634 lypseos
2376 4580 2496 4632 cap.
2530 4577 2625 4627 xit,
2659 4563 2750 4615 ubi
2781 4578 2832 4615 ν.
2867 4563 2930 4616 16
2980 4563 3174 4617 mulier
3218 4565 3419 4617 dicitur
3457 4583 3476 4614 ι
3509 4566 3699 4617 volare

2129 4638 2181 4688 in
2218 4637 2511 4697 desertum,
2558 4635 2610 4685 in
2643 4634 2816 4686 locum
2867 4647 3046 4696 suum,
3075 4634 3163 4687 ubi
3192 4634 3359 4686 alitur
3408 4650 3507 4702 per
3560 4644 3699 4687 tem-

2128 4719 2264 4773 pus,
2310 4715 2363 4757 et
2421 4716 2697 4770 tempora,
2752 4712 2807 4755 et
2860 4703 3142 4757 dimidium
3222 4708 3507 4773 temporis.
3545 4723 3566 4755 3
3635 4704 3701 4756 Et

2128 4789 2271 4827 vers.
2297 4776 2330 4828 6
2358 4792 2369 4827 :
2410 4791 2429 4823 ‹
2456 4774 2644 4825 Mulier
2678 4774 2816 4841 fugit
2844 4773 2896 4825 in
2928 4773 3297 4837 solitudinem,
3333 4777 3422 4826 ubi
3457 4776 3699 4827 habebat

2130 4844 2305 4897 locum
2348 4855 2594 4912 paratum
2624 4858 2654 4895 a
2681 4843 2824 4907 ,Deo,
2871 4852 2929 4895 ut
2975 4843 3047 4895 ibi
3083 4854 3309 4911 pascant
3348 4858 3469 4896 eam
3508 4844 3701 4896 diebus

2135 4915 2280 4968 inille
2313 4913 2561 4967 ducentis
2587 4913 2899 4981 sexaginta,
2928 4930 2947 4963 3
2980 4916 3072 4980 qui
3103 4915 3273 4980 ipsius
3302 4916 3361 4967 S.
3387 4913 3619 4967 Joannis
3646 4922 3703 4966 et

2138 4985 2300 5038 totius
2336 4986 2395 5037 S.
2422 4983 2721 5051 Scriptura:
2747 4982 2908 5051 stylo,
2940 4999 3047 5052 quo
3088 4983 3307 5051 triginta
3360 4984 3538 5037 solum
3584 4987 3702 5036 dies

2130 5055 2355 5123 singulis
2387 5056 2664 5108 mensibus
2708 5053 3039 5123 tribuuntur.
3068 5065 3259 5107 exacte
3291 5064 3402 5107 tres
3443 5068 3621 5105 annos
3647 5063 3702 5105 et

2132 5122 2237 5178 scx’
2255 5137 2469 5179 menses
2494 5123 2788 5194 complent.
2820 5122 2970 5177 Unde
3001 5139 3100 5190 cap
3147 5138 3203 5176 xx
3228 5125 3472 5191 ejusdem
3501 5126 3700 5176 divina:

2131 5198 2548 5264 Apocalypseos,
2579 5212 2597 5244 ι
2624 5207 2837 5248 menses
2861 5195 3218 5263 quadraginta
3245 5202 3371 5258 duo,
3398 5213 3418 5246 3
3466 5210 3701 5263 quorum

2132 5279 2273 5320 Vcrs.
2302 5266 2338 5317 ‘2
2380 5268 2438 5320 lit
2474 5266 2698 5327 mentio,
2728 5274 2988 5319 continuo
3022 5280 3165 5319 vers.
3190 5267 3224 5319 3
3255 5267 3310 5319 in
3348 5284 3371 5316 ι
3399 5267 3519 5319 dies
3558 5267 3702 5318 inille

2127 5334 2393 5390 ducentos
2420 5336 2700 5405 sexaginta
2726 5354 2746 5389 3
2786 5336 3155 5389 resolvuntur.

2199 5406 2267 5460 In
2291 5407 2572 5460 novissimo
2607 5406 2750 5475 regni
2787 5405 3045 5475 ipsorum.
3071 5407 3306 5461 lrenteus
3331 5406 3479 5461 haud
3506 5404 3701 5475 legisse

2128 5479 2340 5533 videtur
2370 5475 2763 5548 πληρουμένων
2792 5474 2901 5548 τεῶν
2930 5477 3234 5548 ἁμαρτιῶν,
3261 5480 3338 5532 uti
3369 5493 3518 5532 nunc
3558 5474 3703 5528 ιαδλ

2129 5550 2264 5604 edit.
2301 5564 2406 5600 una
2441 5562 2562 5601 cum
2607 5546 2879 5601 llebraico
2913 5546 3060 5602 textu
3089 5550 3274 5603 habet.

2198 5618 2269 5673 Et
2308 5618 2662 5673 admirabilis.
2705 5615 2943 5674 lrenaeus
2974 5619 3057 5674 vel
3106 5621 3376 5689 interpres
3426 5617 3548 5690 ejus
3594 5633 3699 5676 non
