3970 6378
282 383 417 440 1821

1554 385 1620 440 ΙΝ
1660 384 1787 441 LIB.
1833 385 1876 439 Υ
2016 387 2293 442 ΙΒΕΝᾹΞΙ.

3396 389 3539 448 182⁸2

278 500 655 578 cap.__Liplme
698 498 925 578 ede/ten:
973 500 1127 578 Cujus
1171 502 1336 578 verba
1385 502 1738 578 recitantur;
1762 518 1860 578 nec
1888 506 1930 564 Α
1964 504 2143 578 futura
2202 519 2428 578 qumque
2490 505 2799 560 hominibus
2846 507 3204 574 persuasisse.
3276 508 3537 578 Origenes

281 574 610 631 refelluntur
665 587 692 624 a
727 570 901 624 doctis
929 580 983 624 ct
1018 573 1300 625 catholicis
1346 573 1663 626 auctoribus
1699 572 1862 627 Gala-

281 646 401 698 tiuo
451 643 547 695 lib.
586 656 662 705 tv,
714 656 834 707 cap.
873 640 975 703 20;
1024 641 1151 694 Pico
1196 641 1571 695 Mirandulano
1619 642 1714 696 lib.
1750 658 1858 706 vu;

282 711 539 779 llcptapli
575 725 694 777 cap.
725 710 779 771 4,
821 719 875 761 et
908 710 1200 764 Francisco
1232 709 1437 764 Veneto
1465 712 1603 764 libro
1638 711 1712 764 De
1737 714 1864 763 har-

280 782 462 836 mouia
510 781 713 842 mundi,
762 790 907 833 cant.
939 782 992 837 5.
1040 789 1166 832 tono
1202 781 1255 841 ἶ.
1302 795 1425 846 cap.
1457 781 1508 833 7.
1567 780 1860 835 Oracolum

280 852 389 906 hoc
425 849 705 903 declarant
754 861 818 900 ac
868 850 1197 914 coniecturis
1244 850 1424 902 multis
1467 860 1520 903 et
1570 866 1674 903 non
1710 865 1862 918 sper-

284 920 481 975 nendis
547 917 875 973 coalirmaut
942 919 1182 987 insignes
1249 918 1459 972 rabbini
1531 917 1752 974 Selomo
1810 930 1865 973 et

283 989 456 1045 Isaac.
1258 1016 1259 1019 π

359 1060 439 1112 Ex
498 1056 710 1111 Latinis
757 1057 1149 1111 ecclesiasticis
1204 1057 1479 1119 Patribus,
1542 1058 1862 1112 sententiam

286 1128 432 1184 hanc
476 1127 877 1193 amplectuntur
920 1135 975 1179 et
1029 1135 1246 1179 tuentur
1278 1127 1592 1179 Lactantius
1641 1126 1735 1181 lib.
1764 1143 1864 1191 vn,

295 1214 413 1265 cap.
443 1197 503 1250 M
532 1211 546 1259 ;
584 1196 817 1266 llilarius
850 1196 901 1247 in
942 1212 1063 1262 cap.
1095 1212 1203 1266 xvii
1237 1196 1469 1259 Mattli.;
1508 1197 1866 1266 Hieronymus

295 1264 617 1334 epistolaad
651 1265 998 1334 Cyprianum,
1031 1278 1084 1319 et
1113 1265 1407 1318 Comment.
1454 1268 1505 1317 in
1536 1280 1655 1332 cap.
1683 1264 1731 1318 iv
1769 1266 1867 1319 Mi-

291 1338 487 1398 chaarc;
515 1333 847 1387 Gaudentius
874 1334 1164 1388 Brixianus
1192 1344 1423 1388 tractatu
1447 1335 1513 1387 it)
1540 1336 1605 1389 de
1636 1336 1868 1390 lectione

286 1404 620 1470 evangelica.
679 1402 863 1454 Refert
897 1406 1144 1457 eamdem
1193 1413 1248 1457 ct
1282 1404 1615 1472 Augustinus
1664 1405 1757 1456 lib.
1796 1420 1865 1457 xx

286 1474 367 1527 De
396 1475 538 1525 civit.
568 1472 685 1536 Dei,
719 1487 836 1538 cap.
865 1472 917 1529 7.
967 1484 1025 1525 ut
1052 1473 1429 1535 verisimilem,
1466 1474 1593 1527 licet
1635 1473 1762 1527 alibi
1803 1474 1867 1526 il-

288 1542 395 1595 lam
428 1543 842 1609 impugnaverit.
889 1541 1076 1596 Glossa
1110 1543 1293 1606 etiam,
1325 1557 1445 1610 quae
1469 1542 1747 1595 ordinaria
1783 1559 1868 1595 vo.

286 1623 468 1673 catur,
516 1611 654 1663 idem
705 1622 1023 1664 constanter
1055 1610 1308 1676 aﬂirmat,
1362 1615 1472 1663 inv
1513 1626 1632 1674 cap.
1669 1612 1863 1667 Genes.

287 1682 433 1733 Inter
461 1680 683 1734 Graecos
724 1696 853 1733 vero
886 1681 1088 1745 placuit
1120 1683 1231 1733 lucc
1262 1681 1445 1744 Opinio
1477 1679 1691 1734 Justino
1724 1698 1869 1734 mar-

290 1752 419 1820 tyri,
458 1764 552 1802 seu
605 1749 780 1820 cuivis
810 1750 960 1820 alteri
1016 1749 1224 1803 auctori
1274 1749 1636 1814 Qua'stionum
1685 1752 1752 1802 ad
1784 1767 1869 1802 or-

1964 576 2109 628 eniin
2141 590 2202 627 ea
2242 575 2736 644 verbaiexponens,
2770 578 2965 642 quibus
2998 577 3250 630 Satanam
3281 575 3534 634 Doti-inus

1964 645 2215 698 convenit
2245 644 2382 711 apud
2407 643 2549 698 Job:
2583 663 2600 694 ι
2627 645 2778 699 Unde
2802 648 2952 700 venis
2978 648 3060 699 '7?
3084 667 3101 698 ι
3135 650 3357 701 scribit:
3386 671 3406 697 ι
3428 650 3537 701 Un-

1964 713 2031 765 de
2064 715 2215 767 venis
2236 714 2256 766 ?
2281 713 2363 766 Ab
2390 714 2720 775 homicidiis,
2758 732 2787 768 a
2821 717 3198 783 sanguiuibus.
3232 723 3299 771 ab
3330 717 3538 771 adulte-

1965 784 2083 843 riis,
2116 799 2143 834 a
2176 784 2360 842 furtis.
2392 798 2420 835 a
2459 784 2774 845 mendaciis.
2828 785 3019 838 horum
3054 797 3246 847 auctor
3274 797 3326 839 et
3352 787 3538 839 inven-

1968 862 2050 904 tor
2075 853 2344 905 exsisteus
2376 867 2538 919 super
2586 862 2809 906 terram.
2856 854 3006 907 Unde
3041 856 3187 907 venis
3219 857 3307 908 tu?
3346 857 3427 909 Ab
3457 858 3539 909 iu-

1970 923 2282 973 leruecimie
2318 922 2471 981 Abel,
2508 937 2535 971 τι
2574 924 2848 991 gigantum
2900 925 3252 991 impudicitia,
3308 940 3336 976 a
3390 936 3539 978 turre

1965 992 2341 1070 contumaciae,
2373 992 2440 1044 ab
2474 991 2614 1044 Esau
2647 992 2928 1056 aviditate,
2971 1011 2998 1045 ιι
3044 992 3346 1047 Pharaonis
3374 994 3543 1063 perti-

1967 1076 2148 1121 nacia,
2179 1079 2196 1110 ι
2234 1070 2341 1113 etc.

2042 1129 2170 1197 Pag.
2220 1129 2347 1183 5‘28.
2416 1126 2639 1197 Propter
2698 1130 3065 1197 nequissimam
3119 1132 3529 1199 generationem.

1966 1198 2174 1251 Praster
2209 1214 2293 1259 ea,
2327 1214 2447 1267 qua:
2474 1214 2626 1253 sacra
2660 1199 2885 1253 Genesis
2913 1210 3301 1254 commemorat
3329 1202 3393 1253 de
3418 1217 3541 1254 sce—

1969 1268 2173 1321 leribus
2202 1268 2504 1327 hominum,
2550 1267 2780 1322 Berosus
2808 1269 3087 1322 Annianus
3117 1269 3263 1322 addit
3294 1270 3542 1335 impieta-

1971 1347 2077 1390 tem
2106 1337 2381 1407 gigantum
2433 1350 2495 1390 eo
2527 1338 2873 1405 pervenisse,
2911 1349 2967 1391 ut
3015 1342 3239 1391 abortus
3287 1352 3545 1407 procura-

1972 1416 2114 1467 rent,
2150 1421 2289 1473 quos
2317 1406 2368 1457 in
2394 1407 2568 1459 edulia
2605 1408 2706 1459 sibi
2742 1415 2995 1475 pararent
3028 1426 3039 1459 :
3072 1406 3357 1468 matribus,
3386 1423 3542 1459 soro-

1971 1475 2142 1533 ribus.
2176 1475 2415 1535 ﬁliabus,
2449 1476 2707 1529 masculis
2744 1488 2795 1529 et
2831 1478 2998 1529 brutis
3030 1478 3541 1543 reminiscerentur,

1972 1544 2216 1611 nihilque
2248 1544 2474 1597 sceleris
2508 1560 2626 1598 esse
2656 1547 2798 1612 quod
2827 1562 2930 1597 non
2965 1547 3359 1609 commiserint,
3387 1544 3525 1599 ccele

1970 1615 2132 1667 stium
2167 1616 2239 1666 ita
2266 1622 2322 1683 et
2357 1613 2558 1668 ultione
2605 1614 2725 1668 illos
2772 1625 3095 1683 perurgente
3125 1629 3222 1683 pro
3264 1615 3545 1683 impietate

1971 1694 2136 1749 atque
2168 1682 2486 1736 sceleribus.

2043 1752 2146 1816 Qui
2177 1751 2274 1819 fuit
2302 1769 2332 1804 a
2358 1751 2579 1804 dilui-io.
2620 1751 2938 1805 llololatrizc
2961 1761 3160 1815 ortum,
3197 1768 3542 1822 progressum

290 1820 466 1882 thod.,
494 1828 684 1885 quaest.
711 1819 797 1872 7l.
838 1819 946 1872 Sex
981 1821 1097 1889 istis
1126 1820 1383 1889 millibus,
1417 1820 1739 1888 quingentos
1772 1836 1867 1871 an-
1899 1833 1937 1885 Β
1969 1830 2021 1877 et
2072 1824 2406 1873 incrementa
2444 1823 2510 1873 ab
2542 1839 2804 1888 aquarum
2855 1819 3209 1876 inundatione
3245 1819 3543 1889 acoepisse.

288 1904 391 1942 nos
419 1890 618 1941 addere
648 1889 823 1942 visum
854 1898 937 1942 est
965 1888 1270 1957 Hippolyto,
1309 1888 1517 1957 Cyrillo
1549 1900 1603 1941 et
1632 1889 1861 1956 Chryso-

288 1968 489 2015 stomo,
528 1966 582 2009 ut
628 1968 816 2011 auctor
849 1969 930 2010 est
967 1957 1270 2011 Germanus
1302 1958 1861 2026 Constantinopolita-

291 2044 413 2091 nus,
450 2028 588 2079 libro
622 2027 696 2080 De
728 2028 935 2080 tlteoria
962 2044 1137 2079 rerum
1167 2027 1353 2081 eccles.

361 2097 706 2166 Perspectum
729 2096 854 2148 mihi
872 2106 952 2149 est
976 2099 1112 2147 hanc
1131 2097 1456 2149 sententiam
1474 2109 1718 2166 Oppugna
1730 2099 1769 2151 ri
1795 2100 1864 2151 ab

287 2165 616 2235 Augustino,
639 2165 787 2217 Com.
809 2166 860 2217 in
879 2165 1015 2217 Psal.
1042 2181 1089 2216 vt
1114 2173 1167 2217 et
1182 2181 1404 2228 Lxxxtx,
1425 2165 1582 2233 atque
1598 2168 1755 2234 epist.
1775 2168 1864 2234 89,

289 2234 516 2303 insuper
542 2249 569 2285 a
596 2234 734 2305 Beda
762 2235 814 2287 iu
843 2234 982 2288 Psal.
1002 2250 1238 2297 Lxxxtx;
1274 2252 1342 2288 an
1369 2250 1498 2289 vero
1524 2235 1667 2288 illam
1699 2251 1867 2305 expu-

290 2316 481 2373 gnent,
513 2304 749 2356 viderint
779 2305 924 2357 docti
954 2316 1006 2357 et
1039 2306 1181 2357 acuti
1216 2320 1403 2357 eorum
1436 2305 1690 2359 lectores.
1746 2304 1868 2361 Hzcc

289 2385 495 2435 autem,
531 2373 581 2424 ni
629 2373 813 2443 fallor,
839 2373 1057 2443 aliquod
1084 2374 1504 2426 emolumentum
1539 2374 1767 2428 allerent
1801 2378 1867 2429 ad

290 2458 480 2496 eorum
513 2442 886 2512 r_eprimeudos
916 2442 1204 2506 clamores,
1243 2444 1333 2510 qui
1377 2452 1581 2496 temere
1614 2444 1869 2512 nullaque

292 2514 503 2565 ratione
528 2509 588 2564 B.
618 2513 840 2579 martyri
870 2514 968 2565 hac
1002 2514 1068 2566 de
1105 2528 1160 2566 re
1191 2509 1560 2565 vehementius
1587 2509 1867 2576 insultant,

290 2592 347 2634 et
384 2582 569 2648 lapsus
604 2596 738 2648 quos
770 2590 959 2647 putant
993 2583 1239 2647 Patrum,
1275 2582 1556 2648 aliquanto
1583 2592 1870 2637 contume-

291 2650 485 2706 liosius
518 2651 874 2703 insectantur.

366 2718 652 2789 Prophetia
684 2730 781 2772 est.
825 2718 881 2772 Si
914 2720 1072 2773 enim.
1111 2719 1562 2789 Conjunctionem
1600 2722 1682 2774 «si
1708 2739 1727 2771 ι
1778 2722 1873 2773 ad-

287 2788 543 2857 iecimus,
571 2796 626 2841 et
646 2791 931 2843 sententia:
959 2792 1238 2856 periodum
1268 2790 1694 2856 immutavimus,
1724 2799 1869 2845 auct.

293 2869 404 2911 vet.
444 2860 567 2911 cod.
1776 2904 1799 2925 ,

365 2925 463 2979 Fit
492 2927 778 2980 secundum
808 2928 1108 2996 imaginem.
1154 2929 1528 2996 Expunximus
1560 2946 1578 2979 ι
1601 2930 1726 2984 scit.
1762 2948 1778 2977 ι

370 2996 822 3060 Quemadmodum
848 2999 1065 3065 quidam
1096 3001 1161 3052 de
1187 3000 1400 3052 nostris.
1456 2999 1655 3053 Euseb.
1692 3000 1788 3051 lib.
1816 3013 1872 3053 ιιι

296 3065 526 3126 "istan.
562 3081 680 3133 cap.
706 3067 796 3129 50,
832 3068 970 3119 hanc
1016 3071 1340 3121 sententiam
1377 3068 1434 3120 Β.
1463 3068 1653 3133 lguatii
1683 3069 1877 3121 Antio-

1969 1901 2095 1945 ante
2122 1891 2382 1943 lreuteum
2414 1891 2620 1958 scripto
2662 1891 2879 1957 reliquit
2909 1891 3157 1945 Clemens
3205 1894 3359 1945 liom.
3397 1893 3489 1945 lib.
3526 1908 3543 1945 ι

1968 1959 2182 2025 Recog.,
2217 1973 2463 2029 nempea
2494 1961 2761 2012 scelerata
2789 1960 2960 2012 Cham
2988 1962 3263 2029 progenie.
3295 1960 3546 2015 Justinus

1969 2031 2019 2081 in
2048 2029 2298 2082 Oratione
2324 2030 2391 2079 ad
2417 2026 2650 2089 Crwcos,
2691 2039 2745 2080 et
2768 2026 3136 2095 Athenagoras
3162 2031 3212 2081 in
3246 2030 3545 2097 Legationc,

1966 2097 2258 2165 Orphicum
2293 2098 2577 2149 llorentem
2612 2106 2855 2163 tempore
2886 2097 3156 2152 Gedeouis
3188 2099 3417 2159 llebrzei.
3467 2098 3545 2151 uti

1968 2164 2138 2221 refert
2186 2164 2479 2237 Eusebius.
2515 2165 2998 2237 aroluﬂaoxtiscqv,
3034 2168 3086 2219 id
3146 2177 3230 2221 est
3284 2167 3548 2234 multipli-

1968 2239 2112 2290 cium
2176 2236 2404 2288 deorum
2458 2234 2716 2287 falsorum
2771 2234 3108 2304 conditorem
3158 2246 3322 2304 atque
3375 2237 3551 2302 magi-

1969 2316 2141 2359 strum
2169 2305 2463 2371 appellant.
2493 2304 2850 2372 Epiphanius,
2882 2305 3037 2357 initio
3074 2302 3297 2357 l’ouarii
3327 2315 3381 2357 et
3404 2304 3551 2371 ejus-

1972 2378 2093 2429 dem
2122 2374 2577 2440 Anacephalteosi.
2609 2383 2770 2426 (male
2804 2372 3012 2427 Sarnch
3041 2376 3194 2426 abavi
3226 2376 3551 2441 patriarcha:

1970 2443 2199 2498 Abrahae
2217 2443 2511 2510 profectam
2531 2442 2883 2495 idololatriam
2907 2443 3069 2505 dicit;
3100 2445 3183 2495 cui
3208 2443 3550 2496 subscribuut

1972 2516 2200 2581 August.
2242 2511 2485 2581 XVIIIADB
2516 2514 2677 2573 εὶινὲ1.,
2707 2526 2832 2581 cap.
2868 2512 2959 2573 1‘2,
3001 2521 3057 2563 et
3087 2511 3318 2579 Cyrillus
3346 2514 3502 2565 Alex.
3532 2526 3548 2565 ι

1974 2592 2027 2635 et
2058 2578 2113 2633 iit
2142 2579 2337 2633 Contra
2366 2579 2664 2633 lulianum.
2715 2578 2951 2649 Isidorus
2982 2578 3293 2649 suspicatur
3326 2581 3551 2634 Prome-

1976 2654 2182 2712 theum,
2238 2663 2398 2716 quem
2456 2650 2791 2717 temporibus
2823 2647 3043 2716 Jnsephi
3082 2647 3422 2717 patriarchae
3470 2650 3551 2701 vi-

1976 2722 2122 2773 xisse
2156 2720 2349 2771 scribit
2384 2719 2647 2772 Eusebius
2668 2720 2736 2782 ³⁸,
2793 2734 3028 2786 prnmun
3081 2720 3323 2772 omnium
3376 2717 3551 2771 simu-

1978 2790 2123 2842 lacra
2158 2787 2435 2840 hominum
2482 2789 2549 2841 de
2584 2788 2696 2840 luto
2732 2787 2973 2841 tinxisse.
3022 2787 3305 2842 Calatinus
3341 2788 3437 2842 lib.
3476 2802 3552 2851 tv,

1978 2874 2098 2925 eap.
2133 2858 2221 2923 ‘20,
2276 2857 2542 2909 idolorum
2596 2857 2801 2909 cultum
2837 2858 2902 2907 ad
2958 2857 3350 2911 Nembrothum
3386 2857 3555 2923 Assy-

1980 2929 2192 2996 riorum
2236 2938 2526 2996 tyrannum
2549 2929 2748 2996 refert,
2802 2926 3001 2994 quippe
3035 2928 3124 2995 qui
3158 2926 3406 2980 homines
3441 2926 3553 2994 igni

1980 3012 2134 3051 sacra
2174 2994 2352 3049 facere
2386 3007 2439 3048 et
2473 2995 2654 3049 colere
2686 2997 2949 3063 coegerit.

2054 3065 2179 3118 Haec
2230 3077 2412 3118 autem
2462 3065 2527 3116 de
2560 3080 2740 3118 crassa
2789 3062 2877 3117 illa
2913 3074 2964 3117 et
2996 3074 3224 3119 externa
3281 3062 3551 3116 idolorum

296 3136 461 3214 ebeni
489 3150 575 3214 ep.
612 3144 665 3214 et
718 3139 971 3214 martyris
1021 3139 1087 3191 ad
1129 3139 1447 3214 verbumex
1480 3134 1687 3214 irenaao
1724 3147 1874 3190 trau-
1905 3160 1946 3214 ς
1983 3134 2295 3214 inventione
2346 3134 2606 3214 cultuque
2661 3145 3084 3214 percruentas
3111 3137 3226 3187 sive
3267 3134 3551 3214 hominum

297 3204 512 3277 scribit,
541 3206 675 3277 inde
703 3204 1085 3277 demonstrans
1129 3207 1270 3260 illius
1299 3208 1556 3277 epistolas
1590 3217 1643 3259 et
1674 3218 1873 3277 marty-

303 3275 443 3326 rium
463 3274 679 3347 _pri§_co_s
710 3275 889 3347 magni
922 3277 1280 3347 existimasse.
1317 3273 1490 3330 Verba
1515 3278 1657 3329 enim
1683 3273 1871 3347 lgnaiii

299 3352 430 3396 sunt
462 3344 515 3395 in
550 3342 790 3408 Epistola
820 3346 889 3395 ad
924 3343 1207 3399 Romanos.

372 3411 546 3466 Porro
578 3428 696 3465 cum
722 3412 810 3466 alii
832 3416 997 3465 etiam
1024 3416 1211 3482 lgnatii
1240 3414 1587 3483 epistolarum
1620 3414 1876 3481 frequen-

300 3494 388 3555 ter
419 3483 764 3555 meminerint
799 3485 976 3555 magni
998 3485 1247 3555 nominis
1280 3500 1553 3552 proceres,
1592 3495 1649 3537 ut
1686 3485 1877 3555 Diony-

297 3554 413 3606 sius
445 3550 712 3620 AreOpag.
746 3566 865 3619 cap.
891 3551 923 3603 4
955 3553 1077 3605 libri
1105 3552 1177 3606 De
1204 3550 1395 3607 diuinis
1428 3568 1605 3616 nom.;
1635 3550 1877 3606 Athana-

300 3622 416 3676 sius
450 3620 546 3689 lib.
583 3621 655 3672 De
703 3622 957 3689 synodis;
1004 3621 1375 3676 'l'heodoretus
1407 3625 1457 3675 in
1497 3625 1669 3675 tribus
1703 3623 1871 3676 dian

298 3691 421 3761 gis;
454 3688 789 3761 Nicephorus
823 3690 912 3744 lib.
941 3707 977 3744 ιι
1008 3690 1285 3757 llistoriw,
1319 3708 1440 3761 cap.
1468 3692 1559 3754 39,
1589 3702 1640 3744 et
1668 3692 1761 3761 lib.
1789 3708 1870 3755 ιιι,

252 3787 261 3797 -
298 3759 421 3827 cap.
454 3759 551 3821 i9;
589 3761 856 3812 Antonius
890 3761 1104 3815 Melissa
1143 3763 1237 3813 lib.
1266 3778 1306 3822 ι,
1345 3759 1455 3814 ser.
1488 3763 1574 3823 Η,
1610 3773 1658 3814 et
1693 3760 1787 3814 lib.
1816 3779 1873 3825 ιι,

298 3842 410 3883 ser.
446 3827 532 3891 l9,
569 3828 661 3888 εὖ,
692 3828 783 3892 45,
818 3828 905 3889 67.
945 3830 1014 3883 84
1052 3839 1106 3885 et
1141 3832 1244 3894 89;
1290 3831 1557 3883 Maximus
1608 3831 1775 3881 abbas
1821 3842 1876 3884 et

302 3908 516 3970 martyr
536 3912 799 3970 sermone
828 3901 927 3970 45_;
974 3900 1331 3970 Hieronymus
1361 3901 1557 3970 Contra
1585 3899 1872 3970 Elridium,

299 3978 358 4021 et
418 3964 470 4021 iu
523 3964 813 4035 Catalogo;
866 3968 1114 4023 Gclasius
1167 3964 1427 4022 Adversus
1478 3968 1767 4035 Eutychen,
1825 3984 1876 4022 et

302 4037 615 4106 complures
644 4038 731 4089 alii
759 4055 772 4090 :
802 4050 1013 4103 oportet
1043 4039 1323 4092 Calvinum
1368 4048 1421 4090 et
1449 4038 1873 4106 Magdeburgeu-

302 4121 395 4161 ses
441 4107 681 4159 oumimn
724 4108 1190 4176 protlgatissimos
1221 4118 1273 4161 et
1304 4108 1697 4175 perditissimus
1731 4123 1875 4172 esse,

304 4177 398 4247 qui
432 4177 549 4230 illas
581 4178 934 4247 subSaunaut,
978 4178 1219 4231 lacerant
1247 4188 1301 4230 ct
1331 4176 1613 4247 rejiciu‘ut.’

589 4244 843 4313 Ejusdem
872 4248 1239 4300 adnotatione:
1271 4248 1326 4299 in
1361 4263 1476 4312 cap.
1501 4245 1592 4299 29.

379 4315 512 4385 Pag.
546 4316 672 4370 327.
724 4315 869 4367 illud
897 4318 1036 4384 quod
1067 4327 1142 4368 est
1178 4319 1261 4369 sui
1289 4315 1516 4368 arbitrii.
1576 4316 1875 4371 Conﬁrmat

305 4401 497 4441 rursus
521 4386 824 4456 libertatem
847 4386 1064 4456 arbitrii
1088 4386 1341 4449 humani;
1374 4396 1705 4453 quapropter
1732 4387 1878 4456 Mag-

303 4456 681 4524 dcburgenses
716 4455 912 4509 rubore
959 4454 1194 4508 sull‘uudi
1233 4458 1511 4518 deberent,
1566 4458 1653 4522 qui
1691 4454 1875 4509 l’ati-es

304 4525 561 4593 antiquos
588 4525 689 4578 hac
743 4525 794 4577 in
834 4540 892 4579 re
926 4526 1027 4578 sibi
1060 4541 1164 4578 non
1210 4535 1464 4578 constare
1506 4527 1877 4593 scripserunt:

305 4596 414 4649 nisi
464 4596 711 4647 homines
732 4605 942 4666 essent,
989 4609 1126 4665 quos
1154 4595 1392 4648 infamiae
1427 4610 1537 4649 sua:
1572 4611 1746 4663 neque
1782 4612 1883 4666 pu-

306 4665 454 4726 deat,
488 4678 662 4730 neque
693 4663 895 4730 pigeat.

381 4732 630 4786 Conditio
679 4735 966 4787 insumitur
994 4734 1217 4789 homini.
1280 4731 1335 4787 Id
1370 4743 1476 4801 est,
1515 4734 1766 4788 universa
1817 4735 1885 4789 ad

308 4817 467 4855 nsum
505 4802 737 4855 hominis
769 4802 981 4858 condita
1018 4805 1273 4869 fuerunt;
1316 4805 1369 4857 id
1402 4807 1545 4872 quod
1581 4807 1743 4858 latius
1775 4814 1884 4858 tra—

309 4881 536 4942 etautet
564 4872 987 4938 interpretantur
1009 4876 1185 4937 l’ltilo,
1219 4875 1309 4927 lib.
1344 4872 1417 4926 De
1441 4874 1646 4942 api/icio
1678 4876 1885 4938 mutuli,

306 4938 542 4993 Basilius
574 4954 624 4994 et
654 4945 971 4996 Ambrosius
1008 4945 1057 4996 in
1100 4942 1356 4997 "exuent.

384 5008 450 5061 lu
478 5011 741 5079 profundo
774 5013 1108 5079 insipientia’,
1134 5013 1298 5082 juste.
1344 5012 1433 5066 Sic
1459 5013 1584 5082 legit
1611 5022 1765 5068 vetus
1796 5027 1887 5067 c0-

309 5080 451 5151 des;
481 5082 689 5143 eXcusi,
726 5083 1077 5150 citisipientia
1109 5080 1228 5151 ejus
1264 5092 1334 5147 te,
1367 5102 1385 5134 ι
1426 5080 1533 5137 εις.

390 5150 454 5201 Et
486 5152 655 5215 palea.
690 5153 1029 5205 Auctoritate
1060 5150 1162 5205 vet.
1193 5154 1315 5208 cod.
1350 5153 1711 5221 expuiiximus
1744 5170 1760 5202 ι
1791 5167 1886 5218 pa-

312 5219 464 5299 leas;
496 5239 512 5270 ι
554 5233 607 5274 et
643 5237 763 5273 mox
801 5236 898 5289 pro
948 5224 1298 5285 (assumitur,
1330 5219 1640 5276 assentetur
1663 5242 1681 5274 ι
1729 5238 1887 5290 repo-

317 5304 548 5343 sumius.

389 5358 519 5422 Qua:
566 5359 709 5427 facta
739 5369 813 5414 est
839 5376 904 5413 ea:
935 5361 1171 5429 angelica
1201 5362 1491 5427 apostasia.
1552 5360 1771 5414 Certum
1807 5371 1890 5414 est

312 5440 592 5497 apostatas
621 5439 674 5482 et
709 5432 1150 5499 prwvaricatores
1176 5431 1397 5498 angelos
1425 5446 1532 5485 non
1563 5433 1732 5483 solum
1761 5432 1887 5483 hor—

313 5500 481 5570 renda
516 5515 577 5551 ea
626 5498 808 5570 omnia
845 5498 1064 5570 ﬂagitia,
1115 5502 1168 5553 in
1212 5503 1411 5567 quibus
1455 5512 1582 5554 ante
1632 5502 1889 5553 diluvium

314 5568 495 5623 Omnis
527 5585 655 5624 caro
708 5568 984 5624 luxuriose
1026 5571 1343 5639 perdithue
1400 5571 1641 5641 degerat,
1695 5572 1790 5625 sed
1836 5578 1889 5637 et

1979 3207 2095 3257 sive
2131 3206 2411 3256 brutormn
2450 3204 2718 3266 victimas,
2775 3203 3119 3271 intelligenda
3157 3204 3315 3256 modo
3365 3217 3555 3271 cense-

1981 3290 2129 3337 rem;
2182 3269 2970 3342 qnaudoquidcmpeccatum'
2993 3273 3311 3342 angelorum
3346 3281 3401 3326 et
3436 3269 3551 3339 pri-

1980 3359 2190 3396 morum
2226 3349 2511 3410 parentum
2545 3341 2905 3394 idololatriatn
2934 3341 3263 3410 Spiritualem
3298 3349 3351 3393 et
3386 3341 3554 3392 inter-

1979 3429 2101 3465 nam
2141 3413 2425 3464 nominant
2474 3410 2795 3463 Ambrosius
2843 3412 2894 3465 in
2934 3426 2980 3464 vt
3031 3426 3151 3478 cap.
3183 3410 3249 3463 ad
3301 3410 3462 3478 Boni.
3500 3419 3553 3460 et

1976 3482 2271 3549 Augustin.
2304 3490 2498 3547 qumst.
2530 3479 2598 3533 83
2646 3494 2709 3531 ex
2764 3479 2915 3534 Novo
2970 3477 3345 3534 Testamento.
3409 3477 3553 3542 Quin

1979 3547 2142 3605 etiam
2174 3547 2420 3602 Justinus
2460 3559 2669 3617 martyr
2696 3550 2902 3616 primos
2932 3559 3188 3618 parentes
3222 3560 3436 3601 nostros
3469 3561 3569 3613 pa-

1980 3621 2161 3673 radiso
2210 3622 2416 3688 ejectos
2470 3619 2622 3682 dicit,
2658 3620 2800 3687 quod
2849 3622 2978 3673 deos
3029 3620 3278 3688 crederet
3319 3622 3414 3683 qui
3450 3633 3554 3688 non

1978 3697 2184 3753 essent,
2218 3686 2554 3755 deorumque
2590 3686 2785 3741 nomen
2821 3688 3055 3757 posteris
3084 3686 3393 3739 tradidisse.
3435 3686 3558 3736 Am-

1981 3760 2196 3812 brosius
2232 3758 2324 3810 lib.
2364 3757 2437 3809 De
2467 3758 2741 3823 paradiso,
2778 3774 2897 3825 cap.
2930 3758 3017 3820 15,
3052 3764 3361 3825 serpentem
3399 3764 3556 3805 vocat

1979 3829 2244 3895 originem
2274 3822 2614 3880 idololatriae.
2653 3822 2957 3879 Observaut
2992 3838 3207 3895 quoque
3236 3822 3488 3895 Clemens
3514 3834 3555 3874 tt

1981 3890 2273 3962 Rec'ognitq
2331 3895 2663 3962 'l‘heophilus
2696 3890 3067 3946 Autiochenits
3103 3890 3138 3944 ti
3175 3892 3254 3943 Ad
3289 3890 3468 3962 Antei.
3502 3900 3557 3943 et

1979 3960 2227 4016 Justinus
2257 3963 2407 4017 Orat.
2438 3960 2667 4031 partem,
2703 3973 3006 4031 serpentem
3041 3963 3274 4029 primmn
3309 3960 3552 4011 omnium

1981 4036 2111 4086 deos
2166 4035 2532 4087 multitudinis
2578 4048 2800 4084 numero
2857 4032 3185 4089 nominasse.
3249 4040 3307 4083 ut
3356 4039 3555 4081 tetrum

1980 4118 2225 4156 errorem
2261 4104 2465 4157 sensim
2503 4104 2643 4155 inter
2678 4101 2924 4154 homines
2976 4101 3366 4154 introduceret.
3429 4095 3560 4166 Opi-

1982 4182 2184 4225 nantur
2238 4172 2291 4224 itt
2330 4188 2523 4239 magna
2573 4170 2768 4224 Genesi
2818 4169 3025 4223 Hebraei
3062 4170 3213 4224 Caiui
3251 4168 3554 4239 improbant

1983 4241 2297 4314 progeniem
2333 4236 2653 4314 invaluisse,
2676 4243 2966 4314 _l)eun_ique
2999 4249 3053 4314 et
3099 4240 3214 4306 ejus
3248 4241 3314 4289 de
3362 4236 3557 4314 Messia

1981 4304 2365 4379 promissioues
2384 4313 2536 4363 nihili
2562 4304 2813 4373 duxisse;
2840 4304 3155 4379 Heuochum
3179 4320 3311 4379 vero
3333 4306 3439 4357 veri
3467 4304 3557 4356 Dei

1983 4376 2374 4436 invocationem
2396 4394 2702 4440 renovasse,
2729 4380 2938 4432 caneris
2962 4380 3026 4431 ad
3056 4376 3410 4429 idololatriattt
3435 4388 3562 4441 pro-

1984 4450 2329 4528 clivioribus;
2380 4465 2626 4528 quorum
2672 4451 2939 4528 jutlxcittut
2987 4448 3253 4528 approbat
3284 4456 3338 4498 et
3373 4445 3559 4497 laudat

1986 4520 2234 4574 Oleaster
2266 4517 2558 4573 Lusiianus
2585 4520 2876 4573 Comment.
2895 4517 3182 4577 Cingb'enes.

2054 4588 2279 4657 Propter
2304 4606 2421 4658 qua:
2450 4599 2495 4642 ct
2527 4590 2779 4640 diluvium
2809 4588 3127 4658 superveniet
3153 4586 3313 4653 ignis.
3366 4584 3556 4658 ilguem

1985 4655 2269 4729 postremis
2296 4655 2481 4711 mundi
2507 4657 2954 4726 conflagrationis
2985 4655 3255 4729 intelligit,
3289 4657 3559 4729 quitheo-

1985 4726 2231 4796 logoruni
2261 4731 2549 4794 sententia,
2587 4740 2640 4779 et
2673 4730 2904 4780 tuediatu
2932 4736 2987 4778 et
3022 4727 3259 4796 intimam
3289 4726 3431 4778 aeris
3452 4737 3556 4796 Are-

1984 4794 2220 4869 gtouem,
2250 4800 2490 4866 adeoque
2519 4799 2825 4849 uuiVersam
2853 4808 3078 4856 terram,
3108 4805 3162 4847 et
3188 4795 3361 4863 ipsum
3391 4794 3555 4869 etiam

1992 4863 2139 4920 mare
2190 4863 2474 4920 ardoribus
2523 4869 2637 4920 suis
2670 4869 2927 4934 corripiet
2980 4875 3141 4933 atque
3191 4863 3560 4933 perpurgabit.

1992 4938 2071 4991 De
2105 4937 2205 4990 hoc
2239 4953 2266 5005 a
2303 4936 2571 5005 Propheta
2607 4937 2807 4990 dictum
2846 4936 3075 5005 volunt:
3118 4952 3136 4984 ι
3162 4934 3305 5004 lgnis
3340 4935 3392 5005 iu
3428 4946 3562 4985 con-

1991 5017 2180 5075 spcctu
2216 5004 2332 5073 ejus
2383 5004 2702 5060 exardescet
2725 5006 2791 5068 ’³,
2843 5017 2990 5068 etc.;
3027 5004 3169 5070 Ignis
3204 5015 3331 5057 ante
3383 5004 3557 5070 ipsum

1994 5078 2260 5144 prmeedet
2284 5076 2348 5139 ³ο,
2377 5095 2394 5126 i
2425 5088 2528 5129 etc.
2589 5077 2654 5128 Et
2688 5092 2717 5128 a
2755 5075 2811 5130 li.
2847 5077 3009 5129 l’etro
3046 5092 3059 5126 :
3100 5092 3118 5124 ι
3149 5075 3419 5126 Elementa
3465 5087 3559 5124 ca-

1992 5146 2111 5198 lore
2157 5149 2456 5211 solventur,
2511 5156 2649 5198 terra
2692 5155 2872 5197 autem
2928 5154 2983 5196 et
3028 5158 3147 5210 quae
3199 5146 3253 5197 in
3292 5145 3401 5210 ipsa
3438 5150 3563 5195 sunt

1992 5231 2157 5283 opera
2207 5228 2570 5279 evurentur,»
2629 5213 2649 5265 ι
2692 5215 2809 5268 Pet.
2854 5230 2937 5279 ιιι,
2982 5216 3060 5267 10.
3118 5211 3247 5265 Vide
3281 5225 3561 5265 sermones

1997 5295 2367 5355 tractatusque
2420 5286 2477 5337 B.
2513 5286 2743 5355 Ephrem
2788 5287 2909 5355 Syri
2958 5284 3021 5355 de
3076 5283 3473 5355 resurrectione
3506 5291 3560 5334 et

1995 5355 2178 5408 l'uturo
2228 5352 2458 5421 judicio,
2518 5366 2573 5409 et
2633 5352 3224 5409 Patres'scholasticos
3277 5354 3342 5404 ad
3400 5354 3559 5403 linem

1996 5426 2086 5480 lib.
2118 5440 2169 5478 tv
2204 5424 2354 5481 Sent.
3306 5445 3312 5453 '

2186 5497 2348 5564 200
2378 5494 2627 5563 Ejusdem
2658 5493 3022 5547 adnotatione:
3052 5492 3106 5544 in
3129 5507 3249 5564 cap.
3279 5489 3369 5564 330.

2064 5557 2354 5637 Pup—6'23.
2398 5557 2494 5619 [lis
2522 5574 2697 5619 autem
2722 5568 2797 5618 sic
2829 5580 2882 5618 se
2908 5557 3238 5616 habentibus.
3294 5557 3563 5617 Eusebius

393 5769 439 5801 '7
474 5767 575 5825 Job
628 5786 666 5836 ι,
700 5769 754 5825 7.
829 5770 873 5803 ’⁸
913 5769 968 5827 lu
1007 5769 1298 5827 Chronico.
1377 5770 1419 5804 ’⁸
1450 5771 1594 5829 Psal.
1631 5786 1777 5838 nux,
1804 5771 1856 5827 5.

2009 5768 2151 5827 l'sal.
2189 5784 2329 5835 χειν,
2370 5768 2435 5839 3η
