3970 6378
318 396 461 453 1825

1593 396 1660 453 ΙΝ
1698 396 1826 451 LIB.
1873 396 1911 451 ν
1950 395 2006 452 8.
2042 396 2324 453 IRENAZI.

3417 406 3438 458 1
3451 404 3556 461 826

294 508 430 571 ‘retn
464 531 588 571 esse
620 514 1033 576 existimarunt;
1070 510 1282 580 quando
1326 527 1516 567 omnes
1547 514 1734 568 bestiae
1768 514 1871 568 hu-
1900 517 1946 572 A
1975 528 2095 576 suo,
2147 513 2352 581 ingenti
2401 514 2598 580 gaudio
2621 555 2635 579 ,
2686 515 2842 570 tectis
2882 528 2944 569 ac
2975 514 3194 569 sedibus
3250 514 3364 572 suis
3407 533 3559 574 rere.

307 585 398 651 jus
428 586 827 654 Apocalypscos
860 583 1219 654 conditiones,
1247 592 1301 635 et
1324 584 1529 654 singula
1558 598 1676 651 qua:
1709 601 1736 654 a
1771 588 1875 652 pri-

312 655 424 709 scis
458 652 522 710 de
554 652 891 709 Antichristo
946 653 1146 719 scripta
1192 661 1360 712 stant,
1416 652 1467 704 in
1505 654 1594 706 illo
1641 652 1724 705 vel
1761 671 1875 707 ma-

307 724 412 792 jori
467 738 533 778 ex
590 733 744 793 parte
789 722 1115 789 jampridem
1173 721 1460 793 completa,
1517 722 1596 793 vel
1656 722 1707 774 in
1762 727 1876 778 dies

310 792 600 861 compleri
629 792 809 846 nullus
860 792 1065 861 estqui
1120 805 1226 844 non
1260 792 1463 845 videat.
1521 792 1875 861 Conjecturas

311 878 500 918 eorum
537 878 791 929 measque
826 860 1069 926 subjicio.

384 933 651 987 Convenit
709 928 954 999 inprimis
1018 928 1575 999 illiusiappellationii
1617 945 1876 986 numerus

310 1003 623 1058 Gra‘rarum
657 998 958 1054 litterarum
995 998 1229 1052 nominis
1262 998 1454 1052 bestiae
1487 1014 1516 1052 a
1550 998 1758 1053 Joanne
1792 1003 1876 1055 dec

312 1076 560 1138 signatus
585 1072 629 1103 ³⁸
666 1089 679 1124 :
713 1068 979 1138 siquidem
1034 1078 1176 1138 ego
1202 1068 1404 1138 littera:
1451 1069 1876 1138 nominisrhujus

312 1135 689 1205 MAOMETIS,
725 1135 837 1193 sive
866 1135 1243 1209 AMOMlE'l‘lS.
1280 1138 1355 1190 uti
1390 1138 1631 1209 scribunt
1671 1137 1876 1209 Euthy-

312 1213 457 1265 rnius
480 1212 546 1271 δ’.
602 1210 839 1264 Zonaras
861 1207 905 1239 ’⁸ο
940 1216 995 1261 et
1025 1206 1323 1271 Cedrenus,
1362 1207 1654 1262 coniiciunt
1687 1206 1876 1263 nume-

313 1297 433 1334 rum
469 1280 592 1334 666.

385 1352 566 1418 Signis
609 1356 663 1401 et
697 1345 971 1418 prodigiis
1013 1344 1404 1418 mendacibus,‘
1440 1347 1618 1418 qualia
1675 1345 1875 1402 Paulus

312 1419 428 1473 lilio
449 1413 775 1488 perditionis
813 1416 1020 1488 tribuit,
1051 1416 1357 1488 instructus
1380 1413 1480 1488 fuit
1504 1415 1873 1488 lllahometes:

312 1505 435 1542 nam
458 1484 525 1540 ’et
558 1488 694 1539 liber
726 1486 1093 1549 generationis
1124 1499 1257 1546 suae,
1293 1492 1348 1536 et
1383 1484 1572 1550 reliqui
1606 1499 1877 1539 commen-

312 1559 435 1611 tarii
474 1556 869 1611 Saracenorum
901 1553 1243 1616 Chronirt‘bn,
1280 1552 1648 1620 genealogiam
1704 1556 1874 1621 ipsius

312 1641 483 1694 usque
516 1627 582 1679 ad
617 1624 747 1677 Seth
781 1631 835 1675 et
868 1623 1039 1677 Adam
1095 1623 1420 1694 tnonstrosis
1455 1632 1510 1675 et
1551 1621 1875 1694 blasphemis

312 1692 509 1750 fabulis
541 1700 868 1756 contexunt;
927 1694 1147 1757 dehinc,
1203 1692 1342 1757 quod
1378 1692 1495 1743 sine
1541 1692 1652 1743 ullo
1686 1694 1873 1747 matris

309 1764 500 1818 dolore
531 1780 593 1818 ex
631 1772 784 1817 utero
818 1762 1097 1828 prodierit,
1154 1771 1206 1814 et
1240 1760 1598 1815 circumcisus
1650 1772 1703 1814 et
1739 1763 1875 1816 hila-

1977 585 2119 651 pisse
2155 583 2347 635 scribit
2406 584 2600 637 Paulus
2651 585 2915 639 Diaconus
2960 584 3045 648 *3;
3105 586 3195 651 qui
3254 595 3307 640 et
3358 588 3562 646 tributa

1978 662 2137 724 atque
2169 652 2449 724 vectigalia
2496 654 2568 706 illi
2599 654 2743 708 ultro
2782 654 3002 721 polliciti
3054 655 3356 719 solverunt,
3391 668 3561 724 atque

1980 722 2034 775 iu
2072 720 2366 792 perniciem
2405 722 2837 777 Christianorum
2875 725 2939 776 ad
2986 724 3087 776 hoc
3120 735 3335 792 tempus
3371 720 3560 781 Matio-

1978 790 2213 844 metanis
2241 805 2455 845 onmem
2486 806 2706 860 operam
2738 804 2792 847 et
2826 793 3065 845 studium
3101 790 3303 847 navant
3338 797 3556 849 etc-lar-

1977 862 2221 983 giuntur,
2252 860 2415 914 veluti
2444 862 2602 915 [idem
2646 862 2853 917 faciunt
2884 872 2937 916 et
2984 875 3230 917 recentes
3257 873 3310 917 et
3344 875 3557 923 veteres

1999 940 2240 983 ustorne.

1999 930 2240 983 tistori:e.

2048 1000 2117 1051 At
2150 1000 2537 1073 Antichristus,
2592 1001 2664 1053 ait
2703 1000 3010 1069 Apostolus,
3043 1001 3236 1056 eﬂ‘eret
3293 1017 3353 1057 se
3393 1020 3559 1073 supra

1978 1068 2030 1121 id
2062 1084 2222 1122 omne
2250 1072 2393 1137 quod
2425 1070 2777 1124 diciturlieus
2807 1073 3136 1133 antcolitur,
3176 1074 3250 1125 ita
3290 1083 3346 1125 ιιι
3373 1068 3558 1128 sedem

1978 1139 2419 1206 domiciliumque
2466 1154 2620 1192 suum
2661 1144 2713 1191 in
2764 1141 2960 1207 templo
2999 1142 3088 1194 Dei
3138 1142 3207 1196 sit
3253 1143 3558 1198 collocatu-

1980 1222 2070 1261 rus
2103 1208 2169 1263 λθ.
2198 1207 2551 1271 Mahotnetes,
2577 1208 2719 1262 dicet
2747 1210 2963 1275 aliquis,
2983 1226 3255 1277 nunquam
3281 1227 3339 1265 se
3364 1211 3557 1273 Deum.

1977 1278 2070 1329 sed
2097 1288 2356 1344 perpetuo
2394 1279 2687 1339 hominem,
2717 1280 3060 1345 prophetam,
3087 1290 3141 1333 et
3178 1282 3266 1333 Dei
3301 1281 3557 1336 nuntium

1977 1347 2324 1417 prmtlicatjn
2349 1347 2653 1417 Alcurano:
2699 1362 2874 1415 neque
2898 1386 2912 1410 ,
2952 1364 3112 1414 quam
3148 1366 3421 1417 nunquam
3459 1353 3558 1403 ob-

1977 1416 2139 1489 sedit,
2174 1416 2218 1468 is
2239 1415 2630 1489 Jm'osolymam
2662 1420 3019 1489 expugnavit;
3060 1434 3233 1486 neque
3268 1415 3320 1473 in
3357 1421 3560 1489 templo

1981 1484 2124 1556 illius
2156 1499 2255 1556 pro
2286 1484 2393 1536 Deo
2431 1486 2647 1537 habitus
2707 1486 2805 1538 l'uit
2854 1486 2920 1538 ⁸ο.
2979 1487 3025 1539 Is
3082 1484 3181 1541 hoc
3236 1484 3557 1556 responsum

1979 1550 2119 1604 ferat
2145 1550 2167 1629 ς
2186 1552 2291 1605 diis
2318 1556 2578 1629 omnibus
2611 1556 2971 1629 ethnicorum,
2992 1550 3343 1629 patriarchis,
3366 1559 3556 1629 Moysi,

1977 1623 2303 1689 cmtcrisque
2332 1624 2630 1689 prophetis,
2684 1624 2791 1676 imo
2817 1625 3031 1678 Christo
3063 1626 3168 1678 Deo
3210 1642 3335 1679 vere
3361 1638 3412 1680 et
3452 1623 3562 1681 De;

1979 1692 2123 1743 mino
2171 1702 2376 1751 nostro,
2407 1707 2471 1744 ac
2494 1692 2609 1759 ejus
2638 1708 2795 1745 sacro
2826 1692 3139 1762 Evangelii),
3196 1696 3560 1753 filahometem

1977 1775 2047 1831 se
2075 1762 2360 1825 profanum
2386 1776 2550 1831 suum
2579 1762 2931 1822 Alcoranum,
2964 1778 3031 1815 ex
3085 1764 3556 1831 philosophorum,

311 1833 530 1910 ris;__in
579 1834 694 1901 ejus
730 1830 890 1910 natali
926 1831 1115 1910 omnia
1156 1831 1306 1910 orbis
1363 1830 1500 1882 idola
1536 1832 1869 1910 corrueriut;
1908 1852 1950 1910 Β
1980 1829 2345 1910 ethnicorum,
2374 1829 2702 1910 Judaaornni,
2725 1832 3070 1910 Arianorum,
3102 1829 3556 1910 §abellianorunn

309 1901 528 1955 Lucifer
560 1900 812 1967 arreptus
845 1901 911 1952 ab
945 1900 1168 1968 angelis,
1220 1900 1507 1952 immersus
1557 1900 1718 1952 fuerit
1750 1915 1874 1966 pro-

308 1970 479 2026 fundo
529 1972 692 2023 maris
724 1969 1019 2034 Alcazum;
1075 1968 1217 2021 venti
1266 1976 1321 2020 et
1352 1982 1480 2019 aves
1514 1976 1569 2019 et
1603 1969 1771 2023 nubes
1804 1971 1873 2024 de

309 2042 631 2094 educatione
683 2039 798 2105 ejus
849 2039 1213 2099 decertarint;
1269 2038 1419 2090 asina
1473 2051 1601 2089 voce
1637 2039 1872 2095 humana

306 2111 519 2163 vocarit
571 2110 718 2161 illum
776 2108 1159 2174 prophetarum
1202 2106 1472 2173 sigillum;
1528 2115 1644 2158 atra
1699 2110 1873 2163 nubes

306 2180 450 2234 cmlo
481 2178 832 2247 quantumvis
864 2190 1081 2247 sereno,
1115 2191 1277 2247 supra
1313 2184 1475 2247 caput
1500 2176 1692 2247 ipsius
1724 2191 1871 2230 scm-

379 2265 405 2302 r
449 2244 738 2316 conspecta
774 2246 877 2309 sit;
933 2245 1114 2297 lunam
1140 2244 1430 2316 _bipcr_tito
1473 2245 1708 2316 divisam
1744 2260 1876 2299 con-

303 2313 548 2387 iunxerit
579 2313 633 2369 et
663 2316 993 2387 compegerit
1013 2330 1028 2378 ;
1049 2313 1375 2387 _a__Gab_riele
1406 2314 1649 2387 sublatus
1680 2316 1732 2387 in
1769 2329 1875 2369 cce-

307 2382 441 2451 lum,
479 2387 550 2440 ibi
598 2400 692 2437 sua
741 2382 995 2454 mysteria
1030 2383 1279 2454 didicerit
1302 2383 1368 2435 “.
1428 2382 1622 2437 Paulus
1676 2383 1873 2437 Diaco-

306 2455 482 2511 nus‘I
513 2464 568 2509 et
600 2451 840 2507 Zonaras
865 2452 909 2484 “
960 2451 1201 2505 referunt
1255 2466 1380 2505 eum
1434 2454 1560 2504 dum
1612 2454 1872 2507 comitiali

307 2526 525 2587 morbo,
581 2539 674 2578 seu
709 2523 966 2591 epilepsia
1005 2530 1326 2583 tentaretur,
1383 2522 1702 2587 excitatum,
1753 2534 1873 2591 post

306 2594 431 2649 aliis
483 2594 821 2663 persuasisse
872 2606 993 2646 sese
1047 2600 1158 2645 tum
1210 2605 1335 2645 cum
1387 2591 1716 2658 archangelo
1762 2592 1872 2647 Ga-

305 2662 491 2719 briele’
512 2662 687 2715 fabula
698 2662 762 2718 ri.

376 2734 432 2786 lu
484 2732 781 2801 Babylonia
845 2730 1178 2801 nasciturum
1236 2728 1645 2801 Antichristum,
1705 2740 1759 2784 et
1819 2732 1911 2785 in.

305 2798 616 2863 Betltsaida,
644 2801 991 2869 Capernaum
1022 2814 1085 2852 ac
1118 2798 1381 2869 Chorasiu
1407 2799 1625 2869 educari
1651 2801 1870 2864 debere,

306 2870 623 2941 Hieronymi
647 2867 734 2933 “,V
767 2870 949 2941 20],-
978 2868 1257 2941 Methodg
1286 2869 1545 2941 martyris
1570 2867 1637 2934 “,
1689 2871 1873 2940 Augu~

304 2942 435 2995 stini
465 2936 533 3003 “,
583 2950 637 2993 et
691 2936 885 3008 glojsae
938 2939 989 2991 in
1024 2936 1066 2988 ll
1098 2940 1162 2991 ad
1198 2936 1596 3001 Thessalonic.,
1654 2948 1726 3008 et,
1759 2936 1876 3006 plu-

307 3011 447 3065 rium
482 3007 713 3063 alioruni
743 3008 1014 3064 sententia
1051 3008 1153 3062 fuit
1197 3023 1209 3058 :
1247 3009 1389 3074 quod
1421 3017 1647 3060 eatenus
1683 3007 1872 3062 Maha-

305 3080 437 3135 tneti
470 3079 767 3134 convenire
795 3077 1057 3142 judicavit
1100 3075 1340 3130 Joannes
1386 3074 1705 3139 llentenius,
1741 3094 1874 3145 qna—

304 3159 467 3234 tenus
517 3158 720 3202 sectam
776 3147 919 3234 illius
951 3161 1071 3199 cum
1127 3146 1317 3234 primis
1368 3160 1555 3196 earum
1589 3148 1869 3227 civitatum
1899 3177 1942 3234 ο

305 3220 497 3274 incolae
526 3232 720 3286 magno
751 3216 930 3271 studio
963 3224 1019 3268 et
1060 3214 1230 3267 animi
1284 3214 1499 3267 fervore
1549 3218 1871 3286 receperint,

304 3285 650 3343 defenderint
692 3296 747 3341 et
787 3299 1087 3354 propagare
1113 3285 1166 3337 in
1203 3287 1345 3339 htntc
1379 3298 1550 3350 usque
1578 3285 1718 3337 diem
1755 3301 1875 3340 con-

305 3358 603 3412 tenderint.

372 3428 454 3481 Ad
481 3428 593 3480 haec
619 3440 743 3480 eum
772 3424 1107 3478 exoriturnm
1150 3437 1217 3478 ex
1252 3432 1415 3489 gente
1436 3421 1768 3488 Jutlmorum,
1793 3436 1875 3479 at-

300 3511 410 3566 que
440 3497 505 3549 de
550 3497 690 3550 tribu
743 3496 878 3558 Dan,
901 3508 1093 3566 omnes
1129 3492 1239 3545 fere
1266 3494 1625 3566 ecclesiastici
1672 3496 1875 3548 littera-

305 3561 426 3620 rum
467 3567 830 3618 monumentis
868 3564 1219 3630 reliquerunt.
1263 3561 1614 3617 Mahometem
1642 3566 1873 3618 Arabem

301 3649 425 3690 esse
457 3635 587 3687 nihil
614 3637 815 3695 obstat,
851 3635 1118 3701 siquidem
1149 3640 1320 3684 mater
1343 3631 1458 3697 ejus
1491 3632 1705 3697 Emina,
1734 3635 1875 3687 alias

302 3705 537 3769 l’lennia,
560 3702 743 3757 Judzea
776 3714 914 3767 erat,
939 3709 993 3755 et
1017 3701 1267 3755 fortassis
1293 3716 1359 3753 ex
1398 3704 1539 3756 tribu
1573 3702 1705 3754 Dan.
1732 3704 1877 3755 Prte-

301 3782 451 3828 terea
477 3775 708 3831 Arabes,
733 3774 986 3839 Agareni,
1019 3780 1072 3822 et
1119 3771 1405 3824 lstnaehtae
1439 3785 1505 3824 ex
1539 3782 1729 3825 sancto
1778 3787 1876 3838 pa-

306 3845 545 3896 triarcha
576 3841 850 3894 Abraham
885 3855 978 3909 per
1011 3839 1200 3893 lsmael
1231 3849 1286 3892 et
1320 3840 1480 3902 Esau,
1513 3850 1571 3891 ut
1599 3849 1653 3893 et
1678 3839 1872 3907 Judaei,

304 3911 697 3967 descenderant
723 3924 738 3973 ;
770 3922 931 3976 atque
967 3917 1093 3962 tttuc
1124 3910 1263 3961 inter
1290 3909 1388 3961 hos
1431 3922 1486 3961 et
1514 3910 1635 3962 illos
1658 3910 1869 3976 nuptia-

306 3997 424 4035 rum
448 3979 653 4034 fmdera
691 3992 1065 4046 sarpenumero
1116 3978 1520 4031 sanciebantur.
1563 3978 1703 4042 Quid
1744 3982 1873 4031 item

304 4051 555 4118 prohibet
587 4049 768 4118 dicere
797 4057 1040 4118 matrem
1078 4047 1348 4118 impurum
1374 4055 1609 4118 scortum
1642 4061 1705 4098 ex
1761 4048 1876 4099 viro

305 4114 489 4171 iribuli
512 4129 633 4175 suo.
654 4116 757 4168 hoc
771 4128 955 4169 semen
974 4114 1344 4170 adulterinum
1359 4116 1690 4181 suscepisse,
1710 4131 1829 4168 max
1841 4119 1878 4168 i-

306 4201 393 4241 tne
414 4200 536 4239 cum
564 4185 796 4239 doceant
814 4184 1005 4238 Patres
1029 4186 1174 4236 illum
1199 4198 1261 4236 ex
1287 4185 1619 4236 Salacissima
1650 4186 1876 4239 muliere

302 4256 679 4324 proditurum;
729 4254 924 4324 sicute
954 4254 1234 4324 contrario
1260 4253 1534 4324 Clu-istum
1570 4267 1639 4324 ett
1680 4255 1874 4307 imma-

303 4321 638 4379 culatissima
671 4333 727 4377 et
748 4322 1053 4375 beatissima
1098 4321 1353 4388 Virgine?
1395 4322 1571 4376 Locus
1603 4323 1877 4378 Gencseos

303 4402 465 4462 ciuem
489 4395 555 4463 ad
592 4394 931 4463 propositum
963 4392 1390 4463 continuandum
1435 4402 1730 4463 usurpant,
1768 4395 1877 4447 l'or-

302 4461 402 4515 siuti
434 4462 627 4515 melius
656 4461 721 4515 de
747 4461 1007 4515 Satnsonc
1038 4474 1196 4527 quam
1226 4462 1294 4530 de
1323 4462 1658 4515 Antichristo
1708 4476 1866 4530 expo-

304 4541 548 4601 neretur,
576 4534 1023 4601 quemadmodum
1066 4544 1164 4582 nec
1193 4529 1876 4601 dillitereutrllippolytus,

301 4599 619 4668 Procopius,
650 4599 899 4663 Gazaeus,
942 4599 1230 4667 pluresque
1278 4601 1367 4652 alii
1398 4598 1462 4652 ⁸⁷.
1512 4598 1616 4653 νει
1645 4598 1874 4668 spiritali

300 4671 713 4723 conveniendus
737 4685 895 4737 quam
927 4669 1142 4721 litterati
1162 4683 1344 4733 sensu,
1371 4669 1435 4722 de
1461 4669 1549 4721 illa
1584 4673 1721 4723 tribu
1744 4687 1876 4725 ven-

304 4742 462 4791 turus
491 4740 570 4793 sic
600 4740 1022 4808 intelligeretur;
1073 4739 1326 4807 quoniam
1355 4744 1493 4793 sicut
1522 4740 1633 4792 ι).ιιι
1665 4756 1768 4793 non
1803 4757 1871 4794 ex

302 4808 574 4872 hachele,
621 4823 722 4863 nec
761 4811 877 4868 Lia.
912 4808 1096 4860 liberis
1133 4809 1412 4869 uxoribus,
1445 4811 1537 4861 sed
1577 4824 1645 4863 ex
1677 4810 1870 4864 ancilla

302 4878 433 4930 Bala
463 4888 621 4947 natus
654 4890 768 4941 est;
795 4879 876 4930 sic
913 4878 1282 4930 Autichristus
1313 4878 1663 4943 Mahotnetes,
1699 4894 1871 4947 neque

302 4962 372 4999 ex
399 4950 541 5001 veris
565 4946 784 5011 Judaeis,
820 4960 994 5013 neque
1030 4962 1094 5000 ex
1124 4948 1464 5011 Christianis,
1500 4950 1589 5015 qui
1617 4949 1713 5001 soli
1745 4946 1868 5002 vera

306 5018 583 5086 religionis
617 5019 813 5086 pietate
849 5018 958 5070 Deo
1006 5017 1184 5070 devoti
1215 5027 1268 5070 et
1294 5020 1595 5072 consecrati
1626 5019 1867 5084 luerunt,

300 5098 456 5156 ortus
482 5096 584 5150 est,
620 5089 715 5141 sed
739 5102 803 5141 ex
829 5086 1055 5156 impuris
1080 5087 1350 5141 Arabibus
1375 5096 1428 5139 et
1454 5087 1741 5156 Agarenis.

377 5154 597 5225 ludat-os
639 5167 963 5225 excepturos
986 5154 1139 5211 illum
1157 5157 1208 5209 in
1248 5171 1403 5211 suum
1440 5154 1618 5225 regem
1656 5168 1712 5211 et
1747 5156 1880 5212 Mes-

302 5226 441 5281 siam
472 5224 739 5279 allirmant
770 5230 1133 5295 Augustinus,
1182 5226 1426 5296 Ηιειιυιι..
1465 5224 1719 5294 Lphrem,
1751 5228 1880 5296 llip-

303 5298 674 5365 polytus,ietc.
700 5298 781 5349 Ad
805 5300 1165 5349 Mahometcm
1194 5297 1347 5349 initio
1390 5295 1605 5349 Judaeos
1628 5295 1876 5350 caterva-

303 5364 787 5431 titn’conlluxisse,
822 5380 1053 5434 eumque
1094 5381 1193 5434 pro
1234 5367 1449 5421 Christo
1492 5375 1546 5420 et
1582 5368 1877 5424 liberatore

1020 5505 1064 5539 ³³
1112 5504 1239 5558 Par.
1295 5520 1331 5558 ll
1394 5501 1555 5567 Pam,
1612 5503 1695 5559 tit.
1744 5502 1834 5558 21.

375 5504 760 5576 ³⁸Αιιοικιιιιι,
796 5506 881 5559 17.
1020 5505 1064 5539 ³⁹
1112 5504 1239 5558 Par.
1295 5520 1331 5558 ll
1394 5504 1466 5555 Pa

375 5575 495 5629 Lib.
524 5591 659 5629 tum
685 5578 822 5629 lltst.
922 5574 967 5605 "
1000 5576 1152 5629 Tom.
1180 5571 1241 5629 Ill
1272 5574 1467 5627 Annal.

299 5576 346 5610 ι’
372 5575 502 5634 Lib.
524 5591 659 5629 mit
685 5578 822 5630 lltst.

302 5716 350 5748 ⁸⁰
379 5716 574 5770 l’etrus
602 5717 847 5769 Cluniae.
878 5718 1034 5785 epist.
1053 5718 1115 5768 ad
1143 5715 1204 5767 ι).
1242 5715 1503 5767 Bernard.

303 5785 459 5841 Joan.
492 5788 723 5864 de_0pp.
750 5783 966 5855 Cygas;
1002 5786 1158 5841 Sabel
1182 5785 1392 5840 Encade
1414 5788 1462 5848 8,
1504 5783 1595 5839 lib.
1630 5798 1702 5838 vr.

1946 5505 1991 5537 "°
2022 5505 2176 5561 Tom.
2208 5504 2272 5561 ΙΙΙ
2328 5503 2526 5561 Annal.

328 5571 659 5658 .’.L'tl.).-X$ltl
685 5578 822 5630 lltst.
869 5644 881 5658 ‘
922 5571 1467 5658 ιιξίΐιξιιι.ΙΙΙΙ-Αιιιιβιι.
1492 5643 1507 5658 ι
1563 5571 1684 5658 “in
1708 5589 1828 5658 cap.
1858 5589 1909 5658 ιιι
1946 5576 2087 5658 Dan.

304 5646 399 5700 lib.
430 5648 495 5701 de
517 5660 666 5700 eous.
719 5644 926 5710 mund.;
954 5644 1117 5699 Meth.
1152 5647 1204 5698 in
1236 5645 1453 5708 ltevel.;
1480 5643 1618 5710 Aug.
1663 5653 1821 5697 tract.
1866 5649 1933 5697 de
1965 5648 2216 5701 Antichr.
2315 5644 2360 5677 ’⁵⁸
2386 5644 2507 5701 Lib.
2537 5660 2669 5699 xvm
2706 5644 2845 5700 Hist.
2952 5649 2998 5680 δ’
3049 5651 3089 5703 ll
3143 5650 3338 5705 Thess.
3392 5664 3454 5715 ιι,
3491 5643 3549 5708 ἱ.

304 5716 350 5748 ⁸ο
379 5716 574 5770 Petrus
602 5717 847 5769 Cluniae.
878 5718 1034 5785 epist.
1053 5718 1115 5768 ad
1143 5715 1204 5767 ι).
1242 5715 1503 5767 Bernard.
1580 5712 1623 5742 ⁸¹
1652 5713 1853 5767 Chron.
1893 5714 2080 5770 Sarac.
2108 5720 2231 5771 Ant.
2252 5715 2471 5770 Floren.
2496 5716 2685 5779 tit.13,
2722 5731 2839 5784 cap.
2865 5716 2925 5783 ὃς
2964 5717 3215 5775 Ᾱῖιιίιοιιιε
3242 5722 3295 5775 in
3317 5719 3549 5787 Chron.;

304 5785 459 5840 Joan.
492 5788 557 5840 de
589 5788 723 5840 Uno.
750 5786 966 5840 Cvaas:
1002 5786 1158 5840 Sabel
1182 5785 1392 5840 Encade
1414 5788 1462 5840 8.
1504 5783 1595 5839 lib.
1630 5798 1702 5838 vr.
1815 5786 1859 5816 ⁸⁸
1883 5786 2019 5840 Dan.
2057 5802 2148 5840 vn.
2263 5786 2309 5818 ⁵³
2331 5790 2537 5840 Azuara
2568 5788 2651 5840 17.
2675 5786 2761 5840 58.
2797 5788 2885 5840 46.
2929 5788 2996 5840 liti
3021 5802 3072 5840 et
3103 5789 3193 5840 63.

1931 5805 2019 5841 λιιι.
2057 5802 2148 5843 νιι.

1979 1908 2031 1971 _e_l
2062 1897 2481 1971 Maniclneurnm
2516 1900 2863 1971 opinionibus
2893 1941 2917 1971 ,_
2963 1903 3240 1955 erroribus
3269 1941 3284 1965 ,
3334 1903 3551 1971 fabulis,

1976 1966 2329 2033 blasphemiis
2371 1979 2425 2023 et
2457 1966 2749 2031 furoribus,
2801 1978 2858 2022 ut
2891 1969 3264 2023 detestandum
3310 1982 3365 2025 et
3413 1966 3560 2028 mou;-

1975 2046 2252 2089 struosnm
2285 2039 2449 2111 chaos
2472 2037 2764 2111 conﬂatum
2798 2054 2859 2090 ac
2887 2043 3268 2111 compositum,
3296 2052 3555 2111 tauquam

1973 2119 2005 2159 e
2043 2120 2258 2159 summo
2290 2107 2426 2159 coelo
2452 2107 2733 2174 delapsum
2754 2107 2976 2161 omnino
3004 2107 3554 2174 prteferendum'sta-

1977 2174 2167 2239 tniSse,
2202 2190 2303 2228 nec
2361 2176 2412 2228 id
2469 2176 2678 2237 solum,
2713 2180 2805 2229 sed
2857 2184 2912 2229 et
2968 2178 3234 2231 sanxisse.
3298 2179 3553 2234 Alcorani

1974 2243 2441 2315 contemptoribus
2475 2260 2662 2309 ptenas
2686 2256 2921 2298 aeternas
2942 2248 3197 2310 minatur,
3223 2247 3431 2302 Azoara
3466 2249 3551 2315 13,

1977 2311 2061 2376 13,
2087 2314 2192 2388 .27,
2221 2314 2431 2388 ιιι,
2460 2316 2562 2375 70;
2593 2316 2770 2367 omnis
2820 2315 3071 2388 lalsitatis
3115 2329 3396 2388 expertem
3433 2311 3556 2388 pro;

1974 2382 2143 2454 ponit,
2199 2383 2561 2454 etoblirmate
2611 2385 2908 2447 contendit,
2966 2382 3301 2449 Azoaraﬁt),
3332 2382 3556 2454 22,312,

1973 2450 2141 2523 veluti
2234 2452 2489 2523 divinitus
2567 2463 2872 2519 acceptum,
2951 2455 3160 2508 Azoara
3242 2456 3276 2507 2
3324 2450 3553 2523 et'36;

1975 2520 2378 2593 Christianosa
2406 2521 2625 2575 Christo
2651 2525 2880 2574 salutem
2905 2538 3186 2593 nunquam
3210 2520 3554 2593 obtenturus,

1977 2590 2077 2659 nisi
2110 2589 2371 2659 beneﬂcio
2419 2599 2473 2643 et
2520 2593 2870 2659 deprecatore
2904 2589 3240 2656 Mahomete,
3278 2596 3330 2646 in
3375 2589 3557 2652 Collo;

1973 2658 2101 2725 quio
2142 2676 2265 2714 cum
2315 2658 2538 2713 Iudaeis.
2592 2658 2726 2714 Suis
2772 2663 3134 2715 sectatoribus
3180 2665 3556 2719 remissionem

1976 2739 2323 2796 peccatorum
2353 2730 2792 2802 etinultiplicem
2833 2732 3145 2802 paradisum
3195 2734 3368 2786 audax
3398 2735 3556 2802 polli-

1976 2806 2151 2871 cetur,
2172 2802 2385 2851 Azoara
2410 2799 2518 2871 ﬁet
2540 2800 2593 2853 5.
2622 2800 2831 2871 Μεδειιιιξ
2852 2800 2919 2852 ab
2943 2800 3196 2854 omnibus
3227 2816 3336 2855 sua:
3367 2799 3555 2871 snper-

1976 2867 2217 2939 stitionis
2244 2868 2597 2939 amatoribus,
2617 2869 2769 2937 quasi
2807 2869 2947 2939 Deus
2979 2879 3163 2922 neStro
3188 2867 3446 2939 tempore
3462 2888 3557 2926 co-

1975 2934 2120 3007 litur.
2160 2936 2477 3005 Complures
2503 2934 2761 3007 noui-unt
2792 2934 2836 2968 δι
2868 2953 3059 2990 manus
3084 2948 3139 2991 et
3171 2934 3333 3007 pedes
3364 2942 3555 2996 Maha-

1977 3005 2156 3077 meds,
2182 3010 2234 3059 in
2272 3005 2855 3077 tetnploderosolymis
2881 3008 2948 3059 ab
2988 3005 3478 3077 (liuarrzedillcato,
3521 3026 3553 3065 a

1976 3072 2921 3149 blahometaniscelebrarifSedet
2980 3075 3146 3149 etiam
3210 3092 3376 3143 nunc,
3416 3072 3553 3149 proh

1976 3144 2129 3197 dolor
2160 3146 2172 3197 l
2208 3146 2258 3197 in
2312 3145 2509 3212 templo
2558 3146 2669 3207 Dei,
2725 3146 2942 3211 quando
3000 3145 3235 3212 insignes
3293 3144 3555 3205 ecclesias

1976 3214 2209 3284 Africae,
2243 3216 2443 3284 Syriaz,
2475 3216 2722 3284 Arabite,
2750 3215 3053 3275 Armeniae,
3091 3215 3359 3281 Persidis,
3391 3222 3552 3283 Asiae,

1977 3282 2247 3344 Thraciae,
2276 3282 2517 3348 Achaize,
2552 3282 2891 3342 Macedoniae,
2956 3294 3085 3345 etc.,
3117 3285 3316 3337 Christi
3356 3287 3456 3341 [ide
3501 3282 3556 3342 et

1976 3353 2121 3405 cultu
2149 3363 2391 3420 prtVulaS
2413 3363 2470 3405 et
2491 3354 2770 3420 Spoliatas,
2799 3353 3009 3419 perdita
3043 3353 3184 3406 illius
3211 3366 3361 3409 secta
3393 3373 3557 3411 occu-

1979 3432 2091 3488 pat,
2111 3424 2346 3490 indeque
2370 3422 2499 3489 juge
2528 3437 2591 3476 ac
2607 3422 3040 3492 Christianorum
3067 3425 3417 3492 sacriﬁcium,
3445 3428 3556 3483 aris

1976 3491 2218 3557 dejectis,
2253 3489 2520 3544 disturbat
2545 3500 2600 3544 et
2626 3489 2871 3557 impedit.
2954 3517 2969 3521 -

2047 3562 2413 3614 Antichristus
2442 3571 2657 3628 respuet
2686 3560 2846 3623 idola,
2879 3561 3033 3616 aiunt
3058 3577 3179 3617 cum
3212 3562 3429 3619 Dauiele
3459 3565 3559 3620 Pa-

1983 3640 2095 3685 tres
2123 3632 2434 3685 orthodoxi.
2486 3630 2550 3683 Et
2607 3631 2923 3683 idololatras
2950 3632 3181 3686 debellat
3223 3633 3557 3691 Mahontetes

1982 3701 2497 3754 ratiocinationibus
2548 3715 2614 3753 ex
2669 3701 2908 3769 potentia
2954 3711 3006 3754 et
3042 3703 3295 3769 operibus
3331 3702 3424 3755 Dei
3462 3706 3555 3758 de-

1978 3771 2205 3837 cerptis,
2236 3770 2444 3845 Azoara
2484 3770 2576 3833 23,
2723 3768 2812 3845 62.
2868 3768 3144 3845 Uoitateui
3170 3770 3262 3845 Dei
3299 3773 3557 3845 plerum-

1976 3853 2081 3904 que
2110 3849 2164 3890 et
2194 3840 2392 3891 eximie
2425 3841 2761 3904 comprobat,
2785 3840 2993 3890 AlOal‘a
3020 3840 3074 3902 2,
3115 3841 3170 3901 ‘5,
3199 3838 3253 3897 4.
3294 3838 3347 3902 5,
3383 3841 3437 3902 6,
3463 3840 3551 3902 12,

1980 3909 2045 3959 13
2068 3945 2082 3969 ,
2137 3908 2221 3971 11,
2252 3908 2341 3973 16,
2389 3918 2495 3960 etc.
2525 3908 2774 3960 Picturas
2804 3917 2859 3958 et
2893 3908 3154 3974 elligiatas
3216 3921 3395 3961 rerum
3432 3923 3555 3962 om-

1978 3980 2125 4047 nium
2160 3977 2422 4047 imagines
2453 3978 2740 4043 plurimum
2764 3988 3083 4029 aversantur
3100 3978 3189 4045 qui
3216 3981 3332 4047 ejus
3363 3992 3557 4047 super-

1976 4045 2181 4097 stitioni
2224 4060 2417 4097 nomen
2447 4048 2729 4097 dederunt.

2047 4114 2497 4185 Exprimuntura
2533 4115 2754 4167 Daniele
2796 4113 3118 4168 Antichristi
3150 4116 3279 4179 doli,
3315 4116 3550 4185 furores,

1979 4183 2347 4249 blasphemia},
2381 4184 2543 4247 bella,
2577 4199 2671 4251 per
2715 4197 2939 4252 parvum
2995 4199 3162 4237 cornu
3200 4183 3552 4243 succrestrens

1979 4252 2119 4305 inter
2146 4254 2331 4305 decem
2361 4269 2561 4306 cornua
2596 4266 2801 4319 quartae
2826 4254 3031 4316 bestiae,
3063 4265 3117 4307 et
3155 4258 3254 4307 tria
3308 4269 3375 4308 ex
3407 4258 3554 4323 prio-

1981 4323 2128 4375 ribus
2160 4322 2419 4375 cornibus
2448 4327 2727 4382 excidens.
2763 4328 2945 4375 oculos
2975 4325 3180 4377 habens
3205 4322 3464 4389 hominis,
3490 4341 3554 4379 os

1980 4395 2237 4458 eloquens
2265 4393 2515 4460 grandia,
2548 4393 2745 4459 cuique
2803 4393 2961 4444 datur
3012 4393 3207 4445 bellum
3262 4395 3445 4447 facere
3498 4397 3552 4449 in

1985 4472 2224 4523 sanctos,
2260 4472 2311 4513 et
2341 4478 2433 4515 eos
2465 4465 2530 4513 ad
2559 4472 2767 4528 tempus
2801 4462 3019 4513 vincere
3046 4462 3116 4526 ⁸³,
3169 4463 3302 4526 Quis
3337 4478 3441 4517 non
3475 4468 3554 4515 vi-

1983 4532 2075 4583 det
2109 4531 2161 4601 in
2188 4530 2493 4601 Mahomete
2515 4538 2570 4584 et
2596 4542 2756 4584 secta:
2779 4529 2909 4598 ejus
2920 4534 3411 4601 propugnatoribus
3437 4534 3553 4587 btec

1910 4586 1953 4639 Ῑ)
1982 4600 2282 4667 eonipleri?

2051 4669 2430 4723 Collabebatur
2447 4677 2501 4721 et
2525 4669 2721 4722 misere
2746 4668 3112 4737 dissipabatur
3134 4670 3417 4739 imperium
3443 4670 3553 4724 Ro—

1979 4754 2225 4802 manum,
2255 4741 2397 4807 quod
2427 4739 2611 4792 decem
2637 4748 2723 4790 aut
2763 4739 2882 4807 plus
2909 4754 2974 4791 eo
3004 4738 3311 4807 regnis,’nti
3344 4738 3549 4803 Africa,

1977 4808 2234 4878 Atlgypto,
2264 4809 2445 4877 Syria,
2468 4811 2614 4873 Asia,
2638 4808 2868 4873 Graecia,
2893 4808 3207 4871 Germania,
3230 4808 3401 4869 Italia,
3424 4808 3553 4862 Gal-

1978 4881 2068 4941 lia,
2099 4879 2309 4946 Anglia,
2330 4879 2608 4945 llispania,
2629 4889 2761 4943 etc.,
2779 4879 2932 4945 quasi
2958 4879 3272 4931 fortissimis
3297 4879 3554 4931 cornibus

1974 4960 2129 5003 antea
2142 4949 2492 5015 gloriabatur,
2507 4963 2626 5000 cum
2642 4959 2837 5015 puncto
2853 4948 3109 5014 temporis
3123 4961 3345 5016 parvum
3357 4960 3549 5009 cornu,

1984 5022 2036 5074 id
2067 5027 2148 5072 est.
2178 5019 2529 5082 Mahometes,
2566 5019 2707 5071 lihus
2738 5030 2918 5081 terrae,
2964 5029 3021 5070 et
3072 5020 3226 5069 initio
3256 5017 3555 5072 vilissimus

1985 5088 2493 5155 abjectissimusque
2534 5090 2748 5148 nebulo,
2779 5102 2843 5139 ex
2891 5086 3223 5140 camelorum
3273 5094 3328 5138 et
3366 5087 3565 5140 asino-'

1985 5174 2102 5210 rum
2151 5168 2386 5225 pastore,
2412 5157 2502 5223 qui
2531 5172 2629 5211 nec
2679 5157 2918 5210 scribere
2964 5171 3064 5211 nec
3119 5157 3295 5225 legere
3333 5156 3553 5223 quidem

1984 5237 2226 5289 noverat,
2263 5228 2404 5279 inter
2441 5228 2649 5280 Arabes
2688 5227 3043 5280 concinnatur
3093 5225 3373 5279 Chosroen
3424 5225 3554 5279 Per-

1983 5311 2164 5352 sarum
2203 5298 2609 5363 imperatorem,
2643 5308 2693 5349 et
2741 5296 2999 5365 familiam
3039 5296 3156 5365 ejus
3205 5295 3351 5362 justo
3413 5295 3559 5365 delo-

1986 5376 2095 5419 tam
2141 5366 2211 5421 ob
2243 5362 2444 5425 cultum
2494 5366 2761 5420 idolorum
2785 5364 2853 5418 ⁸³.
2888 5362 3327 5420 Christianorum
3373 5373 3429 5419 et
3457 5362 3556 5417 Ju-

2635 5505 2677 5538 “
2711 5506 2895 5561 Aloor.
2950 5507 3156 5563 Azoara
3201 5508 3291 5575 67.,
3323 5508 3418 5571 27,
3459 5508 3552 5565 65.

2596 5574 2641 5606 ⁸⁸
2672 5575 2856 5648 Tract.
2894 5578 2958 5632 de
2990 5582 3243 5634 Antichr.
3279 5574 3282 5575 ν
3350 5580 3393 5612 ’⁸⁷
3424 5579 3548 5648 Ηιρ.

2315 5644 2360 5677 ’⁸⁸
2386 5644 2507 5701 Lib.
2537 5660 2669 5699 xvnt
2706 5644 2845 5700 Hist.
2952 5649 2998 5680 δ’
3049 5651 3089 5703 ll
3143 5650 3338 5705 Thess.
3392 5664 3454 5715 ιι,
3491 5644 3553 5708 ὖ.

2153 5577 2198 5608 ⁸⁵
2227 5577 2282 5628 lu
2314 5576 2496 5630 llevel.

2263 5786 2309 5818 ⁸³
2331 5790 2537 5843 Azoara
2568 5788 2651 5853 17,
2675 5786 2761 5852 '58,
2797 5788 2885 5859 46,
2929 5788 2996 5844 56
3021 5802 3072 5847 et
3103 5789 3193 5845 63.

2202 5851 2226 5861 Α
