  <div class='ocr_page' id='page_1' title='image "/cluster/home/n/w/nwhite01/storage/ocr_20150623/7/hvd.32044019206614/924.png"; bbox 0 0 3970 6378; ppageno 0'>
   <div class='ocr_carea' id='block_1_1' title="bbox 316 387 455 443">
    <p class='ocr_par' dir='ltr' id='par_1_1' title="bbox 316 387 455 443">
     <span class='ocr_line' id='line_1_1' title="bbox 316 387 455 443; baseline 0 -1"><span class='ocrx_word' id='word_1_1' title='bbox 316 387 455 443; x_wconf 72' lang='grc'><strong>1829</strong></span> 
     </span>
    </p>
   </div>
   <div class='ocr_carea' id='block_1_2' title="bbox 1588 389 2321 450">
    <p class='ocr_par' dir='ltr' id='par_1_2' title="bbox 1588 389 2321 450">
     <span class='ocr_line' id='line_1_2' title="bbox 1588 389 2321 450; baseline 0.003 -3"><span class='ocrx_word' id='word_1_2' title='bbox 1588 389 1654 447; x_wconf 81' lang='lat' dir='ltr'><strong>IN</strong></span> <span class='ocrx_word' id='word_1_3' title='bbox 1689 391 1820 449; x_wconf 75' lang='lat' dir='ltr'><strong>LIB.</strong></span> <span class='ocrx_word' id='word_1_4' title='bbox 1857 391 1900 448; x_wconf 83' lang='lat' dir='ltr'><strong>V</strong></span> <span class='ocrx_word' id='word_1_5' title='bbox 1944 394 1994 448; x_wconf 90' lang='lat' dir='ltr'><strong>S.</strong></span> <span class='ocrx_word' id='word_1_6' title='bbox 2042 391 2321 450; x_wconf 67' lang='lat' dir='ltr'><strong>lRENAEl.</strong></span> 
     </span>
    </p>
   </div>
   <div class='ocr_carea' id='block_1_3' title="bbox 3423 403 3564 460">
    <p class='ocr_par' dir='ltr' id='par_1_3' title="bbox 3423 403 3564 460">
     <span class='ocr_line' id='line_1_3' title="bbox 3423 403 3564 460; baseline 0.014 -2"><span class='ocrx_word' id='word_1_7' title='bbox 3423 403 3444 458; x_wconf 80' lang='grc' dir='ltr'><strong>Ι</strong></span> <span class='ocrx_word' id='word_1_8' title='bbox 3458 405 3564 460; x_wconf 69' lang='lat'><strong>830</strong></span> 
     </span>
    </p>
   </div>
   <div class='ocr_carea' id='block_1_4' title="bbox 311 503 3560 581">
    <p class='ocr_par' dir='ltr' id='par_1_4' title="bbox 311 503 3560 581">
     <span class='ocr_line' id='line_1_4' title="bbox 311 503 3560 581; baseline 0.004 -20"><span class='ocrx_word' id='word_1_9' title='bbox 311 504 656 581; x_wconf 72' lang='lat' dir='ltr'><strong>Antichristi,</strong></span> <span class='ocrx_word' id='word_1_10' title='bbox 693 503 778 559; x_wconf 80' lang='lat' dir='ltr'><strong>vel</strong></span> <span class='ocrx_word' id='word_1_11' title='bbox 808 514 955 581; x_wconf 69' lang='lat' dir='ltr'><strong>certe</strong></span> <span class='ocrx_word' id='word_1_12' title='bbox 983 503 1133 581; x_wconf 75' lang='lat' dir='ltr'><strong>regni</strong></span> <span class='ocrx_word' id='word_1_13' title='bbox 1159 504 1283 581; x_wconf 70' lang='lat' dir='ltr'><strong>eius</strong></span> <span class='ocrx_word' id='word_1_14' title='bbox 1317 505 1650 581; x_wconf 81' lang='lat' dir='ltr'><strong>fundatoris,</strong></span> <span class='ocrx_word' id='word_1_15' title='bbox 1689 507 1781 581; x_wconf 85' lang='lat' dir='ltr'><strong>qui</strong></span> <span class='ocrx_word' id='word_1_16' title='bbox 1806 508 1886 563; x_wconf 91' lang='lat' dir='ltr'><strong>sic</strong></span> <span class='ocrx_word' id='word_1_17' title='bbox 1915 516 1961 570; x_wconf 75' lang='grc' dir='ltr'><strong>Α</strong></span> <span class='ocrx_word' id='word_1_18' title='bbox 1990 510 2217 579; x_wconf 87' lang='lat' dir='ltr'><strong>septima</strong></span> <span class='ocrx_word' id='word_1_19' title='bbox 2244 510 2366 563; x_wconf 87' lang='lat' dir='ltr'><strong>tuba</strong></span> <span class='ocrx_word' id='word_1_20' title='bbox 2396 527 2409 574; x_wconf 90' lang='lat'><strong>;</strong></span> <span class='ocrx_word' id='word_1_21' title='bbox 2438 526 2534 579; x_wconf 89' lang='lat' dir='ltr'><strong>per</strong></span> <span class='ocrx_word' id='word_1_22' title='bbox 2575 526 2737 581; x_wconf 90' lang='lat' dir='ltr'><strong>quam</strong></span> <span class='ocrx_word' id='word_1_23' title='bbox 2771 514 2986 581; x_wconf 80' lang='lat' dir='ltr'><strong>quidem</strong></span> <span class='ocrx_word' id='word_1_24' title='bbox 3035 516 3264 570; x_wconf 76' lang='lat' dir='ltr'><strong>bestiam</strong></span> <span class='ocrx_word' id='word_1_25' title='bbox 3316 524 3560 573; x_wconf 90' lang='lat' dir='ltr'><strong>omnium</strong></span> 
     </span>
    </p>
   </div>
   <div class='ocr_carea' id='block_1_5' title="bbox 307 574 1887 645">
    <p class='ocr_par' dir='ltr' id='par_1_5' title="bbox 307 574 1887 645">
     <span class='ocr_line' id='line_1_5' title="bbox 307 574 1887 645; baseline -0.001 -12"><span class='ocrx_word' id='word_1_26' title='bbox 307 577 498 633; x_wconf 69' lang='lat' dir='ltr'><strong>Gmce</strong></span> <span class='ocrx_word' id='word_1_27' title='bbox 526 577 782 643; x_wconf 83' lang='lat' dir='ltr'><strong>scriptus,</strong></span> <span class='ocrx_word' id='word_1_28' title='bbox 809 574 1108 645; x_wconf 77' lang='grc' dir='ltr'><strong>Μαομέτις,</strong></span> <span class='ocrx_word' id='word_1_29' title='bbox 1143 574 1406 644; x_wconf 67' lang='lat' dir='ltr'><strong>praelinite</strong></span> <span class='ocrx_word' id='word_1_30' title='bbox 1440 574 1718 630; x_wconf 81' lang='lat' dir='ltr'><strong>summam</strong></span> <span class='ocrx_word' id='word_1_31' title='bbox 1749 579 1887 632; x_wconf 87' lang='lat' dir='ltr'><strong>hanc</strong></span> 
     </span>
    </p>
   </div>
   <div class='ocr_carea' id='block_1_6' title="bbox 309 644 1887 701">
    <p class='ocr_par' dir='ltr' id='par_1_6' title="bbox 309 644 1887 701">
     <span class='ocr_line' id='line_1_6' title="bbox 309 644 1887 701; baseline -0.001 0"><span class='ocrx_word' id='word_1_32' title='bbox 309 644 564 701; x_wconf 82' lang='lat' dir='ltr'><strong>absolvit.</strong></span> <span class='ocrx_word' id='word_1_33' title='bbox 601 664 619 695; x_wconf 85' lang='grc'><strong>›</strong></span> <span class='ocrx_word' id='word_1_34' title='bbox 644 645 769 698; x_wconf 66' lang='grc' dir='ltr'><strong>Η.εο</strong></span> <span class='ocrx_word' id='word_1_35' title='bbox 796 644 883 696; x_wconf 90' lang='lat' dir='ltr'><strong>ille</strong></span> <span class='ocrx_word' id='word_1_36' title='bbox 910 647 991 697; x_wconf 87' lang='lat' dir='ltr'><strong>vir</strong></span> <span class='ocrx_word' id='word_1_37' title='bbox 1010 647 1314 698; x_wconf 83' lang='lat' dir='ltr'><strong>divinarum</strong></span> <span class='ocrx_word' id='word_1_38' title='bbox 1338 654 1390 697; x_wconf 87' lang='lat' dir='ltr'><strong>et</strong></span> <span class='ocrx_word' id='word_1_39' title='bbox 1413 646 1770 699; x_wconf 88' lang='lat' dir='ltr'><strong>humanarum</strong></span> <span class='ocrx_word' id='word_1_40' title='bbox 1801 662 1887 699; x_wconf 89' lang='lat' dir='ltr'><strong>re-</strong></span> 
     </span>
    </p>
   </div>
   <div class='ocr_carea' id='block_1_7' title="bbox 310 714 1883 782">
    <p class='ocr_par' dir='ltr' id='par_1_7' title="bbox 310 714 1883 782">
     <span class='ocr_line' id='line_1_7' title="bbox 310 714 1883 782; baseline -0.001 -12"><span class='ocrx_word' id='word_1_41' title='bbox 310 732 432 772; x_wconf 85' lang='lat' dir='ltr'><strong>rum</strong></span> <span class='ocrx_word' id='word_1_42' title='bbox 466 714 921 778; x_wconf 87' lang='lat' dir='ltr'><strong>callentissimus;</strong></span> <span class='ocrx_word' id='word_1_43' title='bbox 967 715 1163 782; x_wconf 86' lang='lat' dir='ltr'><strong>quibus</strong></span> <span class='ocrx_word' id='word_1_44' title='bbox 1214 728 1269 767; x_wconf 91' lang='lat' dir='ltr'><strong>et</strong></span> <span class='ocrx_word' id='word_1_45' title='bbox 1320 714 1716 768; x_wconf 82' lang='lat' dir='ltr'><strong>Feuardeutius</strong></span> <span class='ocrx_word' id='word_1_46' title='bbox 1772 716 1883 769; x_wconf 89' lang='lat' dir='ltr'><strong>cri-</strong></span> 
     </span>
    </p>
   </div>
   <div class='ocr_carea' id='block_1_8' title="bbox 307 782 1887 853">
    <p class='ocr_par' dir='ltr' id='par_1_8' title="bbox 307 782 1887 853">
     <span class='ocr_line' id='line_1_8' title="bbox 307 782 1887 853; baseline -0.001 -12"><span class='ocrx_word' id='word_1_47' title='bbox 307 787 457 841; x_wconf 86' lang='lat' dir='ltr'><strong>mine</strong></span> <span class='ocrx_word' id='word_1_48' title='bbox 482 783 603 837; x_wconf 80' lang='lat' dir='ltr'><strong>falsi</strong></span> <span class='ocrx_word' id='word_1_49' title='bbox 634 783 970 853; x_wconf 80' lang='lat' dir='ltr'><strong>absolvitur,</strong></span> <span class='ocrx_word' id='word_1_50' title='bbox 1003 793 1058 837; x_wconf 90' lang='lat' dir='ltr'><strong>et</strong></span> <span class='ocrx_word' id='word_1_51' title='bbox 1098 782 1423 850; x_wconf 73' lang='lat' dir='ltr'><strong>conjectura:</strong></span> <span class='ocrx_word' id='word_1_52' title='bbox 1464 784 1609 839; x_wconf 91' lang='lat' dir='ltr'><strong>illius</strong></span> <span class='ocrx_word' id='word_1_53' title='bbox 1642 799 1751 838; x_wconf 90' lang='lat' dir='ltr'><strong>non</strong></span> <span class='ocrx_word' id='word_1_54' title='bbox 1795 801 1887 853; x_wconf 87' lang='lat' dir='ltr'><strong>pa-</strong></span> 
     </span>
    </p>
   </div>
   <div class='ocr_carea' id='block_1_9' title="bbox 305 852 1001 921">
    <p class='ocr_par' dir='ltr' id='par_1_9' title="bbox 305 852 1001 921">
     <span class='ocr_line' id='line_1_9' title="bbox 305 852 1001 921; baseline -0.01 -10"><span class='ocrx_word' id='word_1_55' title='bbox 305 869 429 911; x_wconf 82' lang='lat' dir='ltr'><strong>rum</strong></span> <span class='ocrx_word' id='word_1_56' title='bbox 469 854 677 909; x_wconf 85' lang='lat' dir='ltr'><strong>roboris</strong></span> <span class='ocrx_word' id='word_1_57' title='bbox 708 852 1001 921; x_wconf 88' lang='lat' dir='ltr'><strong>accipiunt.</strong></span> 
     </span>
    </p>
   </div>
   <div class='ocr_carea' id='block_1_10' title="bbox 379 920 1886 985">
    <p class='ocr_par' dir='ltr' id='par_1_10' title="bbox 379 920 1886 985">
     <span class='ocr_line' id='line_1_10' title="bbox 379 920 1886 985; baseline -0.001 -9"><span class='ocrx_word' id='word_1_58' title='bbox 379 925 461 979; x_wconf 80' lang='lat' dir='ltr'><strong>Ad</strong></span> <span class='ocrx_word' id='word_1_59' title='bbox 493 924 791 978; x_wconf 85' lang='lat' dir='ltr'><strong>secundum</strong></span> <span class='ocrx_word' id='word_1_60' title='bbox 815 920 1006 975; x_wconf 90' lang='lat' dir='ltr'><strong>testem</strong></span> <span class='ocrx_word' id='word_1_61' title='bbox 1040 937 1066 974; x_wconf 91' lang='lat' dir='ltr'><strong>a</strong></span> <span class='ocrx_word' id='word_1_62' title='bbox 1109 937 1194 974; x_wconf 90' lang='lat' dir='ltr'><strong>me</strong></span> <span class='ocrx_word' id='word_1_63' title='bbox 1227 920 1503 975; x_wconf 88' lang='lat' dir='ltr'><strong>laudatum</strong></span> <span class='ocrx_word' id='word_1_64' title='bbox 1537 923 1757 985; x_wconf 83' lang='lat' dir='ltr'><strong>accedo,</strong></span> <span class='ocrx_word' id='word_1_65' title='bbox 1800 924 1886 976; x_wconf 67' lang='lat' dir='ltr'><strong>nio</strong></span> 
     </span>
    </p>
   </div>
   <div class='ocr_carea' id='block_1_11' title="bbox 308 991 1883 1063">
    <p class='ocr_par' dir='ltr' id='par_1_11' title="bbox 308 991 1883 1063">
     <span class='ocr_line' id='line_1_11' title="bbox 308 991 1883 1063; baseline 0.006 -22"><span class='ocrx_word' id='word_1_66' title='bbox 308 995 507 1047; x_wconf 89' lang='lat' dir='ltr'><strong>mirum</strong></span> <span class='ocrx_word' id='word_1_67' title='bbox 530 992 794 1047; x_wconf 81' lang='lat' dir='ltr'><strong>Joannem</strong></span> <span class='ocrx_word' id='word_1_68' title='bbox 826 991 1149 1063; x_wconf 76' lang='lat' dir='ltr'><strong>lientenium</strong></span> <span class='ocrx_word' id='word_1_69' title='bbox 1174 991 1636 1063; x_wconf 78' lang='lat' dir='ltr'><strong>Mechliuiensein,</strong></span> <span class='ocrx_word' id='word_1_70' title='bbox 1668 992 1883 1063; x_wconf 89' lang='lat' dir='ltr'><strong>religio-</strong></span> 
     </span>
    </p>
   </div>
   <div class='ocr_carea' id='block_1_12' title="bbox 306 1061 1879 1130">
    <p class='ocr_par' dir='ltr' id='par_1_12' title="bbox 306 1061 1879 1130">
     <span class='ocr_line' id='line_1_12' title="bbox 306 1061 1879 1130; baseline 0 -14"><span class='ocrx_word' id='word_1_71' title='bbox 306 1064 584 1117; x_wconf 81' lang='lat' dir='ltr'><strong>sissiiiium</strong></span> <span class='ocrx_word' id='word_1_72' title='bbox 632 1073 689 1117; x_wconf 91' lang='lat' dir='ltr'><strong>et</strong></span> <span class='ocrx_word' id='word_1_73' title='bbox 720 1062 1108 1130; x_wconf 73' lang='lat' dir='ltr'><strong>peritissimum</strong></span> <span class='ocrx_word' id='word_1_74' title='bbox 1128 1062 1435 1129; x_wconf 92' lang='lat' dir='ltr'><strong>theologum</strong></span> <span class='ocrx_word' id='word_1_75' title='bbox 1462 1061 1879 1117; x_wconf 80' lang='lat' dir='ltr'><strong>Lovaniensein.</strong></span> 
     </span>
    </p>
   </div>
   <div class='ocr_carea' id='block_1_13' title="bbox 306 1131 1881 1201">
    <p class='ocr_par' dir='ltr' id='par_1_13' title="bbox 306 1131 1881 1201">
     <span class='ocr_line' id='line_1_13' title="bbox 306 1131 1881 1201; baseline -0.002 -16"><span class='ocrx_word' id='word_1_76' title='bbox 306 1133 356 1187; x_wconf 91' lang='lat' dir='ltr'><strong>ls</strong></span> <span class='ocrx_word' id='word_1_77' title='bbox 393 1132 711 1201; x_wconf 68' lang='lat' dir='ltr'><strong>praefatione</strong></span> <span class='ocrx_word' id='word_1_78' title='bbox 746 1132 796 1183; x_wconf 92' lang='lat' dir='ltr'><strong>in</strong></span> <span class='ocrx_word' id='word_1_79' title='bbox 828 1131 1466 1201; x_wconf 24' lang='lat' dir='ltr'><strong>ContinenlariosdAreta:</strong></span> <span class='ocrx_word' id='word_1_80' title='bbox 1508 1147 1671 1198; x_wconf 90' lang='lat' dir='ltr'><strong>super</strong></span> <span class='ocrx_word' id='word_1_81' title='bbox 1715 1134 1881 1199; x_wconf 84' lang='lat' dir='ltr'><strong>Apoc.</strong></span> 
     </span>
    </p>
   </div>
   <div class='ocr_carea' id='block_1_14' title="bbox 309 1198 1884 1255">
    <p class='ocr_par' dir='ltr' id='par_1_14' title="bbox 309 1198 1884 1255">
     <span class='ocr_line' id='line_1_14' title="bbox 309 1198 1884 1255; baseline 0.001 -1"><span class='ocrx_word' id='word_1_82' title='bbox 309 1218 338 1254; x_wconf 86' lang='lat' dir='ltr'><strong>a</strong></span> <span class='ocrx_word' id='word_1_83' title='bbox 371 1198 428 1255; x_wconf 81' lang='lat' dir='ltr'><strong>se</strong></span> <span class='ocrx_word' id='word_1_84' title='bbox 460 1201 616 1255; x_wconf 85' lang='lat' dir='ltr'><strong>Latio</strong></span> <span class='ocrx_word' id='word_1_85' title='bbox 647 1202 875 1254; x_wconf 89' lang='lat' dir='ltr'><strong>donatos</strong></span> <span class='ocrx_word' id='word_1_86' title='bbox 910 1201 1101 1253; x_wconf 86' lang='lat' dir='ltr'><strong>scribit</strong></span> <span class='ocrx_word' id='word_1_87' title='bbox 1136 1217 1148 1251; x_wconf 93' lang='lat'>:</span> <span class='ocrx_word' id='word_1_88' title='bbox 1188 1218 1205 1249; x_wconf 83' lang='grc' dir='ltr'><strong>ι</strong></span> <span class='ocrx_word' id='word_1_89' title='bbox 1242 1198 1355 1254; x_wconf 83' lang='grc' dir='ltr'>Νοιι</span> <span class='ocrx_word' id='word_1_90' title='bbox 1393 1201 1682 1254; x_wconf 84' lang='lat' dir='ltr'><strong>admodum</strong></span> <span class='ocrx_word' id='word_1_91' title='bbox 1733 1198 1884 1255; x_wconf 88' lang='lat' dir='ltr'><strong>vide-</strong></span> 
     </span>
    </p>
   </div>
   <div class='ocr_carea' id='block_1_15' title="bbox 310 1269 1883 1338">
    <p class='ocr_par' dir='ltr' id='par_1_15' title="bbox 310 1269 1883 1338">
     <span class='ocr_line' id='line_1_15' title="bbox 310 1269 1883 1338; baseline -0.001 -13"><span class='ocrx_word' id='word_1_92' title='bbox 310 1282 397 1325; x_wconf 91' lang='lat' dir='ltr'><strong>tur</strong></span> <span class='ocrx_word' id='word_1_93' title='bbox 426 1272 723 1325; x_wconf 88' lang='lat' dir='ltr'><strong>absurdum</strong></span> <span class='ocrx_word' id='word_1_94' title='bbox 757 1270 810 1324; x_wconf 88' lang='lat' dir='ltr'><strong>id</strong></span> <span class='ocrx_word' id='word_1_95' title='bbox 840 1271 982 1338; x_wconf 88' lang='lat' dir='ltr'><strong>quod</strong></span> <span class='ocrx_word' id='word_1_96' title='bbox 1014 1270 1180 1323; x_wconf 89' lang='lat' dir='ltr'><strong>sentit</strong></span> <span class='ocrx_word' id='word_1_97' title='bbox 1202 1269 1438 1324; x_wconf 81' lang='lat' dir='ltr'><strong>Joannes</strong></span> <span class='ocrx_word' id='word_1_98' title='bbox 1465 1272 1675 1324; x_wconf 80' lang='lat' dir='ltr'><strong>Annius</strong></span> <span class='ocrx_word' id='word_1_99' title='bbox 1703 1271 1883 1324; x_wconf 76' lang='lat' dir='ltr'><strong>V’iter-</strong></span> 
     </span>
    </p>
   </div>
   <div class='ocr_carea' id='block_1_16' title="bbox 284 1339 1882 1409">
    <p class='ocr_par' dir='ltr' id='par_1_16' title="bbox 284 1339 1882 1409">
     <span class='ocr_line' id='line_1_16' title="bbox 284 1339 1882 1409; baseline -0.001 -14"><span class='ocrx_word' id='word_1_100' title='bbox 284 1342 514 1395; x_wconf 46' lang='lat' dir='ltr'><strong>‘liiensis</strong></span> <span class='ocrx_word' id='word_1_101' title='bbox 540 1340 595 1393; x_wconf 92' lang='lat' dir='ltr'><strong>iii</strong></span> <span class='ocrx_word' id='word_1_102' title='bbox 626 1339 1045 1409; x_wconf 15' lang='lat' dir='ltr'><strong>Quwstionibusi</strong></span> <span class='ocrx_word' id='word_1_103' title='bbox 1082 1354 1239 1401; x_wconf 76' lang='lat' dir='ltr'><strong>super</strong></span> <span class='ocrx_word' id='word_1_104' title='bbox 1293 1340 1684 1409; x_wconf 71' lang='lat' dir='ltr'><strong>Apocalypsim,</strong></span> <span class='ocrx_word' id='word_1_105' title='bbox 1745 1355 1882 1409; x_wconf 84' lang='lat' dir='ltr'><strong>quas</strong></span> 
     </span>
    </p>
   </div>
   <div class='ocr_carea' id='block_1_17' title="bbox 306 1408 1881 1478">
    <p class='ocr_par' dir='ltr' id='par_1_17' title="bbox 306 1408 1881 1478">
     <span class='ocr_line' id='line_1_17' title="bbox 306 1408 1881 1478; baseline 0 -15"><span class='ocrx_word' id='word_1_106' title='bbox 306 1411 456 1464; x_wconf 88' lang='lat' dir='ltr'><strong>misit</strong></span> <span class='ocrx_word' id='word_1_107' title='bbox 480 1426 542 1463; x_wconf 83' lang='lat' dir='ltr'><strong>ac</strong></span> <span class='ocrx_word' id='word_1_108' title='bbox 568 1410 837 1464; x_wconf 78' lang='lat' dir='ltr'><strong>dedicavit</strong></span> <span class='ocrx_word' id='word_1_109' title='bbox 866 1408 1105 1478; x_wconf 76' lang='lat' dir='ltr'><strong>pontifici</strong></span> <span class='ocrx_word' id='word_1_110' title='bbox 1146 1410 1302 1461; x_wconf 84' lang='lat' dir='ltr'><strong>Sixto</strong></span> <span class='ocrx_word' id='word_1_111' title='bbox 1334 1408 1533 1476; x_wconf 83' lang='lat' dir='ltr'><strong>quarto</strong></span> <span class='ocrx_word' id='word_1_112' title='bbox 1558 1408 1881 1478; x_wconf 84' lang='lat' dir='ltr'><strong>regibusque</strong></span> 
     </span>
    </p>
   </div>
   <div class='ocr_carea' id='block_1_18' title="bbox 303 1479 1881 1547">
    <p class='ocr_par' dir='ltr' id='par_1_18' title="bbox 303 1479 1881 1547">
     <span class='ocr_line' id='line_1_18' title="bbox 303 1479 1881 1547; baseline -0.002 -13"><span class='ocrx_word' id='word_1_113' title='bbox 303 1480 664 1544; x_wconf 84' lang='lat' dir='ltr'><strong>Christianis;</strong></span> <span class='ocrx_word' id='word_1_114' title='bbox 692 1480 835 1546; x_wconf 88' lang='lat' dir='ltr'><strong>quod</strong></span> <span class='ocrx_word' id='word_1_115' title='bbox 867 1479 1061 1538; x_wconf 75' lang='lat' dir='ltr'><strong>bestia,</strong></span> <span class='ocrx_word' id='word_1_116' title='bbox 1083 1494 1242 1544; x_wconf 86' lang='lat' dir='ltr'><strong>quam</strong></span> <span class='ocrx_word' id='word_1_117' title='bbox 1269 1481 1695 1547; x_wconf 82' lang='lat' dir='ltr'><strong>interpretantur</strong></span> <span class='ocrx_word' id='word_1_118' title='bbox 1731 1494 1881 1533; x_wconf 83' lang='lat' dir='ltr'><strong>com-</strong></span> 
     </span>
    </p>
   </div>
   <div class='ocr_carea' id='block_1_19' title="bbox 304 1548 1880 1616">
    <p class='ocr_par' dir='ltr' id='par_1_19' title="bbox 304 1548 1880 1616">
     <span class='ocr_line' id='line_1_19' title="bbox 304 1548 1880 1616; baseline 0 -14"><span class='ocrx_word' id='word_1_119' title='bbox 304 1550 542 1603; x_wconf 75' lang='lat' dir='ltr'><strong>munitet‘</strong></span> <span class='ocrx_word' id='word_1_120' title='bbox 568 1548 989 1609; x_wconf 85' lang='lat' dir='ltr'><strong>Antichristuin,</strong></span> <span class='ocrx_word' id='word_1_121' title='bbox 1012 1549 1078 1600; x_wconf 90' lang='lat' dir='ltr'><strong>de</strong></span> <span class='ocrx_word' id='word_1_122' title='bbox 1112 1563 1214 1615; x_wconf 88' lang='lat' dir='ltr'><strong>qua</strong></span> <span class='ocrx_word' id='word_1_123' title='bbox 1249 1550 1416 1616; x_wconf 84' lang='lat' dir='ltr'><strong>Apoc.</strong></span> <span class='ocrx_word' id='word_1_124' title='bbox 1452 1563 1573 1613; x_wconf 81' lang='lat' dir='ltr'><strong>xui,</strong></span> <span class='ocrx_word' id='word_1_125' title='bbox 1623 1550 1694 1601; x_wconf 89' lang='lat' dir='ltr'><strong>sit</strong></span> <span class='ocrx_word' id='word_1_126' title='bbox 1720 1564 1880 1616; x_wconf 84' lang='lat' dir='ltr'><strong>pseu-</strong></span> 
     </span>
    </p>
   </div>
   <div class='ocr_carea' id='block_1_20' title="bbox 304 1616 1881 1688">
    <p class='ocr_par' dir='ltr' id='par_1_20' title="bbox 304 1616 1881 1688">
     <span class='ocr_line' id='line_1_20' title="bbox 304 1616 1881 1688; baseline 0 -17"><span class='ocrx_word' id='word_1_127' title='bbox 304 1622 639 1688; x_wconf 86' lang='lat' dir='ltr'><strong>dopropheta</strong></span> <span class='ocrx_word' id='word_1_128' title='bbox 694 1617 1045 1671; x_wconf 78' lang='lat' dir='ltr'><strong>Maliumctes.</strong></span> <span class='ocrx_word' id='word_1_129' title='bbox 1066 1616 1175 1688; x_wconf 82' lang='lat' dir='ltr'><strong>Qui</strong></span> <span class='ocrx_word' id='word_1_130' title='bbox 1202 1632 1509 1684; x_wconf 87' lang='lat' dir='ltr'><strong>quanquam</strong></span> <span class='ocrx_word' id='word_1_131' title='bbox 1562 1626 1686 1671; x_wconf 91' lang='lat' dir='ltr'><strong>ante</strong></span> <span class='ocrx_word' id='word_1_132' title='bbox 1714 1620 1881 1685; x_wconf 90' lang='lat' dir='ltr'><strong>pluri-</strong></span> 
     </span>
    </p>
   </div>
   <div class='ocr_carea' id='block_1_21' title="bbox 303 1686 1879 1756">
    <p class='ocr_par' dir='ltr' id='par_1_21' title="bbox 303 1686 1879 1756">
     <span class='ocr_line' id='line_1_21' title="bbox 303 1686 1879 1756; baseline -0.001 -15"><span class='ocrx_word' id='word_1_133' title='bbox 303 1686 423 1742; x_wconf 84' lang='lat' dir='ltr'><strong>nios</strong></span> <span class='ocrx_word' id='word_1_134' title='bbox 447 1686 618 1742; x_wconf 87' lang='lat' dir='ltr'><strong>annos</strong></span> <span class='ocrx_word' id='word_1_135' title='bbox 645 1698 887 1740; x_wconf 90' lang='lat' dir='ltr'><strong>mortuus</strong></span> <span class='ocrx_word' id='word_1_136' title='bbox 915 1687 1005 1750; x_wconf 91' lang='lat' dir='ltr'><strong>sit,</strong></span> <span class='ocrx_word' id='word_1_137' title='bbox 1032 1686 1146 1754; x_wconf 87' lang='lat' dir='ltr'><strong>ejus</strong></span> <span class='ocrx_word' id='word_1_138' title='bbox 1172 1697 1349 1739; x_wconf 87' lang='lat' dir='ltr'><strong>tamen</strong></span> <span class='ocrx_word' id='word_1_139' title='bbox 1375 1697 1517 1741; x_wconf 89' lang='lat' dir='ltr'><strong>secta</strong></span> <span class='ocrx_word' id='word_1_140' title='bbox 1544 1689 1668 1756; x_wconf 91' lang='lat' dir='ltr'><strong>(heu</strong></span> <span class='ocrx_word' id='word_1_141' title='bbox 1688 1689 1728 1754; x_wconf 75' lang='grc' dir='ltr'>ι)</span> <span class='ocrx_word' id='word_1_142' title='bbox 1751 1690 1879 1741; x_wconf 81' lang='lat' dir='ltr'><strong>vivit</strong></span> 
     </span>
    </p>
   </div>
   <div class='ocr_carea' id='block_1_22' title="bbox 300 1757 1879 1826">
    <p class='ocr_par' dir='ltr' id='par_1_22' title="bbox 300 1757 1879 1826">
     <span class='ocr_line' id='line_1_22' title="bbox 300 1757 1879 1826; baseline 0 -16"><span class='ocrx_word' id='word_1_143' title='bbox 300 1759 620 1821; x_wconf 87' lang='lat' dir='ltr'><strong>etiamnum,</strong></span> <span class='ocrx_word' id='word_1_144' title='bbox 649 1758 984 1824; x_wconf 88' lang='lat' dir='ltr'><strong>nimiumque</strong></span> <span class='ocrx_word' id='word_1_145' title='bbox 1034 1768 1315 1824; x_wconf 81' lang='lat' dir='ltr'><strong>grassatur</strong></span> <span class='ocrx_word' id='word_1_146' title='bbox 1345 1758 1604 1810; x_wconf 84' lang='lat' dir='ltr'><strong>adversus</strong></span> <span class='ocrx_word' id='word_1_147' title='bbox 1659 1757 1754 1811; x_wconf 89' lang='lat' dir='ltr'><strong>Dei</strong></span> <span class='ocrx_word' id='word_1_148' title='bbox 1789 1773 1879 1826; x_wconf 90' lang='lat' dir='ltr'><strong>po-</strong></span> 
     </span>
    </p>
   </div>
   <div class='ocr_carea' id='block_1_23' title="bbox 1989 581 3559 654">
    <p class='ocr_par' dir='ltr' id='par_1_23' title="bbox 1989 581 3559 654">
     <span class='ocr_line' id='line_1_23' title="bbox 1989 581 3559 654; baseline 0.009 -25"><span class='ocrx_word' id='word_1_149' title='bbox 1989 581 2254 654; x_wconf 68' lang='lat' dir='ltr'><strong>concordi</strong></span> <span class='ocrx_word' id='word_1_150' title='bbox 2283 583 2549 654; x_wconf 72' lang='lat' dir='ltr'><strong>sententia</strong></span> <span class='ocrx_word' id='word_1_151' title='bbox 2596 582 2912 654; x_wconf 77' lang='lat' dir='ltr'><strong>designatur</strong></span> <span class='ocrx_word' id='word_1_152' title='bbox 2945 586 3335 641; x_wconf 83' lang='lat' dir='ltr'><strong>Antichristus.</strong></span> <span class='ocrx_word' id='word_1_153' title='bbox 3393 589 3559 654; x_wconf 81' lang='lat' dir='ltr'><strong>Atqui</strong></span> 
     </span>
    </p>
   </div>
   <div class='ocr_carea' id='block_1_24' title="bbox 1990 649 3563 717">
    <p class='ocr_par' dir='ltr' id='par_1_24' title="bbox 1990 649 3563 717">
     <span class='ocr_line' id='line_1_24' title="bbox 1990 649 3563 717; baseline 0.009 -20"><span class='ocrx_word' id='word_1_154' title='bbox 1990 662 2087 715; x_wconf 89' lang='lat' dir='ltr'><strong>per</strong></span> <span class='ocrx_word' id='word_1_155' title='bbox 2124 649 2349 700; x_wconf 76' lang='lat' dir='ltr'><strong>bestiam</strong></span> <span class='ocrx_word' id='word_1_156' title='bbox 2386 650 2531 702; x_wconf 89' lang='lat' dir='ltr'><strong>illam</strong></span> <span class='ocrx_word' id='word_1_157' title='bbox 2568 653 2752 717; x_wconf 80' lang='lat' dir='ltr'><strong>procul</strong></span> <span class='ocrx_word' id='word_1_158' title='bbox 2783 652 2945 705; x_wconf 86' lang='lat' dir='ltr'><strong>dubio</strong></span> <span class='ocrx_word' id='word_1_159' title='bbox 2988 656 3052 705; x_wconf 91' lang='lat' dir='ltr'><strong>ad</strong></span> <span class='ocrx_word' id='word_1_160' title='bbox 3086 656 3319 708; x_wconf 85' lang='lat' dir='ltr'><strong>litteram</strong></span> <span class='ocrx_word' id='word_1_161' title='bbox 3360 649 3563 711; x_wconf 86' lang='lat' dir='ltr'><strong>intelli-</strong></span> 
     </span>
    </p>
   </div>
   <div class='ocr_carea' id='block_1_25' title="bbox 1988 717 3557 793">
    <p class='ocr_par' dir='ltr' id='par_1_25' title="bbox 1988 717 3557 793">
     <span class='ocr_line' id='line_1_25' title="bbox 1988 717 3557 793; baseline 0.006 -24"><span class='ocrx_word' id='word_1_162' title='bbox 1988 718 2133 793; x_wconf 83' lang='lat' dir='ltr'><strong>gitur</strong></span> <span class='ocrx_word' id='word_1_163' title='bbox 2157 717 2606 793; x_wconf 71' lang='lat' dir='ltr'><strong>Slahninetes,_ob</strong></span> <span class='ocrx_word' id='word_1_164' title='bbox 2623 722 2901 773; x_wconf 87' lang='lat' dir='ltr'><strong>bestialem</strong></span> <span class='ocrx_word' id='word_1_165' title='bbox 2925 734 2976 777; x_wconf 89' lang='lat' dir='ltr'><strong>et</strong></span> <span class='ocrx_word' id='word_1_166' title='bbox 2994 722 3348 779; x_wconf 60' lang='lat' dir='ltr'><strong>[mitissimam</strong></span> <span class='ocrx_word' id='word_1_167' title='bbox 3375 728 3557 793; x_wconf 69' lang='lat' dir='ltr'><strong>vitam,</strong></span> 
     </span>
    </p>
   </div>
   <div class='ocr_carea' id='block_1_26' title="bbox 1987 787 2889 855">
    <p class='ocr_par' dir='ltr' id='par_1_26' title="bbox 1987 787 2889 855">
     <span class='ocr_line' id='line_1_26' title="bbox 1987 787 2889 855; baseline 0.004 -17"><span class='ocrx_word' id='word_1_168' title='bbox 1987 787 2271 855; x_wconf 84' lang='lat' dir='ltr'><strong>legemque</strong></span> <span class='ocrx_word' id='word_1_169' title='bbox 2311 790 2742 855; x_wconf 64' lang='lat' dir='ltr'><strong>turpissimam,»</strong></span> <span class='ocrx_word' id='word_1_170' title='bbox 2782 800 2889 843; x_wconf 87' lang='lat' dir='ltr'><strong>etc.</strong></span> 
     </span>
    </p>
   </div>
   <div class='ocr_carea' id='block_1_27' title="bbox 2059 856 3562 935">
    <p class='ocr_par' dir='ltr' id='par_1_27' title="bbox 2059 856 3562 935">
     <span class='ocr_line' id='line_1_27' title="bbox 2059 856 3562 935; baseline 0.008 -27"><span class='ocrx_word' id='word_1_171' title='bbox 2059 856 2334 935; x_wconf 77' lang='lat' dir='ltr'><strong>Hactenus</strong></span> <span class='ocrx_word' id='word_1_172' title='bbox 2391 859 2553 935; x_wconf 74' lang='lat' dir='ltr'><strong>verba</strong></span> <span class='ocrx_word' id='word_1_173' title='bbox 2617 874 2805 935; x_wconf 70' lang='lat' dir='ltr'><strong>eorum</strong></span> <span class='ocrx_word' id='word_1_174' title='bbox 2860 859 3087 935; x_wconf 68' lang='lat' dir='ltr'><strong>ﬁdeliter</strong></span> <span class='ocrx_word' id='word_1_175' title='bbox 3124 861 3300 925; x_wconf 86' lang='lat' dir='ltr'><strong>retuli,</strong></span> <span class='ocrx_word' id='word_1_176' title='bbox 3333 879 3399 918; x_wconf 83' lang='lat' dir='ltr'><strong>cx</strong></span> <span class='ocrx_word' id='word_1_177' title='bbox 3448 867 3562 933; x_wconf 70' lang='lat' dir='ltr'><strong>qui~</strong></span> 
     </span>
    </p>
   </div>
   <div class='ocr_carea' id='block_1_28' title="bbox 1987 924 3559 1004">
    <p class='ocr_par' dir='ltr' id='par_1_28' title="bbox 1987 924 3559 1004">
     <span class='ocr_line' id='line_1_28' title="bbox 1987 924 3559 1004; baseline 0.006 -26"><span class='ocrx_word' id='word_1_178' title='bbox 1987 924 2088 979; x_wconf 89' lang='lat' dir='ltr'><strong>bus</strong></span> <span class='ocrx_word' id='word_1_179' title='bbox 2142 925 2256 1004; x_wconf 66' lang='lat' dir='ltr'><strong>jam</strong></span> <span class='ocrx_word' id='word_1_180' title='bbox 2317 927 2607 1004; x_wconf 73' lang='lat' dir='ltr'><strong>perspicis,</strong></span> <span class='ocrx_word' id='word_1_181' title='bbox 2651 929 2734 982; x_wconf 85' lang='lat' dir='ltr'><strong>vir</strong></span> <span class='ocrx_word' id='word_1_182' title='bbox 2782 924 3295 1004; x_wconf 78' lang='lat' dir='ltr'><strong>ornatissiine,_me</strong></span> <span class='ocrx_word' id='word_1_183' title='bbox 3346 924 3559 1004; x_wconf 77' lang='lat' dir='ltr'><strong>nequa--</strong></span> 
     </span>
    </p>
   </div>
   <div class='ocr_carea' id='block_1_29' title="bbox 1987 994 3558 1064">
    <p class='ocr_par' dir='ltr' id='par_1_29' title="bbox 1987 994 3558 1064">
     <span class='ocr_line' id='line_1_29' title="bbox 1987 994 3558 1064; baseline 0.008 -19"><span class='ocrx_word' id='word_1_184' title='bbox 1987 1007 2147 1062; x_wconf 88' lang='lat' dir='ltr'><strong>quam</strong></span> <span class='ocrx_word' id='word_1_185' title='bbox 2182 994 2316 1049; x_wconf 88' lang='lat' dir='ltr'><strong>l‘also</strong></span> <span class='ocrx_word' id='word_1_186' title='bbox 2343 996 2459 1049; x_wconf 92' lang='lat' dir='ltr'><strong>illos</strong></span> <span class='ocrx_word' id='word_1_187' title='bbox 2490 997 2729 1062; x_wconf 76' lang='lat' dir='ltr'><strong>citaSSe;</strong></span> <span class='ocrx_word' id='word_1_188' title='bbox 2763 999 2956 1053; x_wconf 87' lang='lat' dir='ltr'><strong>deinde</strong></span> <span class='ocrx_word' id='word_1_189' title='bbox 2989 1015 3094 1053; x_wconf 90' lang='lat' dir='ltr'><strong>non</strong></span> <span class='ocrx_word' id='word_1_190' title='bbox 3126 1000 3271 1055; x_wconf 89' lang='lat' dir='ltr'><strong>solos</strong></span> <span class='ocrx_word' id='word_1_191' title='bbox 3310 994 3558 1064; x_wconf 41' lang='lat' dir='ltr'><strong>eosfsed</strong></span> 
     </span>
    </p>
   </div>
   <div class='ocr_carea' id='block_1_30' title="bbox 1986 1064 3554 1140">
    <p class='ocr_par' dir='ltr' id='par_1_30' title="bbox 1986 1064 3554 1140">
     <span class='ocr_line' id='line_1_30' title="bbox 1986 1064 3554 1140; baseline 0.008 -25"><span class='ocrx_word' id='word_1_192' title='bbox 1986 1073 2041 1116; x_wconf 90' lang='lat' dir='ltr'><strong>et</strong></span> <span class='ocrx_word' id='word_1_193' title='bbox 2069 1064 2205 1140; x_wconf 83' lang='lat' dir='ltr'><strong>alios</strong></span> <span class='ocrx_word' id='word_1_194' title='bbox 2234 1066 2378 1140; x_wconf 64' lang='lat' dir='ltr'><strong>viros</strong></span> <span class='ocrx_word' id='word_1_195' title='bbox 2407 1067 2811 1140; x_wconf 74' lang='lat' dir='ltr'><strong>eruditissimos</strong></span> <span class='ocrx_word' id='word_1_196' title='bbox 2864 1068 3034 1123; x_wconf 81' lang='lat' dir='ltr'><strong>fuisse</strong></span> <span class='ocrx_word' id='word_1_197' title='bbox 3065 1070 3117 1122; x_wconf 93' lang='lat' dir='ltr'><strong>in</strong></span> <span class='ocrx_word' id='word_1_198' title='bbox 3156 1072 3253 1123; x_wconf 87' lang='lat' dir='ltr'><strong>hac</strong></span> <span class='ocrx_word' id='word_1_199' title='bbox 3280 1073 3554 1140; x_wconf 88' lang='lat' dir='ltr'><strong>opinione,</strong></span> 
     </span>
    </p>
   </div>
   <div class='ocr_carea' id='block_1_31' title="bbox 1985 1133 3559 1207">
    <p class='ocr_par' dir='ltr' id='par_1_31' title="bbox 1985 1133 3559 1207">
     <span class='ocr_line' id='line_1_31' title="bbox 1985 1133 3559 1207; baseline 0.008 -24"><span class='ocrx_word' id='word_1_200' title='bbox 1985 1148 2104 1207; x_wconf 71' lang='lat' dir='ltr'><strong>quae</strong></span> <span class='ocrx_word' id='word_1_201' title='bbox 2124 1136 2288 1207; x_wconf 67' lang='lat' dir='ltr'><strong>etiam</strong></span> <span class='ocrx_word' id='word_1_202' title='bbox 2318 1133 2653 1207; x_wconf 76' lang='lat' dir='ltr'><strong>Scripturis,</strong></span> <span class='ocrx_word' id='word_1_203' title='bbox 2687 1145 2853 1205; x_wconf 86' lang='lat' dir='ltr'><strong>atque</strong></span> <span class='ocrx_word' id='word_1_204' title='bbox 2898 1153 2996 1192; x_wconf 88' lang='lat' dir='ltr'><strong>nec</strong></span> <span class='ocrx_word' id='word_1_205' title='bbox 3032 1140 3217 1207; x_wconf 85' lang='lat' dir='ltr'><strong>paucis</strong></span> <span class='ocrx_word' id='word_1_206' title='bbox 3252 1133 3351 1194; x_wconf 76' lang='lat' dir='ltr'><strong>nec</strong></span> <span class='ocrx_word' id='word_1_207' title='bbox 3402 1133 3559 1196; x_wconf 52' lang='lat' dir='ltr'><strong>inlir-l</strong></span> 
     </span>
    </p>
   </div>
   <div class='ocr_carea' id='block_1_32' title="bbox 1986 1203 3555 1279">
    <p class='ocr_par' dir='ltr' id='par_1_32' title="bbox 1986 1203 3555 1279">
     <span class='ocr_line' id='line_1_32' title="bbox 1986 1203 3555 1279; baseline 0.008 -26"><span class='ocrx_word' id='word_1_208' title='bbox 1986 1205 2088 1279; x_wconf 75' lang='lat' dir='ltr'><strong>inis</strong></span> <span class='ocrx_word' id='word_1_209' title='bbox 2130 1203 2776 1279; x_wconf 26' lang='lat' dir='ltr'><strong>rationibusinnititur,‘</strong></span> <span class='ocrx_word' id='word_1_210' title='bbox 2803 1217 2855 1259; x_wconf 91' lang='lat' dir='ltr'><strong>et</strong></span> <span class='ocrx_word' id='word_1_211' title='bbox 2895 1221 2970 1279; x_wconf 5' lang='lat' dir='ltr'><strong>Aa,</strong></span> <span class='ocrx_word' id='word_1_212' title='bbox 3002 1203 3230 1262; x_wconf 81' lang='lat' dir='ltr'><strong>summis</strong></span> <span class='ocrx_word' id='word_1_213' title='bbox 3280 1212 3555 1279; x_wconf 81' lang='lat' dir='ltr'><strong>pontiﬁci-</strong></span> 
     </span>
    </p>
   </div>
   <div class='ocr_carea' id='block_1_33' title="bbox 1985 1273 3558 1344">
    <p class='ocr_par' dir='ltr' id='par_1_33' title="bbox 1985 1273 3558 1344">
     <span class='ocr_line' id='line_1_33' title="bbox 1985 1273 3558 1344; baseline 0.008 -19"><span class='ocrx_word' id='word_1_214' title='bbox 1985 1273 2086 1325; x_wconf 89' lang='lat' dir='ltr'><strong>bus</strong></span> <span class='ocrx_word' id='word_1_215' title='bbox 2106 1288 2220 1344; x_wconf 88' lang='lat' dir='ltr'><strong>non</strong></span> <span class='ocrx_word' id='word_1_216' title='bbox 2259 1274 2571 1344; x_wconf 78' lang='lat' dir='ltr'><strong>damnatur,</strong></span> <span class='ocrx_word' id='word_1_217' title='bbox 2611 1279 2703 1329; x_wconf 85' lang='lat' dir='ltr'><strong>sed</strong></span> <span class='ocrx_word' id='word_1_218' title='bbox 2738 1277 3111 1344; x_wconf 87' lang='lat' dir='ltr'><strong>permittitur;</strong></span> <span class='ocrx_word' id='word_1_219' title='bbox 3144 1273 3352 1332; x_wconf 80' lang='lat' dir='ltr'><strong>tantum</strong></span> <span class='ocrx_word' id='word_1_220' title='bbox 3403 1281 3558 1336; x_wconf 79' lang='lat' dir='ltr'><strong>abest</strong></span> 
     </span>
    </p>
   </div>
   <div class='ocr_carea' id='block_1_34' title="bbox 1984 1342 3558 1413">
    <p class='ocr_par' dir='ltr' id='par_1_34' title="bbox 1984 1342 3558 1413">
     <span class='ocr_line' id='line_1_34' title="bbox 1984 1342 3558 1413; baseline 0.007 -21"><span class='ocrx_word' id='word_1_221' title='bbox 1984 1351 2041 1413; x_wconf 79' lang='lat' dir='ltr'><strong>ut</strong></span> <span class='ocrx_word' id='word_1_222' title='bbox 2068 1342 2244 1413; x_wconf 89' lang='lat' dir='ltr'><strong>ab_eis</strong></span> <span class='ocrx_word' id='word_1_223' title='bbox 2278 1342 2411 1397; x_wconf 81' lang='lat' dir='ltr'><strong>falsa</strong></span> <span class='ocrx_word' id='word_1_224' title='bbox 2448 1344 2530 1398; x_wconf 90' lang='lat' dir='ltr'><strong>vel</strong></span> <span class='ocrx_word' id='word_1_225' title='bbox 2561 1342 2864 1413; x_wconf 81' lang='lat' dir='ltr'><strong>periculosa</strong></span> <span class='ocrx_word' id='word_1_226' title='bbox 2893 1350 3153 1400; x_wconf 86' lang='lat' dir='ltr'><strong>hactenus</strong></span> <span class='ocrx_word' id='word_1_227' title='bbox 3174 1346 3412 1413; x_wconf 75' lang='lat' dir='ltr'><strong>iudicata</strong></span> <span class='ocrx_word' id='word_1_228' title='bbox 3444 1350 3558 1403; x_wconf 78' lang='lat' dir='ltr'><strong>fue-</strong></span> 
     </span>
    </p>
   </div>
   <div class='ocr_carea' id='block_1_35' title="bbox 1987 1410 3557 1484">
    <p class='ocr_par' dir='ltr' id='par_1_35' title="bbox 1987 1410 3557 1484">
     <span class='ocr_line' id='line_1_35' title="bbox 1987 1410 3557 1484; baseline 0.008 -22"><span class='ocrx_word' id='word_1_229' title='bbox 1987 1411 2076 1462; x_wconf 83' lang='lat' dir='ltr'><strong>rit.</strong></span> <span class='ocrx_word' id='word_1_230' title='bbox 2112 1410 2457 1484; x_wconf 82' lang='lat' dir='ltr'><strong>Measigitur</strong></span> <span class='ocrx_word' id='word_1_231' title='bbox 2499 1410 2865 1480; x_wconf 60' lang='lat' dir='ltr'><strong>conjecturas.</strong></span> <span class='ocrx_word' id='word_1_232' title='bbox 2897 1426 2950 1468; x_wconf 92' lang='lat' dir='ltr'><strong>et</strong></span> <span class='ocrx_word' id='word_1_233' title='bbox 2990 1410 3272 1484; x_wconf 73' lang='lat' dir='ltr'><strong>plurimas,</strong></span> <span class='ocrx_word' id='word_1_234' title='bbox 3318 1428 3373 1471; x_wconf 89' lang='lat' dir='ltr'><strong>et</strong></span> <span class='ocrx_word' id='word_1_235' title='bbox 3404 1420 3557 1475; x_wconf 86' lang='lat' dir='ltr'><strong>valde</strong></span> 
     </span>
    </p>
   </div>
   <div class='ocr_carea' id='block_1_36' title="bbox 1982 1482 3555 1549">
    <p class='ocr_par' dir='ltr' id='par_1_36' title="bbox 1982 1482 3555 1549">
     <span class='ocr_line' id='line_1_36' title="bbox 1982 1482 3555 1549; baseline 0.005 -16"><span class='ocrx_word' id='word_1_236' title='bbox 1982 1489 2131 1533; x_wconf 89' lang='lat' dir='ltr'><strong>certe</strong></span> <span class='ocrx_word' id='word_1_237' title='bbox 2164 1482 2496 1549; x_wconf 81' lang='lat' dir='ltr'><strong>probabiles,</strong></span> <span class='ocrx_word' id='word_1_238' title='bbox 2533 1492 2809 1537; x_wconf 80' lang='lat' dir='ltr'><strong>tantorum</strong></span> <span class='ocrx_word' id='word_1_239' title='bbox 2846 1482 3084 1538; x_wconf 86' lang='lat' dir='ltr'><strong>virorum</strong></span> <span class='ocrx_word' id='word_1_240' title='bbox 3111 1488 3397 1540; x_wconf 86' lang='lat' dir='ltr'><strong>sententiis</strong></span> <span class='ocrx_word' id='word_1_241' title='bbox 3431 1503 3555 1541; x_wconf 89' lang='lat' dir='ltr'><strong>cum</strong></span> 
     </span>
    </p>
   </div>
   <div class='ocr_carea' id='block_1_37' title="bbox 1983 1551 3557 1617">
    <p class='ocr_par' dir='ltr' id='par_1_37' title="bbox 1983 1551 3557 1617">
     <span class='ocr_line' id='line_1_37' title="bbox 1983 1551 3557 1617; baseline 0.006 -15"><span class='ocrx_word' id='word_1_242' title='bbox 1983 1551 2127 1602; x_wconf 92' lang='lat' dir='ltr'><strong>omni</strong></span> <span class='ocrx_word' id='word_1_243' title='bbox 2160 1553 2532 1606; x_wconf 84' lang='lat' dir='ltr'><strong>moderatione</strong></span> <span class='ocrx_word' id='word_1_244' title='bbox 2560 1563 2616 1606; x_wconf 93' lang='lat' dir='ltr'><strong>et</strong></span> <span class='ocrx_word' id='word_1_245' title='bbox 2640 1555 3003 1607; x_wconf 90' lang='lat' dir='ltr'><strong>submissione</strong></span> <span class='ocrx_word' id='word_1_246' title='bbox 3057 1566 3413 1617; x_wconf 90' lang='lat' dir='ltr'><strong>connectens,</strong></span> <span class='ocrx_word' id='word_1_247' title='bbox 3449 1572 3557 1611; x_wconf 90' lang='lat' dir='ltr'><strong>non</strong></span> 
     </span>
    </p>
   </div>
   <div class='ocr_carea' id='block_1_38' title="bbox 1982 1620 3555 1690">
    <p class='ocr_par' dir='ltr' id='par_1_38' title="bbox 1982 1620 3555 1690">
     <span class='ocr_line' id='line_1_38' title="bbox 1982 1620 3555 1690; baseline 0.006 -20"><span class='ocrx_word' id='word_1_248' title='bbox 1982 1620 2145 1690; x_wconf 84' lang='lat' dir='ltr'><strong>debui</strong></span> <span class='ocrx_word' id='word_1_249' title='bbox 2213 1621 2529 1688; x_wconf 21' lang='lat' dir='ltr'><strong>profectota</strong></span> <span class='ocrx_word' id='word_1_250' title='bbox 2591 1623 2740 1676; x_wconf 91' lang='lat' dir='ltr'><strong>tein</strong></span> <span class='ocrx_word' id='word_1_251' title='bbox 2795 1625 3011 1690; x_wconf 88' lang='lat' dir='ltr'><strong>publico</strong></span> <span class='ocrx_word' id='word_1_252' title='bbox 3076 1624 3555 1680; x_wconf 87' lang='lat' dir='ltr'><strong>celeberrimarum</strong></span> 
     </span>
    </p>
   </div>
   <div class='ocr_carea' id='block_1_39' title="bbox 1981 1688 3560 1761">
    <p class='ocr_par' dir='ltr' id='par_1_39' title="bbox 1981 1688 3560 1761">
     <span class='ocr_line' id='line_1_39' title="bbox 1981 1688 3560 1761; baseline 0.006 -22"><span class='ocrx_word' id='word_1_253' title='bbox 1981 1688 2289 1761; x_wconf 80' lang='lat' dir='ltr'><strong>scholarum</strong></span> <span class='ocrx_word' id='word_1_254' title='bbox 2317 1692 2585 1744; x_wconf 89' lang='lat' dir='ltr'><strong>auditorio</strong></span> <span class='ocrx_word' id='word_1_255' title='bbox 2630 1688 2809 1746; x_wconf 79' lang='lat' dir='ltr'><strong>verbis</strong></span> <span class='ocrx_word' id='word_1_256' title='bbox 2844 1703 2898 1746; x_wconf 91' lang='lat' dir='ltr'><strong>et</strong></span> <span class='ocrx_word' id='word_1_257' title='bbox 2931 1692 3149 1761; x_wconf 84' lang='lat' dir='ltr'><strong>scriptis</strong></span> <span class='ocrx_word' id='word_1_258' title='bbox 3184 1693 3236 1746; x_wconf 92' lang='lat' dir='ltr'><strong>in</strong></span> <span class='ocrx_word' id='word_1_259' title='bbox 3273 1694 3415 1747; x_wconf 91' lang='lat' dir='ltr'><strong>hunc</strong></span> <span class='ocrx_word' id='word_1_260' title='bbox 3444 1712 3560 1749; x_wconf 82' lang='lat' dir='ltr'><strong>mo-</strong></span> 
     </span>
    </p>
   </div>
   <div class='ocr_carea' id='block_1_40' title="bbox 1982 1758 3556 1829">
    <p class='ocr_par' dir='ltr' id='par_1_40' title="bbox 1982 1758 3556 1829">
     <span class='ocr_line' id='line_1_40' title="bbox 1982 1758 3556 1829; baseline 0.005 -20"><span class='ocrx_word' id='word_1_261' title='bbox 1982 1758 2121 1829; x_wconf 83' lang='lat' dir='ltr'><strong>dum</strong></span> <span class='ocrx_word' id='word_1_262' title='bbox 2147 1761 2375 1825; x_wconf 78' lang='lat' dir='ltr'><strong>traduci,</strong></span> <span class='ocrx_word' id='word_1_263' title='bbox 2404 1770 2497 1812; x_wconf 91' lang='lat' dir='ltr'><strong>aut</strong></span> <span class='ocrx_word' id='word_1_264' title='bbox 2524 1762 2801 1815; x_wconf 85' lang='lat' dir='ltr'><strong>traductus</strong></span> <span class='ocrx_word' id='word_1_265' title='bbox 2833 1763 2957 1815; x_wconf 94' lang='lat' dir='ltr'><strong>huic</strong></span> <span class='ocrx_word' id='word_1_266' title='bbox 2996 1758 3313 1829; x_wconf 73' lang='lat' dir='ltr'><strong>justissima:</strong></span> <span class='ocrx_word' id='word_1_267' title='bbox 3366 1766 3556 1817; x_wconf 79' lang='lat' dir='ltr'><strong>delen-</strong></span> 
     </span>
    </p>
   </div>
   <div class='ocr_carea' id='block_1_41' title="bbox 301 1825 3555 1899">
    <p class='ocr_par' dir='ltr' id='par_1_41' title="bbox 301 1825 3555 1899">
     <span class='ocr_line' id='line_1_41' title="bbox 301 1825 3555 1899; baseline 0.002 -21"><span class='ocrx_word' id='word_1_268' title='bbox 301 1827 510 1899; x_wconf 80' lang='lat' dir='ltr'><strong>pulum.</strong></span> <span class='ocrx_word' id='word_1_269' title='bbox 539 1845 560 1899; x_wconf 65' lang='grc' dir='ltr'><em>ρ</em></span> <span class='ocrx_word' id='word_1_270' title='bbox 593 1827 658 1899; x_wconf 73' lang='lat' dir='ltr'><strong>Et</strong></span> <span class='ocrx_word' id='word_1_271' title='bbox 687 1825 975 1899; x_wconf 78' lang='lat' dir='ltr'><strong>aliquanto</strong></span> <span class='ocrx_word' id='word_1_272' title='bbox 1008 1836 1192 1899; x_wconf 87' lang='lat' dir='ltr'><strong>postea</strong></span> <span class='ocrx_word' id='word_1_273' title='bbox 1225 1842 1297 1899; x_wconf 74' lang='lat'><strong>:_¢</strong></span> <span class='ocrx_word' id='word_1_274' title='bbox 1332 1827 1492 1894; x_wconf 81' lang='lat' dir='ltr'><strong>Signa</strong></span> <span class='ocrx_word' id='word_1_275' title='bbox 1517 1842 1580 1880; x_wconf 91' lang='lat' dir='ltr'><strong>ac</strong></span> <span class='ocrx_word' id='word_1_276' title='bbox 1610 1825 1876 1895; x_wconf 83' lang='lat' dir='ltr'><strong>prodigia,</strong></span> <span class='ocrx_word' id='word_1_277' title='bbox 1914 1845 1952 1899; x_wconf 73' lang='grc' dir='ltr'>Β</span> <span class='ocrx_word' id='word_1_278' title='bbox 1983 1826 2219 1899; x_wconf 79' lang='lat' dir='ltr'><strong>sioniac</strong></span> <span class='ocrx_word' id='word_1_279' title='bbox 2251 1832 2626 1897; x_wconf 77' lang='lat' dir='ltr'><strong>expurgationi</strong></span> <span class='ocrx_word' id='word_1_280' title='bbox 2659 1844 2789 1883; x_wconf 70' lang='lat' dir='ltr'><strong>mea:</strong></span> <span class='ocrx_word' id='word_1_281' title='bbox 2838 1825 3129 1899; x_wconf 73' lang='lat' dir='ltr'><strong>aliquando</strong></span> <span class='ocrx_word' id='word_1_282' title='bbox 3161 1832 3371 1886; x_wconf 82' lang='lat' dir='ltr'><strong>deesse.</strong></span> <span class='ocrx_word' id='word_1_283' title='bbox 3401 1835 3555 1898; x_wconf 78' lang='lat' dir='ltr'><strong>Quod</strong></span> 
     </span>
    </p>
   </div>
   <div class='ocr_carea' id='block_1_42' title="bbox 303 1895 1873 1963">
    <p class='ocr_par' dir='ltr' id='par_1_42' title="bbox 303 1895 1873 1963">
     <span class='ocr_line' id='line_1_42' title="bbox 303 1895 1873 1963; baseline 0 -14"><span class='ocrx_word' id='word_1_284' title='bbox 303 1895 583 1950; x_wconf 81' lang='lat' dir='ltr'><strong>mendacia</strong></span> <span class='ocrx_word' id='word_1_285' title='bbox 613 1896 932 1949; x_wconf 82' lang='lat' dir='ltr'><strong>Antichristi</strong></span> <span class='ocrx_word' id='word_1_286' title='bbox 966 1895 1017 1947; x_wconf 91' lang='lat' dir='ltr'><strong>in</strong></span> <span class='ocrx_word' id='word_1_287' title='bbox 1055 1898 1138 1949; x_wconf 91' lang='lat' dir='ltr'><strong>his</strong></span> <span class='ocrx_word' id='word_1_288' title='bbox 1175 1896 1263 1963; x_wconf 87' lang='lat' dir='ltr'><strong>qui</strong></span> <span class='ocrx_word' id='word_1_289' title='bbox 1305 1906 1555 1963; x_wconf 88' lang='lat' dir='ltr'><strong>pereunt,</strong></span> <span class='ocrx_word' id='word_1_290' title='bbox 1602 1905 1731 1948; x_wconf 91' lang='lat' dir='ltr'><strong>sunt</strong></span> <span class='ocrx_word' id='word_1_291' title='bbox 1780 1912 1873 1949; x_wconf 89' lang='lat' dir='ltr'><strong>va-</strong></span> 
     </span>
    </p>
   </div>
   <div class='ocr_carea' id='block_1_43' title="bbox 301 1964 1870 2031">
    <p class='ocr_par' dir='ltr' id='par_1_43' title="bbox 301 1964 1870 2031">
     <span class='ocr_line' id='line_1_43' title="bbox 301 1964 1870 2031; baseline -0.001 -12"><span class='ocrx_word' id='word_1_292' title='bbox 301 1966 397 2020; x_wconf 67' lang='lat' dir='ltr'><strong>riae</strong></span> <span class='ocrx_word' id='word_1_293' title='bbox 428 1980 493 2021; x_wconf 87' lang='lat' dir='ltr'><strong>ac</strong></span> <span class='ocrx_word' id='word_1_294' title='bbox 525 1964 884 2019; x_wconf 74' lang='lat' dir='ltr'><strong>multiformes</strong></span> <span class='ocrx_word' id='word_1_295' title='bbox 910 1964 1027 2031; x_wconf 88' lang='lat' dir='ltr'><strong>ejus</strong></span> <span class='ocrx_word' id='word_1_296' title='bbox 1064 1966 1275 2018; x_wconf 76' lang='lat' dir='ltr'><strong>technae</strong></span> <span class='ocrx_word' id='word_1_297' title='bbox 1310 1967 1374 2017; x_wconf 85' lang='lat' dir='ltr'><strong>ad</strong></span> <span class='ocrx_word' id='word_1_298' title='bbox 1405 1967 1747 2017; x_wconf 86' lang='lat' dir='ltr'><strong>seducendos</strong></span> <span class='ocrx_word' id='word_1_299' title='bbox 1779 1967 1870 2019; x_wconf 88' lang='lat' dir='ltr'><strong>Dei</strong></span> 
     </span>
    </p>
   </div>
   <div class='ocr_carea' id='block_1_44' title="bbox 300 2034 1876 2103">
    <p class='ocr_par' dir='ltr' id='par_1_44' title="bbox 300 2034 1876 2103">
     <span class='ocr_line' id='line_1_44' title="bbox 300 2034 1876 2103; baseline -0.001 -14"><span class='ocrx_word' id='word_1_300' title='bbox 300 2051 509 2089; x_wconf 88' lang='lat' dir='ltr'><strong>servos.</strong></span> <span class='ocrx_word' id='word_1_301' title='bbox 535 2036 777 2103; x_wconf 82' lang='lat' dir='ltr'><strong>Cumque</strong></span> <span class='ocrx_word' id='word_1_302' title='bbox 806 2048 864 2087; x_wconf 91' lang='lat' dir='ltr'><strong>se</strong></span> <span class='ocrx_word' id='word_1_303' title='bbox 900 2050 963 2085; x_wconf 90' lang='lat' dir='ltr'><strong>ac</strong></span> <span class='ocrx_word' id='word_1_304' title='bbox 1001 2050 1154 2086; x_wconf 83' lang='lat' dir='ltr'><strong>suam</strong></span> <span class='ocrx_word' id='word_1_305' title='bbox 1207 2044 1409 2087; x_wconf 88' lang='lat' dir='ltr'><strong>sectam</strong></span> <span class='ocrx_word' id='word_1_306' title='bbox 1459 2034 1876 2088; x_wconf 74' lang='lat' dir='ltr'><strong>Christianismo</strong></span> 
     </span>
    </p>
   </div>
   <div class='ocr_carea' id='block_1_45' title="bbox 299 2103 1876 2174">
    <p class='ocr_par' dir='ltr' id='par_1_45' title="bbox 299 2103 1876 2174">
     <span class='ocr_line' id='line_1_45' title="bbox 299 2103 1876 2174; baseline -0.002 -14"><span class='ocrx_word' id='word_1_307' title='bbox 299 2107 625 2174; x_wconf 57' lang='lat' dir='ltr'><strong>(ueterisque</strong></span> <span class='ocrx_word' id='word_1_308' title='bbox 668 2105 880 2173; x_wconf 82' lang='lat' dir='ltr'><strong>legibus</strong></span> <span class='ocrx_word' id='word_1_309' title='bbox 916 2103 1169 2174; x_wconf 86' lang='lat' dir='ltr'><strong>omnibus</strong></span> <span class='ocrx_word' id='word_1_310' title='bbox 1229 2112 1542 2174; x_wconf 65' lang='lat' dir='ltr'><strong>pi‘wptiiiat,</strong></span> <span class='ocrx_word' id='word_1_311' title='bbox 1573 2116 1749 2174; x_wconf 84' lang='lat' dir='ltr'><strong>annon</strong></span> <span class='ocrx_word' id='word_1_312' title='bbox 1818 2118 1876 2174; x_wconf 81' lang='lat' dir='ltr'><strong>se</strong></span> 
     </span>
    </p>
   </div>
   <div class='ocr_carea' id='block_1_46' title="bbox 299 2172 1877 2242">
    <p class='ocr_par' dir='ltr' id='par_1_46' title="bbox 299 2172 1877 2242">
     <span class='ocr_line' id='line_1_46' title="bbox 299 2172 1877 2242; baseline -0.002 -14"><span class='ocrx_word' id='word_1_313' title='bbox 299 2176 513 2228; x_wconf 81' lang='lat' dir='ltr'><strong>exlollit</strong></span> <span class='ocrx_word' id='word_1_314' title='bbox 538 2172 706 2242; x_wconf 80' lang='lat' dir='ltr'><strong>supra</strong></span> <span class='ocrx_word' id='word_1_315' title='bbox 732 2172 954 2225; x_wconf 78' lang='lat' dir='ltr'><strong>omnem</strong></span> <span class='ocrx_word' id='word_1_316' title='bbox 996 2174 1087 2241; x_wconf 88' lang='lat' dir='ltr'><strong>qui</strong></span> <span class='ocrx_word' id='word_1_317' title='bbox 1122 2173 1321 2226; x_wconf 90' lang='lat' dir='ltr'><strong>dicitur</strong></span> <span class='ocrx_word' id='word_1_318' title='bbox 1373 2172 1551 2226; x_wconf 86' lang='lat' dir='ltr'><strong>Deus?</strong></span> <span class='ocrx_word' id='word_1_319' title='bbox 1580 2172 1634 2224; x_wconf 85' lang='lat' dir='ltr'><strong>lii</strong></span> <span class='ocrx_word' id='word_1_320' title='bbox 1691 2173 1877 2239; x_wconf 84' lang='lat' dir='ltr'><strong>prodi-</strong></span> 
     </span>
    </p>
   </div>
   <div class='ocr_carea' id='block_1_47' title="bbox 299 2241 1875 2314">
    <p class='ocr_par' dir='ltr' id='par_1_47' title="bbox 299 2241 1875 2314">
     <span class='ocr_line' id='line_1_47' title="bbox 299 2241 1875 2314; baseline 0 -19"><span class='ocrx_word' id='word_1_321' title='bbox 299 2246 401 2314; x_wconf 82' lang='lat' dir='ltr'><strong>giis</strong></span> <span class='ocrx_word' id='word_1_322' title='bbox 429 2241 623 2297; x_wconf 86' lang='lat' dir='ltr'><strong>autem</strong></span> <span class='ocrx_word' id='word_1_323' title='bbox 640 2241 989 2296; x_wconf 87' lang='lat' dir='ltr'><strong>mendacibus</strong></span> <span class='ocrx_word' id='word_1_324' title='bbox 1027 2242 1349 2314; x_wconf 72' lang='lat' dir='ltr'><strong>venit,quia</strong></span> <span class='ocrx_word' id='word_1_325' title='bbox 1378 2242 1563 2314; x_wconf 83' lang='lat' dir='ltr'><strong>volens</strong></span> <span class='ocrx_word' id='word_1_326' title='bbox 1597 2244 1875 2314; x_wconf 83' lang='lat' dir='ltr'><strong>occultare</strong></span> 
     </span>
    </p>
   </div>
   <div class='ocr_carea' id='block_1_48' title="bbox 303 2312 1873 2375">
    <p class='ocr_par' dir='ltr' id='par_1_48' title="bbox 303 2312 1873 2375">
     <span class='ocr_line' id='line_1_48' title="bbox 303 2312 1873 2375; baseline -0.002 -9"><span class='ocrx_word' id='word_1_327' title='bbox 303 2312 554 2367; x_wconf 82' lang='lat' dir='ltr'><strong>morbum</strong></span> <span class='ocrx_word' id='word_1_328' title='bbox 582 2327 737 2365; x_wconf 89' lang='lat' dir='ltr'><strong>suum</strong></span> <span class='ocrx_word' id='word_1_329' title='bbox 766 2315 1052 2375; x_wconf 89' lang='lat' dir='ltr'><strong>caducum,</strong></span> <span class='ocrx_word' id='word_1_330' title='bbox 1078 2312 1292 2365; x_wconf 88' lang='lat' dir='ltr'><strong>dicebat</strong></span> <span class='ocrx_word' id='word_1_331' title='bbox 1334 2327 1393 2365; x_wconf 92' lang='lat' dir='ltr'><strong>se</strong></span> <span class='ocrx_word' id='word_1_332' title='bbox 1437 2313 1631 2364; x_wconf 86' lang='lat' dir='ltr'><strong>cadere</strong></span> <span class='ocrx_word' id='word_1_333' title='bbox 1662 2325 1728 2364; x_wconf 86' lang='lat' dir='ltr'><strong>ex</strong></span> <span class='ocrx_word' id='word_1_334' title='bbox 1754 2312 1873 2364; x_wconf 88' lang='lat' dir='ltr'><strong>illu-</strong></span> 
     </span>
    </p>
   </div>
   <div class='ocr_carea' id='block_1_49' title="bbox 298 2380 1874 2449">
    <p class='ocr_par' dir='ltr' id='par_1_49' title="bbox 298 2380 1874 2449">
     <span class='ocr_line' id='line_1_49' title="bbox 298 2380 1874 2449; baseline -0.003 -11"><span class='ocrx_word' id='word_1_335' title='bbox 298 2383 567 2438; x_wconf 82' lang='lat' dir='ltr'><strong>stratione</strong></span> <span class='ocrx_word' id='word_1_336' title='bbox 599 2380 777 2449; x_wconf 79' lang='lat' dir='ltr'><strong>angeli</strong></span> <span class='ocrx_word' id='word_1_337' title='bbox 801 2382 869 2433; x_wconf 90' lang='lat' dir='ltr'><strong>de</strong></span> <span class='ocrx_word' id='word_1_338' title='bbox 901 2381 1041 2434; x_wconf 69' lang='lat' dir='ltr'><strong>caelo</strong></span> <span class='ocrx_word' id='word_1_339' title='bbox 1068 2381 1133 2434; x_wconf 87' lang='lat' dir='ltr'><strong>ad</strong></span> <span class='ocrx_word' id='word_1_340' title='bbox 1165 2396 1223 2434; x_wconf 89' lang='lat' dir='ltr'><strong>se</strong></span> <span class='ocrx_word' id='word_1_341' title='bbox 1267 2380 1667 2437; x_wconf 91' lang='lat' dir='ltr'><strong>descendentis.</strong></span> <span class='ocrx_word' id='word_1_342' title='bbox 1721 2383 1874 2434; x_wconf 87' lang='lat' dir='ltr'><strong>Dedit</strong></span> 
     </span>
    </p>
   </div>
   <div class='ocr_carea' id='block_1_50' title="bbox 298 2449 1873 2519">
    <p class='ocr_par' dir='ltr' id='par_1_50' title="bbox 298 2449 1873 2519">
     <span class='ocr_line' id='line_1_50' title="bbox 298 2449 1873 2519; baseline -0.001 -14"><span class='ocrx_word' id='word_1_343' title='bbox 298 2454 461 2506; x_wconf 86' lang='lat' dir='ltr'><strong>etiam</strong></span> <span class='ocrx_word' id='word_1_344' title='bbox 494 2452 745 2519; x_wconf 85' lang='lat' dir='ltr'><strong>spiritum</strong></span> <span class='ocrx_word' id='word_1_345' title='bbox 780 2449 998 2517; x_wconf 81' lang='lat' dir='ltr'><strong>imagini</strong></span> <span class='ocrx_word' id='word_1_346' title='bbox 1031 2450 1238 2514; x_wconf 66' lang='lat' dir='ltr'><strong>bestiaa,</strong></span> <span class='ocrx_word' id='word_1_347' title='bbox 1269 2450 1484 2517; x_wconf 85' lang='lat' dir='ltr'><strong>quando</strong></span> <span class='ocrx_word' id='word_1_348' title='bbox 1512 2450 1684 2517; x_wconf 81' lang='lat' dir='ltr'><strong>legem</strong></span> <span class='ocrx_word' id='word_1_349' title='bbox 1713 2461 1873 2503; x_wconf 75' lang='lat' dir='ltr'><strong>secta:</strong></span> 
     </span>
    </p>
   </div>
   <div class='ocr_carea' id='block_1_51' title="bbox 297 2520 1870 2587">
    <p class='ocr_par' dir='ltr' id='par_1_51' title="bbox 297 2520 1870 2587">
     <span class='ocr_line' id='line_1_51' title="bbox 297 2520 1870 2587; baseline -0.003 -12"><span class='ocrx_word' id='word_1_350' title='bbox 297 2537 409 2576; x_wconf 79' lang='lat' dir='ltr'><strong>sua:</strong></span> <span class='ocrx_word' id='word_1_351' title='bbox 442 2521 695 2574; x_wconf 89' lang='lat' dir='ltr'><strong>omnibus</strong></span> <span class='ocrx_word' id='word_1_352' title='bbox 742 2533 936 2587; x_wconf 89' lang='lat' dir='ltr'><strong>magno</strong></span> <span class='ocrx_word' id='word_1_353' title='bbox 961 2534 1084 2572; x_wconf 89' lang='lat' dir='ltr'><strong>cum</strong></span> <span class='ocrx_word' id='word_1_354' title='bbox 1117 2520 1341 2573; x_wconf 91' lang='lat' dir='ltr'><strong>horrore</strong></span> <span class='ocrx_word' id='word_1_355' title='bbox 1371 2521 1754 2586; x_wconf 82' lang='lat' dir='ltr'><strong>promulgavit,</strong></span> <span class='ocrx_word' id='word_1_356' title='bbox 1787 2520 1870 2572; x_wconf 90' lang='lat' dir='ltr'><strong>di-</strong></span> 
     </span>
    </p>
   </div>
   <div class='ocr_carea' id='block_1_52' title="bbox 297 2588 1868 2656">
    <p class='ocr_par' dir='ltr' id='par_1_52' title="bbox 297 2588 1868 2656">
     <span class='ocr_line' id='line_1_52' title="bbox 297 2588 1868 2656; baseline -0.003 -11"><span class='ocrx_word' id='word_1_357' title='bbox 297 2607 431 2645; x_wconf 86' lang='lat' dir='ltr'><strong>cens</strong></span> <span class='ocrx_word' id='word_1_358' title='bbox 454 2605 512 2645; x_wconf 91' lang='lat' dir='ltr'><strong>se</strong></span> <span class='ocrx_word' id='word_1_359' title='bbox 543 2593 767 2644; x_wconf 89' lang='lat' dir='ltr'><strong>missum</strong></span> <span class='ocrx_word' id='word_1_360' title='bbox 801 2590 855 2641; x_wconf 92' lang='lat' dir='ltr'><strong>in</strong></span> <span class='ocrx_word' id='word_1_361' title='bbox 887 2589 1086 2656; x_wconf 87' lang='lat' dir='ltr'><strong>gladio,</strong></span> <span class='ocrx_word' id='word_1_362' title='bbox 1117 2590 1314 2656; x_wconf 87' lang='lat' dir='ltr'><strong>jubcns</strong></span> <span class='ocrx_word' id='word_1_363' title='bbox 1340 2602 1528 2641; x_wconf 88' lang='lat' dir='ltr'><strong>omnes</strong></span> <span class='ocrx_word' id='word_1_364' title='bbox 1589 2588 1868 2651; x_wconf 88' lang='lat' dir='ltr'><strong>trucidari,</strong></span> 
     </span>
    </p>
   </div>
   <div class='ocr_carea' id='block_1_53' title="bbox 298 2657 1872 2731">
    <p class='ocr_par' dir='ltr' id='par_1_53' title="bbox 298 2657 1872 2731">
     <span class='ocr_line' id='line_1_53' title="bbox 298 2657 1872 2731; baseline -0.004 -18"><span class='ocrx_word' id='word_1_365' title='bbox 298 2661 393 2731; x_wconf 86' lang='lat' dir='ltr'><strong>qui</strong></span> <span class='ocrx_word' id='word_1_366' title='bbox 424 2676 576 2716; x_wconf 88' lang='lat' dir='ltr'><strong>suam</strong></span> <span class='ocrx_word' id='word_1_367' title='bbox 609 2673 713 2711; x_wconf 89' lang='lat' dir='ltr'><strong>non</strong></span> <span class='ocrx_word' id='word_1_368' title='bbox 736 2659 1081 2731; x_wconf 74' lang='lat' dir='ltr'><strong>susceperint</strong></span> <span class='ocrx_word' id='word_1_369' title='bbox 1106 2668 1337 2731; x_wconf 69' lang='lat' dir='ltr'><strong>sectam.</strong></span> <span class='ocrx_word' id='word_1_370' title='bbox 1367 2657 1480 2731; x_wconf 77' lang='lat' dir='ltr'><strong>Nec</strong></span> <span class='ocrx_word' id='word_1_371' title='bbox 1503 2658 1685 2710; x_wconf 87' lang='lat' dir='ltr'><strong>obstat</strong></span> <span class='ocrx_word' id='word_1_372' title='bbox 1722 2660 1872 2731; x_wconf 73' lang='lat' dir='ltr'><strong>quod</strong></span> 
     </span>
    </p>
   </div>
   <div class='ocr_carea' id='block_1_54' title="bbox 300 2727 1871 2800">
    <p class='ocr_par' dir='ltr' id='par_1_54' title="bbox 300 2727 1871 2800">
     <span class='ocr_line' id='line_1_54' title="bbox 300 2727 1871 2800; baseline -0.001 -17"><span class='ocrx_word' id='word_1_373' title='bbox 300 2727 463 2800; x_wconf 67' lang='lat' dir='ltr'><strong>vulgo</strong></span> <span class='ocrx_word' id='word_1_374' title='bbox 491 2732 743 2783; x_wconf 90' lang='lat' dir='ltr'><strong>dicuntur</strong></span> <span class='ocrx_word' id='word_1_375' title='bbox 771 2727 994 2800; x_wconf 71' lang='lat' dir='ltr'><strong>llenocli</strong></span> <span class='ocrx_word' id='word_1_376' title='bbox 1021 2737 1079 2800; x_wconf 87' lang='lat' dir='ltr'><strong>_et</strong></span> <span class='ocrx_word' id='word_1_377' title='bbox 1106 2728 1249 2780; x_wconf 84' lang='lat' dir='ltr'><strong>Elias</strong></span> <span class='ocrx_word' id='word_1_378' title='bbox 1272 2727 1508 2790; x_wconf 87' lang='lat' dir='ltr'><strong>venturi,</strong></span> <span class='ocrx_word' id='word_1_379' title='bbox 1541 2735 1597 2800; x_wconf 85' lang='lat' dir='ltr'><strong>ut</strong></span> <span class='ocrx_word' id='word_1_380' title='bbox 1625 2742 1746 2800; x_wconf 85' lang='lat' dir='ltr'><strong>sese</strong></span> <span class='ocrx_word' id='word_1_381' title='bbox 1795 2728 1871 2781; x_wconf 88' lang='lat' dir='ltr'><strong>illi</strong></span> 
     </span>
    </p>
   </div>
   <div class='ocr_carea' id='block_1_55' title="bbox 296 2796 1872 2868">
    <p class='ocr_par' dir='ltr' id='par_1_55' title="bbox 296 2796 1872 2868">
     <span class='ocr_line' id='line_1_55' title="bbox 296 2796 1872 2868; baseline -0.001 -15"><span class='ocrx_word' id='word_1_382' title='bbox 296 2796 611 2868; x_wconf 78' lang='lat' dir='ltr'><strong>opponant,</strong></span> <span class='ocrx_word' id='word_1_383' title='bbox 660 2806 766 2849; x_wconf 88' lang='lat' dir='ltr'><strong>etc.</strong></span> <span class='ocrx_word' id='word_1_384' title='bbox 801 2796 918 2851; x_wconf 80' lang='lat' dir='ltr'><strong>Non</strong></span> <span class='ocrx_word' id='word_1_385' title='bbox 948 2796 1091 2850; x_wconf 89' lang='lat' dir='ltr'><strong>enim</strong></span> <span class='ocrx_word' id='word_1_386' title='bbox 1148 2808 1363 2865; x_wconf 88' lang='lat' dir='ltr'><strong>oportet</strong></span> <span class='ocrx_word' id='word_1_387' title='bbox 1421 2797 1562 2863; x_wconf 89' lang='lat' dir='ltr'><strong>quod</strong></span> <span class='ocrx_word' id='word_1_388' title='bbox 1610 2796 1872 2868; x_wconf 86' lang='lat' dir='ltr'><strong>adversus</strong></span> 
     </span>
    </p>
   </div>
   <div class='ocr_carea' id='block_1_56' title="bbox 298 2867 1869 2940">
    <p class='ocr_par' dir='ltr' id='par_1_56' title="bbox 298 2867 1869 2940">
     <span class='ocr_line' id='line_1_56' title="bbox 298 2867 1869 2940; baseline -0.004 -15"><span class='ocrx_word' id='word_1_389' title='bbox 298 2867 415 2940; x_wconf 84' lang='lat' dir='ltr'><strong>ejus</strong></span> <span class='ocrx_word' id='word_1_390' title='bbox 449 2881 735 2936; x_wconf 86' lang='lat' dir='ltr'><strong>personam</strong></span> <span class='ocrx_word' id='word_1_391' title='bbox 766 2875 1040 2940; x_wconf 84' lang='lat' dir='ltr'><strong>pugnent;</strong></span> <span class='ocrx_word' id='word_1_392' title='bbox 1070 2868 1162 2919; x_wconf 89' lang='lat' dir='ltr'><strong>sed</strong></span> <span class='ocrx_word' id='word_1_393' title='bbox 1201 2868 1335 2940; x_wconf 82' lang='lat' dir='ltr'><strong>satis</strong></span> <span class='ocrx_word' id='word_1_394' title='bbox 1367 2878 1471 2928; x_wconf 90' lang='lat' dir='ltr'><strong>est,</strong></span> <span class='ocrx_word' id='word_1_395' title='bbox 1500 2870 1641 2930; x_wconf 90' lang='lat' dir='ltr'><strong>quod</strong></span> <span class='ocrx_word' id='word_1_396' title='bbox 1672 2867 1869 2919; x_wconf 84' lang='lat' dir='ltr'><strong>adver-</strong></span> 
     </span>
    </p>
   </div>
   <div class='ocr_carea' id='block_1_57' title="bbox 296 2936 1870 3005">
    <p class='ocr_par' dir='ltr' id='par_1_57' title="bbox 296 2936 1870 3005">
     <span class='ocr_line' id='line_1_57' title="bbox 296 2936 1870 3005; baseline -0.004 -9"><span class='ocrx_word' id='word_1_397' title='bbox 296 2936 393 2997; x_wconf 75' lang='lat' dir='ltr'><strong>sus</strong></span> <span class='ocrx_word' id='word_1_398' title='bbox 416 2954 534 3005; x_wconf 81' lang='lat' dir='ltr'><strong>ejus</strong></span> <span class='ocrx_word' id='word_1_399' title='bbox 556 2946 779 2991; x_wconf 85' lang='lat' dir='ltr'><strong>sectam.</strong></span> <span class='ocrx_word' id='word_1_400' title='bbox 812 2955 831 2988; x_wconf 75' lang='grc' dir='ltr'><strong>ι</strong></span> <span class='ocrx_word' id='word_1_401' title='bbox 870 2938 1077 2990; x_wconf 69' lang='lat' dir='ltr'><strong>Caetera</strong></span> <span class='ocrx_word' id='word_1_402' title='bbox 1112 2936 1409 3005; x_wconf 74' lang='lat' dir='ltr'><strong>prolixiora</strong></span> <span class='ocrx_word' id='word_1_403' title='bbox 1451 2943 1575 2987; x_wconf 89' lang='lat' dir='ltr'><strong>sunt</strong></span> <span class='ocrx_word' id='word_1_404' title='bbox 1609 2950 1769 3003; x_wconf 90' lang='lat' dir='ltr'><strong>quain</strong></span> <span class='ocrx_word' id='word_1_405' title='bbox 1813 2945 1870 2990; x_wconf 87' lang='lat' dir='ltr'><strong>ut</strong></span> 
     </span>
    </p>
   </div>
   <div class='ocr_carea' id='block_1_58' title="bbox 297 3004 1871 3073">
    <p class='ocr_par' dir='ltr' id='par_1_58' title="bbox 297 3004 1871 3073">
     <span class='ocr_line' id='line_1_58' title="bbox 297 3004 1871 3073; baseline -0.004 -8"><span class='ocrx_word' id='word_1_406' title='bbox 297 3012 404 3065; x_wconf 89' lang='lat' dir='ltr'><strong>isto</strong></span> <span class='ocrx_word' id='word_1_407' title='bbox 433 3004 550 3063; x_wconf 83' lang='lat' dir='ltr'><strong>loco</strong></span> <span class='ocrx_word' id='word_1_408' title='bbox 578 3007 861 3071; x_wconf 83' lang='lat' dir='ltr'><strong>commode</strong></span> <span class='ocrx_word' id='word_1_409' title='bbox 880 3008 1044 3060; x_wconf 83' lang='lat' dir='ltr'><strong>inseri</strong></span> <span class='ocrx_word' id='word_1_410' title='bbox 1067 3015 1306 3073; x_wconf 85' lang='lat' dir='ltr'><strong>possent.</strong></span> <span class='ocrx_word' id='word_1_411' title='bbox 1340 3004 1464 3058; x_wconf 81' lang='lat' dir='ltr'><strong>Mihi</strong></span> <span class='ocrx_word' id='word_1_412' title='bbox 1497 3014 1582 3057; x_wconf 86' lang='lat' dir='ltr'><strong>sat</strong></span> <span class='ocrx_word' id='word_1_413' title='bbox 1605 3015 1707 3066; x_wconf 89' lang='lat' dir='ltr'><strong>est,</strong></span> <span class='ocrx_word' id='word_1_414' title='bbox 1727 3007 1871 3072; x_wconf 90' lang='lat' dir='ltr'><strong>quod</strong></span> 
     </span>
    </p>
   </div>
   <div class='ocr_carea' id='block_1_59' title="bbox 298 3075 1872 3144">
    <p class='ocr_par' dir='ltr' id='par_1_59' title="bbox 298 3075 1872 3144">
     <span class='ocr_line' id='line_1_59' title="bbox 298 3075 1872 3144; baseline -0.004 -9"><span class='ocrx_word' id='word_1_415' title='bbox 298 3083 390 3135; x_wconf 86' lang='lat' dir='ltr'><strong>hic</strong></span> <span class='ocrx_word' id='word_1_416' title='bbox 420 3083 492 3134; x_wconf 89' lang='lat' dir='ltr'><strong>ita</strong></span> <span class='ocrx_word' id='word_1_417' title='bbox 524 3077 757 3130; x_wconf 90' lang='lat' dir='ltr'><strong>senserit</strong></span> <span class='ocrx_word' id='word_1_418' title='bbox 782 3087 837 3131; x_wconf 90' lang='lat' dir='ltr'><strong>et</strong></span> <span class='ocrx_word' id='word_1_419' title='bbox 863 3076 1162 3144; x_wconf 88' lang='lat' dir='ltr'><strong>scripserit,</strong></span> <span class='ocrx_word' id='word_1_420' title='bbox 1194 3087 1251 3127; x_wconf 93' lang='lat' dir='ltr'><strong>ut</strong></span> <span class='ocrx_word' id='word_1_421' title='bbox 1282 3090 1348 3127; x_wconf 86' lang='lat' dir='ltr'><strong>ex</strong></span> <span class='ocrx_word' id='word_1_422' title='bbox 1379 3090 1443 3127; x_wconf 91' lang='lat' dir='ltr'><strong>eo</strong></span> <span class='ocrx_word' id='word_1_423' title='bbox 1466 3075 1775 3138; x_wconf 88' lang='lat' dir='ltr'><strong>cilaveram,</strong></span> <span class='ocrx_word' id='word_1_424' title='bbox 1812 3084 1872 3129; x_wconf 92' lang='lat' dir='ltr'><strong>ut</strong></span> 
     </span>
    </p>
   </div>
   <div class='ocr_carea' id='block_1_60' title="bbox 1981 1897 3557 1969">
    <p class='ocr_par' dir='ltr' id='par_1_60' title="bbox 1981 1897 3557 1969">
     <span class='ocr_line' id='line_1_60' title="bbox 1981 1897 3557 1969; baseline 0.004 -21"><span class='ocrx_word' id='word_1_425' title='bbox 1981 1909 2104 1948; x_wconf 90' lang='lat' dir='ltr'><strong>cum</strong></span> <span class='ocrx_word' id='word_1_426' title='bbox 2134 1897 2295 1969; x_wconf 79' lang='lat' dir='ltr'><strong>facio,</strong></span> <span class='ocrx_word' id='word_1_427' title='bbox 2336 1914 2440 1951; x_wconf 91' lang='lat' dir='ltr'><strong>non</strong></span> <span class='ocrx_word' id='word_1_428' title='bbox 2472 1900 2778 1963; x_wconf 86' lang='lat' dir='ltr'><strong>arbitreris,</strong></span> <span class='ocrx_word' id='word_1_429' title='bbox 2822 1897 3029 1967; x_wconf 61' lang='lat' dir='ltr'><strong>quaiso,‘</strong></span> <span class='ocrx_word' id='word_1_430' title='bbox 3063 1915 3147 1953; x_wconf 91' lang='lat' dir='ltr'><strong>ine</strong></span> <span class='ocrx_word' id='word_1_431' title='bbox 3172 1901 3378 1967; x_wconf 89' lang='lat' dir='ltr'><strong>aliquid</strong></span> <span class='ocrx_word' id='word_1_432' title='bbox 3428 1897 3557 1969; x_wconf 17' lang='lat' dir='ltr'><strong>iper-</strong></span> 
     </span>
    </p>
   </div>
   <div class='ocr_carea' id='block_1_61' title="bbox 1980 1966 3559 2042">
    <p class='ocr_par' dir='ltr' id='par_1_61' title="bbox 1980 1966 3559 2042">
     <span class='ocr_line' id='line_1_61' title="bbox 1980 1966 3559 2042; baseline 0.006 -27"><span class='ocrx_word' id='word_1_433' title='bbox 1980 1971 2151 2042; x_wconf 70' lang='lat' dir='ltr'><strong>petua:</strong></span> <span class='ocrx_word' id='word_1_434' title='bbox 2177 1966 2576 2021; x_wconf 87' lang='lat' dir='ltr'><strong>observationis</strong></span> <span class='ocrx_word' id='word_1_435' title='bbox 2611 1978 2664 2023; x_wconf 90' lang='lat' dir='ltr'><strong>et</strong></span> <span class='ocrx_word' id='word_1_436' title='bbox 2689 1970 3025 2042; x_wconf 77' lang='lat' dir='ltr'><strong>dilecti0iiis__</strong></span> <span class='ocrx_word' id='word_1_437' title='bbox 3052 1985 3183 2042; x_wconf 70' lang='lat' dir='ltr'><strong>mete</strong></span> <span class='ocrx_word' id='word_1_438' title='bbox 3213 1966 3342 2038; x_wconf 88' lang='lat' dir='ltr'><strong>erga</strong></span> <span class='ocrx_word' id='word_1_439' title='bbox 3392 1966 3447 2023; x_wconf 80' lang='lat' dir='ltr'><strong>te</strong></span> <span class='ocrx_word' id='word_1_440' title='bbox 3472 1986 3559 2024; x_wconf 86' lang='lat' dir='ltr'><strong>re-</strong></span> 
     </span>
    </p>
   </div>
   <div class='ocr_carea' id='block_1_62' title="bbox 1980 2034 3554 2105">
    <p class='ocr_par' dir='ltr' id='par_1_62' title="bbox 1980 2034 3554 2105">
     <span class='ocr_line' id='line_1_62' title="bbox 1980 2034 3554 2105; baseline 0.006 -23"><span class='ocrx_word' id='word_1_441' title='bbox 1980 2034 2228 2105; x_wconf 77' lang='lat' dir='ltr'><strong>misisse;</strong></span> <span class='ocrx_word' id='word_1_442' title='bbox 2275 2046 2481 2088; x_wconf 91' lang='lat' dir='ltr'><strong>tantum</strong></span> <span class='ocrx_word' id='word_1_443' title='bbox 2523 2039 2735 2105; x_wconf 87' lang='lat' dir='ltr'><strong>postulo</strong></span> <span class='ocrx_word' id='word_1_444' title='bbox 2777 2046 2834 2091; x_wconf 85' lang='lat' dir='ltr'><strong>ut</strong></span> <span class='ocrx_word' id='word_1_445' title='bbox 2872 2055 2940 2092; x_wconf 90' lang='lat' dir='ltr'><strong>ne</strong></span> <span class='ocrx_word' id='word_1_446' title='bbox 2978 2039 3217 2092; x_wconf 86' lang='lat' dir='ltr'><strong>dimissis</strong></span> <span class='ocrx_word' id='word_1_447' title='bbox 3249 2034 3554 2092; x_wconf 74' lang='lat' dir='ltr'><strong>communi-</strong></span> 
     </span>
    </p>
   </div>
   <div class='ocr_carea' id='block_1_63' title="bbox 1979 2101 3551 2178">
    <p class='ocr_par' dir='ltr' id='par_1_63' title="bbox 1979 2101 3551 2178">
     <span class='ocr_line' id='line_1_63' title="bbox 1979 2101 3551 2178; baseline 0.006 -26"><span class='ocrx_word' id='word_1_448' title='bbox 1979 2101 2080 2178; x_wconf 87' lang='lat' dir='ltr'><strong>bus</strong></span> <span class='ocrx_word' id='word_1_449' title='bbox 2104 2105 2226 2178; x_wconf 78' lang='lat' dir='ltr'><strong>ﬁdei</strong></span> <span class='ocrx_word' id='word_1_450' title='bbox 2274 2101 2623 2178; x_wconf 75' lang='lat' dir='ltr'><strong>adversariis,</strong></span> <span class='ocrx_word' id='word_1_451' title='bbox 2659 2108 2939 2174; x_wconf 90' lang='lat' dir='ltr'><strong>theologus</strong></span> <span class='ocrx_word' id='word_1_452' title='bbox 2998 2108 3163 2178; x_wconf 79' lang='lat' dir='ltr'><strong>alium</strong></span> <span class='ocrx_word' id='word_1_453' title='bbox 3219 2108 3551 2178; x_wconf 88' lang='lat' dir='ltr'><strong>theologum,</strong></span> 
     </span>
    </p>
   </div>
   <div class='ocr_carea' id='block_1_64' title="bbox 1978 2174 3558 2231">
    <p class='ocr_par' dir='ltr' id='par_1_64' title="bbox 1978 2174 3558 2231">
     <span class='ocr_line' id='line_1_64' title="bbox 1978 2174 3558 2231; baseline 0.005 -8"><span class='ocrx_word' id='word_1_454' title='bbox 1978 2174 2279 2228; x_wconf 87' lang='lat' dir='ltr'><strong>catholicus</strong></span> <span class='ocrx_word' id='word_1_455' title='bbox 2306 2176 2637 2228; x_wconf 89' lang='lat' dir='ltr'><strong>catholicum</strong></span> <span class='ocrx_word' id='word_1_456' title='bbox 2687 2191 2715 2226; x_wconf 90' lang='lat' dir='ltr'><strong>a</strong></span> <span class='ocrx_word' id='word_1_457' title='bbox 2746 2186 2943 2228; x_wconf 62' lang='lat' dir='ltr'><strong>caetero</strong></span> <span class='ocrx_word' id='word_1_458' title='bbox 2999 2176 3209 2229; x_wconf 76' lang='lat' dir='ltr'><strong>vellicet</strong></span> <span class='ocrx_word' id='word_1_459' title='bbox 3266 2188 3362 2229; x_wconf 88' lang='lat' dir='ltr'><strong>aut</strong></span> <span class='ocrx_word' id='word_1_460' title='bbox 3407 2174 3558 2231; x_wconf 74' lang='lat' dir='ltr'><strong>inor-</strong></span> 
     </span>
    </p>
   </div>
   <div class='ocr_carea' id='block_1_65' title="bbox 1978 2241 3559 2315">
    <p class='ocr_par' dir='ltr' id='par_1_65' title="bbox 1978 2241 3559 2315">
     <span class='ocr_line' id='line_1_65' title="bbox 1978 2241 3559 2315; baseline 0.006 -24"><span class='ocrx_word' id='word_1_461' title='bbox 1978 2241 2281 2315; x_wconf 14' lang='lat' dir='ltr'><strong>deat;&quot;sed</strong></span> <span class='ocrx_word' id='word_1_462' title='bbox 2308 2254 2495 2298; x_wconf 87' lang='lat' dir='ltr'><strong>contra</strong></span> <span class='ocrx_word' id='word_1_463' title='bbox 2535 2245 2769 2312; x_wconf 87' lang='lat' dir='ltr'><strong>jungant</strong></span> <span class='ocrx_word' id='word_1_464' title='bbox 2814 2245 3152 2312; x_wconf 74' lang='lat' dir='ltr'><strong>scriptiones</strong></span> <span class='ocrx_word' id='word_1_465' title='bbox 3202 2260 3339 2312; x_wconf 90' lang='lat' dir='ltr'><strong>quos</strong></span> <span class='ocrx_word' id='word_1_466' title='bbox 3380 2244 3559 2315; x_wconf 79' lang='lat' dir='ltr'><strong>jungit</strong></span> 
     </span>
    </p>
   </div>
   <div class='ocr_carea' id='block_1_66' title="bbox 1976 2312 3555 2382">
    <p class='ocr_par' dir='ltr' id='par_1_66' title="bbox 1976 2312 3555 2382">
     <span class='ocr_line' id='line_1_66' title="bbox 1976 2312 3555 2382; baseline 0.007 -22"><span class='ocrx_word' id='word_1_467' title='bbox 1976 2312 2363 2379; x_wconf 87' lang='lat' dir='ltr'><strong>sacerdotium,</strong></span> <span class='ocrx_word' id='word_1_468' title='bbox 2394 2325 2449 2368; x_wconf 93' lang='lat' dir='ltr'><strong>et</strong></span> <span class='ocrx_word' id='word_1_469' title='bbox 2476 2315 2609 2367; x_wconf 88' lang='lat' dir='ltr'><strong>nihil</strong></span> <span class='ocrx_word' id='word_1_470' title='bbox 2640 2329 2920 2377; x_wconf 89' lang='lat' dir='ltr'><strong>nunquam</strong></span> <span class='ocrx_word' id='word_1_471' title='bbox 2951 2314 3157 2367; x_wconf 79' lang='lat' dir='ltr'><strong>dividat</strong></span> <span class='ocrx_word' id='word_1_472' title='bbox 3196 2329 3332 2382; x_wconf 91' lang='lat' dir='ltr'><strong>quos</strong></span> <span class='ocrx_word' id='word_1_473' title='bbox 3353 2312 3555 2371; x_wconf 65' lang='lat' dir='ltr'><strong>Cbriiti</strong></span> 
     </span>
    </p>
   </div>
   <div class='ocr_carea' id='block_1_67' title="bbox 1975 2383 2326 2435">
    <p class='ocr_par' dir='ltr' id='par_1_67' title="bbox 1975 2383 2326 2435">
     <span class='ocr_line' id='line_1_67' title="bbox 1975 2383 2326 2435; baseline 0.014 -6"><span class='ocrx_word' id='word_1_474' title='bbox 1975 2383 2326 2435; x_wconf 82' lang='lat' dir='ltr'><strong>nectitamor.</strong></span> 
     </span>
    </p>
   </div>
   <div class='ocr_carea' id='block_1_68' title="bbox 2046 2447 3552 2515">
    <p class='ocr_par' dir='ltr' id='par_1_68' title="bbox 2046 2447 3552 2515">
     <span class='ocr_line' id='line_1_68' title="bbox 2046 2447 3552 2515; baseline 0.004 -13"><span class='ocrx_word' id='word_1_475' title='bbox 2046 2447 2423 2505; x_wconf 74' lang='lat' dir='ltr'><strong>Norissimum.</strong></span> <span class='ocrx_word' id='word_1_476' title='bbox 2459 2449 2763 2505; x_wconf 86' lang='lat' dir='ltr'><strong>Delevimus</strong></span> <span class='ocrx_word' id='word_1_477' title='bbox 2789 2467 2807 2501; x_wconf 87' lang='grc' dir='ltr'><strong>ι</strong></span> <span class='ocrx_word' id='word_1_478' title='bbox 2834 2449 3201 2515; x_wconf 79' lang='lat' dir='ltr'><strong>verissimum,</strong></span> <span class='ocrx_word' id='word_1_479' title='bbox 3233 2470 3251 2503; x_wconf 72' lang='grc' dir='ltr'><strong>ι</strong></span> <span class='ocrx_word' id='word_1_480' title='bbox 3274 2460 3421 2507; x_wconf 89' lang='lat' dir='ltr'><strong>auct.</strong></span> <span class='ocrx_word' id='word_1_481' title='bbox 3440 2463 3552 2508; x_wconf 88' lang='lat' dir='ltr'><strong>vet.</strong></span> 
     </span>
    </p>
   </div>
   <div class='ocr_carea' id='block_1_69' title="bbox 1975 2519 3555 2588">
    <p class='ocr_par' dir='ltr' id='par_1_69' title="bbox 1975 2519 3555 2588">
     <span class='ocr_line' id='line_1_69' title="bbox 1975 2519 3555 2588; baseline 0.003 -16"><span class='ocrx_word' id='word_1_482' title='bbox 1975 2520 2098 2573; x_wconf 91' lang='lat' dir='ltr'><strong>cod.</strong></span> <span class='ocrx_word' id='word_1_483' title='bbox 2136 2519 2450 2575; x_wconf 84' lang='lat' dir='ltr'><strong>Docuerunt</strong></span> <span class='ocrx_word' id='word_1_484' title='bbox 2482 2522 2626 2573; x_wconf 91' lang='lat' dir='ltr'><strong>enim</strong></span> <span class='ocrx_word' id='word_1_485' title='bbox 2681 2519 2872 2574; x_wconf 86' lang='lat' dir='ltr'><strong>Patres</strong></span> <span class='ocrx_word' id='word_1_486' title='bbox 2906 2521 3193 2588; x_wconf 91' lang='lat' dir='ltr'><strong>imperium</strong></span> <span class='ocrx_word' id='word_1_487' title='bbox 3247 2521 3555 2577; x_wconf 76' lang='lat' dir='ltr'><strong>Romanum</strong></span> 
     </span>
    </p>
   </div>
   <div class='ocr_carea' id='block_1_70' title="bbox 1973 2589 3554 2659">
    <p class='ocr_par' dir='ltr' id='par_1_70' title="bbox 1973 2589 3554 2659">
     <span class='ocr_line' id='line_1_70' title="bbox 1973 2589 3554 2659; baseline 0.001 -18"><span class='ocrx_word' id='word_1_488' title='bbox 1973 2597 2275 2659; x_wconf 82' lang='lat' dir='ltr'><strong>extremum</strong></span> <span class='ocrx_word' id='word_1_489' title='bbox 2319 2600 2483 2658; x_wconf 85' lang='lat' dir='ltr'><strong>atque</strong></span> <span class='ocrx_word' id='word_1_490' title='bbox 2540 2589 2792 2642; x_wconf 87' lang='lat' dir='ltr'><strong>ultimum</strong></span> <span class='ocrx_word' id='word_1_491' title='bbox 2846 2590 2997 2659; x_wconf 81' lang='lat' dir='ltr'><strong>orbis</strong></span> <span class='ocrx_word' id='word_1_492' title='bbox 3044 2590 3205 2656; x_wconf 86' lang='lat' dir='ltr'><strong>hujus</strong></span> <span class='ocrx_word' id='word_1_493' title='bbox 3264 2607 3554 2659; x_wconf 87' lang='lat' dir='ltr'><strong>regnorum</strong></span> 
     </span>
    </p>
   </div>
   <div class='ocr_carea' id='block_1_71' title="bbox 1977 2657 3558 2728">
    <p class='ocr_par' dir='ltr' id='par_1_71' title="bbox 1977 2657 3558 2728">
     <span class='ocr_line' id='line_1_71' title="bbox 1977 2657 3558 2728; baseline 0.002 -18"><span class='ocrx_word' id='word_1_494' title='bbox 1977 2657 2113 2723; x_wconf 82' lang='lat' dir='ltr'><strong>fore,</strong></span> <span class='ocrx_word' id='word_1_495' title='bbox 2146 2674 2253 2728; x_wconf 92' lang='lat' dir='ltr'><strong>quo</strong></span> <span class='ocrx_word' id='word_1_496' title='bbox 2279 2659 2524 2714; x_wconf 77' lang='lat' dir='ltr'><strong>funditus</strong></span> <span class='ocrx_word' id='word_1_497' title='bbox 2550 2673 2743 2712; x_wconf 87' lang='lat' dir='ltr'><strong>everso</strong></span> <span class='ocrx_word' id='word_1_498' title='bbox 2786 2672 2851 2712; x_wconf 89' lang='lat' dir='ltr'><strong>ac</strong></span> <span class='ocrx_word' id='word_1_499' title='bbox 2874 2657 2941 2711; x_wconf 87' lang='lat' dir='ltr'><strong>de</strong></span> <span class='ocrx_word' id='word_1_500' title='bbox 2978 2663 3155 2712; x_wconf 88' lang='lat' dir='ltr'><strong>medio</strong></span> <span class='ocrx_word' id='word_1_501' title='bbox 3187 2657 3385 2712; x_wconf 85' lang='lat' dir='ltr'><strong>mundo</strong></span> <span class='ocrx_word' id='word_1_502' title='bbox 3430 2661 3558 2714; x_wconf 77' lang='lat' dir='ltr'><strong>sub-</strong></span> 
     </span>
    </p>
   </div>
   <div class='ocr_carea' id='block_1_72' title="bbox 1974 2727 3553 2797">
    <p class='ocr_par' dir='ltr' id='par_1_72' title="bbox 1974 2727 3553 2797">
     <span class='ocr_line' id='line_1_72' title="bbox 1974 2727 3553 2797; baseline 0.001 -17"><span class='ocrx_word' id='word_1_503' title='bbox 1974 2727 2116 2794; x_wconf 90' lang='lat' dir='ltr'><strong>lato,</strong></span> <span class='ocrx_word' id='word_1_504' title='bbox 2167 2727 2415 2782; x_wconf 32' lang='lat' dir='ltr'><strong>’niundus</strong></span> <span class='ocrx_word' id='word_1_505' title='bbox 2473 2731 2587 2797; x_wconf 85' lang='lat' dir='ltr'><strong>ipse</strong></span> <span class='ocrx_word' id='word_1_506' title='bbox 2651 2728 3248 2797; x_wconf 13' lang='lat' dir='ltr'><strong>penitusidestrnatur.</strong></span> <span class='ocrx_word' id='word_1_507' title='bbox 3303 2729 3553 2795; x_wconf 85' lang='lat' dir='ltr'><strong>&#39;l‘ertull.,</strong></span> 
     </span>
    </p>
   </div>
   <div class='ocr_carea' id='block_1_73' title="bbox 1973 2796 3552 2866">
    <p class='ocr_par' dir='ltr' id='par_1_73' title="bbox 1973 2796 3552 2866">
     <span class='ocr_line' id='line_1_73' title="bbox 1973 2796 3552 2866; baseline 0.001 -16"><span class='ocrx_word' id='word_1_508' title='bbox 1973 2797 2068 2853; x_wconf 90' lang='lat' dir='ltr'><strong>lib.</strong></span> <span class='ocrx_word' id='word_1_509' title='bbox 2101 2799 2183 2851; x_wconf 82' lang='lat' dir='ltr'><strong>Ad</strong></span> <span class='ocrx_word' id='word_1_510' title='bbox 2216 2796 2504 2866; x_wconf 13' lang='lat' dir='ltr'><strong>Scapulam,</strong></span> <span class='ocrx_word' id='word_1_511' title='bbox 2551 2808 2603 2852; x_wconf 90' lang='lat' dir='ltr'><strong>et</strong></span> <span class='ocrx_word' id='word_1_512' title='bbox 2670 2812 2790 2865; x_wconf 93' lang='lat' dir='ltr'><strong>cap.</strong></span> <span class='ocrx_word' id='word_1_513' title='bbox 2844 2796 2917 2849; x_wconf 71' lang='grc'><strong>52</strong></span> <span class='ocrx_word' id='word_1_514' title='bbox 2987 2797 3233 2866; x_wconf 82' lang='lat' dir='ltr'><strong>Apolog.,</strong></span> <span class='ocrx_word' id='word_1_515' title='bbox 3270 2797 3552 2852; x_wconf 86' lang='lat' dir='ltr'><strong>Danielem</strong></span> 
     </span>
    </p>
   </div>
   <div class='ocr_carea' id='block_1_74' title="bbox 1973 2868 3553 2936">
    <p class='ocr_par' dir='ltr' id='par_1_74' title="bbox 1973 2868 3553 2936">
     <span class='ocr_line' id='line_1_74' title="bbox 1973 2868 3553 2936; baseline 0 -16"><span class='ocrx_word' id='word_1_516' title='bbox 1973 2878 2182 2936; x_wconf 76' lang='lat' dir='ltr'><strong>quartae</strong></span> <span class='ocrx_word' id='word_1_517' title='bbox 2207 2876 2263 2921; x_wconf 90' lang='lat' dir='ltr'><strong>et</strong></span> <span class='ocrx_word' id='word_1_518' title='bbox 2295 2880 2584 2935; x_wconf 70' lang='lat' dir='ltr'><strong>postremae</strong></span> <span class='ocrx_word' id='word_1_519' title='bbox 2611 2868 2795 2921; x_wconf 66' lang='lat' dir='ltr'><strong>bestiae</strong></span> <span class='ocrx_word' id='word_1_520' title='bbox 2826 2869 3118 2934; x_wconf 84' lang='lat' dir='ltr'><strong>pugnantis</strong></span> <span class='ocrx_word' id='word_1_521' title='bbox 3148 2869 3390 2931; x_wconf 80' lang='lat' dir='ltr'><strong>nomine,</strong></span> <span class='ocrx_word' id='word_1_522' title='bbox 3423 2869 3553 2922; x_wconf 88' lang='lat' dir='ltr'><strong>item</strong></span> 
     </span>
    </p>
   </div>
   <div class='ocr_carea' id='block_1_75' title="bbox 1973 2936 3553 3017">
    <p class='ocr_par' dir='ltr' id='par_1_75' title="bbox 1973 2936 3553 3017">
     <span class='ocr_line' id='line_1_75' title="bbox 1973 2936 3553 3017; baseline 0 -28"><span class='ocrx_word' id='word_1_523' title='bbox 1973 2940 2193 3017; x_wconf 72' lang='lat' dir='ltr'><strong>pedum,</strong></span> <span class='ocrx_word' id='word_1_524' title='bbox 2226 2936 2378 3017; x_wconf 53' lang='lat' dir='ltr'><strong>ferri,</strong></span> <span class='ocrx_word' id='word_1_525' title='bbox 2432 2948 2702 3017; x_wconf 45' lang='lat' dir='ltr'><strong>terraique</strong></span> <span class='ocrx_word' id='word_1_526' title='bbox 2735 2946 2931 3015; x_wconf 79' lang='lat' dir='ltr'><strong>statua:</strong></span> <span class='ocrx_word' id='word_1_527' title='bbox 2971 2936 3123 3017; x_wconf 81' lang='lat' dir='ltr'><strong>illius</strong></span> <span class='ocrx_word' id='word_1_528' title='bbox 3174 2937 3553 3015; x_wconf 84' lang='lat' dir='ltr'><strong>similitudine,</strong></span> 
     </span>
    </p>
   </div>
   <div class='ocr_carea' id='block_1_76' title="bbox 1974 3006 3557 3077">
    <p class='ocr_par' dir='ltr' id='par_1_76' title="bbox 1974 3006 3557 3077">
     <span class='ocr_line' id='line_1_76' title="bbox 1974 3006 3557 3077; baseline 0.001 -18"><span class='ocrx_word' id='word_1_529' title='bbox 1974 3006 2118 3060; x_wconf 87' lang='lat' dir='ltr'><strong>istu’d</strong></span> <span class='ocrx_word' id='word_1_530' title='bbox 2145 3006 2451 3077; x_wconf 83' lang='lat' dir='ltr'><strong>signiﬁcare</strong></span> <span class='ocrx_word' id='word_1_531' title='bbox 2480 3007 2713 3060; x_wconf 87' lang='lat' dir='ltr'><strong>voluisse</strong></span> <span class='ocrx_word' id='word_1_532' title='bbox 2745 3010 2916 3060; x_wconf 92' lang='lat' dir='ltr'><strong>visum</strong></span> <span class='ocrx_word' id='word_1_533' title='bbox 2959 3016 3042 3060; x_wconf 90' lang='lat' dir='ltr'><strong>est</strong></span> <span class='ocrx_word' id='word_1_534' title='bbox 3072 3007 3347 3074; x_wconf 74' lang='lat' dir='ltr'><strong>plerisque</strong></span> <span class='ocrx_word' id='word_1_535' title='bbox 3378 3012 3557 3061; x_wconf 86' lang='lat' dir='ltr'><strong>omni-</strong></span> 
     </span>
    </p>
   </div>
   <div class='ocr_carea' id='block_1_77' title="bbox 1973 3077 2701 3145">
    <p class='ocr_par' dir='ltr' id='par_1_77' title="bbox 1973 3077 2701 3145">
     <span class='ocr_line' id='line_1_77' title="bbox 1973 3077 2701 3145; baseline -0.001 -16"><span class='ocrx_word' id='word_1_536' title='bbox 1973 3077 2074 3129; x_wconf 86' lang='lat' dir='ltr'><strong>bus</strong></span> <span class='ocrx_word' id='word_1_537' title='bbox 2098 3079 2271 3130; x_wconf 87' lang='lat' dir='ltr'><strong>doctis</strong></span> <span class='ocrx_word' id='word_1_538' title='bbox 2294 3078 2701 3145; x_wconf 86' lang='lat' dir='ltr'><strong>interpretibus.</strong></span> 
     </span>
    </p>
   </div>
   <div class='ocr_carea' id='block_1_78' title="bbox 299 3144 3551 3223">
    <p class='ocr_par' dir='ltr' id='par_1_78' title="bbox 299 3144 3551 3223">
     <span class='ocr_line' id='line_1_78' title="bbox 299 3144 3551 3223; baseline -0.002 -18"><span class='ocrx_word' id='word_1_539' title='bbox 299 3154 461 3204; x_wconf 88' lang='lat' dir='ltr'><strong>lidcin</strong></span> <span class='ocrx_word' id='word_1_540' title='bbox 504 3144 669 3223; x_wconf 78' lang='lat' dir='ltr'><strong>faciat</strong></span> <span class='ocrx_word' id='word_1_541' title='bbox 715 3146 952 3223; x_wconf 76' lang='lat' dir='ltr'><strong>Annium</strong></span> <span class='ocrx_word' id='word_1_542' title='bbox 998 3146 1110 3213; x_wconf 85' lang='lat' dir='ltr'><strong>(qui</strong></span> <span class='ocrx_word' id='word_1_543' title='bbox 1166 3146 1296 3223; x_wconf 75' lang='lat' dir='ltr'><strong>inihi</strong></span> <span class='ocrx_word' id='word_1_544' title='bbox 1338 3158 1490 3223; x_wconf 73' lang='lat' dir='ltr'><strong>nunc</strong></span> <span class='ocrx_word' id='word_1_545' title='bbox 1531 3159 1636 3195; x_wconf 92' lang='lat' dir='ltr'><strong>non</strong></span> <span class='ocrx_word' id='word_1_546' title='bbox 1684 3153 1767 3198; x_wconf 90' lang='lat' dir='ltr'><strong>est</strong></span> <span class='ocrx_word' id='word_1_547' title='bbox 1816 3148 1867 3196; x_wconf 91' lang='lat' dir='ltr'><strong>in</strong></span> <span class='ocrx_word' id='word_1_548' title='bbox 1898 3165 1940 3223; x_wconf 71' lang='grc' dir='ltr'>ο</span> <span class='ocrx_word' id='word_1_549' title='bbox 2047 3144 2642 3223; x_wconf 60' lang='grc' dir='ltr'><strong>έναιηᾳαεεοιιιιηᾳιιῳ.</strong></span> <span class='ocrx_word' id='word_1_550' title='bbox 2670 3144 2836 3223; x_wconf 72' lang='lat' dir='ltr'><strong>vetus</strong></span> <span class='ocrx_word' id='word_1_551' title='bbox 2863 3148 3063 3223; x_wconf 64' lang='lat' dir='ltr'><strong>codex,</strong></span> <span class='ocrx_word' id='word_1_552' title='bbox 3092 3160 3333 3223; x_wconf 62' lang='lat' dir='ltr'><strong>«meque</strong></span> <span class='ocrx_word' id='word_1_553' title='bbox 3360 3159 3551 3199; x_wconf 90' lang='lat' dir='ltr'><strong>eorum</strong></span> 
     </span>
    </p>
   </div>
   <div class='ocr_carea' id='block_1_79' title="bbox 300 3214 1870 3290">
    <p class='ocr_par' dir='ltr' id='par_1_79' title="bbox 300 3214 1870 3290">
     <span class='ocr_line' id='line_1_79' title="bbox 300 3214 1870 3290; baseline -0.003 -20"><span class='ocrx_word' id='word_1_554' title='bbox 300 3218 574 3290; x_wconf 88' lang='lat' dir='ltr'><strong>promptu)</strong></span> <span class='ocrx_word' id='word_1_555' title='bbox 605 3217 675 3268; x_wconf 88' lang='lat' dir='ltr'><strong>ita</strong></span> <span class='ocrx_word' id='word_1_556' title='bbox 703 3217 977 3290; x_wconf 74' lang='lat' dir='ltr'><strong>docuisse,</strong></span> <span class='ocrx_word' id='word_1_557' title='bbox 999 3226 1054 3268; x_wconf 91' lang='lat' dir='ltr'><strong>et</strong></span> <span class='ocrx_word' id='word_1_558' title='bbox 1080 3215 1279 3282; x_wconf 88' lang='lat' dir='ltr'><strong>scripta</strong></span> <span class='ocrx_word' id='word_1_559' title='bbox 1317 3216 1383 3290; x_wconf 79' lang='lat' dir='ltr'><strong>de</strong></span> <span class='ocrx_word' id='word_1_560' title='bbox 1411 3214 1493 3290; x_wconf 81' lang='lat' dir='ltr'><strong>his</strong></span> <span class='ocrx_word' id='word_1_561' title='bbox 1518 3228 1615 3267; x_wconf 91' lang='lat' dir='ltr'><strong>sua</strong></span> <span class='ocrx_word' id='word_1_562' title='bbox 1655 3229 1870 3290; x_wconf 83' lang='lat' dir='ltr'><strong>summo</strong></span> 
     </span>
    </p>
   </div>
   <div class='ocr_carea' id='block_1_80' title="bbox 298 3284 1870 3353">
    <p class='ocr_par' dir='ltr' id='par_1_80' title="bbox 298 3284 1870 3353">
     <span class='ocr_line' id='line_1_80' title="bbox 298 3284 1870 3353; baseline -0.005 -9"><span class='ocrx_word' id='word_1_563' title='bbox 298 3284 556 3344; x_wconf 63' lang='lat' dir='ltr'><strong>Ecclesia:</strong></span> <span class='ocrx_word' id='word_1_564' title='bbox 620 3287 861 3353; x_wconf 84' lang='lat' dir='ltr'><strong>pontitici</strong></span> <span class='ocrx_word' id='word_1_565' title='bbox 913 3288 1126 3338; x_wconf 88' lang='lat' dir='ltr'><strong>dicasse</strong></span> <span class='ocrx_word' id='word_1_566' title='bbox 1173 3292 1228 3335; x_wconf 90' lang='lat' dir='ltr'><strong>et</strong></span> <span class='ocrx_word' id='word_1_567' title='bbox 1289 3284 1579 3346; x_wconf 90' lang='lat' dir='ltr'><strong>obtulisse;</strong></span> <span class='ocrx_word' id='word_1_568' title='bbox 1634 3286 1870 3352; x_wconf 88' lang='lat' dir='ltr'><strong>denique</strong></span> 
     </span>
    </p>
   </div>
   <div class='ocr_carea' id='block_1_81' title="bbox 298 3353 1785 3418">
    <p class='ocr_par' dir='ltr' id='par_1_81' title="bbox 298 3353 1785 3418">
     <span class='ocr_line' id='line_1_81' title="bbox 298 3353 1785 3418; baseline -0.005 -4"><span class='ocrx_word' id='word_1_569' title='bbox 298 3360 439 3414; x_wconf 89' lang='lat' dir='ltr'><strong>nihil</strong></span> <span class='ocrx_word' id='word_1_570' title='bbox 481 3360 534 3411; x_wconf 94' lang='lat' dir='ltr'><strong>in</strong></span> <span class='ocrx_word' id='word_1_571' title='bbox 564 3371 624 3409; x_wconf 89' lang='lat' dir='ltr'><strong>ea</strong></span> <span class='ocrx_word' id='word_1_572' title='bbox 649 3370 706 3408; x_wconf 91' lang='lat' dir='ltr'><strong>re</strong></span> <span class='ocrx_word' id='word_1_573' title='bbox 728 3356 1024 3408; x_wconf 85' lang='lat' dir='ltr'><strong>absurdum</strong></span> <span class='ocrx_word' id='word_1_574' title='bbox 1058 3354 1138 3407; x_wconf 85' lang='lat' dir='ltr'><strong>vel</strong></span> <span class='ocrx_word' id='word_1_575' title='bbox 1169 3353 1533 3418; x_wconf 88' lang='lat' dir='ltr'><strong>periculosum</strong></span> <span class='ocrx_word' id='word_1_576' title='bbox 1560 3353 1785 3406; x_wconf 79' lang='lat' dir='ltr'><strong>dixisse.</strong></span> 
     </span>
    </p>
   </div>
   <div class='ocr_carea' id='block_1_82' title="bbox 370 3423 1868 3488">
    <p class='ocr_par' dir='ltr' id='par_1_82' title="bbox 370 3423 1868 3488">
     <span class='ocr_line' id='line_1_82' title="bbox 370 3423 1868 3488; baseline -0.006 -6"><span class='ocrx_word' id='word_1_577' title='bbox 370 3429 556 3482; x_wconf 86' lang='lat' dir='ltr'><strong>Tertio</strong></span> <span class='ocrx_word' id='word_1_578' title='bbox 578 3424 769 3479; x_wconf 86' lang='lat' dir='ltr'><strong>.lodoci</strong></span> <span class='ocrx_word' id='word_1_579' title='bbox 804 3423 1101 3477; x_wconf 84' lang='lat' dir='ltr'><strong>Clicthovci</strong></span> <span class='ocrx_word' id='word_1_580' title='bbox 1149 3426 1200 3475; x_wconf 88' lang='lat' dir='ltr'><strong>in</strong></span> <span class='ocrx_word' id='word_1_581' title='bbox 1238 3423 1433 3475; x_wconf 91' lang='lat' dir='ltr'><strong>librum</strong></span> <span class='ocrx_word' id='word_1_582' title='bbox 1480 3433 1731 3488; x_wconf 88' lang='lat' dir='ltr'><strong>quartum</strong></span> <span class='ocrx_word' id='word_1_583' title='bbox 1764 3423 1868 3474; x_wconf 89' lang='lat' dir='ltr'><strong>Da-</strong></span> 
     </span>
    </p>
   </div>
   <div class='ocr_carea' id='block_1_83' title="bbox 300 3493 1870 3561">
    <p class='ocr_par' dir='ltr' id='par_1_83' title="bbox 300 3493 1870 3561">
     <span class='ocr_line' id='line_1_83' title="bbox 300 3493 1870 3561; baseline -0.005 -8"><span class='ocrx_word' id='word_1_584' title='bbox 300 3501 545 3552; x_wconf 89' lang='lat' dir='ltr'><strong>niasceni</strong></span> <span class='ocrx_word' id='word_1_585' title='bbox 568 3494 981 3549; x_wconf 75' lang='lat' dir='ltr'><strong>Commentarios</strong></span> <span class='ocrx_word' id='word_1_586' title='bbox 1006 3493 1369 3561; x_wconf 84' lang='lat' dir='ltr'><strong>signaveram,</strong></span> <span class='ocrx_word' id='word_1_587' title='bbox 1386 3506 1484 3545; x_wconf 91' lang='lat' dir='ltr'><strong>nec</strong></span> <span class='ocrx_word' id='word_1_588' title='bbox 1507 3493 1663 3554; x_wconf 80' lang='lat' dir='ltr'><strong>l&#39;also,</strong></span> <span class='ocrx_word' id='word_1_589' title='bbox 1683 3507 1870 3558; x_wconf 90' lang='lat' dir='ltr'><strong>quem-</strong></span> 
     </span>
    </p>
   </div>
   <div class='ocr_carea' id='block_1_84' title="bbox 301 3560 1873 3631">
    <p class='ocr_par' dir='ltr' id='par_1_84' title="bbox 301 3560 1873 3631">
     <span class='ocr_line' id='line_1_84' title="bbox 301 3560 1873 3631; baseline -0.005 -10"><span class='ocrx_word' id='word_1_590' title='bbox 301 3570 588 3621; x_wconf 86' lang='lat' dir='ltr'><strong>admodum</strong></span> <span class='ocrx_word' id='word_1_591' title='bbox 626 3578 692 3618; x_wconf 78' lang='lat' dir='ltr'><strong>ex</strong></span> <span class='ocrx_word' id='word_1_592' title='bbox 728 3565 811 3616; x_wconf 90' lang='lat' dir='ltr'><strong>his</strong></span> <span class='ocrx_word' id='word_1_593' title='bbox 834 3564 949 3631; x_wconf 86' lang='lat' dir='ltr'><strong>ejus</strong></span> <span class='ocrx_word' id='word_1_594' title='bbox 980 3560 1157 3615; x_wconf 79' lang='lat' dir='ltr'><strong>verbis</strong></span> <span class='ocrx_word' id='word_1_595' title='bbox 1199 3563 1392 3614; x_wconf 80' lang='lat' dir='ltr'><strong>evinco</strong></span> <span class='ocrx_word' id='word_1_596' title='bbox 1421 3561 1466 3590; x_wconf 76' lang='grc'><strong>⁵³</strong></span> <span class='ocrx_word' id='word_1_597' title='bbox 1497 3577 1510 3612; x_wconf 89' lang='lat'><strong>:</strong></span> <span class='ocrx_word' id='word_1_598' title='bbox 1556 3577 1574 3609; x_wconf 86' lang='grc' dir='ltr'><strong>ι</strong></span> <span class='ocrx_word' id='word_1_599' title='bbox 1615 3560 1873 3615; x_wconf 79' lang='lat' dir='ltr'><strong>Nonnulli</strong></span> 
     </span>
    </p>
   </div>
   <div class='ocr_carea' id='block_1_85' title="bbox 300 3630 1872 3698">
    <p class='ocr_par' dir='ltr' id='par_1_85' title="bbox 300 3630 1872 3698">
     <span class='ocr_line' id='line_1_85' title="bbox 300 3630 1872 3698; baseline -0.005 -7"><span class='ocrx_word' id='word_1_600' title='bbox 300 3640 403 3692; x_wconf 86' lang='lat' dir='ltr'><strong>viri</strong></span> <span class='ocrx_word' id='word_1_601' title='bbox 432 3636 787 3690; x_wconf 89' lang='lat' dir='ltr'><strong>eruditissimi</strong></span> <span class='ocrx_word' id='word_1_602' title='bbox 824 3630 1067 3685; x_wconf 80' lang='lat' dir='ltr'><strong>sentiunt</strong></span> <span class='ocrx_word' id='word_1_603' title='bbox 1094 3633 1456 3684; x_wconf 80' lang='lat' dir='ltr'><strong>Maliuiiietein</strong></span> <span class='ocrx_word' id='word_1_604' title='bbox 1510 3630 1657 3682; x_wconf 91' lang='lat' dir='ltr'><strong>illum</strong></span> <span class='ocrx_word' id='word_1_605' title='bbox 1714 3647 1872 3698; x_wconf 85' lang='lat' dir='ltr'><strong>spur—</strong></span> 
     </span>
    </p>
   </div>
   <div class='ocr_carea' id='block_1_86' title="bbox 298 3701 1869 3768">
    <p class='ocr_par' dir='ltr' id='par_1_86' title="bbox 298 3701 1869 3768">
     <span class='ocr_line' id='line_1_86' title="bbox 298 3701 1869 3768; baseline -0.006 -6"><span class='ocrx_word' id='word_1_606' title='bbox 298 3709 580 3764; x_wconf 80' lang='lat' dir='ltr'><strong>cissimam</strong></span> <span class='ocrx_word' id='word_1_607' title='bbox 619 3714 674 3757; x_wconf 87' lang='lat' dir='ltr'><strong>et</strong></span> <span class='ocrx_word' id='word_1_608' title='bbox 703 3702 1083 3755; x_wconf 86' lang='lat' dir='ltr'><strong>abominabilis</strong></span> <span class='ocrx_word' id='word_1_609' title='bbox 1109 3704 1569 3767; x_wconf 71' lang='lat' dir='ltr'><strong>exsecrandazque</strong></span> <span class='ocrx_word' id='word_1_610' title='bbox 1602 3701 1735 3768; x_wconf 92' lang='lat' dir='ltr'><strong>legis</strong></span> <span class='ocrx_word' id='word_1_611' title='bbox 1769 3716 1869 3753; x_wconf 87' lang='lat' dir='ltr'><strong>au-</strong></span> 
     </span>
    </p>
   </div>
   <div class='ocr_carea' id='block_1_87' title="bbox 298 3770 1870 3839">
    <p class='ocr_par' dir='ltr' id='par_1_87' title="bbox 298 3770 1870 3839">
     <span class='ocr_line' id='line_1_87' title="bbox 298 3770 1870 3839; baseline -0.005 -7"><span class='ocrx_word' id='word_1_612' title='bbox 298 3789 527 3834; x_wconf 83' lang='lat' dir='ltr'><strong>ctorem,</strong></span> <span class='ocrx_word' id='word_1_613' title='bbox 574 3788 694 3827; x_wconf 88' lang='lat' dir='ltr'><strong>esse</strong></span> <span class='ocrx_word' id='word_1_614' title='bbox 743 3787 931 3825; x_wconf 80' lang='lat' dir='ltr'><strong>verum</strong></span> <span class='ocrx_word' id='word_1_615' title='bbox 983 3772 1036 3823; x_wconf 90' lang='lat' dir='ltr'><strong>in</strong></span> <span class='ocrx_word' id='word_1_616' title='bbox 1088 3784 1319 3839; x_wconf 84' lang='lat' dir='ltr'><strong>persona</strong></span> <span class='ocrx_word' id='word_1_617' title='bbox 1368 3770 1789 3832; x_wconf 84' lang='lat' dir='ltr'><strong>Anticliris.uui,</strong></span> <span class='ocrx_word' id='word_1_618' title='bbox 1840 3786 1870 3824; x_wconf 86' lang='lat' dir='ltr'><strong>a</strong></span> 
     </span>
    </p>
   </div>
   <div class='ocr_carea' id='block_1_88' title="bbox 299 3839 1875 3910">
    <p class='ocr_par' dir='ltr' id='par_1_88' title="bbox 299 3839 1875 3910">
     <span class='ocr_line' id='line_1_88' title="bbox 299 3839 1875 3910; baseline -0.008 -5"><span class='ocrx_word' id='word_1_619' title='bbox 299 3849 472 3905; x_wconf 83' lang='lat' dir='ltr'><strong>sacris</strong></span> <span class='ocrx_word' id='word_1_620' title='bbox 499 3844 719 3898; x_wconf 87' lang='lat' dir='ltr'><strong>Litteris</strong></span> <span class='ocrx_word' id='word_1_621' title='bbox 763 3842 1181 3910; x_wconf 75' lang='lat' dir='ltr'><strong>pra-nuntiatum</strong></span> <span class='ocrx_word' id='word_1_622' title='bbox 1212 3855 1227 3891; x_wconf 88' lang='lat'><strong>:</strong></span> <span class='ocrx_word' id='word_1_623' title='bbox 1256 3840 1381 3907; x_wconf 83' lang='lat' dir='ltr'><strong>quia</strong></span> <span class='ocrx_word' id='word_1_624' title='bbox 1413 3841 1592 3891; x_wconf 86' lang='lat' dir='ltr'><strong>vident</strong></span> <span class='ocrx_word' id='word_1_625' title='bbox 1616 3839 1730 3891; x_wconf 83' lang='lat' dir='ltr'><strong>fere</strong></span> <span class='ocrx_word' id='word_1_626' title='bbox 1757 3854 1875 3892; x_wconf 91' lang='lat' dir='ltr'><strong>om-</strong></span> 
     </span>
    </p>
   </div>
   <div class='ocr_carea' id='block_1_89' title="bbox 301 3910 1872 3984">
    <p class='ocr_par' dir='ltr' id='par_1_89' title="bbox 301 3910 1872 3984">
     <span class='ocr_line' id='line_1_89' title="bbox 301 3910 1872 3984; baseline -0.007 -12"><span class='ocrx_word' id='word_1_627' title='bbox 301 3922 414 3982; x_wconf 83' lang='lat' dir='ltr'><strong>nia,</strong></span> <span class='ocrx_word' id='word_1_628' title='bbox 448 3932 567 3984; x_wconf 78' lang='lat' dir='ltr'><strong>qua:</strong></span> <span class='ocrx_word' id='word_1_629' title='bbox 595 3914 889 3984; x_wconf 66' lang='lat' dir='ltr'><strong>Scripturae</strong></span> <span class='ocrx_word' id='word_1_630' title='bbox 916 3914 983 3962; x_wconf 92' lang='lat' dir='ltr'><strong>de</strong></span> <span class='ocrx_word' id='word_1_631' title='bbox 1014 3910 1350 3984; x_wconf 78' lang='lat' dir='ltr'><strong>Aiiticliristo</strong></span> <span class='ocrx_word' id='word_1_632' title='bbox 1376 3910 1698 3983; x_wconf 62' lang='lat' dir='ltr'><strong>prtedicunt,</strong></span> <span class='ocrx_word' id='word_1_633' title='bbox 1738 3912 1789 3984; x_wconf 82' lang='lat' dir='ltr'><strong>in</strong></span> <span class='ocrx_word' id='word_1_634' title='bbox 1808 3926 1872 3984; x_wconf 85' lang='lat' dir='ltr'><strong>eo</strong></span> 
     </span>
    </p>
   </div>
   <div class='ocr_carea' id='block_1_90' title="bbox 299 3979 1876 4054">
    <p class='ocr_par' dir='ltr' id='par_1_90' title="bbox 299 3979 1876 4054">
     <span class='ocr_line' id='line_1_90' title="bbox 299 3979 1876 4054; baseline -0.007 -10"><span class='ocrx_word' id='word_1_635' title='bbox 299 3979 420 4044; x_wconf 77' lang='lat' dir='ltr'><strong>esse</strong></span> <span class='ocrx_word' id='word_1_636' title='bbox 447 3979 734 4054; x_wconf 73' lang='lat' dir='ltr'><strong>completa,</strong></span> <span class='ocrx_word' id='word_1_637' title='bbox 757 3983 962 4048; x_wconf 89' lang='lat' dir='ltr'><strong>ipsique</strong></span> <span class='ocrx_word' id='word_1_638' title='bbox 985 3981 1319 4054; x_wconf 83' lang='lat' dir='ltr'><strong>potissimum</strong></span> <span class='ocrx_word' id='word_1_639' title='bbox 1353 3981 1612 4053; x_wconf 82' lang='lat' dir='ltr'><strong>rationein</strong></span> <span class='ocrx_word' id='word_1_640' title='bbox 1643 3979 1876 4033; x_wconf 90' lang='lat' dir='ltr'><strong>nominis</strong></span> 
     </span>
    </p>
   </div>
   <div class='ocr_carea' id='block_1_91' title="bbox 300 4049 1873 4117">
    <p class='ocr_par' dir='ltr' id='par_1_91' title="bbox 300 4049 1873 4117">
     <span class='ocr_line' id='line_1_91' title="bbox 300 4049 1873 4117; baseline -0.014 -2"><span class='ocrx_word' id='word_1_641' title='bbox 300 4049 620 4114; x_wconf 71' lang='lat' dir='ltr'><strong>Antichristi</strong></span> <span class='ocrx_word' id='word_1_642' title='bbox 667 4059 992 4117; x_wconf 84' lang='lat' dir='ltr'><strong>competere.</strong></span> <span class='ocrx_word' id='word_1_643' title='bbox 1045 4051 1178 4113; x_wconf 74' lang='lat' dir='ltr'><strong>Quis</strong></span> <span class='ocrx_word' id='word_1_644' title='bbox 1221 4049 1364 4101; x_wconf 85' lang='lat' dir='ltr'><strong>enim</strong></span> <span class='ocrx_word' id='word_1_645' title='bbox 1415 4049 1584 4112; x_wconf 85' lang='lat' dir='ltr'><strong>magis</strong></span> <span class='ocrx_word' id='word_1_646' title='bbox 1639 4061 1873 4114; x_wconf 78' lang='lat' dir='ltr'><strong>unquam</strong></span> 
     </span>
    </p>
   </div>
   <div class='ocr_carea' id='block_1_92' title="bbox 300 4117 1876 4187">
    <p class='ocr_par' dir='ltr' id='par_1_92' title="bbox 300 4117 1876 4187">
     <span class='ocr_line' id='line_1_92' title="bbox 300 4117 1876 4187; baseline -0.013 -6"><span class='ocrx_word' id='word_1_647' title='bbox 300 4132 519 4182; x_wconf 76' lang='lat' dir='ltr'><strong>Christo</strong></span> <span class='ocrx_word' id='word_1_648' title='bbox 545 4124 854 4175; x_wconf 83' lang='lat' dir='ltr'><strong>contrarius</strong></span> <span class='ocrx_word' id='word_1_649' title='bbox 885 4122 934 4171; x_wconf 91' lang='lat' dir='ltr'><strong>iu</strong></span> <span class='ocrx_word' id='word_1_650' title='bbox 978 4121 1092 4187; x_wconf 74' lang='lat' dir='ltr'><strong>lege</strong></span> <span class='ocrx_word' id='word_1_651' title='bbox 1126 4130 1181 4169; x_wconf 89' lang='lat' dir='ltr'><strong>et</strong></span> <span class='ocrx_word' id='word_1_652' title='bbox 1233 4118 1511 4169; x_wconf 75' lang='lat' dir='ltr'><strong>moribus?</strong></span> <span class='ocrx_word' id='word_1_653' title='bbox 1541 4117 1739 4167; x_wconf 85' lang='lat' dir='ltr'><strong>Christi</strong></span> <span class='ocrx_word' id='word_1_654' title='bbox 1800 4121 1876 4171; x_wconf 81' lang='lat' dir='ltr'><strong>si-</strong></span> 
     </span>
    </p>
   </div>
   <div class='ocr_carea' id='block_1_93' title="bbox 301 4187 1875 4271">
    <p class='ocr_par' dir='ltr' id='par_1_93' title="bbox 301 4187 1875 4271">
     <span class='ocr_line' id='line_1_93' title="bbox 301 4187 1875 4271; baseline -0.012 -21"><span class='ocrx_word' id='word_1_655' title='bbox 301 4199 520 4271; x_wconf 87' lang='lat' dir='ltr'><strong>quidem</strong></span> <span class='ocrx_word' id='word_1_656' title='bbox 548 4195 630 4248; x_wconf 92' lang='lat' dir='ltr'><strong>lex</strong></span> <span class='ocrx_word' id='word_1_657' title='bbox 664 4189 1104 4271; x_wconf 73' lang='lat' dir='ltr'><strong>repugnatcarni</strong></span> <span class='ocrx_word' id='word_1_658' title='bbox 1151 4197 1205 4271; x_wconf 79' lang='lat' dir='ltr'><strong>et</strong></span> <span class='ocrx_word' id='word_1_659' title='bbox 1253 4187 1875 4271; x_wconf 28' lang='lat' dir='ltr'><strong>sanguini,unicumque</strong></span> 
     </span>
    </p>
   </div>
   <div class='ocr_carea' id='block_1_94' title="bbox 301 4254 1874 4321">
    <p class='ocr_par' dir='ltr' id='par_1_94' title="bbox 301 4254 1874 4321">
     <span class='ocr_line' id='line_1_94' title="bbox 301 4254 1874 4321; baseline -0.006 0"><span class='ocrx_word' id='word_1_660' title='bbox 301 4254 539 4321; x_wconf 61' lang='lat' dir='ltr'><strong>animam</strong></span> <span class='ocrx_word' id='word_1_661' title='bbox 570 4254 822 4316; x_wconf 68' lang='lat' dir='ltr'><strong>nostrain</strong></span> <span class='ocrx_word' id='word_1_662' title='bbox 841 4260 964 4312; x_wconf 90' lang='lat' dir='ltr'><strong>odio</strong></span> <span class='ocrx_word' id='word_1_663' title='bbox 994 4260 1316 4320; x_wconf 86' lang='lat' dir='ltr'><strong>habendam,</strong></span> <span class='ocrx_word' id='word_1_664' title='bbox 1348 4266 1405 4307; x_wconf 92' lang='lat' dir='ltr'><strong>ut</strong></span> <span class='ocrx_word' id='word_1_665' title='bbox 1436 4256 1486 4306; x_wconf 90' lang='lat' dir='ltr'><strong>in</strong></span> <span class='ocrx_word' id='word_1_666' title='bbox 1519 4254 1681 4306; x_wconf 85' lang='lat' dir='ltr'><strong>vitam</strong></span> <span class='ocrx_word' id='word_1_667' title='bbox 1719 4254 1874 4311; x_wconf 38' lang='lat' dir='ltr'><strong>aitcrs</strong></span> 
     </span>
    </p>
   </div>
   <div class='ocr_carea' id='block_1_95' title="bbox 302 4325 1878 4395">
    <p class='ocr_par' dir='ltr' id='par_1_95' title="bbox 302 4325 1878 4395">
     <span class='ocr_line' id='line_1_95' title="bbox 302 4325 1878 4395; baseline -0.014 -4"><span class='ocrx_word' id='word_1_668' title='bbox 302 4353 429 4391; x_wconf 87' lang='lat' dir='ltr'><strong>nam</strong></span> <span class='ocrx_word' id='word_1_669' title='bbox 463 4334 833 4388; x_wconf 87' lang='lat' dir='ltr'><strong>custodiamus</strong></span> <span class='ocrx_word' id='word_1_670' title='bbox 858 4343 999 4391; x_wconf 86' lang='lat' dir='ltr'><strong>eain,</strong></span> <span class='ocrx_word' id='word_1_671' title='bbox 1042 4325 1378 4379; x_wconf 76' lang='lat' dir='ltr'><strong>Mahumetes</strong></span> <span class='ocrx_word' id='word_1_672' title='bbox 1408 4338 1610 4387; x_wconf 86' lang='lat' dir='ltr'><strong>autem,</strong></span> <span class='ocrx_word' id='word_1_673' title='bbox 1646 4336 1703 4377; x_wconf 84' lang='grc' dir='ltr'><strong>ιιι</strong></span> <span class='ocrx_word' id='word_1_674' title='bbox 1755 4343 1878 4395; x_wconf 79' lang='lat' dir='ltr'><strong>pm-</strong></span> 
     </span>
    </p>
   </div>
   <div class='ocr_carea' id='block_1_96' title="bbox 303 4396 1877 4476">
    <p class='ocr_par' dir='ltr' id='par_1_96' title="bbox 303 4396 1877 4476">
     <span class='ocr_line' id='line_1_96' title="bbox 303 4396 1877 4476; baseline -0.008 -16"><span class='ocrx_word' id='word_1_675' title='bbox 303 4420 529 4476; x_wconf 87' lang='lat' dir='ltr'><strong>pensum</strong></span> <span class='ocrx_word' id='word_1_676' title='bbox 566 4406 631 4455; x_wconf 89' lang='lat' dir='ltr'><strong>ad</strong></span> <span class='ocrx_word' id='word_1_677' title='bbox 674 4401 951 4476; x_wconf 80' lang='lat' dir='ltr'><strong>libidinem</strong></span> <span class='ocrx_word' id='word_1_678' title='bbox 985 4412 1153 4465; x_wconf 82' lang='lat' dir='ltr'><strong>genus</strong></span> <span class='ocrx_word' id='word_1_679' title='bbox 1187 4397 1665 4476; x_wconf 68' lang='lat' dir='ltr'><strong>liuinanuinhtsce</strong></span> <span class='ocrx_word' id='word_1_680' title='bbox 1695 4396 1877 4476; x_wconf 83' lang='lat' dir='ltr'><strong>illece-</strong></span> 
     </span>
    </p>
   </div>
   <div class='ocr_carea' id='block_1_97' title="bbox 302 4464 1952 4548">
    <p class='ocr_par' dir='ltr' id='par_1_97' title="bbox 302 4464 1952 4548">
     <span class='ocr_line' id='line_1_97' title="bbox 302 4464 1952 4548; baseline -0.006 -18"><span class='ocrx_word' id='word_1_681' title='bbox 302 4464 417 4532; x_wconf 69' lang='lat' dir='ltr'><strong>bris</strong></span> <span class='ocrx_word' id='word_1_682' title='bbox 450 4477 715 4548; x_wconf 84' lang='lat' dir='ltr'><strong>inescarct</strong></span> <span class='ocrx_word' id='word_1_683' title='bbox 745 4464 1126 4548; x_wconf 44' lang='lat' dir='ltr'><strong>invitaretque.</strong></span> <span class='ocrx_word' id='word_1_684' title='bbox 1147 4467 1217 4548; x_wconf 87' lang='lat' dir='ltr'><strong>ad</strong></span> <span class='ocrx_word' id='word_1_685' title='bbox 1242 4481 1352 4548; x_wconf 71' lang='lat' dir='ltr'><strong>suae</strong></span> <span class='ocrx_word' id='word_1_686' title='bbox 1400 4464 1532 4548; x_wconf 77' lang='lat' dir='ltr'><strong>legis</strong></span> <span class='ocrx_word' id='word_1_687' title='bbox 1581 4469 1876 4546; x_wconf 75' lang='lat' dir='ltr'><strong>susceptio-</strong></span> <span class='ocrx_word' id='word_1_688' title='bbox 1906 4493 1952 4548; x_wconf 72' lang='grc' dir='ltr'><strong>ι)</strong></span> 
     </span>
    </p>
   </div>
   <div class='ocr_carea' id='block_1_98' title="bbox 302 4536 1872 4608">
    <p class='ocr_par' dir='ltr' id='par_1_98' title="bbox 302 4536 1872 4608">
     <span class='ocr_line' id='line_1_98' title="bbox 302 4536 1872 4608; baseline -0.006 -9"><span class='ocrx_word' id='word_1_689' title='bbox 302 4560 449 4608; x_wconf 84' lang='lat' dir='ltr'><strong>item,</strong></span> <span class='ocrx_word' id='word_1_690' title='bbox 501 4542 707 4595; x_wconf 75' lang='lat' dir='ltr'><strong>laxavit</strong></span> <span class='ocrx_word' id='word_1_691' title='bbox 745 4536 1405 4608; x_wconf 82' lang='lat' dir='ltr'><strong>habenasvoluptatibus</strong></span> <span class='ocrx_word' id='word_1_692' title='bbox 1470 4546 1525 4586; x_wconf 87' lang='lat' dir='ltr'><strong>ct</strong></span> <span class='ocrx_word' id='word_1_693' title='bbox 1574 4538 1872 4604; x_wconf 79' lang='lat' dir='ltr'><strong>Spurciliis,</strong></span> 
     </span>
    </p>
   </div>
   <div class='ocr_carea' id='block_1_99' title="bbox 304 4607 1878 4680">
    <p class='ocr_par' dir='ltr' id='par_1_99' title="bbox 304 4607 1878 4680">
     <span class='ocr_line' id='line_1_99' title="bbox 304 4607 1878 4680; baseline -0.006 -13"><span class='ocrx_word' id='word_1_694' title='bbox 304 4607 534 4669; x_wconf 87' lang='lat' dir='ltr'><strong>uxorum</strong></span> <span class='ocrx_word' id='word_1_695' title='bbox 559 4607 1201 4680; x_wconf 72' lang='lat' dir='ltr'><strong>pluralitatetitadmisit,</strong></span> <span class='ocrx_word' id='word_1_696' title='bbox 1248 4620 1435 4680; x_wconf 85' lang='lat' dir='ltr'><strong>carum</strong></span> <span class='ocrx_word' id='word_1_697' title='bbox 1490 4607 1771 4680; x_wconf 77' lang='lat' dir='ltr'><strong>repudium</strong></span> <span class='ocrx_word' id='word_1_698' title='bbox 1822 4619 1878 4662; x_wconf 84' lang='lat' dir='ltr'><strong>et</strong></span> 
     </span>
    </p>
   </div>
   <div class='ocr_carea' id='block_1_100' title="bbox 302 4676 1875 4756">
    <p class='ocr_par' dir='ltr' id='par_1_100' title="bbox 302 4676 1875 4756">
     <span class='ocr_line' id='line_1_100' title="bbox 302 4676 1875 4756; baseline -0.005 -18"><span class='ocrx_word' id='word_1_699' title='bbox 302 4700 403 4756; x_wconf 85' lang='lat' dir='ltr'><strong>pro</strong></span> <span class='ocrx_word' id='word_1_700' title='bbox 435 4676 661 4756; x_wconf 72' lang='lat' dir='ltr'><strong>arbitrio</strong></span> <span class='ocrx_word' id='word_1_701' title='bbox 687 4677 1294 4756; x_wconf 35' lang='lat' dir='ltr'><strong>reconciliationein,.et</strong></span> <span class='ocrx_word' id='word_1_702' title='bbox 1324 4676 1875 4756; x_wconf 27' lang='lat' dir='ltr'><strong>deiiiuni&#39;paradisuin</strong></span> 
     </span>
    </p>
   </div>
   <div class='ocr_carea' id='block_1_101' title="bbox 304 4747 1878 4822">
    <p class='ocr_par' dir='ltr' id='par_1_101' title="bbox 304 4747 1878 4822">
     <span class='ocr_line' id='line_1_101' title="bbox 304 4747 1878 4822; baseline -0.006 -13"><span class='ocrx_word' id='word_1_703' title='bbox 304 4747 675 4822; x_wconf 57' lang='lat' dir='ltr'><strong>Voluptatibus</strong></span> <span class='ocrx_word' id='word_1_704' title='bbox 700 4761 754 4802; x_wconf 91' lang='lat' dir='ltr'><strong>et</strong></span> <span class='ocrx_word' id='word_1_705' title='bbox 808 4748 1018 4822; x_wconf 83' lang='lat' dir='ltr'><strong>deliciis</strong></span> <span class='ocrx_word' id='word_1_706' title='bbox 1044 4749 1246 4822; x_wconf 43' lang='lat' dir='ltr'><strong>mundi&quot;</strong></span> <span class='ocrx_word' id='word_1_707' title='bbox 1299 4747 1709 4822; x_wconf 67' lang='lat' dir='ltr'><strong>rel’ertissimuui</strong></span> <span class='ocrx_word' id='word_1_708' title='bbox 1766 4761 1878 4801; x_wconf 86' lang='lat' dir='ltr'><strong>suis</strong></span> 
     </span>
    </p>
   </div>
   <div class='ocr_carea' id='block_1_102' title="bbox 302 4815 1875 4887">
    <p class='ocr_par' dir='ltr' id='par_1_102' title="bbox 302 4815 1875 4887">
     <span class='ocr_line' id='line_1_102' title="bbox 302 4815 1875 4887; baseline -0.007 -7"><span class='ocrx_word' id='word_1_709' title='bbox 302 4815 606 4880; x_wconf 77' lang='lat' dir='ltr'><strong>cultoribus</strong></span> <span class='ocrx_word' id='word_1_710' title='bbox 654 4819 985 4887; x_wconf 88' lang='lat' dir='ltr'><strong>repromisit,</strong></span> <span class='ocrx_word' id='word_1_711' title='bbox 1038 4830 1163 4869; x_wconf 88' lang='lat' dir='ltr'><strong>cum</strong></span> <span class='ocrx_word' id='word_1_712' title='bbox 1209 4815 1468 4887; x_wconf 77' lang='lat' dir='ltr'><strong>Cerintho</strong></span> <span class='ocrx_word' id='word_1_713' title='bbox 1523 4816 1775 4887; x_wconf 64' lang='lat' dir='ltr'><strong>haaretico</strong></span> <span class='ocrx_word' id='word_1_714' title='bbox 1825 4828 1875 4869; x_wconf 88' lang='lat' dir='ltr'><strong>ct</strong></span> 
     </span>
    </p>
   </div>
   <div class='ocr_carea' id='block_1_103' title="bbox 304 4885 1881 4957">
    <p class='ocr_par' dir='ltr' id='par_1_103' title="bbox 304 4885 1881 4957">
     <span class='ocr_line' id='line_1_103' title="bbox 304 4885 1881 4957; baseline -0.012 -10"><span class='ocrx_word' id='word_1_715' title='bbox 304 4895 672 4950; x_wconf 82' lang='lat' dir='ltr'><strong>sectatoribus</strong></span> <span class='ocrx_word' id='word_1_716' title='bbox 697 4885 832 4957; x_wconf 75' lang='lat' dir='ltr'><strong>ejus,</strong></span> <span class='ocrx_word' id='word_1_717' title='bbox 879 4899 983 4942; x_wconf 91' lang='lat' dir='ltr'><strong>etc.</strong></span> <span class='ocrx_word' id='word_1_718' title='bbox 1022 4907 1040 4940; x_wconf 85' lang='grc'><strong>›</strong></span> <span class='ocrx_word' id='word_1_719' title='bbox 1076 4887 1139 4937; x_wconf 75' lang='lat' dir='ltr'><strong>Et</strong></span> <span class='ocrx_word' id='word_1_720' title='bbox 1180 4894 1305 4957; x_wconf 88' lang='lat' dir='ltr'><strong>post</strong></span> <span class='ocrx_word' id='word_1_721' title='bbox 1338 4885 1562 4957; x_wconf 75' lang='lat' dir='ltr'><strong>aliqua;</strong></span> <span class='ocrx_word' id='word_1_722' title='bbox 1617 4902 1635 4934; x_wconf 79' lang='grc' dir='ltr'><strong>ε</strong></span> <span class='ocrx_word' id='word_1_723' title='bbox 1688 4885 1881 4957; x_wconf 81' lang='lat' dir='ltr'><strong>Mahu-</strong></span> 
     </span>
    </p>
   </div>
   <div class='ocr_carea' id='block_1_104' title="bbox 304 4956 1880 5021">
    <p class='ocr_par' dir='ltr' id='par_1_104' title="bbox 304 4956 1880 5021">
     <span class='ocr_line' id='line_1_104' title="bbox 304 4956 1880 5021; baseline -0.007 -1"><span class='ocrx_word' id='word_1_724' title='bbox 304 4973 477 5021; x_wconf 75' lang='lat' dir='ltr'><strong>metes</strong></span> <span class='ocrx_word' id='word_1_725' title='bbox 530 4965 584 5015; x_wconf 83' lang='lat' dir='ltr'><strong>in</strong></span> <span class='ocrx_word' id='word_1_726' title='bbox 664 4956 762 5014; x_wconf 82' lang='lat' dir='ltr'><strong>suo</strong></span> <span class='ocrx_word' id='word_1_727' title='bbox 830 4960 1097 5011; x_wconf 76' lang='lat' dir='ltr'><strong>Alcorano</strong></span> <span class='ocrx_word' id='word_1_728' title='bbox 1173 4956 1348 5009; x_wconf 56' lang='lat' dir='ltr'><strong>l’uttLa</strong></span> <span class='ocrx_word' id='word_1_729' title='bbox 1425 4956 1611 5017; x_wconf 86' lang='lat' dir='ltr'><strong>multa,</strong></span> <span class='ocrx_word' id='word_1_730' title='bbox 1682 4956 1880 5010; x_wconf 69' lang='grc' dir='ltr'><strong>(ΙεΙιι-ἀο</strong></span> 
     </span>
    </p>
   </div>
   <div class='ocr_carea' id='block_1_105' title="bbox 306 5026 1879 5094">
    <p class='ocr_par' dir='ltr' id='par_1_105' title="bbox 306 5026 1879 5094">
     <span class='ocr_line' id='line_1_105' title="bbox 306 5026 1879 5094; baseline -0.008 -5"><span class='ocrx_word' id='word_1_731' title='bbox 306 5046 508 5094; x_wconf 87' lang='lat' dir='ltr'><strong>menta,</strong></span> <span class='ocrx_word' id='word_1_732' title='bbox 541 5033 767 5093; x_wconf 68' lang='lat' dir='ltr'><strong>naeuius,</strong></span> <span class='ocrx_word' id='word_1_733' title='bbox 793 5030 998 5082; x_wconf 81' lang='lat' dir='ltr'><strong>fabulas</strong></span> <span class='ocrx_word' id='word_1_734' title='bbox 1034 5028 1201 5081; x_wconf 88' lang='lat' dir='ltr'><strong>aniles</strong></span> <span class='ocrx_word' id='word_1_735' title='bbox 1223 5039 1274 5079; x_wconf 85' lang='lat' dir='ltr'><strong>et</strong></span> <span class='ocrx_word' id='word_1_736' title='bbox 1294 5026 1573 5079; x_wconf 87' lang='lat' dir='ltr'><strong>mendacia</strong></span> <span class='ocrx_word' id='word_1_737' title='bbox 1598 5026 1879 5093; x_wconf 69' lang='lat' dir='ltr'><strong>contingit,</strong></span> 
     </span>
    </p>
   </div>
   <div class='ocr_carea' id='block_1_106' title="bbox 306 5096 1881 5173">
    <p class='ocr_par' dir='ltr' id='par_1_106' title="bbox 306 5096 1881 5173">
     <span class='ocr_line' id='line_1_106' title="bbox 306 5096 1881 5173; baseline -0.005 -15"><span class='ocrx_word' id='word_1_738' title='bbox 306 5119 365 5158; x_wconf 90' lang='lat' dir='ltr'><strong>ut</strong></span> <span class='ocrx_word' id='word_1_739' title='bbox 392 5119 461 5156; x_wconf 72' lang='lat' dir='ltr'><strong>ex</strong></span> <span class='ocrx_word' id='word_1_740' title='bbox 496 5108 608 5173; x_wconf 85' lang='lat' dir='ltr'><strong>ipsa</strong></span> <span class='ocrx_word' id='word_1_741' title='bbox 651 5102 783 5168; x_wconf 83' lang='lat' dir='ltr'><strong>legis</strong></span> <span class='ocrx_word' id='word_1_742' title='bbox 826 5112 936 5153; x_wconf 64' lang='lat' dir='ltr'><strong>suae</strong></span> <span class='ocrx_word' id='word_1_743' title='bbox 981 5100 1200 5173; x_wconf 52' lang='lat' dir='ltr'><strong>nefariae</strong></span> <span class='ocrx_word' id='word_1_744' title='bbox 1241 5096 1590 5173; x_wconf 72' lang='lat' dir='ltr'><strong>inspecdone</strong></span> <span class='ocrx_word' id='word_1_745' title='bbox 1634 5108 1881 5173; x_wconf 82' lang='lat' dir='ltr'><strong>protinus</strong></span> 
     </span>
    </p>
   </div>
   <div class='ocr_carea' id='block_1_107' title="bbox 304 5167 1881 5233">
    <p class='ocr_par' dir='ltr' id='par_1_107' title="bbox 304 5167 1881 5233">
     <span class='ocr_line' id='line_1_107' title="bbox 304 5167 1881 5233; baseline -0.008 -4"><span class='ocrx_word' id='word_1_746' title='bbox 304 5167 729 5230; x_wconf 72' lang='lat' dir='ltr'><strong>innotescataut</strong></span> <span class='ocrx_word' id='word_1_747' title='bbox 752 5187 875 5223; x_wconf 91' lang='lat' dir='ltr'><strong>eum</strong></span> <span class='ocrx_word' id='word_1_748' title='bbox 902 5185 1022 5223; x_wconf 89' lang='lat' dir='ltr'><strong>esse</strong></span> <span class='ocrx_word' id='word_1_749' title='bbox 1072 5169 1488 5230; x_wconf 85' lang='lat' dir='ltr'><strong>Antichrtstum,</strong></span> <span class='ocrx_word' id='word_1_750' title='bbox 1547 5178 1636 5219; x_wconf 88' lang='lat' dir='ltr'><strong>aut</strong></span> <span class='ocrx_word' id='word_1_751' title='bbox 1692 5167 1881 5233; x_wconf 66' lang='lat' dir='ltr'><strong>praeci-</strong></span> 
     </span>
    </p>
   </div>
   <div class='ocr_carea' id='block_1_108' title="bbox 302 5236 1879 5315">
    <p class='ocr_par' dir='ltr' id='par_1_108' title="bbox 302 5236 1879 5315">
     <span class='ocr_line' id='line_1_108' title="bbox 302 5236 1879 5315; baseline -0.005 -19"><span class='ocrx_word' id='word_1_752' title='bbox 302 5260 470 5315; x_wconf 90' lang='lat' dir='ltr'><strong>puum</strong></span> <span class='ocrx_word' id='word_1_753' title='bbox 511 5252 565 5311; x_wconf 88' lang='lat' dir='ltr'><strong>et</strong></span> <span class='ocrx_word' id='word_1_754' title='bbox 591 5242 897 5315; x_wconf 78' lang='lat' dir='ltr'><strong>proximum</strong></span> <span class='ocrx_word' id='word_1_755' title='bbox 948 5238 1269 5315; x_wconf 78' lang='lat' dir='ltr'><strong>Antichristi</strong></span> <span class='ocrx_word' id='word_1_756' title='bbox 1317 5247 1727 5315; x_wconf 69' lang='lat' dir='ltr'><strong>praecursorem.</strong></span> <span class='ocrx_word' id='word_1_757' title='bbox 1773 5236 1879 5315; x_wconf 87' lang='lat' dir='ltr'><strong>Sed</strong></span> 
     </span>
    </p>
   </div>
   <div class='ocr_carea' id='block_1_109' title="bbox 308 5308 1882 5383">
    <p class='ocr_par' dir='ltr' id='par_1_109' title="bbox 308 5308 1882 5383">
     <span class='ocr_line' id='line_1_109' title="bbox 308 5308 1882 5383; baseline -0.006 -15"><span class='ocrx_word' id='word_1_758' title='bbox 308 5308 485 5383; x_wconf 73' lang='lat' dir='ltr'><strong>neque</strong></span> <span class='ocrx_word' id='word_1_759' title='bbox 534 5308 651 5366; x_wconf 75' lang='lat' dir='ltr'><strong>Sine</strong></span> <span class='ocrx_word' id='word_1_760' title='bbox 699 5313 998 5383; x_wconf 71' lang='lat' dir='ltr'><strong>Scriptura:</strong></span> <span class='ocrx_word' id='word_1_761' title='bbox 1079 5308 1394 5383; x_wconf 75' lang='lat' dir='ltr'><strong>testimonio</strong></span> <span class='ocrx_word' id='word_1_762' title='bbox 1450 5315 1506 5358; x_wconf 90' lang='lat' dir='ltr'><strong>et</strong></span> <span class='ocrx_word' id='word_1_763' title='bbox 1558 5314 1882 5383; x_wconf 76' lang='lat' dir='ltr'><strong>auctoritate</strong></span> 
     </span>
    </p>
   </div>
   <div class='ocr_carea' id='block_1_110' title="bbox 306 5377 1879 5450">
    <p class='ocr_par' dir='ltr' id='par_1_110' title="bbox 306 5377 1879 5450">
     <span class='ocr_line' id='line_1_110' title="bbox 306 5377 1879 5450; baseline -0.008 -14"><span class='ocrx_word' id='word_1_764' title='bbox 306 5377 595 5437; x_wconf 59' lang='lat' dir='ltr'><strong>moventur</strong></span> <span class='ocrx_word' id='word_1_765' title='bbox 614 5384 700 5436; x_wconf 84' lang='lat' dir='ltr'><strong>isti</strong></span> <span class='ocrx_word' id='word_1_766' title='bbox 724 5380 792 5433; x_wconf 90' lang='lat' dir='ltr'><strong>ad</strong></span> <span class='ocrx_word' id='word_1_767' title='bbox 814 5377 1047 5450; x_wconf 84' lang='lat' dir='ltr'><strong>idipsuih</strong></span> <span class='ocrx_word' id='word_1_768' title='bbox 1071 5377 1473 5450; x_wconf 84' lang='lat' dir='ltr'><strong>deMahumete</strong></span> <span class='ocrx_word' id='word_1_769' title='bbox 1501 5378 1879 5450; x_wconf 78' lang='lat' dir='ltr'><strong>asserendum,</strong></span> 
     </span>
    </p>
   </div>
   <div class='ocr_carea' id='block_1_111' title="bbox 305 5445 1879 5523">
    <p class='ocr_par' dir='ltr' id='par_1_111' title="bbox 305 5445 1879 5523">
     <span class='ocr_line' id='line_1_111' title="bbox 305 5445 1879 5523; baseline -0.005 -17"><span class='ocrx_word' id='word_1_770' title='bbox 305 5455 452 5523; x_wconf 69' lang='lat' dir='ltr'><strong>quod</strong></span> <span class='ocrx_word' id='word_1_771' title='bbox 488 5468 648 5506; x_wconf 82' lang='lat' dir='ltr'><strong>verus</strong></span> <span class='ocrx_word' id='word_1_772' title='bbox 684 5453 767 5523; x_wconf 5' lang='lat' dir='ltr'><strong>sit,</strong></span> <span class='ocrx_word' id='word_1_773' title='bbox 796 5452 847 5503; x_wconf 91' lang='lat' dir='ltr'><strong>in</strong></span> <span class='ocrx_word' id='word_1_774' title='bbox 878 5445 1104 5519; x_wconf 76' lang='lat' dir='ltr'><strong>persona</strong></span> <span class='ocrx_word' id='word_1_775' title='bbox 1128 5449 1524 5523; x_wconf 81' lang='lat' dir='ltr'><strong>Antichristus.</strong></span> <span class='ocrx_word' id='word_1_776' title='bbox 1549 5445 1685 5497; x_wconf 80' lang='lat' dir='ltr'><strong>Nam</strong></span> <span class='ocrx_word' id='word_1_777' title='bbox 1708 5447 1879 5513; x_wconf 86' lang='lat' dir='ltr'><strong>Apoc.</strong></span> 
     </span>
    </p>
   </div>
   <div class='ocr_carea' id='block_1_112' title="bbox 305 5520 1884 5592">
    <p class='ocr_par' dir='ltr' id='par_1_112' title="bbox 305 5520 1884 5592">
     <span class='ocr_line' id='line_1_112' title="bbox 305 5520 1884 5592; baseline -0.007 -14"><span class='ocrx_word' id='word_1_778' title='bbox 305 5520 428 5592; x_wconf 79' lang='lat' dir='ltr'><strong>cap.</strong></span> <span class='ocrx_word' id='word_1_779' title='bbox 462 5538 565 5576; x_wconf 86' lang='lat' dir='ltr'><strong>xiii</strong></span> <span class='ocrx_word' id='word_1_780' title='bbox 595 5521 859 5577; x_wconf 85' lang='lat' dir='ltr'><strong>describit</strong></span> <span class='ocrx_word' id='word_1_781' title='bbox 895 5522 1126 5592; x_wconf 85' lang='lat' dir='ltr'><strong>bestiam</strong></span> <span class='ocrx_word' id='word_1_782' title='bbox 1140 5520 1532 5592; x_wconf 75' lang='lat' dir='ltr'><strong>ascendentem</strong></span> <span class='ocrx_word' id='word_1_783' title='bbox 1566 5525 1629 5569; x_wconf 85' lang='lat' dir='ltr'><strong>ue</strong></span> <span class='ocrx_word' id='word_1_784' title='bbox 1665 5525 1809 5569; x_wconf 87' lang='lat' dir='ltr'><strong>terra</strong></span> <span class='ocrx_word' id='word_1_785' title='bbox 1829 5525 1884 5592; x_wconf 79' lang='lat' dir='ltr'><strong>et</strong></span> 
     </span>
    </p>
   </div>
   <div class='ocr_carea' id='block_1_113' title="bbox 304 5589 1883 5659">
    <p class='ocr_par' dir='ltr' id='par_1_113' title="bbox 304 5589 1883 5659">
     <span class='ocr_line' id='line_1_113' title="bbox 304 5589 1883 5659; baseline -0.006 -9"><span class='ocrx_word' id='word_1_786' title='bbox 304 5589 595 5654; x_wconf 74' lang='lat' dir='ltr'><strong>habentem</strong></span> <span class='ocrx_word' id='word_1_787' title='bbox 637 5597 743 5648; x_wconf 90' lang='lat' dir='ltr'><strong>duo</strong></span> <span class='ocrx_word' id='word_1_788' title='bbox 771 5606 976 5646; x_wconf 88' lang='lat' dir='ltr'><strong>cornua</strong></span> <span class='ocrx_word' id='word_1_789' title='bbox 1010 5589 1208 5645; x_wconf 83' lang='lat' dir='ltr'><strong>similia</strong></span> <span class='ocrx_word' id='word_1_790' title='bbox 1237 5589 1383 5659; x_wconf 87' lang='lat' dir='ltr'><strong>agni,</strong></span> <span class='ocrx_word' id='word_1_791' title='bbox 1447 5599 1730 5640; x_wconf 84' lang='lat' dir='ltr'><strong>venturam</strong></span> <span class='ocrx_word' id='word_1_792' title='bbox 1783 5590 1883 5641; x_wconf 87' lang='lat' dir='ltr'><strong>sub</strong></span> 
     </span>
    </p>
   </div>
   <div class='ocr_carea' id='block_1_114' title="bbox 380 5798 1907 5873">
    <p class='ocr_par' dir='ltr' id='par_1_114' title="bbox 380 5798 1907 5873">
     <span class='ocr_line' id='line_1_114' title="bbox 380 5798 1907 5873; baseline -0.009 -3"><span class='ocrx_word' id='word_1_793' title='bbox 380 5816 427 5856; x_wconf 69' lang='grc'><strong>⁸³</strong></span> <span class='ocrx_word' id='word_1_794' title='bbox 469 5814 527 5872; x_wconf 90' lang='lat' dir='ltr'><strong>ln</strong></span> <span class='ocrx_word' id='word_1_795' title='bbox 565 5830 614 5872; x_wconf 90' lang='lat' dir='ltr'><strong>c.</strong></span> <span class='ocrx_word' id='word_1_796' title='bbox 652 5814 720 5867; x_wconf 74' lang='lat'><strong>27</strong></span> <span class='ocrx_word' id='word_1_797' title='bbox 747 5822 801 5869; x_wconf 84' lang='lat' dir='ltr'><strong>et</strong></span> <span class='ocrx_word' id='word_1_798' title='bbox 828 5809 899 5867; x_wconf 72' lang='lat'><strong>28</strong></span> <span class='ocrx_word' id='word_1_799' title='bbox 937 5810 1137 5869; x_wconf 86' lang='lat' dir='ltr'><strong>noviss.</strong></span> <span class='ocrx_word' id='word_1_800' title='bbox 1166 5806 1417 5865; x_wconf 73' lang='grc' dir='ltr'><strong>θῶιὶυιιίδ</strong></span> <span class='ocrx_word' id='word_1_801' title='bbox 1448 5802 1619 5860; x_wconf 86' lang='lat' dir='ltr'><strong>Paris.</strong></span> <span class='ocrx_word' id='word_1_802' title='bbox 1648 5798 1741 5857; x_wconf 90' lang='lat' dir='ltr'><strong>l‘ol.</strong></span> <span class='ocrx_word' id='word_1_803' title='bbox 1767 5798 1907 5873; x_wconf 44' lang='grc' dir='ltr'><strong>’δίδη</strong></span> 
     </span>
    </p>
   </div>
   <div class='ocr_carea' id='block_1_115' title="bbox 1975 3215 3559 3284">
    <p class='ocr_par' dir='ltr' id='par_1_115' title="bbox 1975 3215 3559 3284">
     <span class='ocr_line' id='line_1_115' title="bbox 1975 3215 3559 3284; baseline 0.001 -17"><span class='ocrx_word' id='word_1_804' title='bbox 1975 3215 2068 3284; x_wconf 92' lang='lat' dir='ltr'><strong>qui</strong></span> <span class='ocrx_word' id='word_1_805' title='bbox 2096 3231 2110 3278; x_wconf 87' lang='lat'><strong>;</strong></span> <span class='ocrx_word' id='word_1_806' title='bbox 2140 3234 2161 3267; x_wconf 74' lang='grc' dir='ltr'><strong>ι</strong></span> <span class='ocrx_word' id='word_1_807' title='bbox 2197 3231 2267 3268; x_wconf 81' lang='lat' dir='ltr'><strong>ex</strong></span> <span class='ocrx_word' id='word_1_808' title='bbox 2296 3217 2492 3283; x_wconf 89' lang='lat' dir='ltr'><strong>quibus</strong></span> <span class='ocrx_word' id='word_1_809' title='bbox 2524 3216 2701 3284; x_wconf 89' lang='lat' dir='ltr'><strong>prima</strong></span> <span class='ocrx_word' id='word_1_810' title='bbox 2726 3217 2977 3270; x_wconf 80' lang='lat' dir='ltr'><strong>fortassis</strong></span> <span class='ocrx_word' id='word_1_811' title='bbox 3012 3216 3182 3270; x_wconf 90' lang='lat' dir='ltr'><strong>dictio</strong></span> <span class='ocrx_word' id='word_1_812' title='bbox 3229 3217 3423 3269; x_wconf 87' lang='lat' dir='ltr'><strong>luisset</strong></span> <span class='ocrx_word' id='word_1_813' title='bbox 3471 3230 3559 3269; x_wconf 86' lang='lat' dir='ltr'><strong>re—</strong></span> 
     </span>
    </p>
   </div>
   <div class='ocr_carea' id='block_1_116' title="bbox 2007 3286 2239 3338">
    <p class='ocr_par' dir='ltr' id='par_1_116' title="bbox 2007 3286 2239 3338">
     <span class='ocr_line' id='line_1_116' title="bbox 2007 3286 2239 3338; baseline 0.009 -2"><span class='ocrx_word' id='word_1_814' title='bbox 2007 3286 2239 3338; x_wconf 87' lang='lat' dir='ltr'><strong>ouenda.</strong></span> 
     </span>
    </p>
   </div>
   <div class='ocr_carea' id='block_1_117' title="bbox 1970 3300 3555 3422">
    <p class='ocr_par' dir='ltr' id='par_1_117' title="bbox 1970 3300 3555 3422">
     <span class='ocr_line' id='line_1_117' title="bbox 2045 3302 2239 3338; baseline 0 0"><span class='ocrx_word' id='word_1_815' title='bbox 2045 3302 2055 3333; x_wconf 84' lang='grc' dir='ltr'><strong>ι</strong></span> <span class='ocrx_word' id='word_1_816' title='bbox 2225 3322 2239 3338; x_wconf 91' lang='grc'><strong><em>.</em></strong></span> 
     </span>
     <span class='ocr_line' id='line_1_118' title="bbox 1970 3300 3555 3422; baseline 0.001 -18"><span class='ocrx_word' id='word_1_817' title='bbox 1970 3300 2533 3407; x_wconf 54' lang='grc' dir='ltr'><strong>Ροὲῗηὲεῗεηιαιὶοηεηι</strong></span> <span class='ocrx_word' id='word_1_818' title='bbox 2558 3354 2838 3422; x_wconf 82' lang='lat' dir='ltr'><strong>quamdam</strong></span> <span class='ocrx_word' id='word_1_819' title='bbox 2865 3354 3091 3406; x_wconf 81' lang='lat' dir='ltr'><strong>continet</strong></span> <span class='ocrx_word' id='word_1_820' title='bbox 3131 3354 3367 3409; x_wconf 80' lang='lat' dir='ltr'><strong>ultionis.</strong></span> <span class='ocrx_word' id='word_1_821' title='bbox 3399 3353 3555 3407; x_wconf 88' lang='lat' dir='ltr'><strong>Titan</strong></span> 
     </span>
    </p>
   </div>
   <div class='ocr_carea' id='block_1_118' title="bbox 1972 3423 3553 3486">
    <p class='ocr_par' dir='ltr' id='par_1_118' title="bbox 1972 3423 3553 3486">
     <span class='ocr_line' id='line_1_119' title="bbox 1972 3423 3553 3486; baseline -0.001 -9"><span class='ocrx_word' id='word_1_822' title='bbox 1972 3437 2068 3477; x_wconf 82' lang='lat' dir='ltr'><strong>seu</strong></span> <span class='ocrx_word' id='word_1_823' title='bbox 2106 3423 2354 3477; x_wconf 85' lang='lat' dir='ltr'><strong>Titanem</strong></span> <span class='ocrx_word' id='word_1_824' title='bbox 2391 3424 2558 3476; x_wconf 72' lang='lat' dir='ltr'><strong>fuisse</strong></span> <span class='ocrx_word' id='word_1_825' title='bbox 2596 3426 2786 3475; x_wconf 81' lang='lat' dir='ltr'><strong>dicunt</strong></span> <span class='ocrx_word' id='word_1_826' title='bbox 2818 3424 3036 3476; x_wconf 75' lang='lat' dir='ltr'><strong>Saturni</strong></span> <span class='ocrx_word' id='word_1_827' title='bbox 3074 3424 3326 3486; x_wconf 76' lang='lat' dir='ltr'><strong>fratrem,</strong></span> <span class='ocrx_word' id='word_1_828' title='bbox 3375 3434 3553 3475; x_wconf 88' lang='lat' dir='ltr'><strong>ortum</strong></span> 
     </span>
    </p>
   </div>
   <div class='ocr_carea' id='block_1_119' title="bbox 1971 3492 3556 3561">
    <p class='ocr_par' dir='ltr' id='par_1_119' title="bbox 1971 3492 3556 3561">
     <span class='ocr_line' id='line_1_120' title="bbox 1971 3492 3556 3561; baseline -0.002 -15"><span class='ocrx_word' id='word_1_829' title='bbox 1971 3508 2036 3546; x_wconf 85' lang='lat' dir='ltr'><strong>ex</strong></span> <span class='ocrx_word' id='word_1_830' title='bbox 2073 3492 2378 3556; x_wconf 85' lang='lat' dir='ltr'><strong>Titanibus,</strong></span> <span class='ocrx_word' id='word_1_831' title='bbox 2406 3507 2544 3561; x_wconf 91' lang='lat' dir='ltr'><strong>quos</strong></span> <span class='ocrx_word' id='word_1_832' title='bbox 2574 3501 2717 3544; x_wconf 85' lang='lat' dir='ltr'><strong>terra</strong></span> <span class='ocrx_word' id='word_1_833' title='bbox 2747 3501 2955 3561; x_wconf 57' lang='lat' dir='ltr'><strong>contra</strong></span> <span class='ocrx_word' id='word_1_834' title='bbox 2982 3493 3114 3547; x_wconf 89' lang='lat' dir='ltr'><strong>deos</strong></span> <span class='ocrx_word' id='word_1_835' title='bbox 3145 3494 3283 3546; x_wconf 87' lang='lat' dir='ltr'><strong>irata</strong></span> <span class='ocrx_word' id='word_1_836' title='bbox 3316 3496 3368 3545; x_wconf 91' lang='lat' dir='ltr'><strong>in</strong></span> <span class='ocrx_word' id='word_1_837' title='bbox 3397 3507 3556 3545; x_wconf 87' lang='lat' dir='ltr'><strong>suam</strong></span> 
     </span>
    </p>
   </div>
   <div class='ocr_carea' id='block_1_120' title="bbox 1973 3558 3555 3617">
    <p class='ocr_par' dir='ltr' id='par_1_120' title="bbox 1973 3558 3555 3617">
     <span class='ocr_line' id='line_1_121' title="bbox 1973 3558 3555 3617; baseline -0.003 -1"><span class='ocrx_word' id='word_1_838' title='bbox 1973 3574 2163 3616; x_wconf 91' lang='lat' dir='ltr'><strong>contra</strong></span> <span class='ocrx_word' id='word_1_839' title='bbox 2187 3577 2283 3616; x_wconf 90' lang='lat' dir='ltr'><strong>eos</strong></span> <span class='ocrx_word' id='word_1_840' title='bbox 2311 3558 2573 3615; x_wconf 80' lang='lat' dir='ltr'><strong>ultionem</strong></span> <span class='ocrx_word' id='word_1_841' title='bbox 2603 3561 2890 3617; x_wconf 89' lang='lat' dir='ltr'><strong>creaverit.</strong></span> <span class='ocrx_word' id='word_1_842' title='bbox 2914 3558 3067 3614; x_wconf 91' lang='lat' dir='ltr'><strong>Unde</strong></span> <span class='ocrx_word' id='word_1_843' title='bbox 3095 3574 3148 3616; x_wconf 89' lang='lat' dir='ltr'><strong>et</strong></span> <span class='ocrx_word' id='word_1_844' title='bbox 3176 3561 3400 3615; x_wconf 86' lang='lat' dir='ltr'><strong>Titanes</strong></span> <span class='ocrx_word' id='word_1_845' title='bbox 3423 3563 3555 3614; x_wconf 85' lang='lat' dir='ltr'><strong>dicti</strong></span> 
     </span>
    </p>
   </div>
   <div class='ocr_carea' id='block_1_121' title="bbox 1971 3630 3556 3700">
    <p class='ocr_par' dir='ltr' id='par_1_121' title="bbox 1971 3630 3556 3700">
     <span class='ocr_line' id='line_1_122' title="bbox 1971 3630 3556 3700; baseline -0.001 -15"><span class='ocrx_word' id='word_1_846' title='bbox 1971 3642 2097 3685; x_wconf 90' lang='lat' dir='ltr'><strong>sunt</strong></span> <span class='ocrx_word' id='word_1_847' title='bbox 2128 3632 2238 3684; x_wconf 83' lang='grc' dir='ltr'>ἀπὸ</span> <span class='ocrx_word' id='word_1_848' title='bbox 2270 3632 2370 3700; x_wconf 81' lang='grc' dir='ltr'><strong>τῆς</strong></span> <span class='ocrx_word' id='word_1_849' title='bbox 2409 3631 2622 3695; x_wconf 79' lang='grc' dir='ltr'><strong>τίσεως,</strong></span> <span class='ocrx_word' id='word_1_850' title='bbox 2658 3630 2707 3681; x_wconf 93' lang='lat' dir='ltr'><strong>id</strong></span> <span class='ocrx_word' id='word_1_851' title='bbox 2751 3640 2835 3683; x_wconf 89' lang='lat' dir='ltr'><strong>est</strong></span> <span class='ocrx_word' id='word_1_852' title='bbox 2882 3630 2950 3682; x_wconf 88' lang='lat' dir='ltr'><strong>ab</strong></span> <span class='ocrx_word' id='word_1_853' title='bbox 3005 3631 3232 3697; x_wconf 89' lang='lat' dir='ltr'><strong>ultione;</strong></span> <span class='ocrx_word' id='word_1_854' title='bbox 3288 3631 3356 3685; x_wconf 89' lang='lat' dir='ltr'><strong>ad</strong></span> <span class='ocrx_word' id='word_1_855' title='bbox 3394 3645 3556 3699; x_wconf 87' lang='lat' dir='ltr'><strong>quam</strong></span> 
     </span>
    </p>
   </div>
   <div class='ocr_carea' id='block_1_122' title="bbox 1973 3700 3344 3755">
    <p class='ocr_par' dir='ltr' id='par_1_122' title="bbox 1973 3700 3344 3755">
     <span class='ocr_line' id='line_1_123' title="bbox 1973 3700 3344 3755; baseline -0.001 -1"><span class='ocrx_word' id='word_1_856' title='bbox 1973 3704 2313 3755; x_wconf 90' lang='lat' dir='ltr'><strong>ethnicorum</strong></span> <span class='ocrx_word' id='word_1_857' title='bbox 2345 3705 2715 3753; x_wconf 80' lang='lat' dir='ltr'><strong>narrationem</strong></span> <span class='ocrx_word' id='word_1_858' title='bbox 2750 3700 2839 3751; x_wconf 92' lang='lat' dir='ltr'><strong>hic</strong></span> <span class='ocrx_word' id='word_1_859' title='bbox 2867 3700 3059 3752; x_wconf 91' lang='lat' dir='ltr'><strong>alludit</strong></span> <span class='ocrx_word' id='word_1_860' title='bbox 3084 3701 3344 3754; x_wconf 71' lang='lat' dir='ltr'><strong>lrentens.</strong></span> 
     </span>
    </p>
   </div>
   <div class='ocr_carea' id='block_1_123' title="bbox 2044 3768 3557 3838">
    <p class='ocr_par' dir='ltr' id='par_1_123' title="bbox 2044 3768 3557 3838">
     <span class='ocr_line' id='line_1_124' title="bbox 2044 3768 3557 3838; baseline -0.001 -14"><span class='ocrx_word' id='word_1_861' title='bbox 2044 3770 2177 3824; x_wconf 88' lang='lat' dir='ltr'><strong>Cum</strong></span> <span class='ocrx_word' id='word_1_862' title='bbox 2206 3773 2369 3837; x_wconf 84' lang='lat' dir='ltr'><strong>igitur</strong></span> <span class='ocrx_word' id='word_1_863' title='bbox 2397 3778 2624 3821; x_wconf 79' lang='lat' dir='ltr'><strong>tantum.</strong></span> <span class='ocrx_word' id='word_1_864' title='bbox 2666 3768 2781 3821; x_wconf 86' lang='lat' dir='ltr'><strong>Vet.</strong></span> <span class='ocrx_word' id='word_1_865' title='bbox 2811 3770 2958 3831; x_wconf 83' lang='lat' dir='ltr'><strong>cod.,</strong></span> <span class='ocrx_word' id='word_1_866' title='bbox 2995 3784 3013 3815; x_wconf 81' lang='grc' dir='ltr'><strong>ι</strong></span> <span class='ocrx_word' id='word_1_867' title='bbox 3058 3784 3183 3821; x_wconf 89' lang='lat' dir='ltr'><strong>cuin</strong></span> <span class='ocrx_word' id='word_1_868' title='bbox 3219 3770 3388 3838; x_wconf 88' lang='lat' dir='ltr'><strong>igitur</strong></span> <span class='ocrx_word' id='word_1_869' title='bbox 3420 3770 3557 3823; x_wconf 85' lang='lat' dir='ltr'><strong>taci-</strong></span> 
     </span>
    </p>
   </div>
   <div class='ocr_carea' id='block_1_124' title="bbox 1975 3849 3257 3901">
    <p class='ocr_par' dir='ltr' id='par_1_124' title="bbox 1975 3849 3257 3901">
     <span class='ocr_line' id='line_1_125' title="bbox 1975 3849 3257 3901; baseline -0.002 -7"><span class='ocrx_word' id='word_1_870' title='bbox 1975 3849 2107 3901; x_wconf 88' lang='lat' dir='ltr'><strong>tam,</strong></span> <span class='ocrx_word' id='word_1_871' title='bbox 2151 3857 2170 3889; x_wconf 75' lang='grc' dir='ltr'><strong>ι</strong></span> <span class='ocrx_word' id='word_1_872' title='bbox 2204 3852 2311 3892; x_wconf 90' lang='lat' dir='ltr'><strong>etc.</strong></span> <span class='ocrx_word' id='word_1_873' title='bbox 3212 3868 3257 3877; x_wconf 89' lang='lat'><strong>--</strong></span> 
     </span>
    </p>
   </div>
   <div class='ocr_carea' id='block_1_125' title="bbox 2046 3905 3552 3972">
    <p class='ocr_par' dir='ltr' id='par_1_125' title="bbox 2046 3905 3552 3972">
     <span class='ocr_line' id='line_1_126' title="bbox 2046 3905 3552 3972; baseline -0.001 -12"><span class='ocrx_word' id='word_1_874' title='bbox 2046 3908 2159 3960; x_wconf 81' lang='lat' dir='ltr'><strong>Nos</strong></span> <span class='ocrx_word' id='word_1_875' title='bbox 2188 3920 2361 3959; x_wconf 87' lang='lat' dir='ltr'><strong>tamen</strong></span> <span class='ocrx_word' id='word_1_876' title='bbox 2386 3922 2489 3959; x_wconf 89' lang='lat' dir='ltr'><strong>non</strong></span> <span class='ocrx_word' id='word_1_877' title='bbox 2504 3906 2932 3972; x_wconf 81' lang='lat' dir='ltr'><strong>periclitabimur.</strong></span> <span class='ocrx_word' id='word_1_878' title='bbox 2968 3905 3166 3959; x_wconf 89' lang='lat' dir='ltr'><strong>Euseb.</strong></span> <span class='ocrx_word' id='word_1_879' title='bbox 3196 3906 3289 3960; x_wconf 91' lang='lat' dir='ltr'><strong>lib.</strong></span> <span class='ocrx_word' id='word_1_880' title='bbox 3322 3920 3355 3955; x_wconf 82' lang='grc' dir='ltr'><strong>ν</strong></span> <span class='ocrx_word' id='word_1_881' title='bbox 3383 3905 3552 3970; x_wconf 55' lang='grc' dir='ltr'><strong>ΗΜ,</strong></span> 
     </span>
    </p>
   </div>
   <div class='ocr_carea' id='block_1_126' title="bbox 1975 3974 3552 4044">
    <p class='ocr_par' dir='ltr' id='par_1_126' title="bbox 1975 3974 3552 4044">
     <span class='ocr_line' id='line_1_127' title="bbox 1975 3974 3552 4044; baseline -0.001 -15"><span class='ocrx_word' id='word_1_882' title='bbox 1975 3994 2093 4044; x_wconf 87' lang='lat' dir='ltr'><strong>cap.</strong></span> <span class='ocrx_word' id='word_1_883' title='bbox 2145 3976 2199 4041; x_wconf 88' lang='lat'><strong>8,</strong></span> <span class='ocrx_word' id='word_1_884' title='bbox 2255 3975 2414 4043; x_wconf 73' lang='lat'><strong>203</strong></span> <span class='ocrx_word' id='word_1_885' title='bbox 2464 3977 2576 4028; x_wconf 69' lang='lat' dir='ltr'><strong>haec</strong></span> <span class='ocrx_word' id='word_1_886' title='bbox 2613 3974 2977 4041; x_wconf 88' lang='lat' dir='ltr'><strong>transcripsit,</strong></span> <span class='ocrx_word' id='word_1_887' title='bbox 3026 3990 3197 4042; x_wconf 90' lang='lat' dir='ltr'><strong>usque</strong></span> <span class='ocrx_word' id='word_1_888' title='bbox 3259 3976 3324 4029; x_wconf 89' lang='lat' dir='ltr'><strong>ad</strong></span> <span class='ocrx_word' id='word_1_889' title='bbox 3374 3977 3552 4033; x_wconf 85' lang='lat' dir='ltr'><strong>illud:</strong></span> 
     </span>
    </p>
   </div>
   <div class='ocr_carea' id='block_1_127' title="bbox 1983 4044 3552 4114">
    <p class='ocr_par' dir='ltr' id='par_1_127' title="bbox 1983 4044 3552 4114">
     <span class='ocr_line' id='line_1_128' title="bbox 1983 4044 3552 4114; baseline 0.003 -16"><span class='ocrx_word' id='word_1_890' title='bbox 1983 4066 2000 4098; x_wconf 82' lang='grc' dir='ltr'><strong>ι</strong></span> <span class='ocrx_word' id='word_1_891' title='bbox 2031 4047 2185 4099; x_wconf 80' lang='lat' dir='ltr'><strong>llunc</strong></span> <span class='ocrx_word' id='word_1_892' title='bbox 2208 4061 2385 4097; x_wconf 81' lang='lat' dir='ltr'><strong>autem</strong></span> <span class='ocrx_word' id='word_1_893' title='bbox 2414 4060 2721 4114; x_wconf 85' lang='lat' dir='ltr'><strong>numerum.</strong></span> <span class='ocrx_word' id='word_1_894' title='bbox 2758 4060 2775 4092; x_wconf 78' lang='grc' dir='ltr'><strong>ι</strong></span> <span class='ocrx_word' id='word_1_895' title='bbox 2811 4044 2892 4095; x_wconf 88' lang='lat' dir='ltr'><strong>Ad</strong></span> <span class='ocrx_word' id='word_1_896' title='bbox 2919 4060 2981 4095; x_wconf 90' lang='lat' dir='ltr'><strong>ea</strong></span> <span class='ocrx_word' id='word_1_897' title='bbox 3001 4060 3215 4113; x_wconf 88' lang='lat' dir='ltr'><strong>quoque</strong></span> <span class='ocrx_word' id='word_1_898' title='bbox 3245 4047 3466 4114; x_wconf 85' lang='lat' dir='ltr'><strong>respicit</strong></span> <span class='ocrx_word' id='word_1_899' title='bbox 3490 4047 3552 4102; x_wconf 82' lang='grc' dir='ltr'><strong>Β.</strong></span> 
     </span>
    </p>
   </div>
   <div class='ocr_carea' id='block_1_128' title="bbox 1976 4113 3558 4185">
    <p class='ocr_par' dir='ltr' id='par_1_128' title="bbox 1976 4113 3558 4185">
     <span class='ocr_line' id='line_1_129' title="bbox 1976 4113 3558 4185; baseline 0 -16"><span class='ocrx_word' id='word_1_900' title='bbox 1976 4118 2225 4169; x_wconf 79' lang='lat' dir='ltr'><strong>Andreas</strong></span> <span class='ocrx_word' id='word_1_901' title='bbox 2262 4114 2572 4185; x_wconf 88' lang='lat' dir='ltr'><strong>Cappadox,</strong></span> <span class='ocrx_word' id='word_1_902' title='bbox 2601 4113 2896 4165; x_wconf 77' lang='lat' dir='ltr'><strong>Comment.</strong></span> <span class='ocrx_word' id='word_1_903' title='bbox 2924 4115 2983 4185; x_wconf 77' lang='lat' dir='ltr'><strong>in</strong></span> <span class='ocrx_word' id='word_1_904' title='bbox 3018 4129 3114 4167; x_wconf 87' lang='lat' dir='ltr'><strong>xiii</strong></span> <span class='ocrx_word' id='word_1_905' title='bbox 3170 4113 3365 4183; x_wconf 88' lang='lat' dir='ltr'><strong>Apoc.,</strong></span> <span class='ocrx_word' id='word_1_906' title='bbox 3401 4116 3558 4185; x_wconf 86' lang='lat' dir='ltr'><strong>cujus</strong></span> 
     </span>
    </p>
   </div>
   <div class='ocr_carea' id='block_1_129' title="bbox 1978 4183 3553 4250">
    <p class='ocr_par' dir='ltr' id='par_1_129' title="bbox 1978 4183 3553 4250">
     <span class='ocr_line' id='line_1_130' title="bbox 1978 4183 3553 4250; baseline -0.004 -13"><span class='ocrx_word' id='word_1_907' title='bbox 1978 4188 2143 4239; x_wconf 83' lang='lat' dir='ltr'><strong>verba</strong></span> <span class='ocrx_word' id='word_1_908' title='bbox 2172 4202 2236 4238; x_wconf 91' lang='lat' dir='ltr'><strong>eo</strong></span> <span class='ocrx_word' id='word_1_909' title='bbox 2257 4184 2534 4238; x_wconf 87' lang='lat' dir='ltr'><strong>lubentius</strong></span> <span class='ocrx_word' id='word_1_910' title='bbox 2558 4188 2772 4246; x_wconf 88' lang='lat' dir='ltr'><strong>addam,</strong></span> <span class='ocrx_word' id='word_1_911' title='bbox 2792 4183 2935 4249; x_wconf 86' lang='lat' dir='ltr'><strong>quod</strong></span> <span class='ocrx_word' id='word_1_912' title='bbox 2962 4188 3244 4250; x_wconf 73' lang='lat' dir='ltr'><strong>pra-sentis</strong></span> <span class='ocrx_word' id='word_1_913' title='bbox 3270 4187 3371 4237; x_wconf 73' lang='lat' dir='ltr'><strong>loci</strong></span> <span class='ocrx_word' id='word_1_914' title='bbox 3400 4183 3553 4237; x_wconf 76' lang='lat' dir='ltr'><strong>usum</strong></span> 
     </span>
    </p>
   </div>
   <div class='ocr_carea' id='block_1_130' title="bbox 1978 4254 3552 4321">
    <p class='ocr_par' dir='ltr' id='par_1_130' title="bbox 1978 4254 3552 4321">
     <span class='ocr_line' id='line_1_131' title="bbox 1978 4254 3552 4321; baseline -0.003 -10"><span class='ocrx_word' id='word_1_915' title='bbox 1978 4255 2262 4311; x_wconf 87' lang='lat' dir='ltr'><strong>c0uunode</strong></span> <span class='ocrx_word' id='word_1_916' title='bbox 2302 4254 2574 4321; x_wconf 84' lang='lat' dir='ltr'><strong>aperiant.</strong></span> <span class='ocrx_word' id='word_1_917' title='bbox 2603 4254 2696 4305; x_wconf 90' lang='lat' dir='ltr'><strong>Ait</strong></span> <span class='ocrx_word' id='word_1_918' title='bbox 2744 4268 2932 4304; x_wconf 88' lang='lat' dir='ltr'><strong>enim:</strong></span> <span class='ocrx_word' id='word_1_919' title='bbox 2970 4270 2987 4301; x_wconf 82' lang='grc' dir='ltr'><strong>ι</strong></span> <span class='ocrx_word' id='word_1_920' title='bbox 3024 4256 3279 4305; x_wconf 74' lang='lat' dir='ltr'><strong>Exactam</strong></span> <span class='ocrx_word' id='word_1_921' title='bbox 3342 4257 3552 4306; x_wconf 88' lang='lat' dir='ltr'><strong>numeri</strong></span> 
     </span>
    </p>
   </div>
   <div class='ocr_carea' id='block_1_131' title="bbox 1980 4323 3559 4392">
    <p class='ocr_par' dir='ltr' id='par_1_131' title="bbox 1980 4323 3559 4392">
     <span class='ocr_line' id='line_1_132' title="bbox 1980 4323 3559 4392; baseline -0.003 -13"><span class='ocrx_word' id='word_1_922' title='bbox 1980 4326 2226 4379; x_wconf 84' lang='lat' dir='ltr'><strong>notitiam</strong></span> <span class='ocrx_word' id='word_1_923' title='bbox 2267 4323 2717 4392; x_wconf 85' lang='lat' dir='ltr'><strong>quemadmodum</strong></span> <span class='ocrx_word' id='word_1_924' title='bbox 2751 4331 2804 4372; x_wconf 86' lang='lat' dir='ltr'><strong>et</strong></span> <span class='ocrx_word' id='word_1_925' title='bbox 2858 4332 3075 4387; x_wconf 59' lang='lat' dir='ltr'><strong>caetera,</strong></span> <span class='ocrx_word' id='word_1_926' title='bbox 3128 4338 3247 4390; x_wconf 71' lang='lat' dir='ltr'><strong>qua:</strong></span> <span class='ocrx_word' id='word_1_927' title='bbox 3291 4325 3355 4376; x_wconf 89' lang='lat' dir='ltr'><strong>de</strong></span> <span class='ocrx_word' id='word_1_928' title='bbox 3400 4324 3559 4374; x_wconf 81' lang='lat' dir='ltr'><strong>Anti-</strong></span> 
     </span>
    </p>
   </div>
   <div class='ocr_carea' id='block_1_132' title="bbox 1980 4394 3555 4461">
    <p class='ocr_par' dir='ltr' id='par_1_132' title="bbox 1980 4394 3555 4461">
     <span class='ocr_line' id='line_1_133' title="bbox 1980 4394 3555 4461; baseline -0.003 -11"><span class='ocrx_word' id='word_1_929' title='bbox 1980 4398 2186 4450; x_wconf 86' lang='lat' dir='ltr'><strong>christo</strong></span> <span class='ocrx_word' id='word_1_930' title='bbox 2213 4405 2415 4461; x_wconf 86' lang='lat' dir='ltr'><strong>scripta</strong></span> <span class='ocrx_word' id='word_1_931' title='bbox 2448 4401 2595 4453; x_wconf 90' lang='lat' dir='ltr'><strong>sunt,</strong></span> <span class='ocrx_word' id='word_1_932' title='bbox 2649 4403 2860 4456; x_wconf 81' lang='lat' dir='ltr'><strong>tempus</strong></span> <span class='ocrx_word' id='word_1_933' title='bbox 2892 4401 2945 4443; x_wconf 89' lang='lat' dir='ltr'><strong>et</strong></span> <span class='ocrx_word' id='word_1_934' title='bbox 2972 4394 3305 4459; x_wconf 83' lang='lat' dir='ltr'><strong>experientia</strong></span> <span class='ocrx_word' id='word_1_935' title='bbox 3341 4394 3555 4445; x_wconf 82' lang='lat' dir='ltr'><strong>revela-</strong></span> 
     </span>
    </p>
   </div>
   <div class='ocr_carea' id='block_1_133' title="bbox 1983 4462 3556 4531">
    <p class='ocr_par' dir='ltr' id='par_1_133' title="bbox 1983 4462 3556 4531">
     <span class='ocr_line' id='line_1_134' title="bbox 1983 4462 3556 4531; baseline -0.003 -13"><span class='ocrx_word' id='word_1_936' title='bbox 1983 4468 2114 4519; x_wconf 90' lang='lat' dir='ltr'><strong>bunt</strong></span> <span class='ocrx_word' id='word_1_937' title='bbox 2141 4465 2206 4517; x_wconf 87' lang='lat' dir='ltr'><strong>iis</strong></span> <span class='ocrx_word' id='word_1_938' title='bbox 2234 4481 2322 4531; x_wconf 91' lang='lat' dir='ltr'><strong>qui</strong></span> <span class='ocrx_word' id='word_1_939' title='bbox 2353 4463 2731 4531; x_wconf 78' lang='lat' dir='ltr'><strong>vigilaverint.</strong></span> <span class='ocrx_word' id='word_1_940' title='bbox 2764 4462 2899 4531; x_wconf 73' lang='lat' dir='ltr'><strong>Nam</strong></span> <span class='ocrx_word' id='word_1_941' title='bbox 2954 4463 2998 4513; x_wconf 87' lang='lat' dir='ltr'><strong>si</strong></span> <span class='ocrx_word' id='word_1_942' title='bbox 3032 4462 3335 4530; x_wconf 81' lang='lat' dir='ltr'><strong>expediret,</strong></span> <span class='ocrx_word' id='word_1_943' title='bbox 3371 4473 3428 4513; x_wconf 90' lang='lat' dir='ltr'><strong>ut</strong></span> <span class='ocrx_word' id='word_1_944' title='bbox 3462 4476 3556 4513; x_wconf 86' lang='lat' dir='ltr'><strong>vo-</strong></span> 
     </span>
    </p>
   </div>
   <div class='ocr_carea' id='block_1_134' title="bbox 1980 4530 3553 4601">
    <p class='ocr_par' dir='ltr' id='par_1_134' title="bbox 1980 4530 3553 4601">
     <span class='ocr_line' id='line_1_135' title="bbox 1980 4530 3553 4601; baseline -0.003 -13"><span class='ocrx_word' id='word_1_945' title='bbox 1980 4538 2095 4590; x_wconf 91' lang='lat' dir='ltr'><strong>lunt</strong></span> <span class='ocrx_word' id='word_1_946' title='bbox 2132 4530 2377 4587; x_wconf 86' lang='lat' dir='ltr'><strong>nonnulli</strong></span> <span class='ocrx_word' id='word_1_947' title='bbox 2418 4538 2690 4592; x_wconf 88' lang='lat' dir='ltr'><strong>doctores,</strong></span> <span class='ocrx_word' id='word_1_948' title='bbox 2725 4530 3029 4598; x_wconf 88' lang='lat' dir='ltr'><strong>hujusmodi</strong></span> <span class='ocrx_word' id='word_1_949' title='bbox 3080 4541 3265 4597; x_wconf 86' lang='lat' dir='ltr'><strong>aperte</strong></span> <span class='ocrx_word' id='word_1_950' title='bbox 3304 4532 3553 4601; x_wconf 83' lang='lat' dir='ltr'><strong>cognOSci</strong></span> 
     </span>
    </p>
   </div>
   <div class='ocr_carea' id='block_1_135' title="bbox 1983 4601 3554 4671">
    <p class='ocr_par' dir='ltr' id='par_1_135' title="bbox 1983 4601 3554 4671">
     <span class='ocr_line' id='line_1_136' title="bbox 1983 4601 3554 4671; baseline -0.005 -10"><span class='ocrx_word' id='word_1_951' title='bbox 1983 4621 2202 4668; x_wconf 88' lang='lat' dir='ltr'><strong>nomen,</strong></span> <span class='ocrx_word' id='word_1_952' title='bbox 2236 4620 2282 4657; x_wconf 91' lang='lat' dir='ltr'><strong>is</strong></span> <span class='ocrx_word' id='word_1_953' title='bbox 2313 4605 2519 4671; x_wconf 86' lang='lat' dir='ltr'><strong>utique,</strong></span> <span class='ocrx_word' id='word_1_954' title='bbox 2543 4602 2633 4669; x_wconf 86' lang='lat' dir='ltr'><strong>qui</strong></span> <span class='ocrx_word' id='word_1_955' title='bbox 2682 4603 2855 4668; x_wconf 84' lang='lat' dir='ltr'><strong>ipsum</strong></span> <span class='ocrx_word' id='word_1_956' title='bbox 2888 4602 3044 4664; x_wconf 87' lang='lat' dir='ltr'><strong>vidit,</strong></span> <span class='ocrx_word' id='word_1_957' title='bbox 3089 4601 3423 4665; x_wconf 84' lang='lat' dir='ltr'><strong>revelasset;</strong></span> <span class='ocrx_word' id='word_1_958' title='bbox 3460 4604 3554 4654; x_wconf 88' lang='lat' dir='ltr'><strong>sed</strong></span> 
     </span>
    </p>
   </div>
   <div class='ocr_carea' id='block_1_136' title="bbox 1983 4672 3557 4743">
    <p class='ocr_par' dir='ltr' id='par_1_136' title="bbox 1983 4672 3557 4743">
     <span class='ocr_line' id='line_1_137' title="bbox 1983 4672 3557 4743; baseline -0.006 -11"><span class='ocrx_word' id='word_1_959' title='bbox 1983 4692 2089 4732; x_wconf 91' lang='lat' dir='ltr'><strong>non</strong></span> <span class='ocrx_word' id='word_1_960' title='bbox 2129 4676 2329 4743; x_wconf 88' lang='lat' dir='ltr'><strong>placuit</strong></span> <span class='ocrx_word' id='word_1_961' title='bbox 2362 4675 2555 4743; x_wconf 79' lang='lat' dir='ltr'><strong>divina:</strong></span> <span class='ocrx_word' id='word_1_962' title='bbox 2608 4673 2796 4743; x_wconf 73' lang='lat' dir='ltr'><strong>gratia:</strong></span> <span class='ocrx_word' id='word_1_963' title='bbox 2831 4679 2887 4720; x_wconf 85' lang='lat' dir='ltr'><strong>ut</strong></span> <span class='ocrx_word' id='word_1_964' title='bbox 2915 4685 3109 4743; x_wconf 83' lang='lat' dir='ltr'><strong>nomen</strong></span> <span class='ocrx_word' id='word_1_965' title='bbox 3160 4674 3401 4743; x_wconf 78' lang='lat' dir='ltr'><strong>pestiferi</strong></span> <span class='ocrx_word' id='word_1_966' title='bbox 3458 4672 3557 4723; x_wconf 86' lang='lat' dir='ltr'><strong>ho-</strong></span> 
     </span>
    </p>
   </div>
   <div class='ocr_carea' id='block_1_137' title="bbox 1983 4740 3554 4805">
    <p class='ocr_par' dir='ltr' id='par_1_137' title="bbox 1983 4740 3554 4805">
     <span class='ocr_line' id='line_1_138' title="bbox 1983 4740 3554 4805; baseline -0.005 -6"><span class='ocrx_word' id='word_1_967' title='bbox 1983 4740 2144 4801; x_wconf 77' lang='lat' dir='ltr'><strong>minis</strong></span> <span class='ocrx_word' id='word_1_968' title='bbox 2179 4750 2230 4797; x_wconf 91' lang='lat' dir='ltr'><strong>in</strong></span> <span class='ocrx_word' id='word_1_969' title='bbox 2271 4746 2455 4797; x_wconf 87' lang='lat' dir='ltr'><strong>divino</strong></span> <span class='ocrx_word' id='word_1_970' title='bbox 2486 4742 2622 4793; x_wconf 89' lang='lat' dir='ltr'><strong>libro</strong></span> <span class='ocrx_word' id='word_1_971' title='bbox 2659 4740 2955 4793; x_wconf 80' lang='lat' dir='ltr'><strong>referretur</strong></span> <span class='ocrx_word' id='word_1_972' title='bbox 2985 4741 3036 4793; x_wconf 92' lang='lat' dir='ltr'><strong>in</strong></span> <span class='ocrx_word' id='word_1_973' title='bbox 3068 4742 3337 4805; x_wconf 83' lang='lat' dir='ltr'><strong>ordinem,</strong></span> <span class='ocrx_word' id='word_1_974' title='bbox 3387 4757 3405 4790; x_wconf 76' lang='grc' dir='ltr'><strong>ι</strong></span> <span class='ocrx_word' id='word_1_975' title='bbox 3446 4750 3554 4791; x_wconf 90' lang='lat' dir='ltr'><strong>etc.</strong></span> 
     </span>
    </p>
   </div>
   <div class='ocr_carea' id='block_1_138' title="bbox 2057 4809 3554 4883">
    <p class='ocr_par' dir='ltr' id='par_1_138' title="bbox 2057 4809 3554 4883">
     <span class='ocr_line' id='line_1_139' title="bbox 2057 4809 3554 4883; baseline -0.006 -16"><span class='ocrx_word' id='word_1_976' title='bbox 2057 4815 2239 4883; x_wconf 81' lang='lat' dir='ltr'><strong>Neque</strong></span> <span class='ocrx_word' id='word_1_977' title='bbox 2313 4813 2473 4866; x_wconf 84' lang='lat' dir='ltr'><strong>enim.</strong></span> <span class='ocrx_word' id='word_1_978' title='bbox 2523 4811 2708 4883; x_wconf 5' lang='lat' dir='ltr'><strong>Supra,</strong></span> <span class='ocrx_word' id='word_1_979' title='bbox 2753 4809 2863 4883; x_wconf 83' lang='lat' dir='ltr'><strong>lib._</strong></span> <span class='ocrx_word' id='word_1_980' title='bbox 2900 4824 2971 4873; x_wconf 90' lang='lat' dir='ltr'><strong>iv,</strong></span> <span class='ocrx_word' id='word_1_981' title='bbox 3015 4825 3135 4883; x_wconf 83' lang='lat' dir='ltr'><strong>cap.</strong></span> <span class='ocrx_word' id='word_1_982' title='bbox 3190 4810 3301 4883; x_wconf 57' lang='lat'><strong>57,</strong></span> <span class='ocrx_word' id='word_1_983' title='bbox 3343 4823 3554 4883; x_wconf 80' lang='lat' dir='ltr'><strong>sacram</strong></span> 
     </span>
    </p>
   </div>
   <div class='ocr_carea' id='block_1_139' title="bbox 1982 4875 3555 4956">
    <p class='ocr_par' dir='ltr' id='par_1_139' title="bbox 1982 4875 3555 4956">
     <span class='ocr_line' id='line_1_140' title="bbox 1982 4875 3555 4956; baseline -0.008 -15"><span class='ocrx_word' id='word_1_984' title='bbox 1982 4875 2362 4956; x_wconf 64' lang='lat' dir='ltr'><strong>Apot-alypsim</strong></span> <span class='ocrx_word' id='word_1_985' title='bbox 2400 4891 2584 4956; x_wconf 81' lang='lat' dir='ltr'><strong>aperte</strong></span> <span class='ocrx_word' id='word_1_986' title='bbox 2604 4875 2813 4956; x_wconf 26' lang='lat' dir='ltr'><strong>itribuit</strong></span> <span class='ocrx_word' id='word_1_987' title='bbox 2838 4875 3031 4956; x_wconf 68' lang='lat' dir='ltr'><strong>Joainii</strong></span> <span class='ocrx_word' id='word_1_988' title='bbox 3073 4875 3555 4956; x_wconf 60' lang='lat' dir='ltr'><strong>disqipuloboriii-</strong></span> 
     </span>
    </p>
   </div>
   <div class='ocr_carea' id='block_1_140' title="bbox 1988 4949 3559 5023">
    <p class='ocr_par' dir='ltr' id='par_1_140' title="bbox 1988 4949 3559 5023">
     <span class='ocr_line' id='line_1_141' title="bbox 1988 4949 3559 5023; baseline -0.006 -14"><span class='ocrx_word' id='word_1_989' title='bbox 1988 4949 2080 5022; x_wconf 80' lang='lat' dir='ltr'><strong>ni;</strong></span> <span class='ocrx_word' id='word_1_990' title='bbox 2105 4949 2247 5023; x_wconf 77' lang='lat' dir='ltr'><strong>quod</strong></span> <span class='ocrx_word' id='word_1_991' title='bbox 2277 4963 2330 5006; x_wconf 88' lang='lat' dir='ltr'><strong>et</strong></span> <span class='ocrx_word' id='word_1_992' title='bbox 2357 4952 2554 5020; x_wconf 87' lang='lat' dir='ltr'><strong>repetit</strong></span> <span class='ocrx_word' id='word_1_993' title='bbox 2579 4953 2819 5017; x_wconf 87' lang='lat' dir='ltr'><strong>ejusdem</strong></span> <span class='ocrx_word' id='word_1_994' title='bbox 2864 4951 3136 5023; x_wconf 76' lang='lat' dir='ltr'><strong>lihri_cap.</strong></span> <span class='ocrx_word' id='word_1_995' title='bbox 3173 4949 3263 5023; x_wconf 56' lang='grc' dir='ltr'><strong>ξιξ,</strong></span> <span class='ocrx_word' id='word_1_996' title='bbox 3304 4964 3367 5001; x_wconf 90' lang='lat' dir='ltr'><strong>ac</strong></span> <span class='ocrx_word' id='word_1_997' title='bbox 3400 4949 3559 5023; x_wconf 76' lang='lat' dir='ltr'><strong>hujus</strong></span> 
     </span>
    </p>
   </div>
   <div class='ocr_carea' id='block_1_141' title="bbox 1989 5016 3557 5090">
    <p class='ocr_par' dir='ltr' id='par_1_141' title="bbox 1989 5016 3557 5090">
     <span class='ocr_line' id='line_1_142' title="bbox 1989 5016 3557 5090; baseline -0.007 -12"><span class='ocrx_word' id='word_1_998' title='bbox 1989 5016 2265 5090; x_wconf 49' lang='lat' dir='ltr'><strong>libri-cap.</strong></span> <span class='ocrx_word' id='word_1_999' title='bbox 2298 5024 2386 5081; x_wconf 74' lang='lat'><strong>&#39;28,</strong></span> <span class='ocrx_word' id='word_1_1000' title='bbox 2416 5016 2555 5074; x_wconf 75' lang='lat' dir='ltr'><strong>inl‘ra</strong></span> <span class='ocrx_word' id='word_1_1001' title='bbox 2582 5023 2815 5090; x_wconf 82' lang='lat' dir='ltr'><strong>denique</strong></span> <span class='ocrx_word' id='word_1_1002' title='bbox 2847 5035 2967 5086; x_wconf 86' lang='lat' dir='ltr'><strong>cap.</strong></span> <span class='ocrx_word' id='word_1_1003' title='bbox 3000 5016 3161 5072; x_wconf 27' lang='lat' dir='ltr'><strong>54’et</strong></span> <span class='ocrx_word' id='word_1_1004' title='bbox 3188 5020 3278 5082; x_wconf 77' lang='lat'><strong>35,</strong></span> <span class='ocrx_word' id='word_1_1005' title='bbox 3310 5016 3557 5090; x_wconf 83' lang='lat' dir='ltr'><strong>eamdem</strong></span> 
     </span>
    </p>
   </div>
   <div class='ocr_carea' id='block_1_142' title="bbox 1986 5088 3560 5155">
    <p class='ocr_par' dir='ltr' id='par_1_142' title="bbox 1986 5088 3560 5155">
     <span class='ocr_line' id='line_1_143' title="bbox 1986 5088 3560 5155; baseline -0.008 -6"><span class='ocrx_word' id='word_1_1006' title='bbox 1986 5098 2034 5149; x_wconf 89' lang='lat' dir='ltr'><strong>ei</strong></span> <span class='ocrx_word' id='word_1_1007' title='bbox 2076 5105 2133 5148; x_wconf 91' lang='lat' dir='ltr'><strong>ut</strong></span> <span class='ocrx_word' id='word_1_1008' title='bbox 2173 5088 2299 5145; x_wconf 79' lang='lat' dir='ltr'><strong>vero</strong></span> <span class='ocrx_word' id='word_1_1009' title='bbox 2342 5093 2550 5145; x_wconf 87' lang='lat' dir='ltr'><strong>auctori</strong></span> <span class='ocrx_word' id='word_1_1010' title='bbox 2607 5089 2849 5143; x_wconf 87' lang='lat' dir='ltr'><strong>ascribit.</strong></span> <span class='ocrx_word' id='word_1_1011' title='bbox 2917 5090 3110 5141; x_wconf 78' lang='lat' dir='ltr'><strong>Mirum</strong></span> <span class='ocrx_word' id='word_1_1012' title='bbox 3166 5103 3297 5155; x_wconf 79' lang='lat' dir='ltr'><strong>ergo</strong></span> <span class='ocrx_word' id='word_1_1013' title='bbox 3343 5088 3560 5139; x_wconf 85' lang='lat' dir='ltr'><strong>videtur</strong></span> 
     </span>
    </p>
   </div>
   <div class='ocr_carea' id='block_1_143' title="bbox 1987 5157 3557 5235">
    <p class='ocr_par' dir='ltr' id='par_1_143' title="bbox 1987 5157 3557 5235">
     <span class='ocr_line' id='line_1_144' title="bbox 1987 5157 3557 5235; baseline -0.008 -18"><span class='ocrx_word' id='word_1_1014' title='bbox 1987 5163 2260 5235; x_wconf 83' lang='lat' dir='ltr'><strong>quomodo</strong></span> <span class='ocrx_word' id='word_1_1015' title='bbox 2298 5162 2543 5235; x_wconf 75' lang='lat' dir='ltr'><strong>Alogiani</strong></span> <span class='ocrx_word' id='word_1_1016' title='bbox 2574 5168 2628 5214; x_wconf 90' lang='lat' dir='ltr'><strong>et</strong></span> <span class='ocrx_word' id='word_1_1017' title='bbox 2656 5160 3012 5235; x_wconf 55' lang='lat' dir='ltr'><strong>IllttQtiOIlalti</strong></span> <span class='ocrx_word' id='word_1_1018' title='bbox 3037 5157 3557 5235; x_wconf 47' lang='lat' dir='ltr'><strong>veteri-sliaaretici,</strong></span> 
     </span>
    </p>
   </div>
   <div class='ocr_carea' id='block_1_144' title="bbox 1988 5227 3561 5303">
    <p class='ocr_par' dir='ltr' id='par_1_144' title="bbox 1988 5227 3561 5303">
     <span class='ocr_line' id='line_1_145' title="bbox 1988 5227 3561 5303; baseline -0.009 -13"><span class='ocrx_word' id='word_1_1019' title='bbox 1988 5227 2053 5290; x_wconf 80' lang='lat' dir='ltr'><strong>de</strong></span> <span class='ocrx_word' id='word_1_1020' title='bbox 2076 5237 2270 5303; x_wconf 88' lang='lat' dir='ltr'><strong>quibus</strong></span> <span class='ocrx_word' id='word_1_1021' title='bbox 2296 5231 2629 5299; x_wconf 86' lang='lat' dir='ltr'><strong>scripserunt</strong></span> <span class='ocrx_word' id='word_1_1022' title='bbox 2654 5230 3005 5303; x_wconf 78' lang='lat' dir='ltr'><strong>Epiphanius,</strong></span> <span class='ocrx_word' id='word_1_1023' title='bbox 3034 5229 3353 5303; x_wconf 79' lang='lat' dir='ltr'><strong>[’uilastrius</strong></span> <span class='ocrx_word' id='word_1_1024' title='bbox 3375 5236 3427 5303; x_wconf 81' lang='lat' dir='ltr'><strong>et</strong></span> <span class='ocrx_word' id='word_1_1025' title='bbox 3448 5227 3561 5277; x_wconf 90' lang='lat' dir='ltr'><strong>Au-</strong></span> 
     </span>
    </p>
   </div>
   <div class='ocr_carea' id='block_1_145' title="bbox 1983 5298 3560 5376">
    <p class='ocr_par' dir='ltr' id='par_1_145' title="bbox 1983 5298 3560 5376">
     <span class='ocr_line' id='line_1_146' title="bbox 1983 5298 3560 5376; baseline -0.006 -19"><span class='ocrx_word' id='word_1_1026' title='bbox 1983 5298 2250 5376; x_wconf 78' lang='lat' dir='ltr'><strong>gustinus,</strong></span> <span class='ocrx_word' id='word_1_1027' title='bbox 2278 5298 2547 5376; x_wconf 25' lang='lat' dir='ltr'><strong>ausi’sunt</strong></span> <span class='ocrx_word' id='word_1_1028' title='bbox 2577 5307 2696 5376; x_wconf 73' lang='lat' dir='ltr'><strong>hinc</strong></span> <span class='ocrx_word' id='word_1_1029' title='bbox 2724 5300 3023 5376; x_wconf 78' lang='lat' dir='ltr'><strong>apostolico</strong></span> <span class='ocrx_word' id='word_1_1030' title='bbox 3038 5299 3165 5376; x_wconf 84' lang='lat' dir='ltr'><strong>_viro</strong></span> <span class='ocrx_word' id='word_1_1031' title='bbox 3183 5298 3560 5376; x_wconf 80' lang='lat' dir='ltr'><strong>contradicere</strong></span> 
     </span>
    </p>
   </div>
   <div class='ocr_carea' id='block_1_146' title="bbox 1981 5367 3557 5438">
    <p class='ocr_par' dir='ltr' id='par_1_146' title="bbox 1981 5367 3557 5438">
     <span class='ocr_line' id='line_1_147' title="bbox 1981 5367 3557 5438; baseline -0.011 -8"><span class='ocrx_word' id='word_1_1032' title='bbox 1981 5367 2035 5430; x_wconf 62' lang='lat' dir='ltr'><strong>Et</strong></span> <span class='ocrx_word' id='word_1_1033' title='bbox 2069 5377 2261 5428; x_wconf 87' lang='lat' dir='ltr'><strong>librum</strong></span> <span class='ocrx_word' id='word_1_1034' title='bbox 2301 5372 2448 5425; x_wconf 90' lang='lat' dir='ltr'><strong>illum</strong></span> <span class='ocrx_word' id='word_1_1035' title='bbox 2495 5367 3142 5438; x_wconf 71' lang='lat' dir='ltr'><strong>Cerinthoperditissimo</strong></span> <span class='ocrx_word' id='word_1_1036' title='bbox 3171 5367 3424 5420; x_wconf 88' lang='lat' dir='ltr'><strong>nebuloni</strong></span> <span class='ocrx_word' id='word_1_1037' title='bbox 3453 5368 3557 5416; x_wconf 86' lang='lat' dir='ltr'><strong>iiii-</strong></span> 
     </span>
    </p>
   </div>
   <div class='ocr_carea' id='block_1_147' title="bbox 1981 5440 3559 5515">
    <p class='ocr_par' dir='ltr' id='par_1_147' title="bbox 1981 5440 3559 5515">
     <span class='ocr_line' id='line_1_148' title="bbox 1981 5440 3559 5515; baseline -0.008 -17"><span class='ocrx_word' id='word_1_1038' title='bbox 1981 5447 2246 5515; x_wconf 89' lang='lat' dir='ltr'><strong>pudenter</strong></span> <span class='ocrx_word' id='word_1_1039' title='bbox 2281 5444 2578 5508; x_wconf 85' lang='lat' dir='ltr'><strong>assignare.</strong></span> <span class='ocrx_word' id='word_1_1040' title='bbox 2626 5440 2729 5515; x_wconf 83' lang='lat' dir='ltr'><strong>Sed</strong></span> <span class='ocrx_word' id='word_1_1041' title='bbox 2760 5442 2915 5507; x_wconf 87' lang='lat' dir='ltr'><strong>longe</strong></span> <span class='ocrx_word' id='word_1_1042' title='bbox 2958 5440 3131 5515; x_wconf 73' lang='lat' dir='ltr'><strong>magis</strong></span> <span class='ocrx_word' id='word_1_1043' title='bbox 3174 5440 3559 5515; x_wconf 75' lang='lat' dir='ltr'><strong>obstupescen-</strong></span> 
     </span>
    </p>
   </div>
   <div class='ocr_carea' id='block_1_148' title="bbox 1983 5506 3558 5583">
    <p class='ocr_par' dir='ltr' id='par_1_148' title="bbox 1983 5506 3558 5583">
     <span class='ocr_line' id='line_1_149' title="bbox 1983 5506 3558 5583; baseline -0.011 -13"><span class='ocrx_word' id='word_1_1044' title='bbox 1983 5506 2130 5579; x_wconf 70' lang='lat' dir='ltr'><strong>iluin,</strong></span> <span class='ocrx_word' id='word_1_1045' title='bbox 2180 5506 2454 5583; x_wconf 74' lang='lat' dir='ltr'><strong>quodlioc</strong></span> <span class='ocrx_word' id='word_1_1046' title='bbox 2509 5513 2805 5564; x_wconf 74' lang='lat' dir='ltr'><strong>nowssimo</strong></span> <span class='ocrx_word' id='word_1_1047' title='bbox 2851 5506 3347 5583; x_wconf 58' lang='lat' dir='ltr'><strong>seculoErasmus</strong></span> <span class='ocrx_word' id='word_1_1048' title='bbox 3383 5506 3558 5583; x_wconf 81' lang='lat' dir='ltr'><strong>eidem</strong></span> 
     </span>
    </p>
   </div>
   <div class='ocr_carea' id='block_1_149' title="bbox 1985 5575 3561 5650">
    <p class='ocr_par' dir='ltr' id='par_1_149' title="bbox 1985 5575 3561 5650">
     <span class='ocr_line' id='line_1_150' title="bbox 1985 5575 3561 5650; baseline -0.008 -10"><span class='ocrx_word' id='word_1_1049' title='bbox 1985 5575 2297 5640; x_wconf 51' lang='lat' dir='ltr'><strong>auctori-ae</strong></span> <span class='ocrx_word' id='word_1_1050' title='bbox 2331 5582 2469 5636; x_wconf 87' lang='lat' dir='ltr'><strong>libro</strong></span> <span class='ocrx_word' id='word_1_1051' title='bbox 2512 5594 2617 5636; x_wconf 91' lang='lat' dir='ltr'><strong>non</strong></span> <span class='ocrx_word' id='word_1_1052' title='bbox 2653 5579 2889 5633; x_wconf 88' lang='lat' dir='ltr'><strong>timuerit</strong></span> <span class='ocrx_word' id='word_1_1053' title='bbox 2933 5593 3031 5650; x_wconf 82' lang='lat' dir='ltr'><strong>pio</strong></span> <span class='ocrx_word' id='word_1_1054' title='bbox 3074 5579 3276 5635; x_wconf 83' lang='lat' dir='ltr'><strong>viribus</strong></span> <span class='ocrx_word' id='word_1_1055' title='bbox 3301 5575 3561 5632; x_wconf 83' lang='lat' dir='ltr'><strong>detrahe-</strong></span> 
     </span>
    </p>
   </div>
  </div>
